1866 2526
489 37 596 79 CE
1278 35 1383 78 CE
1639 43 1714 89 169

135 96 248 130 laudib.
259 97 296 125 V.
307 95 402 127 Mariae
415 117 424 129 ‚
446 98 476 125 δι
486 96 512 126 S.
523 95 648 135 Ignatius
659 96 739 125 Mart.
752 94 781 124 in
794 92 872 133 epist·
895 93 928 124 ad
985 93 1113 123 Ecclesias
1124 101 1220 122 tenent
1231 113 1240 127 ‚
1251 97 1279 122 δε
1288 93 1442 123 minoribus
1451 94 1620 129 Presbyteris
1631 96 1749 135 praesunt
1760 116 1767 123 .

134 139 290 169 Hieronem
304 159 312 171 ‚
334 137 379 166 ubi
391 138 530 175 Inter-pres
540 137 629 166 vertit
642 148 648 165 :
662 142 674 172 [
688 137 818 176 Virgines
830 134 907 164 serva
917 157 924 169 ,
985 133 1075 163 Valaf.
1084 134 1118 163 de
1127 134 1182 163 reb.
1193 133 1295 163 Eccles.
1304 145 1327 163 c.
1340 145 1388 170 4¹·
1399 137 1411 166 ]
1423 134 1527 163 Eodem
1537 137 1621 164 modo
1631 146 1765 165 vocantur

136 188 165 207 ut
173 176 247 207 sacer
256 178 363 207 Christi
372 176 512 206 thesaurus
522 198 529 205 .
542 180 554 209 ]
567 177 690 207 Tandem
703 177 809 206 cimelia
823 186 874 214 pro
883 175 922 206 sa·
983 175 1092 213 Judices
1100 196 1109 207 ,
1122 175 1262 204 Advocati
1273 196 1281 208 ,
1292 179 1321 205 δ(
1332 174 1512 204 Vicedomini
1523 176 1704 213 Oppidorum
1713 199 1721 210 ‚
1745 178 1764 206 l.

134 218 188 247 cris
199 218 266 247 vafis
276 241 284 252 ,
306 218 402 254 Cyril.
423 218 574 247 Alexandr.
594 218 622 246 in
642 218 719 257 epist.
737 219 771 246 ad
780 218 922 246 Domuum
981 216 1016 244 de
1025 215 1178 245 Advocatis
1186 237 1196 249 ‚
1207 220 1234 244 ὃ(
1246 216 1438 245 vicedominis
1450 237 1458 248 ,
1468 227 1481 244 a
1493 220 1619 245 Centena
1627 215 1705 255 supra
1713 228 1764 246 no-

134 258 287 289 Balsamon.
299 259 328 288 in
340 259 435 288 Melet.
445 259 479 287 de
490 258 536 287 off.
545 257 783 297 chartophylacis
792 279 800 290 ,
825 267 891 286 tom.
900 270 906 286 ι
915 279 922 286 .
980 265 1034 285 tata
1045 275 1052 284 .
1076 256 1267 292 VideJudices
1277 276 1285 285 .

131 299 287 338 lurisgraec.
297 302 381 329 Rom.
393 299 440 327 lib.
451 310 478 331 7.
490 303 517 328 ὅ(
536 299 682 338 ]ιᾱ(ὶιηίαη.
696 300 726 328 in
745 299 861 334 Novell.
873 310 921 334 74.
938 297 1106 326 Geminus
1117 318 1124 325 .
1146 298 1202 326 PR.
1222 307 1273 336 pro
1289 297 1400 327 Gentili
1415 318 1422 330 ,
1446 295 1494 326 scd
1505 306 1662 338 perperam:
1688 299 1761 326 Vide

133 341 249 379 inquit:[
259 343 388 378 Reponat
400 339 520 368 chartam
532 340 694 368 venerabilis
704 340 779 368 illius
789 339 913 368 Ecclesiae
977 340 1156 366 Primicerius
1167 358 1174 365 .

131 379 269 409 Defensor
278 382 307 409 in
317 379 436 415 ejusdem
447 379 623 409 Sanctiflimae
635 379 915 409 EcclefiaeArchiviiz
934 378 1126 407 CENTOMIUM
1138 399 1146 407 .
1158 378 1231 407 Vide
1244 379 1435 408 imbrimiusn
1448 398 1455 406 .

130 425 159 449 δε
170 421 213 450 ubi
223 421 344 450 Cimelia
356 420 499 449 sei-vantur
512 423 533 451 .]
545 423 583 454 cll:
600 421 699 457 [Quod
708 420 840 449 donatum
860 430 916 448 erat
934 420 1015 447 Cim
1026 428 1096 447 Uiuo
1107 437 1116 446 ·
1127 418 1200 447 Vide
1212 419 1417 460 Discipulatus.
1429 419 1762 448 Hecaneotarchus.Cen-

131 462 258 491 Ecclefiae
273 484 280 494 ,
304 463 333 490 in
343 461 460 489 cimeliis
470 462 596 490 Ecclesiae
609 472 666 489 non
676 460 796 499 reposuit
808 481 814 487 .
825 461 915 488 Conc.
973 458 1116 487 turionum
1128 459 1235 498 insigne
1246 460 1311 488 vitis
1323 470 1379 488 erat
1392 481 1398 487 .
1410 460 1484 488 Vide
1498 466 1583 488 Vitem
1595 461 1662 488 dare
1671 480 1678 487 .

128 502 318 533 Chalcedon]
332 512 413 540 quare
421 502 600 541 corrigendus
611 501 648 529 est
659 500 792 530 Anastasii
802 501 914 529 Bibliot.
931 499 958 527 C
961 510 973 528 ε
980 509 1012 528 ΡΗ
1019 509 1053 527 At.
1064 521 1072 532 ‚
1082 510 1163 538 caput
1175 521 1183 533 ‚
1193 511 1226 528 ex
1239 510 1327 539 graeca
1336 501 1403 529 dist.
1413 497 1519 539 κεφαλή
1527 520 1535 528 .
1557 499 1702 530 Aldhelm.
1725 501 1759 529 de

129 553 220 571 textus
232 543 260 571 in
270 544 404 572 Severino
415 564 424 576 ,
442 543 485 571 ubi
494 544 530 570 ait
543 562 550 569 .
572 547 584 576 [
597 541 758 571 Vestiarium
770 542 893 570 Ecclesiae
906 563 913 574 ,
972 541 1052 578 Virg.

129 583 186 612 sive
193 585 324 618 cymbilia
334 582 471 622 Episcopii
483 585 496 614 ]
508 582 569 621 lege
587 583 710 611 Cimelia
718 603 724 609 .
746 584 820 610 Item
842 583 913 620 apud
1011 580 1061 608 Sed
1072 581 1194 610 contrita
1205 581 1272 610 rotis
1283 582 1395 610 extollit
1407 582 1500 620 vipera
1510 581 1626 619 cephal,

128 624 272 662 prael'atum
283 625 450 662 Gregorium
459 624 593 660 reperitur
609 623 840 651 Cimiliarchium
863 632 912 660 pro
1008 623 1041 648 Et
1054 621 1141 649 rursus
1152 623 1239 650 rustat
1250 632 1350 651 teti-um
1361 623 1394 651 de
1407 622 1481 651 fauce
1493 631 1632 652 venenum
1640 642 1650 650 .

125 664 290 702 repofirorio
300 663 527 702 suppellectilium
539 663 662 693 Ecclefiae
675 684 683 695 ,
708 665 785 698 [Res
803 672 892 692 autem
903 685 910 696 ,
970 661 1026 689 FR.
1040 661 1104 690 ideo
1117 662 1315 700 Apostolorum
1325 664 1459 702 Princeps
1471 674 1484 692 a
1493 663 1610 691 Christo
1631 663 1758 693 Domino

127 715 187 742 quae
198 705 269 743 apud
279 714 340 732 eum
352 705 474 732 inventae
486 703 549 731 sunt
558 726 566 738 ,
585 704 614 731 in
624 703 808 732 cimiliarchio
817 705 909 733 Eccle-
969 701 1073 738 Cepbas
1087 712 1196 730 vocatus
1207 703 1258 732 fuit
1270 726 1278 736 ‚
1301 704 1363 742 quia
1374 704 1458 732 totius
1478 704 1603 732 Eccleliae
1623 712 1704 742 caput
1725 706 1757 732 ab

127 746 170 773 13ae
184 755 236 774 tuae
246 743 348 773 servari
359 744 447 773 modis
457 745 582 772 omnibus
592 744 708 773 studebis
718 764 725 771 .
967 741 1066 770 eodem
1076 744 1240 771 constitutus
1251 744 1335 772 fuerat
1346 764 1356 772 .
1377 748 1490 772 Extrav.
1501 744 1536 773 de
1547 744 1646 783 poenit.
1664 748 1693 773 &
1714 755 1755 772 re-

84 787 218 815 sticus
230 805 237 812 .
260 787 315 814 FR-
328 785 357 812 in
367 785 428 824 lege
437 783 516 813 salica
525 786 570 813 tit.
580 795 628 823 32.
640 784 758 813 lutosum
769 805 776 816 ‚
786 794 816 812 ut
826 785 908 824 Bigo-
967 781 1039 810 miss.
1051 794 1108 821 cap.
1125 795 1146 811 i.
1157 784 1200 812 ubi
1212 784 1308 812 dehoc
1320 785 1445 813 Primam
1456 785 1536 813 Petri
1545 785 1602 823 agit
1612 805 1620 811 .
1643 785 1696 814 Sed
1708 795 1758 820 νεῖ

124 825 224 854 nius=in
235 826 308 854 notis
319 825 354 853 ibi
365 837 373 856 ς
395 835 423 854 at
434 825 463 853 in
472 824 614 854 Glossario
624 826 803 854 monoculum
825 826 906 865 figni-
966 833 1021 850 ram
1031 825 1232 862 etymologiam
1243 845 1250 852 .
1274 825 1346 853 Vide
1357 825 1386 853 in
1395 825 1459 853 dic't.
1472 826 1575 862 Cephas
1591 845 1598 852 .

123 865 201 894 ficare
211 867 356 895 astruitur.
924 863 1124 893 Cx-:euAtAfflA
1136 886 1143 896 ,
1166 866 1266 904 capitis
1286 866 1409 894 morbus:
1436 865 1569 900 [Etenim
1584 875 1646 894 cum
1667 876 1755 894 arcem

82 905 266 936 szonoxm
279 929 286 940 ‚
298 917 387 946 graecc
396 905 530 945 κενοδδξῖει
542 929 549 940 ,
562 907 720 946 vanagloria
729 926 736 933 ·
747 905 888 936 Cassianus
900 929 908 941 ‚
965 905 1090 942 corporis
1099 927 1107 937 ‚
1134 905 1162 933 id
1172 910 1210 934 αἱ
1220 928 1228 939 ,
1240 916 1322 944 caput
1334 907 1374 934 vis
1383 906 1463 934 noxii
1473 905 1597 934 humoris
1605 905 1754 940 obsederit,

123 947 203 979 &553
212 949 265 977 ΡΡ.
278 949 321 976 ubi
332 948 366 976 de
376 948 573 976 monachorum
585 949 665 976 vitii>
675 958 759 987 agunt
770 969 777 975 .
965 946 1131 984 ccplialagiae
1142 955 1267 984 procreat
1278 946 1427 985 pastionem
1437 968 1443 975 .
1469 945 1590 976 Caffiod.
1601 947 1695 976 collat.
1710 958 1719 976 i
1727 959 1754 982 4.

80 987 223 1015 Causas
237 1008 245 1014 .
267 989 350 1017 Ordo
363 989 473 1027 quidam
482 989 553 1027 apud
563 989 742 1016 Montanistas
752 992 907 1030 Hieronym.
966 995 1024 1023 cap.
1043 996 1086 1020 ις-

124 1030 173 1064 Ep.
188 1037 235 1062 54.
247 1028 279 1055 ad
292 1029 414 1057 Marcell.
425 1029 487 1057 adv.
499 1028 679 1056 Montanistas
688 1049 695 1056 .
924 1025 1043 1055 CEPHAS
1058 1046 1064 1053 .
1074 1028 1130 1056 FR.
1140 1037 1247 1056 nomen
1257 1039 1270 1057 a
1281 1028 1399 1058 Christo
1409 1029 1537 1058 Domino
1549 1028 1656 1058 Simoni
1668 1031 1753 1058 Petro

83 1066 203 1095 Cim-seo
215 1089 223 1100 ‚
247 1077 297 1106 pro
308 1069 430 1097 stabilio.
444 1075 456 1104 [
471 1073 561 1107 Atque
570 1068 664 1097 omnia
685 1068 742 1097 illic
753 1090 761 1102 ,
784 1080 844 1107 qux
859 1079 908 1107 pro
965 1066 1140 1105 impolitum3
1163 1070 1207 1106 Jo.
1218 1079 1241 1096 c·
1257 1070 1465 1098 1.aCluldaico
1488 1070 1618 1098 vocabulo
1635 1070 1729 1107 Kipba
1741 1089 1750 1101 2

124 1108 276 1136 animarum
289 1107 376 1138 salute
384 1109 534 1147 scrjpfimus
544 1131 552 1142 ‚
575 1108 733 1138 censeantur
743 1130 750 1136 .
772 1110 809 1138 D.
821 1112 906 1148 Greg.
963 1108 1153 1145 quodpetram
1163 1109 1298 1147 fignificat
1312 1131 1320 1142 ,
1343 1111 1416 1138 unde
1424 1116 1526 1139 Petrus
1538 1131 1545 1138 .
1557 1112 1592 1138 ln
1603 1110 1655 1140 alia
1666 1110 1752 1148 figni-

122 1158 152 1175 ιιι
173 1149 278 1187 chist.
300 1149 346 1177 lib.
359 1156 385 1178 6.
403 1159 461 1187 cap.
477 1161 485 1178 1
498 1161 506 1177 i
515 1161 540 1178 ε...
553 1152 565 1181 ]
585 1151 640 1178 FR.
654 1148 705 1177 hoc
717 1150 827 1178 verbum
838 1161 908 1178 non-
965 1147 1093 1176 ficatione
1103 1169 1110 1175 ·
1135 1150 1208 1177 Vide
1219 1151 1323 1186 Cephal
1332 1170 1338 1177 .
1349 1155 1508 1179 Trinonn'us
1519 1172 1526 1178 -

122 1198 269 1227 numquam
279 1199 329 1226 pro
337 1191 420 1223 Iubeo
429 1211 436 1222 ,
457 1192 700 1227 &sententiative
707 1189 810 1228 profero
831 1189 907 1219 usur·
922 1189 1084 1217 CrzitAomM
1096 1210 1104 1221 ,
1126 1199 1194 1218 cerae
1206 1191 1328 1227 provisio
1338 1200 1388 1229 pro
1397 1192 1522 1220 Eccleliae
1542 1190 1674 1219 servitio.-
1700 1197 1712 1226 [
1724 1191 1751 1220 Si

122 1238 200 1266 patui-
209 1249 217 1256 .
240 1228 335 1258 Gloflit
347 1230 377 1257 in
387 1231 528 1258 Clement.
538 1230 572 1258 de
592 1229 709 1259 concess.
729 1231 883 1269 praebendae
896 1255 903 1265 ,
963 1230 1079 1257 Ecclesia
1088 1239 1162 1267 pct2t
1171 1231 1307 1270 ceragium
1319 1253 1326 1259 .
1351 1231 1450 1259 Matth.
1463 1230 1545 1261 Paris.
1557 1231 1586 1259 in
1597 1231 1725 1260 additam.
1736 1234 1751 1263 ]

119 1279 177 1306 cap.
187 1269 259 1297 unic.
271 1269 297 1300 §.
307 1268 444 1298 censemus
455 1291 462 1298 .
962 1269 1121 1308 Significaoe
1133 1271 1220 1308 potest
1232 1272 1374 1300 collectam
1385 1293 1393 1305 ‚
1416 1271 1462 1300 seu
1480 1272 1613 1301 tributum
1634 1283 1665 1300 in
1680 1282 1751 1300 ceras

77 1310 222 1338 Cassum
235 1313 476 1341 Ecctesmsricfi
490 1332 496 1339 .
508 1311 582 1341 Vide
593 1313 734 1350 Clausum
743 1333 750 1339 .
762 1312 888 1349 Prefficra
898 1334 904 1340 .
962 1310 1086 1338 Eccleiiae
1099 1311 1263 1340 destinatum
1273 1333 1280 1339 .
1303 1314 1358 1342 FR-
1369 1312 1470 1351 lcgitur
1482 1313 1566 1342 etiam
1585 1312 1727 1350 Cerasium
1742 1333 1750 1344 ‚

77 1351 196 1389 Census
207 1372 216 1383 ,
225 1351 370 1380 retributio
382 1364 388 1380 ε
412 1351 574 1387 [Exhibere
584 1363 650 1391 ergo
662 1353 779 1390 aliquam
798 1363 831 1380 ex
851 1363 903 1381 tuis
961 1361 1059 1388 nempe
1069 1350 1172 1380 solutio
1182 1363 1231 1390 pro
1240 1363 1320 1381 cereo
1331 1353 1423 1391 sigillo
1434 1375 1442 1386 ‚
1463 1357 1491 1382 ὅ(
1502 1354 1549 1391 qui
1569 1352 1639 1382 hanc
1658 1363 1751 1381 curam

118 1390 272 1428 apostolicis
281 1391 372 1421 census
384 1393 529 1422 Ecclesiam
539 1413 545 1420 .
565 1393 682 1422 Tertull.
705 1393 748 1421 lib.
762 1405 788 1422 2.
798 1392 904 1422 advers.
959 1391 1093 1421 iubebant
1104 1393 1206 1430 Cerasii
1218 1394 1376 1422 dicebantur
1387 1413 1394 1422 .
1418 1395 1491 1423 Item
1499 1393 1602 1422 solutio
1613 1404 1663 1433 pro
1672 1405 1730 1423 cera
1740 1415 1750 1427 ,

117 1432 203 1459 Marc.
214 1434 226 1463 ]
238 1432 397 1471 Elegantius
407 1443 495 1463 autem
507 1434 564 1462 vim
577 1433 654 1469 hujus
673 1433 837 1471 significatus
849 1444 912 1463 mai-²
961 1436 989 1461 δε
999 1442 1094 1471 quarta
1105 1433 1269 1462 funeralium
1281 1455 1287 1462 .
1309 1436 1345 1463 In
1355 1435 1471 1463 Novell.
1484 1445 1531 1471 59.
1540 1445 1598 1473 cap.
1610 1447 1637 1464 2.

117 1471 229 1499 nifestat
241 1473 314 1500 idem
323 1475 386 1502 :tlibi
399 1475 554 1512 inquiens.[
567 1475 635 1510 Quis
646 1474 713 1502 alius
723 1475 780 1502 Dei
791 1474 884 1503 census
896 1498 904 1509 ‚
921 1475 1107 1503 CERATAULA
1118 1496 1127 1507 ‚
1148 1475 1311 1503 Buccinator
1320 1497 1328 1508 ‚
1346 1475 1489 1504 Cornicen
1499 1497 1507 1508 ,
1534 1486 1567 1504 ex
1582 1486 1669 1514 graeca
1679 1485 1748 1503 voce

119 1520 199 1548 quam
210 1513 348 1542 :eternitas
358 1519 368 1543 ?
377 1517 478 1543 Contr.
491 1517 626 1554 Hermog.
639 1526 661 1543 c.
674 1527 701 1550 4.
961 1512 1144 1552 κερκταϋλνς.
1161 1521 1173 1550 [
1183 1516 1306 1544 Centum
1317 1515 1438 1554 salpifhs
1456 1527 1513 1545 uno
1535 1518 1641 1554 crepitu
1653 1515 1748 1544 conci-

78 1550 197 1594 (Σὲ-»εμπ
211 1554 481 1585 chouaxriaeJ-‘R-
493 1558 565 1590 cujus
574 1555 650 1585 causa
662 1555 846 1594 impositionis
857 1568 904 1585 ne-
959 1564 1056 1583 nentes
1067 1577 1076 1588 ‚
1095 1558 1122 1584 ἃ
1133 1566 1245 1584 centum
1253 1557 1398 1586 cerataulas
1407 1577 1415 1585 .
1436 1557 1575 1586 Salmasius
1593 1558 1623 1585 in
1634 1555 1748 1594 Vopisc-

119 1590 203 1635 sc'itur
214 1613 226 1635 .-
234 1598 246 1628 [
255 1593 361 1622 Census
373 1596 548 1634 ignorantiae,
560 1607 609 1625 nec
619 1597 737 1629 divinis,
751 1606 801 1624 nec
810 1596 904 1626 huma·
961 1595 995 1624 de
1005 1596 1105 1624 Carin.
1113 1607 1171 1636 cap.
1188 1608 1232 1633 ¹9·

119 1642 162 1659 nis
173 1632 277 1671 legibus
287 1655 294 1666 ,
308 1634 450 1664 invenitur
461 1656 467 1662 .
477 1647 548 1674 opor
556 1647 596 1665 tct
605 1659 614 1670 ,
637 1637 754 1676 quippe,
764 1646 793 1665 ut
815 1639 904 1667 omnis
919 1636 1144 1666 CERAUNOBOLA
1155 1659 1163 1671 ,
1174 1638 1305 1676 Legionis
1313 1636 1481 1666 Christianae
1496 1636 1542 1666 sub
1552 1638 1645 1667 Marco
1659 1640 1747 1667 Aure-

114 1671 210 1717 census
222 1695 230 1706 ‚
253 1675 285 1702 ad
296 1675 362 1712 quid
372 1698 379 1708 ‚
403 1681 430 1706 δε
440 1677 549 1715 quando
559 1677 678 1715 persolvi
698 1678 793 1706 debeat
804 1700 813 1712 ,
835 1689 904 1718 με-
961 1677 1000 1704 lio
1011 1677 1158 1706 militantis
1168 1688 1328 1716 cognomen
1338 1699 1345 1710 ‚
1368 1678 1398 1706 id
1408 1678 1467 1711 est,
1478 1678 1651 1707 fulminatrix
1664 1700 1672 1711 ,
1682 1689 1747 1717 quia

116 1711 217 1742 sciatur
226 1735 234 1746 ‚
256 1725 279 1742 c.
294 1716 423 1752 pervenit
432 1739 439 1750 ,
462 1718 496 1746 de
504 1718 617 1746 Cenfib.
627 1722 654 1747 <Sc
667 1719 810 1747 Ex‘zfflon.
960 1717 1122 1746 miraculose
1145 1717 1232 1747 subita
1254 1718 1413 1756 tempestate
1434 1729 1529 1747 contra
1556 1720 1680 1748 barbaros
1703 1720 1746 1748 vi-

76 1752 193 1782 szsus
216 1755 259 1782 Dr
270 1757 360 1784 Novo
373 1758 534 1786 Imposffus
545 1779 552 1785 .
575 1760 632 1787 FN.
653 1760 795 1795 Quatenus
817 1759 899 1790 tribu·
960 1759 1075 1787 &oriam
1097 1770 1111 1787 a
1133 1759 1195 1787 Deo
1206 1760 1347 1787 obtinuit:
1371 1759 1436 1787 hinc
1448 1761 1516 1788 male
1539 1771 1571 1789 ex
1585 1759 1745 1798 Metaphm-

118 1803 192 1827 tum,
213 1799 241 1823 ὅ(
252 1796 473 1835 recognitionem
487 1799 618 1838 fignificat
629 1820 635 1826 .
656 1799 747 1828 Gloss.
759 1810 851 1829 tamen
871 1802 902 1829 in
960 1799 998 1828 ste
1021 1800 1112 1829 Surius
1134 1800 1162 1827 in
1186 1801 1243 1829 vita
1255 1801 1278 1828 S.
1289 1800 1422 1828 Polieuc'ti
1436 1802 1633 1829 Caraunobolos
1646 1823 1654 1834 ‚
1678 1801 1745 1829 scri-

117 1845 141 1861 c.
152 1834 318 1878 significavit
328 1838 406 1866 nobis
416 1859 422 1871 ‚
432 1839 476 1867 De
486 1839 617 1868 censibus
628 1862 636 1873 ‚
660 1840 844 1870 diversimode
855 1853 901 1870 ex-
960 1843 1030 1880 pfiti
1054 1850 1117 1868 nam
1140 1841 1300 1869 vocabulum
1321 1839 1374 1869 hoc
1386 1851 1400 1869 a
1409 1840 1575 1869 dictionibus·
1597 1843 1693 1880 graecis
1703 1854 1746 1873 κι-

117 1884 208 1918 ponn,
218 1885 318 1921 nem-pe
327 1898 335 1910 ‚
344 1877 450 1921 Census
462 1890 550 1909 novos
560 1880 702 1919 appellati,
716 1881 759 1910 vel
769 1883 832 1920 quia
843 1893 901 1911 non
956 1878 1043 1920 pavvbv
1052 1903 1061 1914 ‚
1083 1884 1111 1909 ἅ
1122 1878 1230 1915 βάλλων
1240 1903 1248 1914 ‚
1271 1881 1322 1915 (id
1335 1881 1372 1909 ‘³st
1382 1903 1390 1914 ›
1402 1881 1505 1910 fulmen
1515 1892 1646 1921 torquem
1656 1886 1668 1916 )
1679 1893 1744 1918 ety-

117 1919 204 1943 luerat
216 1915 246 1943 ab
257 1925 339 1945 initio
348 1927 378 1946 in
392 1918 553 1949 fundatione
562 1922 688 1950 Ecclcliae
702 1921 749 1950 ille
761 1923 902 1960 impolitus
959 1932 1026 1951 mon
1049 1921 1136 1950 trahit
1147 1941 1154 1948 .

117 1956 161 1984 vel
171 1958 226 1991 ejus
237 1958 395 1995 recognitio
406 1969 454 1997 per
462 1961 578 2000 longum
590 1972 696 2000 tempus
707 1964 831 2002 neglecta
843 1964 900 1993 fue-
916 1962 1057 1992 Criton]
1079 1984 1087 1995 ‚
1117 1962 1293 1991 excubiorum
1316 1963 1446 1991 nochum
1468 1963 1592 1992 lustratio
1611 1985 1619 1997 ,
1650 1965 1745 1994 italice

117 2007 159 2040 ra:
169 2017 177 2028 ,
191 1997 234 2024 vel
246 1998 358 2027 tandem
366 2009 454 2042 novus
461 2001 564 2030 dicitur
575 2024 583 2036 ,
593 2014 627 2031 ex
637 2013 670 2030 eo
679 2003 743 2041 quia
753 2004 813 2042 post
821 2005 900 2033 Con-
957 2004 1054 2034 Ronda
1063 2024 1071 2035 ‚
1092 2001 1139 2031 seu
1162 2004 1299 2040 Batuglia
1310 2024 1318 2035 ,
1340 2014 1353 2031 a
1373 2004 1589 2042 giaecadistione
1611 2002 1723 2043 κέρκιπι
1733 2027 1744 2040 ,

114 2037 162 2065 cil.
178 2038 358 2081 Lateranense
368 2041 507 2083 impositus
517 2052 592 2071 erat.
610 2044 655 2072 De
665 2044 749 2072 variis
758 2044 898 2074 Censuum
957 2045 1031 2072 unde
1054 2043 1186 2072 formatur
1209 2044 1331 2074 italicum
1354 2044 1467 2072 verbum
1489 2048 1623 2078 Cercare,
1654 2045 1743 2080 idest,

116 2078 323 2106 exactionibus.
337 2080 411 2109 Vide
421 2082 592 2120 Albergaria
603 2103 610 2112 .
623 2084 751 2113 Collefla.
761 2087 880 2114 fodrum
891 2107 898 2114 .
957 2085 1096 2123 inquirere
1107 2105 1114 2112 .
1137 2083 1227 2113 Gloss-
1258 2084 1355 2112 Isidor.
1378 2086 1434 2114 FR.
1467 2086 1588 2114 Verbum
1612 2087 1743 2115 Italicum

118 2121 244 2154 Regium.
255 2118 362 2147 Census
375 2129 426 2158 pro
436 2122 616 2161 emphyteusi.
629 2124 703 2153 Vide
712 2127 898 2163 Accensator.
956 2129 1072 2154 Cercar:
1095 2136 1109 2153 a
1130 2126 1218 2154 latino
1240 2128 1367 2153 Circuire
1395 2125 1488 2164 potius
1519 2127 1668 2165 provenire
1700 2129 1742 2156 vi-

74 2158 222 2200 Cispium
234 2179 242 2186 .
252 2160 437 2204 *PR-*Populus
445 2163 574 2201 Oppidi,
585 2163 629 2192 seu
641 2165 725 2193 Villae
735 2187 743 2198 ‚
766 2167 813 2195 vel
823 2167 899 2196 Villa
956 2166 1037 2194 detur
1046 2188 1055 2199 ‚
1078 2175 1107 2194 ac
1129 2165 1239 2204 proprie
1260 2165 1402 2204 inquirere
1422 2166 1554 2206 significat
1564 2188 1572 2195 .
1595 2167 1669 2196 Vide
1690 2174 1741 2198 Re-

115 2196 172 2235 ipsa
181 2218 191 2231 ‚
212 2199 231 2226 l.
244 2202 263 2228 sl
272 2210 331 2238 quis
342 2211 405 2229 cum
414 2202 502 2231 altero
510 2225 519 2237 ‚
541 2205 575 2234 de
586 2205 699 2233 tefiibus
709 2225 716 2232 .
948 2210 999 2244 gia
1017 2226 1024 2234 .

73 2237 159 2274 Ces]
168 2247 295 2269 eximus
308 2262 316 2273 ‚
326 2244 355 2269 ὃ(
367 2245 533 2272 Centmario
541 2265 550 2278 ,
573 2248 631 2274 onis
642 2266 649 2278 ‚
673 2245 720 2284 qui
731 2245 761 2274 in
772 2256 897 2281 centena,
913 2247 1112 2276 Crunoe-um
1126 2267 1133 2273 .
1158 2248 1214 2275 PR.
1225 2244 1368 2280 haeretici,
1390 2258 1405 2276 a
1413 2248 1532 2286 quodam
1545 2257 1638 2277 eorum
1649 2250 1740 2287 Magi-

115 2288 215 2323 nempe
226 2300 234 2311 ,
256 2281 376 2325 Oppido
386 2303 394 2315 ‚
416 2293 464 2312 aut
473 2286 548 2323 Pago
557 2286 652 2324 praeest
665 2307 672 2314 .
687 2292 698 2321 [
710 2286 878 2316 Centenarii
888 2310 897 2321 ,
955 2288 1010 2316 stro
1021 2288 1154 2317 Cerdone
1163 2287 1315 2324 apdellato:
1333 2288 1381 2326 qui
1390 2288 1446 2316 duo
1458 2290 1594 2317 contraria
1603 2289 1739 2327 principia

109 2327 160 2356 qul
170 2322 198 2348 ὃ(
208 2321 428 2352 Centena-iones
438 2345 447 2356 ‚
469 2325 513 2353 vel
534 2326 639 2354 Vicarii
651 2348 659 2360 ‚
681 2327 728 2365 qui
750 2337 797 2365 per
816 2339 896 2368 pagos
955 2327 1168 2362 asserebant,24.
1180 2337 1225 2365 qu.
1236 2337 1262 2365 3.
1274 2338 1331 2356 can.
1335 2339 1347 2365 3
1354 2340 1382 2364 9.
1393 2339 1455 2357 cum
1465 2329 1558 2369 quibus
1571 2331 1600 2357 in
1609 2329 1662 2356 hoc
1673 2339 1739 2358 con-

112 2360 208 2391 nauti
218 2359 282 2392 sunt
290 2383 304 2398 r
323 2363 482 2400 Presbyteri
499 2365 621 2405 plebium
631 2387 640 2400 ,
662 2368 711 2406 qui
727 2368 898 2408 baptismales
955 2369 1101 2399 veniebant
1111 2368 1385 2398 MarciomstaeNide
1393 2369 1523 2399 suoloco.
1534 2371 1610 2401 Duo,
1621 2379 1737 2412 nempe,

1622 2419 1700 2449 prur-

343 2483 351 2496 ‚
1327 2479 1340 2490 1
