1866 2526
131 24 207 86 338
466 24 499 66 F
528 18 574 68 R

116 93 175 110 nica
186 81 219 113 ad
228 85 330 112 annun-i
345 92 379 119 45
390 92 412 111 i.
422 74 531 121 inquit:
558 89 571 119 [
581 82 624 112 Ab
632 80 680 112 hac
696 81 812 115 vifmria
823 82 922 112 Moro-

115 132 181 152 veus
191 123 329 152 ditionem
338 123 412 152 suam
421 122 452 151 in
462 124 582 152 Galliam
594 123 724 154 dilatavit
736 148 744 159 ,
763 122 920 162 occupatas-

113 173 166 201 que
173 164 330 202 provincias
336 164 456 193 Galliam
467 165 648 196 nominavit.]
662 167 716 195 Ivo
727 166 840 195 tandem
850 166 921 193 Car-

117 213 213 232 noten.
226 205 256 232 in
266 215 323 240 ejus
333 204 499 234 chronicon
519 205 629 234 scribit:
655 211 667 240 [
688 209 806 235 Francos
825 205 931 244 lingua,

1260 30 1368 72 FR

980 83 1016 112 de
1023 93 1102 124 raptu
1110 85 1130 115 l.
1140 85 1159 115 si
1169 85 1229 127 quis
1239 97 1300 117 cum
1308 88 1398 117 altero
1409 109 1417 122 ‚
1427 87 1462 118 de
1472 87 1582 118 testibus
1591 87 1613 118 l.
1621 86 1775 128 sanguinis,

975 124 1009 153 de
1030 127 1185 156 reverentia
1206 129 1332 158 Ecclefiae
1343 151 1352 162 ‚
1375 134 1403 159 δε
1422 129 1523 159 Bastar.
1545 131 1637 160 Casiri.
1658 139 1727 159 toni.
1746 142 1775 159 2.

974 165 1063 234 conaslh
1085 177 1133 195 ιι.
1151 179 1197 202 40.
1216 180 1264 203 4¹·
1286 170 1474 200 soei-manica
1502 181 1569 200 voce
1600 173 1681 200 Frid.
1698 170 1776 199 Vide

973 212 1024 235 Fre
1045 216 1110 234 um.

114 245 197 273 attica
207 246 419 274 Valentinianus
430 246 501 283 Imp.
512 257 526 274 a
538 246 648 274 feritate
668 248 763 279 yocari
773 245 864 276 voluit
876 266 883 272 .
907 249 919 278 ]
935 247 1055 275 Famam
1068 268 1076 279 ,
1099 256 1181 284 poena
1193 249 1346 285 pecuniaria
1356 273 1363 283 ,
1385 251 1440 280 five
1451 252 1615 291 compositio
1627 273 1635 279 .
1652 255 1775 291 Gregor-

119 285 173 314 Sed
183 285 314 323 quicquid
325 287 375 317 sit5
399 286 515 314 Roberti
527 297 619 316 tamen
629 287 741 316 Canalis
753 287 852 315 relatio
861 297 920 315 non

114 324 230 354 subsistit
244 337 250 356 ;
275 337 338 355 nam
349 328 443 355 multis
454 326 559 354 freculi's
570 327 629 365 post
643 328 807 357 Moroveum
819 348 826 359 ‚
846 337 922 356 nem-

115 375 150 404 pe
160 388 171 399 „
190 368 357 404 temporibus
368 367 465 396 Caroli
477 367 570 406 Magni
582 389 590 400 ‚
613 377 642 395 ut
652 366 730 406 supra
751 367 840 395 visum
861 368 900 396 est
911 390 920 401 ,

115 405 203 434 adhuc
216 409 330 436 nomina
342 408 482 439 Galliam&
495 408 613 435 Franciae
624 418 637 435 a
647 409 753 436 caeteris
765 408 918 437 Celtiberis

974 290 1078 316 Turon.
1090 287 1138 315 lib.
1167 308 1174 315 .
1184 288 1217 316 de
1230 289 1367 318 miraculis
1378 292 1405 320 S.
1414 293 1530 322 Martini
1541 303 1598 330 cap.
1612 299 1659 321 26.
1670 304 1683 322 a
1695 303 1776 322 voca-

974 328 1209 366 bulogermanico
1217 331 1303 362 Frid,
1327 331 1402 368 quod
1420 342 1512 369 pacem
1534 332 1687 371 signis-icam
1711 343 1775 361 iiam

976 368 1113 396 mediante
1134 378 1224 405 poenae
1244 370 1405 405 solutione,
1425 382 1601 411 componitur
1622 384 1674 411 pax
1699 373 1774 402 intei-

974 419 1035 437 cum
1049 430 1056 441 ‚
1079 412 1106 437 δε
1119 408 1212 437 fiscum
1222 430 1230 438 .

115 446 269 484 provinciis
279 448 515 486 distinguebantur
525 468 533 480 ,
546 457 601 476 imo
611 449 699 477 multo
708 449 767 487 post
778 448 922 487 praefatum
936 450 1069 478 Fnznnon
1081 471 1087 481 ,
1105 449 1228 478 fremitus
1239 473 1246 483 ,
1258 451 1397 480 &stridor
1407 452 1572 481 dentiumiii
1582 454 1651 483 rabie
1661 466 1668 486 ς
1690 455 1774 490 [Do-

116 488 248 516 Carolum
261 489 372 517 Francia
384 500 397 517 a
409 490 539 518 Navarrae
552 489 737 526 provincia,&
748 490 922 527 Delpliinatu

116 527 344 558 diversificabitui·
353 550 360 557 .
374 531 408 558 In
418 532 531 557 Extrav.
544 539 643 557 comm.
655 529 689 557 de
700 531 818 559 censibus
829 551 836 557 .
848 531 921 560 Vide

119 570 309 598 Borbinatus.
332 570 428 598 Gallia
441 589 448 596 .
471 572 630 598 Porticam'.

81 611 276 639 Pammenes
291 630 296 636 .
310 612 366 639 PR.
380 611 408 637 in
422 610 531 638 Francia
542 610 651 648 genitus
661 631 667 638 .
681 615 692 645 [
704 610 858 643 Zacharias,
872 611 921 639 sci-

115 649 182 677 licet
192 672 200 682 ,
221 652 328 688 Regem
341 652 505 678 Francorum
516 671 525 682 ,
546 661 604 678 non
615 660 670 679 tam
683 662 732 689 pro
750 651 803 680 suis
819 652 921 691 iniqui-

977 490 1055 518 cuisti
1068 490 1211 519 calcandos
1224 491 1274 519 ess'e
1287 492 1427 521 frendores
1437 494 1584 521 diabolicos
1594 513 1602 521 .
1612 496 1638 523 S.
1648 494 1774 524 Athana-

978 531 1067 559 fiusin
1078 530 1191 569 epist-ad
1199 531 1353 561 Luciferum
1364 554 1371 560 .
1385 533 1474 572 Episc.
1487 534 1546 572 ]·de
1557 535 1773 564 comminatione

975 569 1169 600 hereticorum
1178 583 1259 611 agens
1269 573 1307 602 :iit
1319 595 1327 606 ‚
1339 573 1372 602 de
1383 574 1477 612 quibus
1496 574 1561 602 alibi
1573 574 1645 603 idem
1664 576 1772 614 inquit:

977 615 1133 650 [Tanquam
1143 612 1314 642 frendoribus
1323 615 1376 642 tuis
1388 613 1469 654 possis
1479 614 1624 644 servorum
1632 615 1685 644 Dei
1696 626 1776 655 Vigo-

975 662 1031 680 rem
1040 651 1163 690 supersi-e
1173 674 1180 680 .

120 690 218 718 tatibus
229 711 237 722 ,
261 700 342 728 qnam
353 701 403 728 pro
413 701 445 719 eo
456 712 464 723 ,
477 691 551 728 quod
563 701 645 719 tantae
657 693 783 729 potestati
795 702 852 721 erat
863 693 921 720 inu·
934 693 1103 726 Fitizoivexri
1112 704 1126 721 Α
1139 714 1145 720 .
1161 696 1218 723 FR.
1231 705 1262 722 ex
1274 694 1374 723 duabus
1388 694 1494 724 vicibus
1504 694 1675 734 intelligitur
1684 715 1692 722 .
1702 695 1774 724 Vide

120 730 178 757 tilis
189 751 196 762 ,
219 740 232 758 a
244 741 334 769 regno
346 731 473 769 deposuit
485 753 493 764 ‚
514 736 541 760 <Sc
552 733 681 770 Pipinum
691 734 790 762 Caroli
799 735 921 770 Impera-

117 771 187 798 toris
197 781 301 809 patrem
314 773 342 800 in
353 782 408 807 ejus
418 773 508 800 locum
520 771 665 805 substituit,
677 774 827 812 omnesque
840 776 920 802 Frein-

974 734 1108 761 Moniali‘s
1120 755 1128 761 .
1149 735 1222 762 Item
1234 734 1388 773 frequentia
1407 736 1541 764 malorum
1556 737 1660 764 actuum
1671 756 1678 763 .
1702 737 1776 765 Vide

976 774 1125 812 Paffivitas
1135 794 1143 801 .

118 810 226 849 cigcnas
238 822 251 840 a
260 815 415 846 juramento
428 813 570 841 fidelitatis
579 814 707 843 absolvit.
717 814 844 844 canulius
854 824 921 843 item
937 815 1058 842 Fuimus
1069 834 1076 842 .
1087 816 1180 843 Frater
1191 837 1199 848 ‚
1216 825 1318 843 nomen
1338 826 1351 843 a
1362 815 1467 845 Graecis
1487 825 1617 854 corrupte
1626 816 1778 855 Religiosis

123 861 166 885 15.
181 852 274 890 quaest.
287 859 313 881 6.
750 870 758 877 ·

78 893 210 960 anxsilcif.
225 893 281 922 FR.
294 893 401 922 vassiilli
411 894 465 923 sine
478 894 560 924 feudo
570 916 576 922 .
587 895 680 925 Glossa
691 895 721 925 iii
744 896 763 924 l.
773 896 879 935 penult.
888 895 921 923 de

118 942 160 960 ma
173 942 185 959 e
199 943 256 961 sciis
266 953 272 960 .

77 973 245 1001 FuinciscA
257 995 264 1006 ,
287 973 402 1008 securis,
422 975 548 1014 bipennis
560 998 567 1008 ,
588 977 730 1014 [Accepit
748 987 837 1006 autem
859 978 921 1005 Rex

975 854 1134 883 attributum
1145 876 1152 882 .
1162 858 1249 895 Greg.
1260 855 1381 884 Pachim.
1392 857 1421 884 in
1430 856 1494 884 hist.
1505 858 1552 886 lib.
1568 867 1592 892 ς.
1603 861 1687 894 cap-8·
1700 858 1776 885 Hinc

978 895 1088 933 Equites
1098 896 1379 930 Hierosolymitanos,
1390 896 1475 926 hodie
1483 896 1642 927 Melitenses
1653 919 1660 929 ,
1671 901 1776 925 Freiros

978 937 1191 966 Cantacuzenus,
1207 937 1325 975 appellat
1335 958 1344 970 ‚
1365 936 1485 975 Hispani
1504 938 1610 967 frailes
1622 960 1630 971 ,
1653 941 1680 965 δε
1701 937 1778 966 Galli

978 982 1059 1004 Frere
1069 977 1165 1005 dicunt
1177 997 1184 1004 .
1433 987 1440 990 ·

121 1013 277 1042 franciscrm
288 1018 342 1051 ejus
352 1037 359 1047 ,
382 1026 442 1054 quae
462 1025 576 1045 vocatur
600 1018 723 1055 bipennis
734 1040 741 1051 ‚
764 1022 792 1046 δ(
813 1016 923 1055 projicit
939 1019 1033 1045 suern
1045 1037 1051 1044 .
1065 1019 1123 1046 PR.
1133 1016 1260 1051 bona‚seu
1273 1016 1445 1056 possessiones
1455 1038 1463 1044 .
1473 1018 1573 1046 Bullar.
1584 1017 1777 1047 Casin.t0m.2.

121 1053 151 1080 in
166 1064 271 1082 teri-:im-
284 1057 426 1084 Hincmar.
438 1058 467 1085 in
476 1056 589 1096 Reinig.
602 1061 613 1089 ]
628 1060 672 1087 De
681 1059 775 1087 eadem
787 1068 869 1086 etiam
880 1058 921 1085 in-

978 1058 1120 1086 constitut.
1132 1069 1180 1086 22.

118 1095 179 1131 quit
191 1094 355 1125 Flodoardus
368 1109 373 1124 :
402 1100 487 1132 [Rex
500 1109 568 1138 ergo
578 1099 686 1127 structas
697 1099 859 1127 circumiens
869 1099 922 1126 rite
938 1099 1148 1127 Fuimvscumn
1161 1120 1168 1130 ‚
1181 1097 1339 1137 indignatio
1349 1121 1356 1132 ,
1368 1098 1443 1126 livoi·
1453 1109 1544 1136 parum
1555 1097 1757 1127 considerabilis
1768 1118 1783 1130 ,A

118 1134 266 1174 phalanges
278 1157 285 1169 ,
297 1138 329 1165 ad
342 1148 401 1165 eum
412 1160 419 1170 ‚
443 1139 487 1176 qui
501 1140 601 1168 dudum
612 1139 772 1177 percusserat
782 1149 891 1167 urceum
914 1160 921 1171 ,

117 1177 262 1212 pei-venit,
284 1177 436 1217 spretisque
447 1180 527 1217 ipsius
536 1181 616 1209 armis
628 1184 683 1215 ejus
694 1180 850 1209 franciscam
860 1189 922 1217 pro-

116 1215 184 1249 jecit
196 1216 226 1243 in
237 1226 335 1246 terram
346 1241 353 1251 ,
375 1220 421 1247 lib.
439 1231 461 1247 i.
472 1220 695 1250 hist.Rhemens.
708 1232 763 1258 cap.
781 1222 846 1258 13·]
861 1220 920 1248 Alii

978 1149 1007 1166 ur
1019 1138 1090 1166 solet
1105 1139 1182 1167 inter
1192 1149 1334 1177 cognatos,
1344 1144 1371 1168 ἃ
1381 1139 1482 1167 amicos
1492 1149 1606 1168 evenire
1619 1160 1625 1167 .
1638 1139 1695 1167 Alii
1710 1149 1777 1166 vero

978 1179 1204 1216 Frivolusculum
1214 1200 1221 1211 ,
1245 1181 1425 1209 Fn'w'culum
1436 1200 1444 1212 ‚
1467 1183 1495 1208 ὅ(
1514 1180 1710 1218 Frigusculum
1739 1179 1778 1207 le-

977 1229 1062 1257 gunt,
1085 1231 1097 1247 a
1110 1219 1210 1247 frivola
1220 1219 1342 1257 passione
1355 1242 1362 1248 .

120 1265 211 1284 tamen
222 1258 345 1295 gladium
358 1281 365 1291 ‚
376 1259 421 1287 seu
434 1260 525 1288 ensem
538 1261 683 1300 significari
697 1270 840 1299 exponunt
851 1281 857 1287 .
874 1264 921 1294 [Et
940 1261 1084 1288 Fnicnux
1095 1280 1101 1286 .
1125 1260 1225 1287 Mulier
1245 1260 1407 1292 inhonesta,
1429 1260 1614 1289 &libidinosa
1625 1281 1631 1288 .
1654 1258 1779 1296 [Aspice

119 1297 231 1326 extensa
241 1308 321 1327 manu
332 1299 489 1329 franciscam
499 1305 556 1337 ejus
568 1312 646 1329 terrae
657 1302 755 1338 dejecit
767 1323 774 1334 ‚
794 1311 852 1339 quae
864 1299 921 1339 spa—

118 1336 166 1365 tha
183 1338 303 1367 dicitur.
326 1342 459 1369 Ammon.
476 1342 509 1370 de
520 1341 612 1370 Gestis
632 1345 811 1374 Francorum,
834 1341 880 1369 lib.
898 1353 919 1369 1.

119 1378 198 1415 epist.
214 1389 256 1407 12·
272 1382 283 1410 ]
308 1381 380 1409 Vide
390 1383 556 1417 Btsacumn:
568 1403 575 1409 .

79 1419 282 1448 mmmmm
294 1442 301 1453 ‚
325 1423 491 1461 Regularcs,
514 1423 546 1451 de
559 1422 707 1461 qiiibusliic
720 1423 750 1452 fit
775 1421 920 1450 mentioin

117 1459 283 1488 dictionibus
293 1481 301 1488 .
313 1466 496 1491 Breviariusn
506 1484 513 1490 .
525 1468 625 1491 Cereus
636 1465 779 1501 Paschalzs
790 1484 798 1491 .
811 1467 920 1500 Cappui.

120 1502 259 1537 Cordigeri
270 1522 276 1528 .
288 1504 449 1532 Gardianus
460 1524 466 1531 .
478 1505 639 1542 Genufl'exio
651 1525 658 1531 .

977 1300 1051 1337 lupas
1061 1299 1233 1337 popularium
1243 1321 1253 1332 ,
1272 1300 1421 1328 libidinum
1442 1301 1578 1328 nundinas
1590 1322 1598 1332 ,
1621 1300 1689 1338 ipsas
1708 1310 1777 1336 quo-

977 1351 1030 1379 que
1043 1339 1182 1373 fri-firices,
1193 1344 1222 1368 ἃ
1232 1340 1250 1368 si
1260 1340 1367 1378 praestas
1375 1341 1467 1369 oculos
1478 1341 1608 1369 abducere
1618 1342 1649 1368 ab
1657 1339 1779 1375 ejusdem

997 1380 1119 1419 ropudiis
1128 1380 1264 1413 occifiein
1275 1381 1382 1418 publico
1390 1380 1518 1409 castitatis
1529 1402 1536 1408 .
1548 1382 1664 1410 Tertull.
1676 1381 1709 1408 de
1721 1382 1778 1418 pal—

976 1391 1017 1450 lio
1030 1443 1036 1453 ,
1054 1432 1111 1459 cap.
1124 1432 1150 1455 4.
1170 1424 1181 1452 ]
1207 1432 1271 1459 quas
1289 1422 1414 1451 mulieres
1435 1420 1620 1450 Laffri‘narum
1637 1423 1776 1458 antistita

978 1462 1079 1490 ibidem
1092 1472 1173 1489 vocat
1184 1482 1190 1488 .

936 1505 1007 1531 Fitic,
1018 1524 1025 1535 ‚
1050 1503 1122 1530 idem
1134 1513 1161 1530 ac
1173 1508 1243 1530 Frea
1255 1501 1284 1529 in
1299 1502 1364 1530 locis
1375 1503 1410 1531 ibi
1425 1504 1473 1532 cit.

79 1541 239 1569 FRAscATAE
257 1542 355 1571 AEDES
369 1565 375 1571 .
394 1544 557 1574 Oratorium
586 1545 614 1572 in
633 1544 764 1572 Vaticana
785 1543 896 1572 Basilica
912 1564 920 1570 .
937 1546 1067 1572 Famem
1079 1563 1091 1571 .⁷
1111 1542 1184 1571 Vide
1196 1546 1375 1581 frigoriticus
1387 1564 1393 1570 .

120 1581 262 1617 [Quidam
274 1583 309 1610 de
322 1586 477 1622 Anglorum
489 1595 572 1623 gente
585 1587 704 1613 Romam
714 1594 862 1617 venerunt,
873 1584 918 1621 qui
937 1587 1127 1612 Fmooufflo
1139 1603 1145 1610 .
1169 1583 1242 1611 Vide
1253 1586 1281 1611 in
1293 1584 1358 1611 dist.
1367 1582 1512 1622 sequenti.

119 1622 148 1648 in
158 1623 294 1652 Oratorio
305 1625 333 1651 B.
344 1625 476 1665 Gregorii
487 1627 565 1663 Papae
576 1648 583 1658 ,
596 1629 623 1654 &
634 1624 802 1653 Confessoris
811 1624 917 1653 Christi
938 1627 1169 1656 Famem-ricus,
1184 1634 1321 1662 quartana,
1332 1622 1377 1652 seu
1389 1626 1505 1654 tertiana
1517 1622 1670 1652 febricitans
1684 1643 1690 1651 .
1704 1623 1776 1659 [Fri-

118 1663 148 1689 in
159 1662 295 1701 Principis
306 1666 505 1703 Apostolorum
518 1667 576 1694 aede
595 1665 722 1695 Frascatae
743 1665 894 1693 conslriista
912 1687 920 1698 ,

119 1712 199 1731 unam
209 1705 325 1732 tabulam
333 1716 489 1745 argenteam
501 1705 650 1744 posuerunt
660 1706 772 1736 *Anash
785 1705 918 1735 Biblioth.

119 1753 147 1770 in
159 1745 306 1773 Benedifto
318 1748 373 1774 ΠΙ.

80 1785 98 1810 F
110 1793 125 1810 κ
140 1794 156 1811 Α
169 1794 186 1812 T
199 1795 212 1813 E
226 1795 241 1813 R
253 1805 260 1811 .
286 1787 342 1815 PR.
361 1788 461 1816 rutulus
471 1788 678 1826 Religiosoriim
697 1787 779 1815 etiam
797 1796 920 1823 tempore

117 1825 163 1861 Jo.
173 1824 369 1860 chrysostomi
380 1828 516 1862 solitus‚&
528 1828 657 1856 Monaclii
668 1834 783 1856 Fratres
794 1827 917 1855 diceban-

117 1872 179 1898 tur,
202 1876 261 1896 can.
273 1867 306 1895 ad
318 1868 439 1897 mensam
456 1880 464 1897 ι
476 1881 498 1897 i.
511 1870 604 1907 quaest.
616 1881 642 1907 3.
655 1868 743 1896 hodie
751 1878 843 1896 tamen
853 1877 919 1905 pra:—

118 1915 223 1934 nomen
232 1912 336 1936 Domni
345 1908 476 1948 usurpant
488 1930 494 1937 .
511 1916 624 1938 Fratres
644 1919 722 1937 vocat
734 1911 803 1946 Papa
819 1908 919 1936 Cardi-

119 1946 194 1974 mles
205 1969 213 1979 ›
235 1951 261 1976 ὃ(
274 1949 421 1988 Episcopos
431 1971 438 1978 .
460 1951 533 1979 Vide
544 1953 656 1978 Frerius
668 1970 675 1977 .
699 1951 824 1985 Qaiiior
833 1949 921 1976 modis

121 1985 151 2013 in
161 1988 294 2025 Scriptura
309 1990 390 2019 frater
410 1992 465 2020 dici
487 2000 563 2021 notat
575 1989 809 2020 Hieron.,'advei·s.
822 1990 917 2017 Helvi-

117 2026 193 2055 dium
203 2050 210 2056 .

80 2067 261 2099 Punicum
274 2092 280 2101 ,
304 2071 437 2100 Haeretici
449 2093 456 2100 .
478 2072 554 2100 Vide
562 2073 700 2110 Reguardi
711 2092 718 2099 .

82 2110 173 2137 Fun.
199 2112 255 2139 FR.
268 2110 393 2140 fatidica.
418 2113 501 2150 Apud
521 2112 767 2150 Septrentrionales
783 2110 853 2139 olim
872 2120 923 2148 pro

120 2152 180 2179 Dea
190 2149 334 2179 habebatur
346 2173 352 2179 .
366 2154 439 2180 Hiis.
452 2154 603 2191 Longobar.
614 2164 670 2192 cap.
685 2158 708 2181 S.
720 2156 748 2181 ὃς
757 2155 812 2188 ejus
825 2154 920 2179 Anno-

124 2201 173 2219 tat.
186 2191 216 2218 in
227 2192 304 2219 lib.1.
316 2194 386 2221 Item
398 2199 467 2221 Frea
476 2194 616 2221 dicebatur
625 2193 725 2222 Mulier
734 2215 741 2226 ‚
754 2203 813 2231 quae
826 2190 871 2219 snb
882 2203 922 2219 tu-

123 2242 183 2260 tore
194 2253 202 2264 ‚
226 2233 270 2260 vel
290 2243 412 2261 curatore
422 2234 508 2272 posita
516 2244 573 2262 erat
585 2256 591 2266 ,
613 2235 633 2262 l.
653 2234 673 2263 si
684 2234 743 2272 quis
753 2233 836 2261 fream
847 2252 854 2259 .
878 2234 923 2261 De

122 2272 165 2301 his
174 2294 182 2305 ‚
205 2273 320 2312 quisine
331 2276 475 2302 voluntate
485 2275 650 2304 Mundualdi
662 2295 669 2302 .

85 2316 180 2342 mm
192 2335 200 2346 ‚
220 2317 248 2343 δε
259 2315 367 2342 Fredda
378 2336 384 2342 .
398 2317 453 2343 FR.
465 2324 547 2352 poena
558 2314 713 2352 pecuniaria
723 2318 799 2351 juxta
811 2312 925 2341 formam
939 2310 941 2313 ’

123 2354 293 2384 bannimenti
302 2375 311 2389 ,
322 2353 461 2384 scubtuin'i
474 2377 481 2388 ‚
506 2356 549 2385 vel
562 2356 648 2395 legis,
670 2357 689 2385 l.
699 2355 719 2384 si
731 2354 790 2394 quis
799 2354 927 2387 alienam,

975 1664 1090 1704 goritici
1099 1664 1210 1703 quidam
1219 1675 1278 1692 cum
1289 1665 1342 1693 side
1353 1666 1496 1694 venientes
1510 1688 1516 1696 ,
1538 1665 1719 1693 candelarum
1732 1675 1782 1693 vo-

977 1707 1012 1734 tis
1022 1704 1137 1734 offerunt
1148 1725 1156 1737 ,
1178 1709 1206 1733 &
1215 1704 1334 1734 abrasum
1344 1704 1460 1744 sepulcri
1472 1707 1618 1738 pulverem
1637 1703 1747 1732 sumunt
1771 1725 1779 1737 ,

977 1757 1057 1785 quem
1066 1756 1131 1784 aqua
1142 1746 1259 1773 mixtum
1270 1746 1363 1774 bibunt
1374 1768 1382 1778 ‚
1406 1746 1587 1775 &sanitatem
1599 1745 1677 1779 liujus
1689 1745 1781 1773 Sancti

975 1787 1080 1815 meritis
1091 1786 1293 1824 adipiscuntur.
1318 1787 1462 1815 Flodoard.
1475 1787 1520 1814 lib.
1533 1799 1559 1814 2.
1570 1785 1633 1813 hill.
1645 1795 1702 1822 cap.
1712 1796 1757 1820 ¹4·
1768 1786 1784 1816 ]

977 1828 1080 1857 Eodem
1092 1828 1224 1856 vocabulo
1234 1825 1293 1854 usus
1303 1827 1341 1855 est
1351 1829 1471 1866 Gregor.
1482 1830 1621 1855 Tui-ouen.
1633 1826 1758 1863 inquiens
1771 1844 1780 1852 .

976 1868 1143 1905 [Postquam
1154 1867 1223 1895 mihi
1235 1868 1278 1896 vii·
1289 1868 1335 1896 ille
1347 1869 1441 1896 retulit
1455 1889 1461 1899 ,
1484 1871 1509 1896 ἃ
1520 1867 1589 1895 hanc
1602 1865 1670 1894 mihi
1682 1866 1781 1903 pallam

975 1909 1090 1937 tradidit
1100 1930 1106 1941 ‚
1119 1906 1274 1947 praesumpsi
1286 1907 1371 1936 fateor
1384 1918 1441 1938 eam
1453 1908 1558 1936 abluere
1569 1911 1606 1939 ,ὃς
1619 1905 1781 1944 frigoriticis

976 1959 1071 1988 potum
1080 1949 1143 1976 dare
1155 1961 1159 1976 .·
1171 1947 1217 1976 sed
1229 1959 1292 1976 mox
1305 1970 1312 1981 ,
1323 1950 1480 1986 opitulante
1491 1949 1587 1976 divina
1598 1948 1716 1979 virtute,
1739 1945 1782 1974 sa-

978 1991 1109 2018 nabantur
1119 2009 1126 2015 .
1135 1990 1179 2017 De
1189 1989 1278 2027 gloria
1288 1991 1367 2018 Mart.
1378 1990 1425 2017 lib.
1443 2000 1465 2017 i.
1479 1999 1537 2027 cap.
1550 1990 1599 2018 6.]
1616 1987 1691 2016 Hinc
1701 1985 1781 2021 hujus

978 2031 1058 2059 febris
1067 2028 1179 2058 accessio
1188 2035 1277 2068 Typus
1283 2029 1458 2067 frigoriticus
1468 2030 1554 2057 distus
1565 2029 1602 2056 est
1614 2040 1620 2055 :
1647 2033 1658 2062 [
1670 2028 1743 2055 Nam
1756 2028 1776 2055 si

977 2072 1036 2110 quis
1049 2080 1131 2109 typos
1144 2070 1312 2108 frigoriticos
1331 2071 1469 2098 incurrens
1482 2092 1489 2102 ,
1512 2070 1589 2097 noete
1608 2077 1660 2097 una
1679 2067 1712 2110 ad
1723 2070 1781 2103 ejus

978 2112 1113 2140 tumulum
1122 2111 1268 2148 deprecans
1281 2111 1441 2149 vigilaverit
1453 2121 1460 2141 ι
1479 2120 1543 2138 mox
1563 2108 1713 2145 compi-csso
1734 2118 1779 2136 ac-

977 2151 1063 2185 ceslii,
1085 2150 1244 2189 adipiscitur
1256 2152 1419 2179 medicinam
1429 2171 1436 2178 .
1447 2151 1525 2179 Idem
1536 2152 1675 2178 Turoneii.
1687 2148 1734 2176 lib.
1744 2149 1779 2176 de

979 2194 1069 2232 gloria
1076 2191 1270 2220 Consess'orum
1283 2213 1290 2224 ,
1312 2202 1368 2230 cap.
1386 2203 1393 2219 i
1404 2202 1428 2226 5.
1440 2193 1452 2222 ]
1473 2191 1572 2221 Eadem
1582 2189 1660 2218 febris
1679 2188 1779 2226 species

981 2245 994 2262 a
1003 2234 1270 2272 frigorefrigoratto
1287 2233 1369 2260 etiam
1389 2233 1419 2260 ab
1429 2231 1526 2260 eodem
1538 2230 1641 2259 ibidem
1660 2229 1778 2271 appella-

983 2284 1026 2302 tiii·
1038 2296 1043 2307 ‚
1067 2274 1113 2302 ubi
1123 2273 1173 2301 sic:
1199 2274 1297 2307 [Dato
1308 2273 1393 2312 igitui-
1402 2282 1481 2300 mane
1491 2271 1593 2304 redivit
1604 2271 1635 2299 ad
1648 2278 1776 2312 proprian,

984 2325 1033 2342 nec
1044 2316 1114 2342 ultra
1126 2313 1177 2341 hoc
1190 2313 1274 2341 niodo
1292 2313 1480 2352 frigorationis
1491 2334 1498 2346 ,
1522 2313 1567 2340 vel
1585 2310 1782 2352 confrafilfionia

984 2356 1065 2384 ullius
1074 2354 1189 2394 pertulit
1198 2354 1363 2392 gravitatem
1373 2374 1380 2382 .
1393 2355 1405 2385 ]
1418 2355 1475 2383 FR.
1487 2352 1548 2381 talis
1558 2352 1665 2380 morbus
1674 2348 1778 2392 dicitur:

1654 2398 1745 2424 etim
