1866 2526
154 72 233 111 626
488 66 515 109 S
547 64 581 106 P

139 127 233 166 gorii,
245 122 290 156 ubi
301 121 411 154 videtur
420 120 542 161 sportam
552 143 561 156 ,
584 121 630 150 vel
641 118 788 149 canistrum
798 128 831 148 ex
852 115 938 153 juncis

141 176 304 196 contextum
315 163 467 204 significare
475 175 486 196 ,ς
498 173 563 192 nam
572 161 666 192 Graeci
675 157 785 198 wrolprn
797 180 805 193 ‚
826 162 938 196 juncum

143 208 283 248 appellant
294 218 302 239 5
313 207 351 235 ita
362 204 438 233 enim
448 204 485 233 ait
496 226 504 238 ‚
518 203 566 233 lib.
578 214 603 232 1.
613 213 635 231 c.
651 213 660 230 1
668 213 695 238 4.
706 201 762 230 sive
772 201 820 228 lib.
833 209 857 235 5.
880 210 938 238 cap.

151 260 161 278 ι
170 261 217 278 22.
226 248 336 277 Sanetus
346 246 462 275 Ductor:
476 252 488 281 [
501 246 625 284 Spartam
636 253 714 275 vero,
725 251 804 280 quam
813 241 883 280 apud
893 239 940 269 de-

143 289 273 319 cefforem
290 287 411 317 vestrum
428 284 615 314 dilec'tiffimus
642 283 712 312 filius
733 281 825 310 noster
845 284 940 311 Petrus

146 331 287 360 Diaconus
299 350 306 361 ‚
318 337 383 355 tunc
396 326 453 355 illic
464 325 593 355 'defensor
602 347 611 358 ,
621 324 768 362 reliquerat
779 323 857 352 nobis
866 324 939 353 ὕεα]

145 375 187 402 Ac
199 370 263 399 alibi
274 369 349 397 idem
360 368 521 397 vocabulum
529 367 642 395 reiterat
652 385 660 397 ,
680 364 754 403 quod
769 363 798 392 in
809 363 941 402 aliquibus

145 411 297 441 Codicibus
307 409 409 448 Spatha
418 408 448 436 in
457 408 533 443 iib.5.
545 417 602 445 cap.
619 417 628 435 i
637 416 682 443 23.
693 403 823 433 mendose
833 403 943 443 legitur.

146 455 205 482 PR.
222 453 269 481 De
280 451 333 479 hoc
344 448 475 478 vocabulo
485 447 601 486 quaestio
614 448 716 485 agitata
726 444 777 473 fuit
797 445 868 483 :ipud
877 444 944 473 Gel-

1292 59 1388 101 SP

995 116 1032 164 tis
1042 115 1192 156 palmarum
1200 138 1208 150 ‚
1220 128 1336 162 quorum
1345 116 1428 148 sudor
1436 117 1628 160 colligebatur,
1639 127 1669 150 ut
1681 120 1786 154 Plinius

995 160 1043 188 lib.
1059 170 1068 186 i
1077 169 1104 187 2.
1116 167 1139 185 c.
1151 161 1197 201 ,²8⁵
1206 158 1292 203 aflerit
1301 181 1310 192 ,
1327 169 1407 198 quem
1426 164 1482 199 ejus
1495 165 1656 192 Annotator
1675 164 1788 201 Jacobus

997 200 1190 237 Dalecampius
1200 208 1232 227 ex
1243 199 1408 232 Dioscoride
1417 202 1543 242 corrigit,
1556 204 1692 243 inquiens:
1705 206 1789 240 [Ela-

997 251 1095 286 tetnon
1104 238 1191 272 sudat,
1201 237 1248 268 sed
1259 240 1368 281 pinguis
1377 242 1451 273 intus
1460 245 1506 274 est:
1519 247 1531 277 ]
1543 245 1576 274 ad
1586 255 1790 284 unguentorum

996 282 1198 322 spissamentum
1209 302 1218 314 ‚
1238 290 1268 309 ut
1276 293 1310 311 ex
1320 282 1415 312 eodem
1424 285 1498 314 Plin.
1508 285 1553 315 lib.
1569 298 1612 325 ¹3·
1624 297 1646 314 c.
1661 297 1683 314 1.
1702 286 1790 316 Unde

1001 322 1256 366 probabiliusbcredo
1266 344 1274 355 ,
1294 324 1332 352 D.
1342 324 1509 363 Gregorium
1529 327 1562 355 de
1581 327 1635 356 hoc
1644 335 1789 366 unguento

999 366 1123 393 locutum
1134 362 1210 391 fuisse
1220 385 1228 397 ‚
1241 364 1315 399 cujus
1326 374 1468 404 utramque
1477 366 1636 397 citationem
1646 378 1703 397 non
1711 368 1791 397 inve-

1001 405 1032 434 ni
1043 404 1169 436 fidelem3
1189 404 1224 434 fic
1235 405 1317 433 etiam
1328 416 1360 434 ex
1370 406 1458 445 sparta
1475 407 1667 438 conficiebatur
1676 408 1794 437 medica-

1003 455 1129 476 mentum
1140 467 1148 478 ,
1158 445 1268 474 Plinius
1278 467 1285 478 ‚
1297 446 1343 475 lib.
1358 458 1404 482 24.
1414 457 1437 475 c.
1449 458 1478 483 9.
1489 447 1562 476 Vide
1572 450 1731 487 Eriophoron
1742 469 1749 476 .

144 493 215 522 lium
225 514 233 526 ,
254 492 300 520 lib.
317 502 359 524 17.
370 499 428 525 cap.
441 500 467 527 3.
477 497 568 516 utrum
577 497 675 526 nempe
685 492 784 524 Sparta
795 486 889 515 eadem
898 485 945 513 illa
961 490 1097 518 SPARTEA
1110 507 1118 519 ‚
1134 486 1315 516 calceamenta
1326 498 1358 515 ex
1369 487 1497 516 funiculis
1514 497 1641 518 contexta
1650 511 1658 522 ,
1677 499 1793 528 quorum

147 532 211 563 ess'et
220 555 229 567 ‚
250 533 284 561 de
296 542 347 570 qua
359 532 498 559 Homerus
516 529 552 557 ibi
562 529 658 557 citatus
676 527 777 556 cecinit
795 532 924 565 Spartam
937 547 944 559 ,

147 573 194 604 seu
203 580 346 612 spartium
358 592 366 604 ‚
377 570 452 609 quod
460 570 648 599 communiori
658 568 790 598 vocabulo
800 568 944 604 Genestum

149 615 261 644 dicitur.
271 614 313 642 Sic
325 613 410 651 igitur
421 611 537 640 Gellius:
548 609 734 646 [Adolescens
744 607 879 647 quispiam
890 617 947 635 non

152 656 278 684 indoeius
291 675 298 687 ‚
310 652 394 692 sparti
404 662 514 691 quoque
523 651 601 680 usum
611 651 640 679 in
651 660 722 679 terra
732 650 839 679 Graecia
848 649 894 678 diu
905 658 946 676 in-

147 696 293 735 cognitum
305 693 380 722 fiiiffe
391 694 463 722 dixit
474 715 482 726 ,
501 691 649 730 multisque
668 691 728 729 post
740 691 823 719 Ilium
841 699 947 727 captum

151 735 353 776 tempestatibus
363 745 396 762 cx
406 744 478 762 terra
490 732 625 772 Hispania
635 732 779 760 advectum
788 751 794 758 .
815 729 948 760 Riserunt

151 777 205 806 hoc
216 778 249 806 ad
260 775 433 805 illudendum
443 796 451 808 ,
463 785 497 803 ex
509 774 541 802 iis
553 796 560 807 ,
575 773 622 812 qui
632 773 668 802 ibi
678 773 789 801 aderant
801 794 809 805 ‚
819 782 898 803 unus,
908 780 948 798 at-

151 829 205 857 que
215 820 282 847 alter
294 817 364 845 male
383 815 511 844 homines
529 814 653 847 literati,
672 813 746 852 quod
764 823 848 851 genus
857 812 947 841 Graeci

151 857 284 898 οἷγοραίκς
295 857 451 896 appellant:
475 865 555 894 atque
564 865 625 883 eum
636 877 644 888 ,
667 855 714 893 qni
731 854 760 881 id
769 854 876 882 dixerat
888 875 894 885 ,
915 851 950 879 li—

151 900 229 929 brum
246 898 339 938 legisse
359 898 478 927 Homeri
495 897 602 933 ajebant
613 917 621 929 ,
641 896 685 924 cui
703 893 794 925 versus
812 893 857 922 hic
878 892 950 921 forie

152 940 251 970 deesset
262 951 269 967 :

1003 527 1062 557 usus
1073 527 1159 556 adhuc
1170 527 1199 555 in
1211 527 1345 565 Hispania
1355 528 1432 566 viget
1441 548 1448 556 .
1474 534 1486 563 [
1498 528 1718 558 calceamentum
1728 540 1794 560 vero

1002 570 1108 609 spartea
1119 590 1125 596 .
1136 572 1175 597 Ex
1188 571 1258 606 Reg.
1270 569 1296 597 S.
1308 569 1405 597 Ifidor.
1415 579 1437 596 c.
1451 573 1496 597 28.
1505 569 1531 600 ξ.
1544 571 1592 600 2.]
1615 571 1671 599 FR.
1682 575 1794 607 spartea

1005 612 1186 640 calceamenta
1195 619 1228 637 ex
1238 608 1345 647 spartis,
1356 609 1411 638 five
1422 608 1531 647 spartiis
1540 619 1681 643 contexta,
1695 610 1728 638 de
1737 611 1795 649 qui-

1004 654 1050 682 bus
1061 650 1165 680 Plinius
1175 671 1183 683 ‚
1194 649 1239 677 lib.
1255 660 1299 686 ¹9·
1310 661 1367 688 cap.
1379 662 1405 679 ι.
1425 650 1462 678 ita
1471 650 1508 678 ait
1518 662 1526 677 :
1547 657 1559 685 [
1572 650 1798 689 Carthaginenfis

1007 691 1147 730 Hispaniae
1158 690 1294 719 citerioris
1305 691 1399 729 portio
1411 712 1418 723 ,
1432 702 1480 719 nec
1491 690 1549 719 haec
1562 701 1619 720 tota
1632 714 1638 724 ,
1649 690 1696 719 sed
1705 699 1798 729 quate-

1007 745 1056 763 nus
1067 731 1135 771 parit
1145 753 1154 769 ‚
1164 741 1270 760 montes
1280 742 1388 770 quoque
1398 730 1491 770 sparto
1506 732 1598 770 operit
1610 752 1616 759 .
1637 732 1712 760 Hinc
1723 731 1800 759 strata

1006 775 1112 804 rusticis
1121 782 1216 801 eorum
1226 795 1234 806 ‚
1256 772 1321 801 hinc
1333 773 1410 811 ignes
1420 771 1543 810 facesque
1554 794 1562 805 ,
1581 771 1648 800 hinc
1660 771 1799 800 calceami-

1008 827 1042 845 na
1055 837 1062 849 ,
1073 819 1099 844 δ(
1110 813 1246 852 pastorum
1256 813 1346 841 vestis.
1360 816 1372 844 ]
1385 815 1454 842 Non
1463 813 1575 850 quidem
1584 823 1617 841 ex
1629 812 1690 850 ipfis
1699 811 1798 847 juncis,

1009 857 1064 885 five
1076 854 1171 893 spartis
1183 855 1211 881 in
1224 863 1316 882 natura
1327 875 1335 886 ,
1345 852 1390 881 sed
1402 853 1495 890 stuppa
1506 863 1539 881 ex
1550 854 1587 882 eis
1598 851 1688 881 avulsa
1700 873 1707 884 ,
1721 861 1800 880 neta-

1008 907 1061 935 que
1070 894 1284 924 conficiebantur
1293 893 1420 932 praediCta
1429 893 1590 922 indumenta
1600 915 1608 927 ‚
1617 903 1647 922 ut
1659 903 1692 921 ex
1703 892 1804 922 eodem

1008 937 1105 967 Plinio
1115 937 1203 974 liquet
1211 935 1277 964 ibid.

132 980 193 1011 Καὶ
211 979 316 1019 δ’)ἷδέρα
334 977 438 1012 σέσηπε
451 978 521 1012 venir,
545 977 689 1018 {gevra'pm
708 976 864 1007 λέλυνται.
886 974 953 1003 112·
969 981 1125 1009 spirarum.
1150 976 1224 1004 Vide
1245 982 1359 1013 sparta.

153 1022 229 1061 quod
245 1024 321 1057 juxta
341 1021 597 1058 interpretationem
615 1018 733 1055 ejusdem
754 1018 782 1046 in
801 1018 872 1046 calce
883 1016 948 1055 posi-

154 1074 210 1092 tam
223 1084 231 1095 ,
243 1063 302 1091 haec
312 1061 465 1100 fignificat.-
492 1064 551 1096 [Et
561 1061 637 1099 ligna
647 1069 774 1097 eputrent
786 1059 885 1087 ratium
895 1078 903 1090 ‚
926 1060 952 1085 ἃ

127 1132 130 1134 Α
156 1103 245 1141 sparta
255 1103 285 1131 in
297 1104 395 1130 cariem
405 1100 464 1130 sunt
477 1104 506 1133 .]
530 1104 571 1130 Ac
589 1099 730 1139 sequitur,
752 1100 804 1128 loc.
821 1100 869 1127 cit.
881 1098 953 1126 idem

971 1022 1164 1049 SPARVARIUS,
1175 1017 1306 1055 accipiter
1315 1038 1322 1048 ‚
1334 1025 1414 1054 rapax
1427 1013 1551 1048 volatile,
1562 1015 1637 1054 quod
1648 1014 1713 1043 Itali
1725 1020 1804 1051 spar-

1012 1071 1087 1089 viere
1098 1081 1105 1091 ‚
1120 1058 1195 1086 Galli
1206 1067 1272 1086 vero
1281 1058 1432 1094 Esparvier
1445 1056 1541 1086 dicunt
1553 1077 1559 1084 .
1572 1058 1614 1086 De
1626 1066 1680 1095 quo
1691 1054 1805 1085 vocabu—

1012 1102 1039 1129 lo
1050 1101 1081 1129 fit
1094 1098 1200 1127 mentio
1210 1099 1309 1136 inlege
1318 1098 1402 1127 Salica
1414 1120 1421 1131 ‚
1437 1098 1482 1126 tit.
1498 1109 1541 1133 19.

156 1144 264 1174 GelliuS
279 1149 290 1178 [
302 1146 373 1172 Tum
382 1142 430 1171 ille
440 1141 564 1180 proi-suni
576 1143 657 1170 iratus
669 1153 674 1168 ε
690 1143 758 1170 Non
769 1162 777 1173 ‚
790 1139 882 1178 inquit
895 1160 902 1171 ι
926 1139 954 1166 in
972 1143 1046 1171 Spu
1053 1150 1145 1170 AL1uM
1156 1161 1163 1173 ,
1175 1138 1336 1170 σπανάλιον
1346 1160 1354 1172 ,
1367 1148 1465 1177 praeter
1475 1139 1537 1168 alias
1546 1137 1624 1174 hujus
1635 1135 1759 1167 vocabuli
1772 1135 1806 1164 fi-

155 1197 193 1215 eo
204 1186 274 1214 libro
287 1183 377 1213 versus
390 1204 397 1216 ,
416 1182 462 1212 sed
476 1183 551 1212 nobis
562 1183 641 1221 plane
659 1181 789 1220 Magister
806 1180 894 1209 defuit
905 1201 914 1216 ,
936 1180 954 1207 si

156 1226 265 1255 creditis
285 1225 314 1253 in
333 1236 366 1253 co
384 1223 462 1253 versu
482 1223 567 1262 sparta
586 1224 614 1251 id
625 1223 776 1261 significare
788 1244 795 1255 ,
816 1221 891 1260 quod
908 1230 956 1248 nos

161 1267 282 1306 spartum
291 1266 407 1294 dicimus
417 1286 424 1292 .
435 1266 569 1299 Majorem
578 1264 653 1292 enim
663 1273 730 1292 vero
752 1262 795 1292 illi
807 1261 888 1291 risum
900 1260 955 1289 sub-

159 1308 277 1345 jiciunt3
291 1317 378 1344 neque
388 1306 415 1333 id
424 1305 600 1337 destiterunt,
613 1304 664 1332 nisi
675 1305 744 1332 liber
753 1305 783 1332 ab
794 1315 827 1333 eo
837 1304 956 1341 prolatus

161 1347 226 1378 effet
236 1348 322 1376 Marci
334 1347 468 1376 Varronis
479 1346 624 1385 vigesimus
636 1344 746 1385 quintus
756 1344 934 1373 humanarum
947 1363 955 1374 ‚

162 1391 193 1418 in
202 1399 256 1427 quo
268 1389 302 1416 de
315 1388 366 1416 isto
377 1388 495 1415 Homeri
506 1385 584 1414 versu
607 1388 759 1414 a'Varrone
780 1386 817 1413 ita
825 1384 955 1422 scriptum

162 1431 218 1458 est:
242 1433 302 1467 Ego
311 1428 400 1466 sparta
410 1428 480 1466 apud
490 1429 644 1456 Homerum
655 1437 713 1455 non
724 1426 782 1464 plus
790 1425 908 1465 spartum
926 1424 957 1452 fi-

162 1470 295 1510 gnificare
304 1479 371 1507 puto
382 1490 389 1501 ‚
400 1478 479 1506 quam
489 1466 617 1506 σπείρῃ-ς
626 1488 634 1500 ,
656 1468 748 1507 (quod
758 1471 958 1504 interpretatur

163 1523 195 1540 m
207 1511 280 1539 calte
290 1532 297 1542 ‚
309 1511 376 1546 [dest
387 1531 395 1542 ‚
416 1521 449 1537 ex
459 1520 520 1546 agro
543 1518 600 1537 atos
611 1511 641 1541 ,)
660 1509 706 1547 qui
716 1509 843 1536 dicuntur
854 1509 883 1535 in
894 1516 959 1545 agro

165 1552 296 1582 Thebano
307 1552 373 1578 nati.
386 1552 420 1579 In
431 1550 540 1578 Graecia
549 1548 633 1587 sparti
643 1550 722 1587 copia
734 1550 817 1577 modo
826 1548 910 1586 coepit
922 1546 960 1575 es—

169 1592 198 1621 se
210 1604 242 1621 ex
255 1591 390 1630 Hispania
399 1610 406 1617 .
425 1593 524 1628 Neque
535 1601 568 1618 ex
580 1589 636 1627 ipsa
646 1591 771 1619 facultate
780 1590 817 1618 usi
828 1587 960 1619 Liburni,

163 1633 211 1662 sed
233 1633 261 1661 hi
280 1631 420 1671 plerasque
440 1641 523 1659 naves
539 1631 606 1659 loris
623 1631 734 1660 suebant
743 1653 752 1664 ‚
772 1631 866 1659 Graeci
877 1628 960 1666 magis

164 1676 286 1703 cannabo
297 1697 304 1707 ,
317 1676 343 1701 δ(
356 1673 459 1710 stuppa,
470 1671 629 1710 exterisque
640 1672 735 1700 sativis
745 1672 830 1704 rebus,
842 1682 854 1699 a
865 1671 960 1709 quibus

165 1712 282 1752 σπάρτα.
292 1714 463 1752 appellabant
476 1734 482 1741 .
495 1713 578 1748 Quod
586 1723 647 1740 cum
656 1713 692 1741 ita
701 1715 789 1741 Varro
800 1712 874 1740 dicat
884 1732 893 1744 ‚
912 1711 961 1739 du-

165 1756 223 1785 bito
233 1756 325 1784 hercle
337 1777 345 1788 ,
366 1765 400 1782 an
413 1754 548 1792 posterior
557 1752 658 1788 syllaba
678 1755 707 1782 in
719 1764 752 1782 eo
764 1754 848 1781 verbo
860 1775 868 1786 ‚
888 1751 960 1790 quod

164 1796 235 1835 apud
245 1799 397 1825 Homerum
407 1796 444 1823 est
456 1817 462 1827 ‚
474 1795 592 1823 acuenda
604 1795 645 1825 sit,¹
660 1795 710 1824 nili
721 1795 782 1832 quia
794 1804 872 1822 voces
883 1792 961 1827 huju>

167 1837 301 1870 stemodi,
314 1847 374 1865 cum
383 1847 416 1864 cx
427 1836 568 1864 communi
580 1835 779 1872 significatione
790 1835 820 1862 in
831 1834 869 1862 rei
879 1843 958 1861 certae

168 1879 365 1916 proprietatem
376 1877 541 1909 concedunt,
552 1877 708 1905 diverfitate
717 1885 877 1904 accentuum
887 1874 962 1911 sepa-

169 1929 263 1947 rantur
274 1940 280 1947 .
292 1922 303 1951 ]
316 1920 395 1947 Idem
407 1919 524 1946 affirmat
533 1917 638 1946 Plinius
649 1939 656 1950 ‚
668 1928 697 1945 ac
708 1916 804 1945 diffuse
816 1914 961 1947 describit,

171 1960 217 1988 lib.
232 1971 276 1997 ¹9·
287 1970 343 1998 cap.
356 1972 381 1988 2.
392 1969 439 1997 per
449 1968 559 1989 totum5
579 1957 626 1986 sed
638 1958 728 1996 inquit
741 1956 854 1996 quodin
867 1955 963 1993 Hispa>

171 2001 244 2029 niam
262 2002 417 2029 citeriorem
437 2011 469 2028 ex
491 1999 584 2028 Africa
605 2010 618 2027 :i
637 1999 731 2028 Poenis
748 1998 868 2036 spartum
882 1997 951 2024 adve

170 2046 243 2069 ctum
254 2041 340 2070 fuiss'et
350 2062 357 2068 .
372 2041 446 2069 Hinc
455 2042 492 2069 D.
502 2040 653 2079 Gregorius
672 2050 759 2078 graeca
778 2037 965 2066 declinatione

171 2081 229 2110 usus
239 2083 276 2110 est
288 2105 296 2116 ‚
308 2093 367 2121 qux
379 2079 491 2120 σπάργη
501 2081 642 2109 foeminini
650 2080 758 2119 generis
767 2078 886 2117 appellat
897 2097 903 2105 .
915 2077 966 2106 Sed

173 2122 277 2155 miror,
287 2124 363 2162 quod
374 2122 506 2150 Pontifex
519 2123 628 2150 Sandhis
638 2122 686 2149 ilie
695 2121 784 2157 juncis
806 2119 945 2156 indigeret
958 2139 964 2149 ‚

172 2163 283 2191 sortasse
294 2174 345 2201 pro
354 2164 449 2191 canabe
458 2185 466 2196 ‚
480 2164 523 2191 vel
536 2163 569 2191 ad
579 2162 660 2190 telam
670 2161 827 2190 texendanu
838 2169 900 2187 nam
911 2158 967 2186 hacc

170 2202 259 2241 sparta
269 2205 301 2232 ad
310 2204 381 2232 hunc
392 2202 470 2231 usum
479 2199 602 2243 tempore
611 2202 705 2235 Plinii,
715 2203 767 2230 loc.
777 2202 823 2229 cit.
836 2198 968 2228 inservie-

172 2246 215 2273 bat
227 2265 233 2271 .
258 2248 293 2273 Et
313 2255 363 2282 pro
384 2244 444 2272 fune
455 2244 597 2282 usurpatur
616 2245 648 2272 in
658 2241 853 2278 chrysostomi
877 2240 967 2268 dicito:

179 2291 191 2320 [
203 2286 294 2323 Sparta
305 2285 407 2324 triplex
418 2285 532 2313 difficile
542 2284 698 2323 rumpitur]
711 2294 744 2312 ex
755 2280 904 2312 Eccleliast.
916 2291 967 2314 04.

176 2332 188 2360 [
202 2326 346 2354 Funiculus
357 2326 458 2364 triplex
469 2326 585 2354 difficile
596 2325 734 2362 rumpitur
743 2326 775 2355 .]
798 2324 901 2351 Verum
911 2322 969 2359 qui-

176 2367 239 2394 dem
251 2376 305 2395 tani
316 2366 433 2406 spartani
441 2387 453 2398 .‚
463 2376 543 2404 quam
554 2365 675 2404 spatham
687 2364 809 2402 intelligi
819 2372 896 2401 puto,
908 2362 969 2400 quia

172 2406 265 2446 spatha
275 2417 330 2438 erat
340 2407 479 2447 quoddam
489 2416 659 2447 unguentum
669 2417 702 2434 ex
711 2403 815 2444 spathis
826 2426 834 2437 ‚
848 2403 904 2433 live
916 2403 968 2432 ela-

1013 1181 1215 1221 gnificatione3‚
1225 1180 1348 1218 quaedam
1358 1179 1500 1208 muliebria
1510 1187 1671 1207 ornamenta
1682 1177 1806 1209 denotat,

1013 1233 1073 1262 quae
1085 1233 1116 1251 ex
1128 1221 1216 1260 nigris
1225 1220 1345 1249 coralliis
1357 1220 1385 1248 in
1395 1220 1511 1249 brachiis
1531 1231 1544 1248 a
1554 1218 1675 1248 foeminis
1685 1217 1807 1246 fereban-

1014 1274 1057 1292 tur
1068 1285 1076 1296 ‚
1098 1274 1126 1291 ut
1136 1271 1230 1292 eorum
1240 1261 1345 1289 virtute
1356 1262 1439 1299 magis
1449 1270 1603 1290 amarentur
1612 1280 1618 1287 .
1641 1260 1806 1294 [Caeterum

1013 1303 1104 1333 nescio
1113 1325 1121 1336 ‚
1133 1313 1166 1331 an
1177 1311 1270 1330 manus
1279 1301 1393 1339 spatalio
1403 1301 1563 1330 circumdari
1573 1300 1655 1328 solita
1663 1299 1693 1326 in
1704 1297 1808 1326 duritie

1014 1353 1114 1372 catena:
1127 1342 1275 1380 stupescere
1283 1341 1412 1369 sustineat
1422 1362 1428 1369 .
1453 1342 1569 1370 Tei-tull.
1589 1341 1622 1369 de
1633 1339 1707 1366 cultu
1718 1337 1807 1366 foemi-

1014 1395 1072 1413 nar.
1083 1394 1139 1421 cap.
1157 1394 1199 1420 ¹3·
1213 1385 1224 1414 ]
1237 1383 1296 1411 Ubi
1309 1382 1443 1410 Pameiius
1453 1382 1627 1420 Spatlmllum
1637 1389 1698 1408 cum
1707 1377 1807 1416 aspira-

1017 1426 1094 1453 tione
1106 1423 1184 1451 scribi
1195 1423 1299 1452 mavult
1310 1434 1318 1454 ς
1331 1433 1402 1450 errat
1413 1431 1504 1450 temen
1515 1443 1523 1454 ,
1543 1432 1604 1449 nam
1614 1432 1627 1448 a
1636 1421 1720 1449 verbo
1730 1430 1809 1449 σπα-

1015 1461 1115 1496 ταλοῖω
1125 1465 1264 1492 derivatur
1276 1485 1283 1495 ,
1305 1462 1380 1502 quod
1400 1462 1525 1491 deliciari
1535 1461 1669 1500 fignificat
1679 1481 1686 1487 .
1707 1462 1763 1488 FR.
1775 1459 1809 1486 de

1016 1507 1070 1534 hoc
1082 1515 1246 1533 ornamento
1255 1504 1361 1532 Plinius
1373 1523 1382 1538 ‚
1394 1503 1438 1531 lib.
1454 1513 1496 1540 ¹3·
1506 1511 1563 1539 cap.
1576 1513 1588 1530 z
1597 1511 1621 1535 ς.
1641 1500 1699 1529 haec
1709 1499 1805 1528 habet:

1020 1553 1031 1581 [
1044 1547 1109 1584 Juba
1121 1545 1205 1574 tradit
1218 1567 1225 1578 ‚
1243 1545 1312 1573 circa
1321 1543 1555 1581 Troglodytarum
1566 1540 1665 1569 insulas
1684 1539 1810 1568 fruticem

1018 1587 1048 1614 in
1060 1588 1118 1615 alto
1128 1587 1220 1615 vocari
1230 1585 1316 1615 Ifidos
1328 1585 1472 1623 plocamon
1482 1605 1490 1617 ‚
1503 1583 1617 1611 corallio
1631 1581 1744 1610 similem
1756 1580 1811 1608 sine

1019 1627 1094 1656 foliis
1105 1640 1110 1655 :
1125 1626 1267 1665 praecisum
1276 1635 1381 1654 mutato
1390 1625 1483 1663 colore
1493 1623 1522 1652 in
1532 1624 1642 1660 nigrum
1651 1620 1792 1650 durescere
1802 1639 1809 1647 .

1018 1670 1092 1697 Cum
1103 1669 1177 1696 cadat
1189 1689 1196 1700 ,
1208 1666 1297 1706 frangi
1308 1688 1315 1694 .
1326 1668 1399 1695 Item
1410 1665 1501 1698 alium,
1512 1664 1558 1702 qui
1568 1671 1680 1692 vocatur
1690 1660 1811 1690 charito-

1019 1709 1168 1747 blepharon
1179 1731 1186 1742 ,
1197 1709 1334 1737 efficacem
1346 1708 1377 1735 in
1386 1705 1533 1735 amatoriis.
1543 1703 1659 1742 Spatalia
1670 1713 1703 1731 eo
1714 1701 1811 1731 facere,

1019 1755 1046 1779 ὃς
1059 1749 1174 1778 monilia
1185 1749 1310 1777 foeminas
1320 1769 1326 1775 .
1346 1747 1451 1776 Senrire
1461 1756 1521 1774 eum
1531 1744 1557 1773 se
1568 1743 1626 1782 capi
1639 1765 1646 1776 ,
1666 1741 1813 1779 durarique

1018 1801 1115 1819 cornus
1127 1790 1209 1818 modo
1221 1811 1228 1822 ,
1241 1789 1404 1818 &hebetare
1414 1786 1498 1815 aciem
1509 1785 1572 1813 ferri
1583 1805 1590 1812 .
1611 1784 1694 1820 Quod
1704 1782 1722 1811 si
1736 1781 1812 1810 fefel-

1022 1831 1106 1860 lerint
1118 1831 1235 1862 infidiae,
1247 1830 1276 1857 in
1285 1829 1406 1867 lapidem
1416 1825 1603 1865 transfigurari
1616 1827 1628 1855 ]
1640 1826 1737 1862 Itaque
1749 1828 1811 1860 Spa-

1017 1873 1091 1900 talia
1104 1882 1161 1899 non
1170 1871 1208 1899 est
1219 1870 1317 1898 l‘ruftus
1327 1892 1334 1903 ,
1353 1870 1399 1899 sed
1409 1866 1566 1898 ornamenti
1577 1864 1715 1893 muliebris
1733 1872 1812 1891 voca-

1019 1913 1120 1943 buliim5
1134 1922 1195 1940 uam
1205 1911 1303 1939 fructus
1312 1911 1538 1948 Ifidosplocamon
1550 1929 1557 1939 ,
1566 1910 1593 1935 ὃ(
1605 1906 1632 1933 in
1641 1904 1729 1942 specie
1743 1903 1814 1932 cha-¹

1020 1954 1217 1990 ritablepharon
1228 1952 1366 1980 dicebatur
1376 1973 1382 1978 .
1395 1953 1466 1980 Item
1477 1948 1581 1987 spatale
1591 1956 1647 1974 non
1655 1944 1743 1972 solum
1758 1944 1815 1972 bra-

1019 1994 1108 2022 chiale
1119 2001 1310 2021 ornamentum
1321 1992 1359 2020 est
1370 2013 1378 2024 ‚
1391 2000 1420 2019 ut
1431 1989 1517 2018 aflerit
1528 1986 1654 2017 Voffius;
1677 1983 1723 2013 sed
1734 1983 1817 2013 etiam

1021 2033 1130 2072 capitis,
1142 2034 1177 2061 ita
1189 2032 1358 2062 Claudianus
1368 2033 1402 2060 de
1413 2031 1514 2069 spatale
1524 2028 1657 2057 Diadema
1669 2026 1699 2054 in
1709 2023 1814 2064 epitha-

1020 2077 1082 2104 lam.
1093 2075 1127 2103 de
1139 2074 1245 2112 Spatale
1255 2072 1390 2111 Nympha
1402 2071 1520 2100 cecinit:

1064 2120 1097 2145 Et
1110 2115 1236 2154 grevibus
1245 2113 1347 2151 spatale
1357 2113 1440 2142 baccis
1452 2111 1574 2140 diadema
1585 2108 1685 2137 ferebat

1063 2158 1201 2185 Intereintt
1213 2177 1219 2187 ‚
1231 2156 1306 2182 rubra
1317 2165 1379 2193 quas
1390 2155 1493 2192 legerat
1503 2150 1557 2189 ipsa
1569 2147 1705 2188 profundo
1716 2165 1723 2172 -

1024 2199 1166 2226 (merum
1177 2196 1330 2232 calepinus
1340 2218 1346 2228 ,
1364 2199 1390 2223 δ(
1411 2193 1546 2232 Ρι·.εεἰρι1ε
1557 2189 1691 2220 Henricus
1699 2183 1816 2223 Stepha-
1837 2205 1840 2208 ⁴

1024 2248 1072 2267 niis
1085 2239 1113 2265 in
1124 2240 1179 2271 ejus
1190 2237 1290 2265 Lexico
1300 2246 1390 2274 graeco
1412 2236 1442 2263 in
1453 2234 1518 2262 dict.
1529 2227 1675 2264 Σπαθοίλν
1683 2239 1693 2256 ν
1702 2234 1803 2267 conten

1023 2280 1092 2307 dunt
1111 2288 1172 2305 cum
1191 2276 1355 2315 aspiratione
1374 2275 1454 2305 scribi
1465 2274 1562 2305 debere
1572 2290 1579 2298 .
1597 2268 1648 2312 Sed
1659 2265 1766 2312 tilius
1787 2275 1816 2293 Νι

1024 2323 1078 2354 ejus
1089 2318 1278 2356 etymologico
1288 2319 1318 2345 in
1329 2319 1413 2346 verbo
1424 2314 1580 2353 spataltum
1591 2308 1761 2337 validissimis
1771 2314 1818 2334 an·-

1025 2360 1194 2388 c'toritatibus
1212 2359 1366 2397 §paralium
1386 2358 1441 2387 fine
1461 2351 1626 2392 aspiratione
1646 2346 1817 2378 scribendum

1023 2400 1189 2429 demonstrat
1200 2420 1206 2426 .

1709 2430 1779 2460 Seu*

1503 2472 1508 2484 Ι
