1866 2526
168 123 286 153 Bafilicae
299 122 324 152 S.
336 119 421 154 Petri,
433 120 491 159 post
501 121 586 151 altare
596 122 621 149 S.
633 117 770 148 Bonifatii
780 120 857 155 Papae
868 118 921 146 IV.
932 114 960 144 in

171 165 235 193 loco
245 163 380 192 eminenti
391 183 398 194 ‚
408 165 436 190 δε
445 161 491 190 sub
502 162 623 201 imagine
633 163 662 190 B.
675 160 756 199 Virg.
765 168 847 198 opere
857 157 963 186 musivo

170 205 286 243 depietae
296 225 304 237 ,
317 204 345 231 in
354 203 412 241 pilo
423 213 575 232 marmoreo
584 202 732 231 inventum
742 200 780 228 est
791 201 902 237 Corpus
912 199 962 225 Bo-

171 245 267 275 nifacii
276 243 394 281 Oti-avi,
403 243 449 282 qui
459 244 528 273 obiit
537 254 610 272 anno
619 241 737 271 Domini
753 248 836 278 1303'.
849 243 912 268 Erat
922 248 964 266 au-

171 295 229 314 tem
237 287 294 321 ejus
304 295 402 323 corpus
411 284 466 312 sere
475 284 617 322 integrum
626 305 634 316 ,
645 287 672 312 ὃς
682 283 712 311 iu
723 282 776 310 alta
788 280 863 320 capsa
874 280 965 318 lignea

172 325 348 355 reconditum
359 346 365 355 .
385 334 443 363 quae
454 335 514 353 cum
525 334 641 362 corpore
650 332 757 362 portata
778 321 830 352 fuit
841 321 870 349 in
882 319 967 349 Sacri-

168 367 248 396 stiam
258 365 466 395 Canonicorum
479 387 486 398 ‚
497 365 574 395 &ibi
586 364 641 393 fere
654 374 701 402 per
710 364 777 392 duos
787 361 891 390 menses
900 371 965 389 con-

170 407 277 436 servata
286 427 293 434 .
313 407 422 444 Corpus
431 406 497 434 diCti
507 404 644 434 Bonifatii
664 404 715 432 fuit
728 415 741 433 a
755 403 848 432 multis
859 401 947 431 visum
959 422 965 428 .

171 451 231 486 Ego
242 447 322 476 etiam
333 447 365 475 ad
375 447 445 475 illud
454 444 617 474 curiofitatis
625 444 699 473 causa
709 445 862 473 videndum
872 442 965 474 semel,

170 498 251 527 atque
261 489 363 516 iterum
373 485 464 515 accessi
476 508 484 519 ‚
498 490 525 515 δ(
536 486 594 514 vidi
605 486 707 514 distum
719 495 816 523 corpus
826 485 965 522 integrum

170 527 361 558 conservatum
383 527 413 555 in
425 527 497 555 dicta
506 525 582 564 capsa
591 527 683 565 lignea
693 547 701 559 ,
724 526 754 554 in
763 536 814 565 qua
824 525 908 553 fuerat
919 524 962 552 se-

171 570 279 610 pultum
291 579 338 607 per
347 579 360 606 3
368 580 414 596 02.
424 577 527 596 annos:
541 567 619 595 facies
633 577 740 595 tantum
748 577 804 603 ejus
813 565 967 604 aliquantu—

171 612 229 639 lum
238 608 395 647 consumpta
404 619 471 641 erat,
484 607 559 637 itaut
571 618 618 637 nec
629 608 731 636 uarices
743 629 750 641 ‚
761 618 809 636 nec
822 607 887 634 labia
902 627 909 637 ,
919 605 966 641 sed

170 661 277 679 tantum
288 659 409 679 mentum
419 659 559 687 appareret
571 671 578 682 ‚
591 653 618 677 δ(
629 649 724 677 dentes
733 671 739 677 .
752 648 874 677 Habebat
886 646 916 674 in
926 657 967 674 ca-

171 692 229 730 pite
240 691 349 719 mitram
366 691 451 719 albam
461 690 608 719 admodum
619 700 729 727 parvam
742 712 748 722 ‚
760 698 789 717 ut
799 688 966 723 conjectura-

167 742 199 760 re
210 731 308 770 potui,
328 742 361 760 ex
373 732 426 760 tela
435 731 592 759 bombacina
603 751 611 758 .
633 731 742 769 Corpus
760 730 890 761 indutum
910 736 965 756 erat

170 773 298 801 omnibus
316 771 522 801 pontificalibus
538 771 707 799 indumentis
718 793 726 804 ‚
745 770 814 799 idest
826 792 834 803 ‚
853 768 947 807 caligis
958 789 965 800 ‚

168 813 297 843 sandaliis
307 824 339 842 ex
351 814 404 841 tela
414 823 491 841 aurea
503 834 509 845 ,
522 813 552 840 in
561 811 716 840 summitate
726 812 811 840 acutis
824 833 830 843 ,
841 810 898 839 fine
907 819 967 837 cru-

170 864 201 883 ce
211 877 218 887 ,
238 853 354 883 rocheto
364 855 452 892 longo
464 854 524 882 albo
535 875 541 885 ,
553 853 619 881 stola
629 875 636 886 ,
654 853 769 891 cingulo
780 873 786 884 ,
800 850 943 880 dalmatica
956 870 964 882 ‚

169 895 301 925 tunicella
311 917 318 928 ‚
331 895 437 932 planeta
449 895 537 932 ampla
547 892 631 922 serica
641 894 742 922 coloris
753 893 826 930 nigri
838 913 845 923 ,
859 890 965 929 phano-

169 947 204 964 ne
215 958 223 969 ‚
233 939 260 964 ὃ(
272 936 358 973 pallio
367 957 374 968 ,
395 935 467 974 quod
477 935 667 972 consumptum
676 944 733 962 crat
745 945 753 964 ἢ
773 933 818 962 sed
829 932 968 971 plumbum

168 976 313 1015 apparebat
324 998 331 1008 ,
344 980 369 1005 ὃ(
381 976 517 1014 pendebat
528 975 582 1003 fere
592 975 674 1013 usque
685 976 718 1003 ad
731 975 810 1013 pedes
823 995 830 1006 ,
852 972 967 1012 spinulae

169 1027 223 1046 tres
232 1026 378 1055 gemmata:
392 1039 398 1049 ‚
422 1027 515 1049 m2nus
537 1019 593 1052 ejus
603 1015 771 1045 chirothecis
793 1014 858 1044 albis
868 1024 914 1042 acu
929 1013 967 1041 fa-

167 1058 219 1086 ftis
232 1079 238 1090 ,
257 1061 283 1086 ἃ
297 1058 447 1096 margaritis
465 1067 570 1085 ornatae
583 1067 659 1085 erant
670 1080 677 1090 ‚
697 1061 724 1086 ὅ(
747 1057 856 1084 anulum
867 1054 969 1093 pretio-

168 1098 227 1127 sum
239 1098 267 1126 in
278 1098 370 1137 digito
381 1099 499 1137 gestabat
509 1120 515 1130 ‚
526 1108 606 1137 atque
618 1097 771 1136 Saphyrum
784 1096 882 1126 valoris
893 1117 900 1128 ‚
918 1100 930 1129 (
940 1104 968 1123 ut

169 1139 410 1177 aliquidixerunt)
422 1150 469 1177 30.
482 1138 619 1166 scutorum
631 1160 638 1167 .
650 1138 776 1168 Illustris.
785 1139 849 1166 Dux
862 1137 967 1165 Sermo-

170 1184 283 1212 nem-3&
298 1179 380 1208 frater
389 1183 444 1215 ejus
455 1179 610 1208 Bonilacius
621 1177 856 1218 Episc-Cass‘ancn.
867 1181 895 1206 &
908 1180 968 1206 An<

169 1221 261 1248 tonius
277 1220 505 1258 Archiepiscopus
516 1221 660 1258 Capuanus
671 1220 770 1256 de'ejus
780 1220 865 1248 domo
876 1240 884 1251 ,
895 1221 923 1247 &
935 1218 968 1247 fa—

168 1261 246 1290 milia
258 1283 265 1293 ‚
279 1270 308 1289 ut
318 1262 415 1289 melius
425 1270 522 1298 corpus
532 1261 740 1290 conservaretur
753 1282 760 1294 ‚
771 1265 783 1294 (
793 1260 867 1298 quod
877 1259 906 1287 in
920 1270 968 1287 no-

170 1312 233 1331 vam
254 1302 393 1331 Balilicam
402 1302 488 1330 Sancti
501 1302 577 1330 Petri
598 1301 818 1330 transferendum
829 1309 886 1329 erat
898 1304 909 1332 )
927 1311 968 1328 ca-

170 1342 246 1382 psam
257 1342 409 1381 plumbeam
418 1342 452 1371 de
464 1352 540 1371 novo
553 1342 675 1371 fecerunt
685 1364 691 1375 ‚
710 1346 738 1371 δ(
749 1342 777 1370 in
790 1352 819 1370 ea
830 1350 928 1378 corpus
938 1341 967 1369 in

170 1384 264 1412 eadem
274 1382 350 1421 capsa
362 1383 453 1421 lignea
468 1410 472 1416 ,
486 1382 514 1410 in
525 1393 576 1422 qua
588 1383 725 1421 sepultum
736 1393 750 1411 a
760 1383 901 1421 principio
913 1380 968 1410 fue-

173 1434 213 1452 rat
223 1445 230 1456 ,
249 1423 371 1455 includi,
394 1428 422 1452 3<
431 1423 512 1462 super
520 1424 728 1461 coopertorium
737 1422 820 1462 capsae
833 1423 966 1461 plumbeae

168 1474 276 1493 crucem
288 1486 295 1497 ,
318 1468 344 1492 ὅ(
355 1463 514 1502 sequentem
531 1463 740 1502 inscriptionem
760 1464 885 1502 imprimi
897 1463 969 1491 fete—

167 1515 247 1534 runt:
270 1506 344 1535 IHS.
355 1506 466 1542 Corpus
486 1505 623 1534 Bonifacii
648 1503 733 1534 VIII.
743 1504 871 1540 Cajetani
882 1506 965 1532 Pont-

168 1548 244 1575 Max.
256 1556 289 1574 ex
310 1546 397 1574 veteri
409 1547 437 1573 in
449 1555 549 1574 novam
570 1546 709 1574 Basilicam
721 1544 879 1574 translatum
892 1566 899 1577 ,
923 1543 967 1572 hic

168 1596 306 1625 repertum
318 1589 406 1622 jacet:
428 1587 462 1615 de
472 1596 527 1626 quo
536 1587 607 1615 illud
617 1587 738 1615 mimbile
748 1586 853 1615 accedit
863 1608 871 1620 ‚
893 1585 967 1624 quod

168 1628 268 1656 eodem
278 1627 324 1656 die
336 1649 343 1660 ,
357 1637 411 1667 quo
422 1627 502 1659 obiit,
515 1629 549 1655 V.
560 1625 665 1657 scilicet
674 1649 682 1661 ,
694 1628 737 1656 Id.
747 1628 863 1657 octobr.
874 1629 926 1661 jam
936 1626 966 1653 ab

168 1668 234 1697 inde
246 1679 313 1707 302.
325 1668 418 1706 elapsis
429 1668 515 1700 annis,
528 1667 677 1707 integrum,
688 1679 768 1707 atque
778 1668 967 1705 incorruptum

167 1719 305 1747 repertum
317 1709 396 1737 fuerit
409 1711 494 1738 Anno
505 1709 625 1737 Domini
639 1708 838 1741 MDCV.]Sed
849 1708 896 1746 qui
907 1717 967 1735 exa-

166 1750 234 1777 Ctius
245 1750 400 1788 qualitate3‚
413 1749 520 1781 formas,
533 1749 668 1783 materias,
678 1761 707 1778 ac
720 1748 856 1777 mensuras
869 1748 967 1776 horum

166 1800 389 1827 paramentorum
402 1789 514 1819 noscere
525 1791 602 1828 cupit
612 1812 620 1823 ,
638 1791 711 1829 legat
723 1789 859 1818 Bzoviurn
875 1789 902 1817 in
914 1791 967 1824 ejus

167 1829 231 1859 hist.
251 1831 399 1860 ecclesiast.
412 1830 459 1859 sub
481 1841 513 1859 co
525 1841 599 1859 anno
624 1838 706 1866 1605.
731 1833 776 1859 An
799 1829 899 1868 pollint
912 1832 967 1858 Ro>

167 1870 290 1899 chemin
301 1872 379 1900 Urbe
388 1872 502 1909 :implius
513 1872 592 1899 indui
604 1871 792 1901 Protono‘tarii
804 1870 967 1908 partitipan-

174 1921 212 1940 tes
223 1912 281 1950 post
292 1913 528 1941 renunciationem
541 1909 787 1950 protonotarium:
796 1911 868 1939 Vide
881 1915 970 1939 Proto-

165 1956 293 1981 notarius
302 1973 309 1980 .
331 1953 452 1982 Rocheti
463 1952 621 1988 synonyma
633 1974 639 1981 .
659 1953 734 1982 Vide
747 1952 952 1980 corbicularsm
964 1972 970 1978 .

165 1998 180 2020 S
192 1994 400 2031 uperpellicium
413 2015 420 2021 .

132 2033 319 2063 Ronancvm
330 2057 338 2067 ‚
358 2034 476 2073 vectigal
487 2055 494 2067 ‚
514 2035 588 2073 quod
599 2045 632 2062 ex
644 2033 703 2062 vini
720 2033 912 2070 deportatione
921 2031 973 2060 sol—

164 2075 284 2107 vebatur,
295 2085 327 2103 ex
338 2075 441 2114 gallico
452 2076 587 2104 vocabulo
598 2080 705 2114 Rovage
717 2096 724 2106 ,
739 2074 773 2101 de
785 2083 839 2111 quo
852 2074 883 2101 fit
893 2083 969 2101 men-

167 2115 207 2142 tio
218 2115 248 2142 in
259 2115 386 2153 Capitul.
398 2116 495 2144 Caroli
509 2116 626 2154 Magni,
644 2115 687 2143 his
698 2114 806 2144 verbis:
831 2115 898 2149 [Ut
910 2114 970 2142 nul-

166 2154 207 2183 lus
221 2154 306 2183 homo
317 2156 462 2194 praesumat
473 2155 633 2185 theloneum
645 2165 692 2194 per
703 2155 761 2183 via-s
773 2176 780 2186 ‚
801 2165 849 2183 nec
860 2165 909 2186 pei*
919 2154 970 2182 vil-

163 2195 199 2223 las
210 2196 425 2232 rodaticum,net
437 2197 638 2235 pulveraticum
652 2196 784 2234 recipere,
795 2195 916 2223 lib.⁶.c.2
927 2206 970 2230 19.

124 2237 217 2266 Rom.
229 2256 237 2268 ‚
248 2236 414 2275 stipendium
427 2259 435 2270 ‚
455 2237 623 2265 donativum
635 2261 640 2266 .
664 2243 675 2272 [
687 2236 872 2265 Theodoriani
885 2246 951 2263 vero
965 2258 969 2266 ,
984 2250 986 2253 ·

165 2277 212 2314 qui
226 2276 271 2304 hic
281 2277 469 2305 remanserunt
483 2299 490 2310 ,
503 2288 598 2317 rogam
610 2282 668 2306 non
679 2277 847 2315 accipientes
858 2297 865 2308 ‚
879 2276 927 2304 vix
938 2276 971 2304 ad
986 2292 989 2295 -

163 2325 304 2345 murorum
325 2318 439 2356 quidem
460 2319 610 2347 custodiam
632 2317 658 2347 se
669 2317 846 2346 accomodant
857 2337 864 2344 .
884 2319 970 2356 Greg.

164 2358 209 2386 lib.
222 2370 247 2387 2.
259 2358 336 2396 epist.
348 2369 395 2397 32.
408 2361 420 2390 ]
434 2369 496 2388 reor
505 2370 536 2387 ex
547 2368 638 2398 graeco
647 2357 723 2397 ρ’σγὸς
734 2380 741 2390 ,
751 2358 819 2386 idest
831 2380 838 2390 ‚
852 2357 974 2385 [ι-υηιειι-Γ

165 2406 225 2427 tum
237 2420 245 2434 ,
255 2398 307 2429 hoc
318 2399 473 2439 provenire
487 2401 649 2430 vocabulum
660 2421 668 2435 ,
691 2398 812 2430 maxime
822 2398 925 2428 cumin
935 2398 969 2426 il-

1303 61 1420 103 Ro

1020 117 1052 148 lis
1063 116 1227 155 temporibus
1247 117 1432 156 imperialibus
1441 116 1575 148 militibus
1597 118 1765 152 frumentum
1776 123 1818 153 di-

1021 158 1114 188 stribui
1121 157 1222 186 soleret
1234 176 1239 184 .
1250 157 1314 187 Sive
1323 169 1357 187 ex
1367 159 1452 188 verbo
1461 165 1529 197 Rogo
1540 181 1547 192 ,
1559 161 1621 198 quia
1629 162 1754 200 rogando
1765 163 1818 193 hoc

1022 199 1189 229 donativum
1209 197 1407 235 postulabamus
1427 209 1509 238 quare
1519 200 1550 229 ab
1559 201 1656 230 eodem
1676 204 1818 242 Gregorio

1023 243 1146 270 Precan'-
1160 249 1189 267 m
1198 239 1365 276 appellatur:
1388 239 1556 274 [Mauritius
1568 242 1698 281 Magister
1718 245 1750 273 :id
1759 254 1821 283 pre-

1023 282 1125 311 carium
1136 279 1212 308 suum
1224 279 1414 318 accipiendum
1425 280 1573 311 transmifit
1585 304 1593 315 ,
1616 283 1661 312 lib.
1678 294 1721 312 10.
1733 295 1756 313 c.
1767 292 1793 314 6.
1804 287 1818 316 ]

1024 322 1098 352 Vide
1109 322 1246 359 obsequia
1257 332 1269 354 ,-
1282 330 1340 359 quae
1351 331 1419 359 roga
1427 320 1501 350 inter
1511 323 1613 352 milites
1621 325 1821 362 compar-tieba-

1024 364 1106 392 turin
1116 361 1223 399 signatis
1233 361 1337 389 laetitiae
1348 361 1458 390 diebus:
1480 364 1594 397 [Duxit
1605 365 1772 395 Anastafiam
1788 377 1820 394 u-

1024 414 1118 432 xorein
1130 402 1203 430 suam
1215 423 1222 433 ‚
1232 405 1259 430 δι
1268 402 1419 431 coronavit
1429 412 1488 431 eam
1500 405 1657 443 Augustam,
1671 410 1698 435 ὃς
1708 407 1820 442 inflavit

1022 455 1115 483 rogam
1126 443 1250 471 multam.
1261 442 1417 481 Landulph.
1428 443 1459 471 in
1468 443 1558 473 Tiber.
1569 446 1609 474 1-1.
1620 447 1632 476 ]
1645 447 1734 480 Quare
1745 447 1819 476 feriae

1021 487 1054 515 ad
1066 485 1118 513 hoc
1139 484 1303 513 donativum
1313 482 1459 513 destinatae
1468 485 1582 522 Rogalia
1592 485 1749 516 dicebantur
1759 510 1766 521 ,
1786 499 1819 516 ex

1021 537 1072 565 qua
1091 524 1319 554 denominatio-ne
1338 524 1430 553 italica
1448 524 1536 553 diffido
1555 527 1653 563 Regulo
1672 529 1803 566 provenit
1812 548 1821 556 .

1024 570 1080 596 FR.
1094 570 1173 605 Roga
1185 575 1240 593 tam
1251 564 1421 603 stipendium
1430 586 1438 598 ‚
1449 575 1529 604 quam
1540 565 1712 601 donativum,
1723 573 1751 598 δι
1761 579 1820 598 mu-

1023 617 1072 637 nus
1082 607 1217 647 fignificat
1230 627 1237 634 .

1063 650 1161 687 Neque
1171 646 1336 675 numeralem
1346 647 1436 686 legem
1448 667 1455 680 ,
1467 656 1555 686 neque
1565 647 1705 678 leoninam
1717 671 1726 683 ,

1063 692 1144 728 Roga
1154 699 1202 716 nec
1211 687 1293 716 fuerit
1304 709 1312 720 ,
1323 698 1372 715 nec
1387 698 1420 716 ne
1430 689 1508 716 flocci
1517 689 1641 718 existima
1651 711 1658 718 .

1022 731 1152 759 Pliutus:
1172 731 1276 766 [Roga
1295 730 1405 766 Regum
1424 728 1510 766 pietas
1521 750 1528 761 ‚
1546 740 1589 758 aut
1608 731 1798 760 munificentia
1810 752 1818 759 .

1022 771 1098 800 Suid.
1110 771 1141 799 in
1154 769 1219 797 dict.
1230 771 1310 807 Roga
1320 788 1327 796 .
1339 771 1351 800 ]
1366 771 1438 798 Item
1450 779 1500 808 pro
1510 769 1656 808 stipendio.
1670 772 1821 811 [Logaria-

1021 812 1071 841 stes
1082 832 1090 845 ,
1111 810 1164 839 hoc
1173 809 1228 842 est,
1251 809 1393 838 rationalis
1410 811 1476 838 aulae
1488 810 1607 839 rationes
1628 812 1683 840 init
1695 811 1822 840 omnium

1021 849 1253 890 stipendiatorum
1263 872 1271 883 ,
1283 850 1330 888 qui
1338 849 1367 877 in
1376 851 1434 879 aula
1444 850 1507 880 sunt
1518 874 1525 884 ,
1545 852 1563 880 si
1575 852 1641 890 quid
1651 852 1719 881 defit
1728 852 1778 880 ulli
1788 853 1823 881 de

1022 903 1089 932 roga
1101 914 1108 925 ,
1120 891 1174 920 hoc
1185 891 1223 919 est
1234 912 1242 924 ‚
1255 889 1395 928 stipendio
1402 894 1456 926 ejus
1467 902 1511 920 aut
1520 891 1664 921 servitium
1672 896 1737 927 ejus,
1750 896 1823 928 cujus

1023 932 1100 962 causa
1111 931 1246 970 stipendia
1257 931 1319 959 facit
1330 952 1336 958 .
1347 931 1453 960 Codin.
1463 933 1595 970 Curopal.
1605 933 1638 961 de
1649 933 1694 962 off.
1708 944 1761 962 con
1767 933 1795 961 st.
1808 935 1821 964 ]

1022 973 1125 1004 Rursus
1137 983 1187 1011 pro
1196 972 1350 1001 muneribus
1359 992 1366 999 .
1378 978 1390 1007 [
1404 973 1524 1011 Augusta
1536 974 1680 1012 imperavit
1690 973 1824 1002 militibus

1024 1026 1102 1053 rogas
1114 1014 1172 1042 dari
1185 1035 1190 1040 .
1203 1013 1324 1042 Cedren.
1336 1012 1366 1040 in
1377 1015 1469 1041 Leone
1480 1013 1539 1042 filio
1551 1035 1558 1046 ,
1583 1013 1630 1042 foi.
1645 1025 1709 1050 504.
1721 1014 1822 1043 Mauri-

1023 1057 1077 1084 tius
1088 1059 1171 1085 Petro
1181 1053 1298 1083 Praerori
1310 1075 1319 1086 ,
1337 1063 1368 1081 ut
1379 1054 1488 1082 tertiam
1509 1064 1612 1092 partem
1629 1065 1704 1093 rogae
1715 1056 1745 1083 in
1757 1065 1821 1083 auro

1022 1096 1157 1126 Romanis
1174 1095 1326 1133 acciperet.
1347 1095 1420 1123 Paul.
1440 1095 1519 1124 Diae.
1532 1095 1577 1124 lib.
1593 1107 1635 1128 17·
1656 1095 1718 1124 hist.
1735 1096 1822 1125 Venit

1024 1138 1135 1176 quidam
1145 1137 1236 1175 Spado
1247 1136 1347 1164 laturus
1357 1136 1479 1164 militum
1493 1146 1571 1175 rogas
1583 1157 1590 1164 .
1604 1137 1682 1165 Idem
1692 1159 1699 1169 ,
1718 1135 1764 1165 lib.
1780 1140 1822 1165 18.

1022 1179 1097 1208 Dum
1118 1188 1182 1216 roga
1196 1186 1277 1215 penes
1295 1177 1472 1211 Strymonem
1489 1187 1595 1206 amnem
1616 1177 1720 1215 populo
1732 1177 1825 1206 distri-

1024 1221 1151 1248 bueretur
1160 1240 1168 1251 ,
1178 1219 1312 1246 irruentes
1324 1217 1450 1256 Bulgares
1460 1217 1531 1247 hanc
1541 1218 1704 1247 ademerunt
1715 1238 1722 1245 .
1740 1217 1822 1247 Idem

1024 1261 1070 1289 lib.
1084 1272 1129 1296 24·
1140 1262 1155 1291 1
1172 1259 1264 1298 Igitur
1275 1264 1363 1295 Roga,
1386 1258 1404 1287 fi
1424 1269 1457 1287 ex
1467 1262 1566 1297 Pomp.
1579 1259 1656 1288 Festo
1677 1258 1823 1296 conje&ari

1023 1300 1089 1330 licet
1102 1322 1109 1333 ‚
1120 1298 1497 1337 conciliationcm'significat,
1509 1299 1557 1338 qui
1570 1299 1678 1338 inquit.-
1693 1306 1704 1334 [
1715 1302 1821 1337 Rogat,

1022 1341 1110 1373 idest,
1130 1339 1250 1368 consulit
1259 1340 1391 1377 populum
1403 1361 1412 1371 ‚
1433 1342 1478 1369 vel
1488 1340 1558 1378 petit
1577 1341 1606 1368 ab
1616 1351 1649 1368 eo
1660 1361 1666 1372 ,
1690 1349 1719 1367 ut
1730 1335 1760 1367 id
1771 1338 1823 1367 sci-

1021 1381 1076 1409 scat
1088 1403 1095 1414 ,
1115 1381 1190 1419 quod
1202 1380 1267 1408 ferat
1278 1401 1285 1411 ‚
1306 1379 1378 1407 unde
1390 1390 1439 1408 nos
1449 1390 1559 1418 quoque
1572 1380 1600 1408 in
1619 1379 1823 1408 consuetudine

1018 1422 1145 1462 habemus
1157 1431 1207 1459 pro
1219 1430 1322 1458 petere,
1332 1424 1360 1449 &
1370 1431 1448 1450 orare
1459 1441 1466 1447 .
1481 1422 1554 1449 Cato
1564 1421 1594 1449 in
1605 1420 1775 1453 diss'iiaiione,
1788 1430 1823 1448 ne

1021 1463 1066 1491 lex
1076 1463 1163 1492 Bxbia
1173 1463 1352 1502 derogaretur
1364 1483 1371 1493 ,
1385 1461 1438 1489 ait.-
1451 1463 1514 1490 Hoc
1527 1462 1617 1498 potius
1628 1471 1704 1499 agam
1714 1483 1723 1493 ,
1748 1461 1822 1499 quod

1021 1503 1067 1532 hic
1079 1513 1158 1540 rogat
1170 1514 1176 1530 ε
1188 1504 1199 1533 ]
1213 1506 1239 1530 δ(
1253 1511 1282 1529 in
1292 1500 1345 1531 hoc
1355 1497 1433 1528 sensu
1443 1501 1516 1529 dixit
1528 1501 1642 1530 Plinius.-
1659 1505 1722 1536 [Tu
1733 1512 1822 1540 rogas,

1022 1548 1049 1572 ὃ(
1063 1554 1116 1582 ego
1129 1542 1240 1582 promili
1252 1553 1257 1569 :
1269 1541 1287 1570 fi
1299 1541 1412 1577 rogafl‘es
1423 1541 1590 1580 scripturum
1602 1551 1644 1570 me
1655 1542 1705 1569 tibi
1717 1562 1725 1574 ‚
1739 1542 1784 1570 lib.
1798 1552 1824 1574 5.

1023 1585 1101 1622 epist.
1117 1595 1160 1619 14.
1172 1583 1205 1612 ad
1220 1582 1396 1611 Valerianum
1407 1603 1414 1610 .
1425 1584 1436 1613 ]
1448 1582 1662 1611 consueverunt
1672 1582 1749 1610 enim
1761 1585 1824 1610 Tri-

1023 1625 1086 1654 buni
1098 1628 1288 1654 Romanorum
1311 1623 1443 1661 populum
1459 1623 1578 1651 mulcere
1589 1645 1597 1655 ,
1614 1627 1643 1652 &
1655 1622 1804 1651 conciliare
1817 1644 1824 1654 ,

1023 1667 1128 1694 dumah
1139 1676 1171 1694 eo
1192 1664 1365 1703 postulabant
1374 1662 1504 1692 ass'ensum
1515 1686 1523 1696 ,
1543 1668 1571 1693 δε
1590 1673 1687 1692 votum
1709 1662 1737 1690 in
1749 1663 1824 1691 rebus

1024 1707 1153 1745 agendis:
1166 1704 1342 1733 hincdeinde
1353 1706 1534 1743 Imperatores
1545 1725 1553 1736 ,
1564 1713 1594 1732 ut
1606 1703 1784 1731 conciliatum
1794 1703 1826 1731 li-

1025 1748 1050 1775 bi
1063 1747 1221 1785 popularem
1230 1746 1351 1774 animum
1372 1745 1504 1774 haberent
1515 1765 1523 1777 ,
1544 1754 1638 1783 rogam
1648 1744 1723 1772 istam
1734 1743 1827 1771 distri-

1025 1788 1140 1816 buebant
1154 1809 1161 1820 ,
1184 1791 1209 1815 ὅ(
1220 1787 1257 1820 ita
1266 1786 1491 1814 conciliationem
1503 1785 1613 1813 tacitam
1626 1807 1633 1818 ‚
1656 1787 1684 1813 ὅ(
1693 1782 1826 1812 assensum

1028 1830 1058 1856 in
1068 1839 1161 1857 eorum
1172 1827 1244 1866 gesta
1254 1849 1262 1859 ,
1286 1828 1499 1864 popularemque
1509 1825 1629 1864 plausum
1640 1824 1825 1853 mediantibus

1026 1868 1069 1897 his·
1081 1869 1279 1900 muneribus,&
1293 1867 1405 1904 publicis
1416 1866 1610 1904 largitionibus
1620 1865 1775 1902 exigebant,
1788 1863 1823 1891 de

1027 1921 1081 1948 quo
1093 1909 1205 1938 militari
1217 1909 1294 1937 dono
1306 1929 1313 1940 ‚
1326 1919 1354 1935 nc
1365 1908 1399 1936 de
1408 1907 1542 1946 qualitate
1551 1908 1606 1942 ejus
1618 1906 1656 1934 ita.
1665 1905 1757 1943 inquit
1770 1903 1825 1933 Pli-

1028 1951 1098 1979 nius:
1114 1956 1125 1985 [
1137 1951 1206 1978 Sunt
1215 1948 1302 1978 adhuc
1311 1949 1407 1986 aliquae
1419 1958 1477 1976 non
1485 1947 1647 1975 omittenda?
1659 1946 1688 1974 in
1699 1955 1762 1974 auro
1771 1943 1826 1973 dis-

1028 1991 1152 2019 sei-entia:
1166 2011 1171 2017 .
1194 1989 1349 2018 Auxiliares
1360 2010 1368 2022 ‚
1388 1989 1489 2027 quippe
1503 2012 1509 2020 ,
1530 1992 1556 2016 ὅ(
1567 1989 1709 2015 extraneos
1720 1985 1826 2024 torqui-

1027 2034 1071 2060 bus
1081 2032 1167 2060 aureis
1176 2031 1314 2059 donavere
1329 2051 1335 2062 ,
1348 2039 1374 2058 at
1384 2030 1459 2057 cives
1469 2028 1579 2057 nonnili
1590 2026 1727 2066 argenteis
1737 2037 1745 2057 s
1758 2035 1827 2064 prae-

1028 2082 1123 2110 terque
1134 2072 1250 2100 armillas
1259 2071 1362 2099 civibus
1373 2070 1549 2107 dedere‚qu:is
1563 2079 1618 2096 non
1628 2068 1728 2097 habent
1736 2075 1825 2095 extet-

1028 2114 1068 2141 ni.
1079 2113 1170 2141 Iidem
1180 2118 1192 2146 (
1202 2112 1275 2150 quod
1286 2112 1370 2149 magis
1380 2112 1508 2139 miremur
1519 2114 1530 2141 )
1540 2119 1653 2138 coronas
1661 2119 1693 2137 ex
1705 2115 1768 2150 auro
1778 2106 1826 2134 de-

1027 2154 1092 2182 dere
1102 2154 1207 2181 civxbus
1219 2173 1225 2180 .
1249 2152 1318 2189 Quis
1333 2153 1437 2189 primus
1447 2151 1564 2179 donatus
1575 2150 1606 2179 lit
1620 2160 1649 2178 ea
1660 2171 1668 2182 ‚
1678 2157 1734 2176 non
1745 2155 1825 2174 inve-

1012 2204 1017 2209 ’
1029 2195 1056 2222 ni
1069 2206 1075 2225 ς
1088 2193 1136 2222 sed
1149 2194 1208 2232 quis
1220 2193 1338 2231 primum
1348 2192 1509 2224 donaverit,
1521 2201 1534 2219 a
1545 2192 1575 2219 L.
1585 2189 1682 2221 Pisone
1691 2186 1806 2215 traditur
1815 2207 1823 2214 .

1028 2237 1063 2264 A.
1077 2234 1238 2263 Posthumus
1261 2234 1387 2262 Diciator
1395 2233 1466 2271 apud
1480 2233 1565 2260 lacum
1585 2228 1725 2268 Regillum
1734 2226 1825 2255 castris

1028 2276 1192 2304 Latinorum
1202 2274 1365 2313 expugnatis
1376 2296 1383 2307 ‚
1407 2273 1431 2302 ei
1443 2276 1517 2307 cujus
1527 2271 1645 2305 maxime
1653 2277 1736 2305 opera
1746 2277 1824 2305 capta

1026 2316 1116 2344 ess‘ent
1128 2338 1134 2347 ,
1146 2315 1216 2344 hanc
1225 2325 1356 2343 coronam
1367 2326 1400 2343 ex
1411 2315 1502 2353 praeda
1512 2311 1589 2341 dedit
1600 2329 1607 2337 .
1627 2310 1699 2338 Item
1710 2310 1739 2337 L.
1752 2309 1825 2336 Len*

1027 2358 1100 2385 tulus
1109 2355 1175 2385 Cos.
1199 2358 1274 2394 Serg.
1286 2356 1424 2384 Cornelio
1433 2351 1574 2383 Merendae
1587 2373 1594 2384 ‚
1612 2353 1764 2378 Samnitum
1773 2358 1824 2386 op-

1027 2398 1097 2436 pido
1109 2407 1205 2437 capto.
1220 2397 1273 2426 Sed
1283 2396 1403 2436 quinque
1411 2395 1539 2424 librarum
1547 2401 1652 2421 corona
1663 2388 1823 2461 1)ὶὲῗίῑὲιεί
