1866 2526
162 61 242 100 660
497 57 536 99 T
569 57 608 98 A

149 115 210 144 Fuit
220 117 247 143 ὅ(
259 115 411 144 Euboicum
419 115 571 154 Talentumv
579 135 589 147 ‚
608 115 682 148 cujus
691 111 817 141 meminit
828 110 922 141 Livius
933 131 942 144 ‚

149 156 224 196 quod
235 155 291 184 fere
301 155 374 184 idem
384 164 444 182 cum
454 155 540 183 attico
548 154 603 183 fixit
614 174 620 181 .
631 153 776 183 Talentum
785 153 870 192 igitur
879 152 942 180 atti-

148 206 209 226 cum
219 197 326 231 minus(
339 206 372 224 ex
383 206 438 234 quo
450 194 527 224 facile
536 193 641 232 pondus
652 195 760 231 majoris
771 193 847 222 attici
858 193 943 220 talen-

148 238 171 266 ti
182 235 429 275 comprehenditur
439 239 450 266 )
461 234 667 263 distribuebatur
677 234 707 262 in
719 235 805 263 minas
815 235 870 262 LX.
882 233 938 261 dra⁴

148 278 239 307 elimas
254 280 305 306 VI.
316 277 411 305 obolos
422 277 551 303 XXXVI.
563 273 728 303 semiobolos
739 275 853 303 LXXII.
870 273 943 301 chal—

146 330 191 348 cos
201 320 311 348 CCVI.
322 318 394 355 lepta
403 316 535 344 MDVII.
546 318 629 343 Mina
646 315 746 352 duplex
758 324 865 353 quoque
875 313 925 342 fuit
938 335 943 345 ,

1056 80 1068 86 -
1291 56 1328 97 T
1361 55 1401 97 A

1001 120 1090 141 autem
1100 111 1137 140 est
1148 131 1155 142 ,
1168 111 1269 140 nedum
1279 111 1456 146 Christianis,
1471 123 1567 143 verum
1576 114 1659 144 etiam
1670 116 1795 147 Hebraeis

1001 163 1074 181 anno
1084 151 1201 180 Domini
1217 162 1265 189 131
1273 164 1302 189 9.
1313 164 1326 181 a
1334 154 1441 190 joanne
1453 155 1522 193 Papa
1533 157 1623 185 XXII.
1635 156 1697 195 quia
1715 157 1797 186 etiam

1002 193 1115 222 Hebraei
1131 201 1260 220 tenentur
1269 194 1379 221 credere
1387 194 1418 222 in
1437 196 1511 223 teilo
1523 194 1601 226 sensu
1611 198 1714 226 Sacram
1725 198 1797 226 Scri-

1002 241 1125 272 pturam5
1142 233 1203 262 ideo
1213 232 1232 261 fi
1243 243 1324 271 penes
1335 232 1581 274 aliquemipsorum
1596 237 1736 266 invenitur
1747 238 1796 267 hic
1840 268 1845 269 ⁷

1000 272 1198 313 superstitiosus
1208 273 1308 302 Codex
1319 294 1328 306 ,
1346 283 1360 301 a
1369 273 1465 302 Sansto
1484 277 1677 315 Inquifitionis
1686 278 1795 308 Officio

1001 315 1113 353 punitur
1125 335 1132 341 .
1143 314 1216 342 Vide
1225 314 1372 343 Batonium
1382 324 1445 342 ann.
1457 322 1523 350 476.
1535 327 1610 347 num,
1624 323 1671 347 ⁶8,

148 366 225 389 Vetus
237 380 245 391 ‚
257 356 364 385 scilicet
375 378 382 389 ‚
395 365 455 394 quae
465 355 624 384 continebat
633 353 773 383 drachmas
784 353 941 392 septuagin-
960 357 1061 385 TALPA
1073 376 1080 383 .
1103 355 1177 383 Vide
1198 355 1327 392 Spalagus
1338 374 1345 382 .

148 399 297 436 taquinque
309 419 317 430 ‚
337 401 364 426 ὃ(
374 403 454 426 Nova
463 396 562 424 Solonis
573 416 581 427 ,
604 394 792 423 drachmarum
812 403 922 423 centum
933 405 941 424 5
960 399 1136 425 Tannonius
1147 415 1153 422 .
1178 395 1251 423 Vide
1261 398 1421 424 Sortumina
1432 415 1438 423 .

147 439 194 468 sed
205 439 274 477 apud
285 437 395 467 Livium
406 446 479 464 nova
491 435 597 474 semper
607 435 786 474 intelligitur.
796 438 880 463 Mina
890 435 941 473 igi-
960 440 1047 466 TANA
1060 457 1066 464 .
1080 439 1137 466 FR.
1147 446 1246 474 agmen
1255 435 1472 464 facinorosorum
1483 456 1494 470 ‚
1514 437 1533 465 l.
1542 439 1720 475 cognovimus
1731 462 1738 473 ‚
1761 439 1796 468 de

147 489 192 508 tur
212 479 340 508 continet
358 475 497 506 drachmas
516 477 551 505 C.
573 476 667 504 obulos
686 476 753 504 DC.
779 474 942 503 semiob010>

999 475 1178 506 seditionibus
1189 497 1196 504 .

148 521 245 550 MCC.
255 519 364 548 chalcos
375 538 383 550 ,
403 527 470 555 quos
482 516 595 555 quidem
614 517 643 544 in
662 517 758 544 aereoia
776 515 942 544 transferunt
960 521 1109 548 TANGANO
1121 539 1129 550 ‚
1140 517 1225 556 litigo
1235 538 1242 550 ,
1254 517 1285 546 in
1294 517 1355 556 lege
1365 515 1449 546 Salica
1462 538 1468 549 ‚
1479 516 1525 545 tit.
1538 523 1584 545 60.
1597 528 1630 546 ex
1639 518 1795 549 Themoni-

146 562 244 590 MDC.
257 560 328 597 lepra
344 567 405 597 quae
418 558 524 586 minuta
535 566 636 587 vocant
646 557 790 585 XXVCC.
802 557 943 585 Drachma

1000 569 1033 587 co
1045 559 1175 587 vocabulo
1185 559 1310 595 Tangher
1331 557 1404 586 idem
1417 557 1587 596 significante
1597 578 1604 584 .

146 601 285 630 dividitur
312 599 341 627 in
368 598 463 627 obolos
483 599 534 627 VI.
559 597 723 626 semiobolos
743 598 809 626 XII.
834 595 942 625 chalcos
960 603 1148 632 TANGAsz,
1167 599 1326 627 Advocatus
1338 609 1371 627 ex
1389 597 1539 637 supradicta
1550 600 1742 639 etymologia,
1765 603 1798 629 ἃς

145 643 275 671 XXXVI.
295 640 365 677 lepta
386 639 507 668 CCLII.
528 639 632 667 obulus
644 637 674 665 in
691 637 798 665 chalcos
809 638 861 665 V1.
872 638 943 675 lepta

144 683 234 711 XLII.
247 681 366 709 Chalcus
378 679 407 707 in
418 680 490 717 lepra
503 681 571 708 VII.
582 689 641 716 quae
655 678 701 706 vix
714 678 805 706 dividi
817 677 924 715 possunt
934 698 941 704 .

145 722 271 751 Pondera
281 720 362 750 etiam
372 719 455 748 variis
467 719 555 748 modis
564 720 764 747 calculabantur
775 717 846 756 apud
857 719 942 746 varias

143 763 279 792 Nationes
290 784 297 794 ,
318 765 344 789 δ(
355 759 502 789 secundum
522 759 664 788 varietates
675 769 829 797 temporum
843 769 850 789 5
872 759 944 786 unde

999 640 1134 678 reperitur
1144 640 1174 668 in
1184 639 1264 678 legib.
1276 638 1469 668 Riboariorum
1482 645 1493 673 [
1506 639 1583 668 Servi
1593 640 1680 678 Regis
1691 662 1698 673 ‚
1710 644 1738 669 δε
1749 643 1798 668 Ec-

1000 681 1135 710 clefiarum
1157 691 1213 708 non
1224 690 1272 718 per
1279 680 1381 709 astores
1391 701 1398 711 ,
1417 678 1464 707 sed
1474 680 1521 717 ipfi
1532 690 1582 718 pro
1606 678 1754 719 semetipsis
1768 679 1801 708 in.

998 721 1102 755 judicio
1121 720 1302 759 respondeant
1313 742 1321 754 ‚
1346 725 1372 749 ὃς
1383 719 1553 748 sacramento
1573 719 1669 759 absque
1679 731 1800 759 tangano

1000 764 1147 796 conjurent
1159 782 1166 793 ,
1179 762 1223 789 tit.
1234 761 1268 789 de
1280 761 1390 789 tabular.
1405 760 1433 788 in
1445 761 1498 788 fine
1508 781 1515 788 .

146 814 203 832 non
215 802 303 842 potest
314 802 371 830 dari
381 811 469 830 certus
480 823 488 834 ‚
499 803 525 829 ὅ(
536 799 664 839 praecisus
675 800 752 828 valor
762 821 769 832 ,
781 808 862 837 atque
873 809 941 837 pon>
960 804 1083 830 TANOLA
1096 823 1103 833 ,
1128 804 1185 830 PR.
1197 801 1304 839 laqueus
1314 802 1346 830 ad
1356 801 1499 838 capiendas
1509 800 1574 829 feras
1586 822 1594 833 ‚
1617 802 1636 830 1,
1648 802 1666 830 fi
1679 801 1708 830 in
1719 798 1798 839 pcdi-

143 845 191 872 dus
200 842 310 873 'Ialenti
322 863 329 870 .

101 888 236 914 Taurus
248 904 254 910 .
279 883 352 912 Vide
362 882 542 921 Abascantus
552 902 558 909 .

103 928 217 955 Tama
231 946 237 957 ,
251 924 466 953 contributionis
479 922 618 960 impositio
631 942 637 948 .
654 921 772 957 [Tuliis
783 943 790 953 ‚
800 919 845 948 seu
856 920 943 948 colle-

1000 853 1027 871 σε
1042 864 1048 874 ,
1060 841 1095 869 de
1105 842 1269 870 Venatorib.
1281 845 1308 869 δε
1317 842 1335 869 l.
1346 842 1364 869 fi
1376 841 1437 879 quis
1447 840 1530 869 feram
1541 864 1547 874 ,
1557 842 1620 870 eod.
1631 842 1674 870 tit.

960 885 1107 918 TANQvAM
1120 902 1126 908 .
1150 884 1207 911 FR.
1217 881 1278 910 haec
1290 881 1423 919 particula
1433 892 1488 909 non
1496 882 1532 909 est
1544 883 1668 920 negativa
1679 903 1687 914 ‚
1710 879 1756 909 sed
1767 891 1797 908 o<

1002 923 1113 951 stensivzt
1124 921 1299 960 proprietatis
1308 942 1315 949 .
1327 922 1364 950 D.
1378 921 1493 960 August.
1504 921 1533 949 in
1544 921 1641 950 Psalm.
1657 933 1666 949 t
1675 931 1721 956 ις.

145 965 194 994 &is
207 987 214 998 ‚
234 969 261 994 ὅ(
274 964 457 993 exactionibus
467 973 613 1001 aggravare
622 982 629 989 .
653 962 767 991 Concil.
780 964 943 990 Lateranen.
959 966 1107 992 Tam-„UA
1120 985 1127 995 ,
1151 966 1178 991 ὃ(
1190 964 1326 1001 Tansem'a
1338 984 1346 995 ,
1366 962 1396 990 lis
1407 984 1415 995 ,
1433 966 1461 990 ὅ(
1472 962 1617 991 contentio
1629 982 1636 989 .
1658 963 1752 997 [Haec
1761 960 1799 989 est

143 1005 190 1033 sub
201 1007 298 1034 Innoc.
309 1005 366 1033 ΙΙΙ.
378 1015 436 1043 cap.
448 1005 518 1038 46.]
538 1003 612 1041 quod
623 1003 781 1032 vocabulum
800 1013 832 1030 ex
845 1002 942 1040 gallica

145 1056 214 1074 voce
223 1046 315 1075 Taillc
326 1066 334 1078 ‚
346 1055 405 1083 quae
416 1044 526 1083 proprie
538 1053 641 1072 ramum
651 1053 683 1071 ex
695 1044 786 1071 arbore
798 1042 898 1070 seRum
913 1042 942 1069 11-

143 1086 259 1125 gnificat
269 1108 279 1120 ‚
290 1095 350 1114 nam
363 1085 500 1123 popularis
508 1083 678 1113 contributio
687 1084 724 1112 est
737 1094 795 1121 pars
805 1082 886 1111 recisa
909 1093 941 1110 ex

1000 1003 1102 1031 summa
1123 1003 1243 1041 pecuniae
1257 1003 1371 1041 perditae
1383 1025 1391 1036 ‚
1410 1006 1438 1031 δ(
1449 1002 1572 1031 tanseriae
1590 1003 1659 1030 datae
1671 1021 1678 1029 .
1696 1002 1731 1029 In
1740 1001 1799 1029 vita

1002 1045 1026 1072 S.
1041 1045 1139 1073 Albani
1160 1044 1227 1073 Abb.
1239 1043 1310 1081 apud
1320 1042 1420 1071 Mitth.
1433 1042 1517 1071 Paris.
1531 1046 1543 1075 ]
1565 1054 1578 1071 a
1589 1043 1673 1072 verbo
1683 1041 1797 1070 Gallico

1002 1086 1108 1121 Tanser
1120 1106 1127 1117 ,
1138 1085 1306 1113 contendere
1316 1106 1324 1117 ‚
1335 1085 1475 1123 objurgare
1487 1104 1494 1111 .

144 1128 280 1156 bonorum
294 1125 497 1165 possessionibus
508 1124 677 1153 subditorum
687 1145 694 1152 .
720 1130 731 1159 [
746 1127 800 1153 PR.
814 1124 884 1151 inter-
893 1133 941 1150 ωε.
959 1128 1073 1154 TApfflJs
1084 1147 1092 1157 ‚
1105 1122 1199 1163 γρῖφος,
1224 1124 1398 1169 sepulchrum
1411 1145 1419 1152 .
1445 1124 1539 1159 [Beati
1551 1124 1674 1163 pignoris
1687 1121 1801 1160 taphum

142 1177 200 1196 tera
213 1168 340 1196 nituntur
351 1189 358 1200 ‚
371 1171 397 1195 ἃ
410 1167 515 1195 student
526 1188 532 1198 ,
545 1176 573 1194 ut
586 1166 640 1194 illis
650 1166 775 1194 colleetas
786 1186 793 1197 ,
805 1169 831 1193 ὃ(
842 1163 939 1195 tallias,

143 1213 171 1237 ὅ(
182 1208 233 1237 alia
244 1207 400 1244 hujusmodi
412 1211 464 1236 &c-
476 1208 518 1235 De
529 1206 701 1234 immunitate
711 1227 719 1238 ‚
741 1205 769 1233 in
782 1212 809 1233 6.
818 1214 876 1242 cap.
893 1205 940 1234 1.]

1000 1165 1106 1193 deloco
1115 1165 1297 1203 depositionis
1309 1175 1421 1194 movere
1436 1175 1601 1203 nequaquam
1612 1163 1781 1203 praesumplit
1792 1182 1802 1190 0

1001 1207 1035 1234 In
1048 1207 1112 1234 Vita
1125 1207 1149 1234 S.
1162 1207 1235 1234 Celsi
1248 1205 1336 1244 Epist.
1348 1206 1463 1235 Trevir.

145 1249 292 1278 Praediffiis
304 1248 490 1277 Later-meniis
501 1258 589 1275 canon
601 1246 712 1275 habetur
723 1244 825 1278 ‚inl1b.
837 1256 865 1282 3.
883 1245 939 1272 De·
959 1249 1082 1276 TARAGA
1095 1269 1102 1279 ,
1113 1246 1245 1274 arabicum
1255 1257 1357 1275 nomen
1370 1247 1504 1274 Tarahhssz
1516 1268 1523 1278 ,
1535 1246 1601 1274 idest
1611 1267 1619 1278 ,
1633 1244 1739 1276 tobalia,
1753 1253 1801 1272 ve-

143 1290 289 1317 tretal.tit.
303 1301 351 1325 49.
361 1298 448 1325 cap.7.
461 1294 472 1323 [
485 1288 591 1315 Fideles
603 1288 685 1315 etiam
696 1286 857 1316 Monasterii
870 1295 943 1313 non-

147 1340 287 1368 nunquam
307 1329 388 1358 datiis
401 1350 408 1360 ‚
429 1332 455 1358 ὃ(
468 1328 538 1356 taliis
555 1328 723 1366 aggravasti.
741 1325 942 1356 Bastar-Casin-

147 1380 214 1398 tom.
227 1383 252 1400 z.
265 1369 386 1400 Constit.
402 1371 491 1406 230.]
514 1370 551 1402 εΗι
563 1369 657 1396 Hodie
668 1378 759 1395 tamen
770 1367 882 1395 nomine
892 1367 942 1393 tal-

145 1411 190 1439 liae
201 1411 371 1449 intelligitur
378 1409 523 1447 praemium
536 1420 548 1436 a
559 1409 688 1446 Principe
699 1430 706 1440 ,
721 1409 765 1436 vel
776 1408 806 1436 ab
817 1416 874 1442 ejus
884 1406 941 1434 Cu-

142 1451 184 1480 ria
194 1451 367 1490 divulgatum
380 1471 386 1482 ,
405 1460 434 1477 ac
444 1448 601 1487 promiss‘mn
619 1450 678 1482 illi,
695 1447 740 1476 seu
752 1449 823 1479 illis,
844 1445 890 1485 qui
903 1458 942 1476 re-

149 1492 277 1520 velabunt
296 1492 413 1529 aliquem
423 1491 561 1518 occultum
573 1493 681 1522 Reum,
701 1491 745 1517 vel
758 1489 878 1526 aliquem
896 1489 943 1516 de*

144 1532 318 1561 nominatum
329 1532 537 1569 delinquentem
549 1552 556 1563 ,
580 1534 607 1558 δ(
618 1530 647 1557 in
657 1530 776 1557 manibus
788 1528 881 1557 Curiae
902 1529 943 1558 vi-

145 1583 210 1602 vum
223 1594 229 1605 ,
250 1581 295 1601 aut
307 1581 446 1600 mortuum
458 1571 567 1600 tradant
578 1592 586 1603 ,
604 1580 684 1608 atque
696 1570 860 1608 configncnt
871 1591 878 1597 .
905 1572 942 1598 Ac

1002 1288 1077 1318 lum,
1099 1286 1176 1314 fascia
1188 1287 1220 1314 ad
1232 1287 1414 1319 instarillius‚
1434 1296 1484 1324 qua
1496 1286 1536 1314 uti
1554 1286 1653 1314 debent
1672 1283 1799 1322 Episcopi

1000 1327 1206 1365 peregrinantes
1218 1337 1250 1354 ex
1263 1326 1470 1365 praescriptione
1481 1325 1693 1354 Caeremonialis
1704 1346 1711 1356 ‚
1723 1324 1766 1352 lib.
1776 1334 1799 1351 ι.

1000 1377 1058 1405 cap.
1070 1378 1096 1405 3.
1107 1367 1151 1395 ubi
1164 1367 1198 1395 fic
1210 1365 1306 1395 habet.-
1332 1373 1343 1402 [
1355 1368 1437 1395 Circa
1447 1367 1548 1394 collum
1561 1365 1667 1394 fasciam
1686 1363 1800 1392 sericam

1000 1408 1104 1436 coloris
1122 1407 1196 1445 nigri
1217 1407 1370 1435 latitudinis
1382 1407 1498 1435 duorum
1520 1406 1712 1443 palmorum.]
1739 1404 1799 1440 Qua

1000 1449 1082 1477 etiam
1093 1457 1208 1475 utuntur
1217 1448 1352 1475 Doftores
1365 1445 1542 1475 §eclesiastici
1555 1446 1637 1474 Siculi
1650 1466 1657 1477 ‚
1679 1449 1706 1473 ὅ(
1717 1445 1798 1472 Meli—

1001 1487 1089 1516 tenses
1107 1486 1184 1525 supra
1195 1486 1420 1525 superpelliceum
1431 1486 1464 1514 acl
1477 1486 1588 1514 modum
1607 1484 1799 1514 stolaeincon-

1001 1528 1140 1557 cionando
1153 1550 1160 1560 ‚
1179 1527 1234 1556 five
1246 1528 1274 1555 in
1285 1527 1497 1566 processionibus
1509 1549 1517 1559 ,
1538 1526 1584 1555 sed
1595 1527 1624 1555 in
1636 1524 1737 1555 Melita
1746 1523 1799 1553 soli

999 1570 1136 1598 Doctores
1148 1570 1178 1597 in
1188 1568 1344 1607 Theologia
1355 1578 1487 1596 utuntur.
1505 1567 1577 1596 Vide
1591 1572 1657 1603 Rom
1668 1586 1675 1593 .

149 1614 176 1641 in
188 1623 303 1652 utroque
321 1611 399 1641 sensu
408 1612 616 1650 deputationem
630 1610 763 1649 fignificat
775 1631 782 1638 .
805 1610 876 1638 Vide
886 1616 941 1639 Ta<
960 1613 1098 1639 ΤΑκῑΝυς
1110 1631 1116 1642 ,
1139 1618 1248 1637 moneta
1260 1630 1266 1641 ,
1277 1609 1311 1637 de
1321 1619 1372 1648 qua
1384 1608 1415 1637 fit
1426 1607 1497 1647 saepe
1507 1608 1613 1636 mentio
1633 1607 1663 1634 in
1674 1604 1801 1635 Chroni-

143 1664 230 1682 xatus
239 1674 246 1681 .
255 1656 380 1682 Taxatio
390 1673 398 1680 .

106 1697 218 1723 ΤΛιιΙο
229 1714 237 1722 .
253 1696 311 1723 FR.
322 1694 434 1722 verbum
449 1714 456 1726 ,
477 1703 586 1725 taxare,
609 1696 636 1721 ὅ(
648 1690 883 1720 contributionem
893 1690 943 1718 im-

144 1745 248 1773 ponere
259 1734 393 1772 fignificat
405 1753 411 1761 .
431 1733 577 1768 [Ecclefiis
588 1754 595 1765 ‚
607 1731 843 1770 ecclesiasticisque
854 1731 943 1769 perso-

147 1776 188 1803 nis
198 1774 362 1813 regularibus
373 1796 381 1807 ‚
405 1777 432 1802 ὃ(
442 1772 612 1802 saecularibus
624 1774 771 1809 imponunt
789 1782 873 1800 onera
884 1783 944 1810 gra-

145 1815 191 1843 via
202 1836 209 1847 ,
221 1813 347 1859 ipsosque
359 1814 468 1843 talliant
480 1836 487 1847 ‚
498 1817 526 1842 ὅ(
537 1815 576 1842 eis
585 1814 711 1842 colleftas
722 1822 869 1851 imponunt
881 1833 888 1839 .
899 1814 941 1841 De

1002 1661 1031 1678 ca
1041 1650 1181 1678 Catinensi
1191 1670 1197 1676 .
1222 1650 1317 1678 Hodie
1330 1651 1360 1677 in
1373 1659 1485 1687 utraque
1497 1648 1604 1678 Siciliri3
1626 1651 1653 1676 ὃ(
1665 1647 1695 1674 in
1704 1645 1800 1674 Melita

1002 1690 1087 1719 adhuc
1098 1691 1177 1718 durat
1188 1709 1198 1726 ,
1218 1691 1305 1728 vulgo
1314 1693 1382 1720 Tari
1400 1690 1501 1718 dicitur
1511 1710 1519 1716 .
1536 1687 1686 1717 Trinacriae
1707 1695 1800 1714 autent

1002 1741 1055 1760 tate
1061 1741 1107 1759 nus
1126 1730 1322 1768 correspondet
1348 1731 1411 1759 osto
1438 1729 1558 1766 bajochis
1575 1726 1710 1757 Romanis
1722 1747 1729 1758 ,
1752 1724 1799 1754 sed

1002 1772 1203 1809 Neapolitanus
1216 1772 1286 1800 valet
1298 1772 1385 1799 multo
1396 1771 1454 1808 plus
1463 1791 1469 1798 .
1492 1768 1606 1798 Fortasse
1616 1775 1743 1805 corrupte
1755 1766 1799 1794 di-

1003 1813 1074 1839 citur
1083 1824 1096 1840 a
1106 1814 1217 1840 Turone
1228 1833 1235 1838 .
1257 1813 1329 1840 Vide
1337 1816 1457 1840 Turonis
1466 1832 1475 1838 .

149 1855 290 1884 immunit.
310 1866 368 1894 cap.
387 1865 415 1893 3.
433 1855 464 1883 in
475 1854 538 1884 (5.8.
553 1857 599 1886 1.]
624 1853 696 1882 Vide
715 1858 846 1882 Taxatus
859 1873 866 1881 .
887 1858 943 1881 Ta-
961 1855 1091 1881 Tanaum
1102 1874 1109 1885 ‚
1123 1862 1227 1880 nomen
1237 1851 1408 1884 hebraicum,
1423 1850 1684 1889 interpretationem
1695 1847 1799 1887 signifi-

145 1905 224 1924 xatlo
233 1916 241 1923 η

106 1940 231 1967 Tuum>
241 1958 249 1969 ‚
268 1935 364 1965 titulus
373 1934 510 1970 cujusdam
521 1934 607 1963 sutilis
616 1934 679 1963 libri
690 1933 808 1962 hebraici
819 1953 830 1970 ‚
852 1933 898 1971 qui
909 1934 945 1962 la-

146 1978 205 2006 tine
214 1975 295 2005 sonat
313 1976 468 2006 docuinam
480 1998 488 2008 ‚
507 1975 563 2004 five
583 1975 791 2004 instruffionern
802 1996 810 2006 ‚
830 1974 944 2003 refertus

148 2018 261 2055 quidem
279 2017 379 2046 crebris
391 2038 398 2049 ‚
418 2027 445 2045 ac
455 2016 548 2045 multis
561 2016 685 2044 fabulofis
697 2037 706 2048 ‚
728 2014 851 2053 falsisque
859 2015 942 2043 Satine

147 2059 294 2096 Scripturae
309 2056 524 2096 expositionibus
535 2077 542 2084 .
562 2058 649 2092 Hujus
659 2055 866 2085 Commentarii
885 2058 939 2084 Au—

147 2099 236 2126 stores
244 2099 420 2134 Talmudzsta
431 2098 604 2135 appellantur
612 2119 620 2130 ,
633 2101 660 2126 δε
671 2097 772 2134 primus
781 2094 945 2134 blasphema-

146 2148 193 2167 tor
203 2138 286 2168 fuerat
296 2140 378 2176 Judas
387 2138 497 2177 quidam
509 2137 645 2167 Simeonis
657 2137 728 2166 filius
738 2159 745 2169 ‚
758 2133 804 2175 q'ui
815 2146 924 2164 centum
936 2159 944 2170 ,

146 2183 174 2209 δε
185 2179 383 2218 quinquaginta
399 2179 478 2207 annis
488 2178 547 2217 post
567 2177 829 2215 Jerosolymitanam
840 2177 943 2205 destru-

150 2220 271 2248 &ionem
286 2220 411 2248 vixerat÷
429 2230 458 2247 :ic
469 2219 559 2257 postea
570 2217 684 2247 secunda
696 2219 755 2246 vice
767 2217 944 2255 Compilator

148 2260 201 2289 suit
220 2259 306 2288 Rabbi
316 2261 387 2297 Jona
399 2280 405 2290 ,
416 2260 504 2297 quiin
515 2259 640 2288 humanis
651 2258 749 2286 extitit
760 2257 819 2295 post
830 2258 942 2286 tertium

147 2300 276 2328 saeculum
293 2310 308 2328 a
319 2299 448 2338 praeditfta
459 2300 586 2328 recensita
597 2299 780 2328 destruffione
789 2318 796 2325 .
818 2299 942 2328 Tandem

147 2351 220 2368 anno
231 2339 338 2369 Christi
348 2347 418 2376 916.
429 2339 521 2368 denuo
530 2339 710 2377 compofitum
721 2338 771 2367 fuit
785 2348 797 2366 a
808 2338 941 2367 Rabbina-

149 2389 178 2409 tu
188 2401 197 2414 ‚
216 2384 243 2411 ὃς
253 2391 267 2412 a
278 2381 363 2412 Rabbi
376 2379 436 2410 Ass‘e
448 2401 458 2416 ,
477 2383 505 2411 ὃς
515 2380 574 2411 aliis
584 2379 730 2414 succeffive
744 2391 751 2412 ι
772 2377 941 2419 prohibitum

1001 1903 1081 1923 canss
1094 1893 1127 1921 lic
1137 1892 1212 1921 enim
1224 1893 1523 1928 HebraeLChaldziicaxn
1538 1892 1798 1929 interpretationem

1002 1934 1085 1961 Sacrae
1096 1933 1241 1971 Scripmrre
1252 1930 1461 1972 appellaverunt
1474 1955 1480 1965 ‚
1504 1933 1564 1970 quia
1577 1932 1638 1970 post
1650 1930 1797 1968 captivita-

1003 1984 1058 2002 tem
1070 1974 1263 2009 Babylonicam
1273 1975 1372 2002 mslius
1381 1973 1559 2003 Chaldaicam
1570 1993 1577 2004 ‚
1591 1981 1670 2010 quam
1683 1970 1797 1999 Hebrai-

1002 2025 1059 2043 cam
1076 2015 1200 2053 linguam
1212 2015 1424 2053 intelligeban15
1443 2024 1502 2052 quae
1523 2012 1639 2052 quidem
1653 2011 1799 2040 translatio

1002 2055 1068 2084 faeta
1081 2055 1131 2083 suit
1143 2066 1156 2083 a
1166 2054 1283 2092 Jonatlia
1295 2055 1356 2083 filio
1367 2054 1631 2087 Urie1‚XL11.annis
1641 2062 1702 2081 ante
1713 2051 1799 2080 Chri-

1000 2097 1032 2125 sti
1042 2095 1191 2124 adventum
1206 2107 1214 2127 5
1236 2096 1352 2135 ideoque
1364 2095 1433 2134 apud
1445 2094 1608 2124 catholicos
1619 2093 1657 2122 est
1666 2093 1757 2131 potius
1769 2102 1799 2120 ιι-

1000 2137 1111 2165 tilitatis
1121 2158 1129 2169 ‚
1141 2147 1222 2175 quam
1232 2137 1398 2165 auctoritatis
1408 2158 1415 2169 ‚
1427 2136 1527 2164 cumin
1538 2146 1571 2163 eo
1582 2133 1674 2162 multae
1688 2133 1800 2171 parabo-

1002 2178 1035 2205 1ae
1047 2176 1118 2205 faisae
1131 2178 1328 2206 contineantur
1337 2198 1345 2205 .
1366 2177 1409 2206 Ab
1419 2177 1471 2205 hoc
1485 2176 1614 2204 vocabulo
1624 2183 1728 2203 nomen
1739 2174 1798 2201 bar-

1002 2218 1199 2256 baro-graecum
1208 2224 1373 2255 Targuman
1383 2239 1391 2250 ‚
1411 2217 1564 2256 vulgariter
1572 2218 1735 2245 Torcimano
1743 2235 1752 2245 ,
1764 2213 1797 2241 fi-

1003 2268 1036 2286 ve
1058 2263 1231 2295 Dragomano
1243 2258 1398 2290 derivatur,
1419 2258 1487 2286 idest
1497 2279 1506 2290 ,
1528 2258 1662 2295 interpres
1673 2276 1681 2287 ‚
1700 2253 1734 2282 de
1742 2262 1798 2290 quo

1002 2298 1105 2327 distum
1116 2299 1153 2327 est
1165 2299 1193 2327 in
1204 2299 1269 2327 dic}-
1280 2304 1480 2336 Dragumanm
1490 2319 1498 2326 .

966 2341 1115 2369 TARwi-iffi
1128 2360 1136 2371 ,
1156 2338 1267 2378 ἵοὶριχος
1277 2360 1289 2375 ,
1298 2338 1502 2371 falsamentum,
1517 2337 1604 2366 muria
1613 2357 1622 2368 ‚
1634 2343 1705 2362 *caro
1713 2330 1776 2360 salsa
1790 2354 1796 2363 ,

1003 2379 1230 2414 condimentum.
1263 2378 1445 2414 [Afferebant
1470 2377 1560 2407 cuani
1579 2374 1695 2414 piscium
1713 2370 1798 2401 saiso„

1677 2423 1757 2448 xum,
