1866 2526
382 47 390 60 ‚
476 19 519 60 O
548 19 588 60 C

82 76 251 111 oenum
261 98 271 112 ‚
289 76 402 106 0305&
410 76 507 106 m'enflS
518 99 527 111 ‚
551 78 724 113 [Oflember
733 79 850 120 primam
857 87 918 108 cum

125 121 203 151 daret
221 132 302 162 atque
309 119 401 151 diem.
417 118 564 148 Flodoard.
577 120 622 148 lib.
633 131 660 159 3.
671 132 727 160 cap.
740 133 766 160 3.
778 123 789 153 ]
809 121 920 150 eodem-

124 171 179 201 que
187 163 271 192 modo
280 162 393 192 hnbetur
402 159 432 188 in
444 159 625 189 Vandelberti
636 161 852 202 Martyrologio.
862 162 919 190 FR-

123 203 260 242 reperitur
277 204 306 233 in
315 201 409 232 eadem
426 200 627 239 significatione
635 204 803 232 octimbrem
825 203 920 238 [Cum

124 246 178 273 &cl
185 247 213 274 ὁ(
222 243 328 273 cursum
337 242 463 277 martyrii
475 240 692 277 consummasset,
703 243 800 272 mensis
807 242 920 272 octim-

123 284 176 313 brii
186 285 231 314 die
241 284 387 314 undecima
397 305 404 316 ,
416 281 481 310 feria
492 282 580 320 prima
589 305 595 314 ,
609 283 677 312 hora
689 284 768 312 tertia
778 305 787 317 ‚
804 293 866 311 cum
877 283 920 311 di-

121 334 230 355 ceretur
240 326 313 355 inter
321 325 411 354 Γαηᾶα
419 323 512 351 officia
523 344 531 356 ‚
553 323 646 352 Sanan
655 324 757 353 Sanctis
766 345 774 357 ‚
788 323 918 352 indictio-

120 374 156 395 ne
166 366 282 396 decima.
294 363 480 404 Hypomnest.
490 362 521 392 in
529 363 671 392 collestan.
684 364 776 394 Anast.
786 362 918 393 Biblioth.

100 423 107 430 ·
121 416 136 434 ¹
147 407 295 437 Sirmondo
313 409 343 436 in
357 411 382 434 8.
392 404 459 434 edit.
478 414 539 443 pag.
552 410 619 439 ²5⁶·
632 407 645 436 ]
669 405 738 433 Haec
756 404 920 433 ceremonia

108 442 223 477 'Sanc'i‘a
231 451 336 478 Sandis
347 457 380 475 ex
391 445 517 484 Liturgia
527 444 615 473 Sancti
627 445 718 482 jacobi
732 444 859 482 Apostoli
871 444 918 472 de-

121 488 230 528 sumpta
241 512 248 522 ‚
266 500 280 516 a
291 489 418 517 Diacono
437 485 620 524 proferebatur
631 485 686 513 illis
698 506 706 518 ,
727 485 774 523 qui
796 494 918 512 commu-

122 529 236 558 nionem
246 527 386 557 sumebant
397 549 405 560 ,
426 530 453 555 ὅ(
464 526 579 565 populus
593 523 773 564 respondebat
784 529 860 554 Unus
883 526 919 561 est

120 573 236 599 Sanam
247 589 254 597 .
278 572 376 600 Baron.
386 577 448 596 ann.
461 573 510 604 ⁶3·
519 567 593 594 nufi-
603 575 631 597 7.
651 566 725 594 Vide
735 569 836 594 Sama
847 571 917 594 San—

121 614 171 639 Hz's
182 633 189 639 .
212 612 285 639 Item
296 609 420 640 Oc'tober
428 607 525 635 mensis
533 626 541 634 .
559 605 632 634 Vide
643 606 857 644 Hyperberaeteus
870 625 877 633 .

79 650 274 681 Ocrocimus
286 672 294 683 ,
316 644 492 686 δκτῶγαμσς.
518 648 574 675 PR.
583 645 630 684 qui
641 647 674 675 ad
689 647 800 675 octonas
811 646 919 685 nuptias

118 691 226 720 transsit
237 712 245 724 ‚
254 701 312 719 can.
322 690 452 727 aperiant.
464 698 477 724 3
489 697 511 714 1.
521 695 566 725 qu.
583 697 607 715 1.

78 731 246 761 Ocrooim
255 751 261 758 .
271 732 327 760 FR.
337 726 502 767 compositio
510 726 668 766 pecuniaria
680 749 687 760 ,
697 727 715 756 l.
729 727 747 757 fi
760 728 849 767 plures
869 726 920 756 ho-

118 772 207 800 mines
216 793 224 804 ‚
236 771 270 799 de
281 770 359 799 furtis
370 790 377 797 .

77 811 230 841 OCTOPLA
242 833 248 839 .
262 812 334 840 Vide
345 810 474 848 Hexapla
483 829 491 836 .

77 851 246 882 Ocroxzus
259 873 268 886 ‚
288 852 358 880 idest
367 873 375 885 ,
393 861 426 879 ex
437 848 592 878 aurichalco
603 869 610 876 .
634 849 782 885 [Aderant
791 850 846 879 duo
856 859 918 878 can-

116 893 223 922 delabra
231 894 346 922 odonca
358 914 365 925 ‚
383 892 412 920 in
424 890 492 919 Vita
513 892 545 919 Β.
555 890 676 919 Andreae
696 891 730 919 de
742 889 897 920 Galleranis
909 911 917 923 ‚

121 944 129 962 1
159 955 165 962 .
175 937 260 964 Mart.
594 952 600 958 .

81 945 190 1004 Octiio
201 997 209 1008 ‚
228 975 342 1004 verbum
352 996 360 1008 ‚
382 972 477 1001 oculos
489 971 620 1001 illumino
632 994 640 1005 ‚
664 973 801 1002 visionem
811 971 897 1001 reddo
910 991 916 998 .

122 1016 247 1050 [Coecos
259 1036 267 1048 ‚
287 1018 314 1043 ὃ(
325 1015 434 1054 ignaros
444 1013 478 1042 ad
497 1013 669 1053 agnitionem
687 1013 810 1043 veritatis
827 1013 917 1042 ocula-

116 1065 175 1083 ret.
193 1056 218 1084 S.
232 1055 373 1094 Cypriam.
383 1055 418 1083 de
439 1054 516 1083 Idol.
530 1054 618 1082 vanit.
640 1058 802 1083 Excoecatos
820 1054 915 1083 hirun-

116 1095 153 1124 do
164 1096 254 1135 pullos
263 1096 345 1125 novit
365 1097 473 1124 oculare
481 1095 516 1123 de
533 1094 578 1123 sua
588 1094 745 1124 chelidonia
759 1115 767 1123 .
790 1097 816 1125 S.
827 1094 917 1124 Pacia-

119 1147 168 1165 nus
180 1158 188 1170 ‚
198 1137 233 1166 de
241 1136 342 1176 poenit.
352 1141 379 1166 ὁ(
388 1134 498 1172 confess.

76 1177 221 1207 ΟῡΑιωΜ
232 1199 241 1210 ‚
262 1177 390 1216 purgatio
400 1176 518 1215 vulgaris
529 1197 536 1209 ,
555 1186 602 1214 per
614 1175 714 1204 sermm
732 1177 898 1205 candentem
909 1198 915 1208 ‚

115 1217 150 1246 de
168 1229 220 1258 qua
229 1218 334 1247 dic‘tum
353 1218 390 1247 est
402 1217 433 1246 in
444 1216 611 1245 dictionibus
621 1237 627 1244 .
650 1218 773 1246 Educ-ere
790 1219 876 1255 seper
887 1229 916 1245 ι-

117 1269 200 1287 neum
213 1279 220 1286 .
235 1259 328 1294 Iudex
337 1260 567 1296 compurgationis
578 1277 584 1284 .
589 1260 791 1292 juramentum
803 1279 810 1286 .
831 1258 916 1295 Mtffa

110 1301 222 1334 Iudicii
232 1319 239 1326 .
249 1301 380 1336 Purgatio
388 1299 514 1335 vulgaris
524 1319 531 1326 .

75 1339 209 1369 Οεεεικε
221 1359 228 1366 .
251 1339 324 1368 Vide
336 1345 419 1368 Ereta
431 1359 438 1366 .

72 1380 261 1409 oeconoma
274 1402 281 1413 ‚
302 1378 443 1415 οἰκονομία
454 1401 461 1411 ,
471 1379 565 1418 regula
572 1378 721 1408 domestica
730 1401 737 1412 ,
751 1379 807 1408 sive
820 1379 916 1408 dome-

113 1419 180 1449 stica
191 1421 354 1459 gubernatio
366 1431 374 1450 ς
394 1420 466 1458 apud
475 1420 585 1448 Sanetos
595 1422 684 1448 Patres
696 1430 788 1448 tamen
802 1442 810 1453 ‚
831 1423 859 1448 δε
871 1420 915 1448 Sa-

119 1471 165 1488 cra
181 1461 312 1489 concilia
323 1469 521 1498 nonnunquam
542 1470 592 1499 pro
612 1461 824 1493 Incarnatione,
847 1463 874 1488 δ(
886 1470 915 1488 u-

117 1499 203 1528 nione
220 1501 304 1528 Verbi
321 1501 414 1528 divini
433 1509 494 1527 cum
513 1509 592 1528 carne
610 1498 727 1529 humana
749 1499 892 1538 usurpatur
902 1521 909 1527 .

117 1540 194 1568 Hinc
217 1540 360 1579 eleganter
372 1541 409 1568 D.
423 1541 611 1575 Hieronymus
620 1541 654 1568 de
665 1542 836 1579 Apollinaris
847 1542 914 1568 Hae-

117 1579 255 1609 resiarchae
276 1591 368 1608 errore
378 1581 509 1618 loquens,
532 1582 579 1619 qui
589 1580 675 1609 solam
697 1582 726 1609 in
736 1581 852 1609 Christo
864 1580 914 1609 hu-

117 1622 280 1649 manitatem
300 1621 431 1649 fntebatur
441 1642 449 1653 ‚
468 1620 647 1650 divinitatem
668 1623 780 1661 negabat
792 1644 799 1655 ,
824 1622 912 1659 inquit

118 1660 246 1696 [Fortiffi
252 1672 308 1690 mos
322 1662 403 1689 libros
411 1671 507 1690 contra
519 1661 705 1700 Porphyrium
716 1661 811 1691 scribit
823 1662 913 1700 Apol-

115 1702 212 1730 linaris
222 1724 228 1730 .
253 1702 463 1730 Ecclesiasticam
473 1702 564 1740 pulcre
584 1701 709 1731 Eusebius
721 1702 863 1731 historiam
873 1712 912 1730 te-

115 1743 176 1770 xuit
186 1763 194 1769 .
208 1743 288 1772 Alter
299 1753 392 1772 eorum
402 1742 575 1771 dimidiatam
585 1741 693 1772 Christi
704 1743 863 1772 introduxit
873 1753 913 1771 oe-

112 1783 273 1812 conomiam
284 1805 292 1811 .
315 1784 396 1812 Alter
406 1783 555 1821 impietatis
577 1783 638 1812 Arii
656 1793 846 1823 propugnator
855 1783 911 1817 est,

116 1822 191 1860 epist.
203 1829 250 1858 65.
260 1824 294 1852 ad
304 1825 448 1853 Oceanum
461 1844 468 1851 .

74 1862 264 1892 Oreos-osius
275 1885 283 1897 ,
293 1862 437 1899 οἰκονόμος,
450 1864 590 1902 regulator
599 1864 694 1893 domus
706 1876 712 1892 :
722 1873 780 1893 erat
789 1864 912 1893 officium

115 1903 329 1932 Ecclesiasticum
339 1925 348 1937 ,
368 1905 411 1932 cui
422 1905 593 1933 incumbebat
603 1915 694 1933 curare
707 1905 811 1933 reditus
821 1906 913 1934 Eccle-

113 1945 157 1973 siae
170 1966 178 1977 ‚
200 1944 288 1973 Clero
300 1945 432 1983 stipendia
439 1944 595 1983 dispensare
605 1967 613 1977 ‚
636 1946 726 1974 ruinas
736 1945 912 1974 Ecclesiarum

88 1995 90 1997 ·
113 1995 235 2023 reparare
245 2007 253 2018 ,
276 1985 458 2021 eleemosynis
469 1996 572 2024 egenos
591 1985 737 2014 subvenire
748 1997 755 2016 ς
779 1995 861 2014 omne
872 1997 911 2015 ta-

114 2035 177 2054 men
197 2026 225 2054 id
235 2026 346 2054 arbitrio
357 2025 484 2064 Episcopi
494 2027 676 2065 exequebatur
685 2047 692 2054 .
717 2026 781 2054 Isid.
793 2026 821 2053 in
832 2027 911 2064 epist.

113 2067 147 2095 ad
156 2066 316 2095 Laudelred.
330 2066 417 2104 Epist.
430 2068 472 2096 ubi
483 2066 518 2095 fic
529 2067 629 2105 inquit:
644 2067 706 2101 [Ad
715 2067 911 2095 Oeconomum

111 2107 231 2146 pertinet
241 2108 378 2145 reparatio
388 2108 559 2136 Basilicarum
570 2129 578 2140 ‚
591 2117 672 2145 atque
680 2107 848 2135 constructio
858 2129 866 2140 ,
883 2118 911 2136 a-

109 2148 216 2176 &iones
226 2148 350 2178 Ecclesiae
362 2149 391 2175 in
399 2147 520 2185 judiciis,
532 2148 577 2176 vel
588 2148 616 2176 in
626 2146 794 2186 proferendo
804 2167 812 2179 ‚
825 2148 870 2176 vel
881 2148 910 2177 in

109 2188 304 2227 respondendo
315 2211 322 2222 ,
342 2189 437 2218 tributi
447 2198 557 2228 quoque
577 2188 718 2226 acceptio,
739 2191 768 2216 ὅ(
788 2196 910 2218 rationes

108 2239 205 2258 eorum
215 2252 223 2263 ,
247 2240 308 2270 quze
320 2229 476 2259 inseruntur
485 2250 494 2262 ,
517 2239 578 2258 cura
589 2238 718 2268 agrorum
728 2249 736 2261 ‚
759 2231 787 2256 δι
805 2229 910 2258 cultura

108 2271 251 2300 vinearum
261 2293 270 2305 ,
281 2270 366 2300 causae
378 2270 569 2310 posleslionurn
584 2273 628 2303 ,ὃς
638 2268 822 2298 servitialium
832 2290 841 2302 ,
862 2270 909 2298 sti-

107 2312 207 2350 pendia
217 2312 380 2341 clericorum
388 2334 397 2345 ‚
417 2312 562 2341 viduarum
573 2332 581 2344 ,
598 2314 627 2340 ὃ(
637 2309 799 2339 devotarum
807 2318 908 2351 paupe-

102 2362 162 2382 rum
174 2375 182 2386 ‚
196 2352 367 2391 dispensatio
378 2352 547 2385 vestimenti.
557 2354 586 2382 ὅς
598 2351 686 2391 ’fieus
695 2349 909 2389 domesticorum

141 2394 334 2429 ffleitolcxicon
352 2397 462 2426 Macri.

350 2456 358 2470 Ι

930 1215 1153 1248 oecumenicus
1166 1241 1174 1252 ‚
1197 1219 1357 1248 universalis
1368 1241 1376 1253 ,

1266 18 1308 62 O
1342 18 1376 62 E
1644 26 1725 75 469

975 76 1153 108 clei-iconum
1164 102 1172 113 ‚
1182 78 1366 110 servitialium
1379 91 1498 121 quoque.
1508 81 1680 112 &artificum
1693 103 1700 114 .
1712 89 1774 120 qut

974 119 1067 148 omnia
1077 130 1138 149 cum
1148 120 1216 155 junii
1225 142 1234 154 ‚
1256 123 1284 149 ὅ(
1294 121 1410 150 arbitrio
1417 122 1458 151 sui
1467 123 1597 162 Episcopi
1610 146 1617 157 ,
1640 126 1669 153 ab
1678 135 1712 155 eo
1722 124 1775 152 im-

974 160 1100 198 pleantur
1111 181 1118 189 .
1130 163 1142 193 ]
1156 162 1213 199 Qui
1225 162 1255 190 ab
1264 162 1390 191 omnibus
1402 163 1592 192 Ecclesiasticis
1603 165 1756 204 eligebatur
1767 186 1774 194 .

973 200 1188 239 Metaphrastes.
1209 202 1289 232 Idem
1300 203 1361 241 pios
1372 203 1475 242 leg-atos
1484 203 1611 243 exigebat
1622 228 1630 239 ‚
1650 206 1676 237 §.
1689 207 1706 235 si
1717 206 1776 245 quis

974 250 1065 270 autem
1074 262 1083 275 ,
1103 243 1184 272 Aust.
1195 243 1230 272 de
1244 244 1316 272 Eccl.
1329 243 1373 272 tit.
1384 245 1498 273 Mortuo
1508 244 1642 285 Episcopo
1652 247 1686 275 ad
1694 247 1772 275 illum

974 280 1162 312 inventarium
1171 283 1406 313 ecclesiasticarum
1416 285 1647 325 suppellectilium
1659 287 1774 316 formare

975 324 1127 360 pertinebat
1137 345 1145 358 ‚
1155 335 1214 354 can.
1225 324 1386 354 charitatem
1395 347 1403 359 ‚
1431 338 1439 355 i
1450 339 1474 356 ι.
1488 326 1583 365 quaest.
1598 339 1623 357 ι.
1634 330 1670 358 In
1679 328 1775 357 Eccle-

975 362 1009 391 fia
1020 365 1335 404 Constantinopolitana
1355 372 1476 404 Magnus
1484 372 1650 397 Oeconomus
1659 379 1716 398 erat
1739 379 1774 398 ex

973 402 1214 444 principalioribus
1222 407 1411 445 dignitatibus,
1421 418 1502 446 quem
1512 407 1624 438 Simeon
1634 409 1775 439 Thessalo-

974 444 1091 475 nicensis
1102 447 1130 475 S.
1139 447 1271 485 Stephani
1281 448 1507 484 Protomartyris.
1519 452 1548 477 ὅ(
1560 450 1712 487 primitive
1723 454 1774 480 Ec-

972 486 1059 515 clesiae
1072 487 1234 516 oeconomi
1253 486 1426 517 successorem
1436 490 1554 529 appellat
1565 511 1571 518 .
1596 492 1653 520 PR.
1673 492 1775 520 merito

977 527 1088 565 quidem
1099 528 1225 557 Ecclesiae
1236 529 1416 558 Oecouomus
1427 530 1501 568 gerit
1513 531 1587 559 vices
1605 532 1631 559 S.
1642 531 1774 571 Stephani

975 567 1107 599 Diaconi5
1118 579 1181 597 nam
1192 569 1316 599 Ecclesiae
1326 571 1483 599 oeconomia
1493 571 1527 599 ad
1539 571 1776 602 Archidiaconum

973 605 1109 645 spe&abat
1121 630 1128 641 ,
1144 619 1173 637 ut
1184 609 1213 637 in
1222 609 1343 639 diclione
1355 611 1577 640 Archidiaconus
1588 612 1691 642 dietum
1705 613 1774 645 suits

975 648 1067 686 postea
1084 649 1275 682 Camerarius,
1296 652 1383 690 vulgo
1402 653 1594 690 Cama-lingo,
1618 655 1769 693 appellatus

977 688 1044 718 fuit:
1068 689 1103 717 de
1114 699 1147 718 eo
1158 690 1187 718 in
1196 701 1253 718 can.
1265 692 1394 729 quoniam
1407 713 1414 724 ‚
1442 700 1485 720 1⁶.
1497 693 1590 731 quaest.
1603 705 1630 726 7.
1653 695 1773 731 QuiCa-

975 730 1104 758 merarius
1114 730 1196 759 etiam
1206 730 1290 759 hodie
1301 743 1314 760 a
1325 733 1424 760 cundo
1435 733 1522 761 Clero
1532 734 1646 773 eligitur
1655 756 1662 763 .
1674 735 1721 765 Ad
1739 737 1774 766 Β.

975 769 1102 809 piscopos
1113 781 1205 799 tamen
1215 772 1316 800 attinet
1327 782 1482 811 proponere
1491 783 1670 804 oeconomum
1679 798 1687 809 ‚
1711 776 1775 815 ipsis

976 821 1043 840 vero
1062 811 1267 850 negligentibus
1278 813 1442 841 devolvitur
1459 816 1500 849 jus
1521 814 1555 842 ad
1577 817 1773 855 Metropolita-

974 862 1040 880 num
1051 863 1056 880 :
1069 852 1103 880 sic
1113 854 1195 880 etiam
1205 853 1240 881 de
1249 853 1413 892 regularibus
1422 854 1570 883 dicendum
1581 878 1589 889 ‚
1599 867 1657 885 can.
1666 867 1728 886 cum
1740 857 1774 886 si-

973 902 1031 920 mus
1047 917 1052 925 ,
1063 904 1091 928 9.
1101 893 1196 931 quse-st.
1207 904 1234 931 3.
1243 897 1271 922 δε
1284 894 1321 922 ibi
1332 893 1424 923 Clonii
1434 915 1441 922 .
1464 896 1537 925 Item
1546 901 1709 929 oeconomus
1729 898 1772 926 di-

973 933 1045 961 citur
1055 954 1062 965 ,
1073 934 1121 971 qui
1134 943 1246 962 vacante
1258 934 1391 963 beneficio
1402 957 1409 967 ,
1421 935 1509 964 donec
1521 937 1715 975 provideatur,
1738 940 1772 968 il—

972 973 1019 1002 lud
1028 973 1210 1002 administrat.
1219 985 1277 1012 cap.
1289 987 1316 1010 4·
1328 975 1362 1003 dc
1371 975 1416 1004 off.
1429 976 1534 1013 Judic'rs
1544 978 1636 1007 ordin.
1649 975 1720 1008 Item
1732 984 1774 1008 Vi-

973 1015 1130 1042 cedominus
1140 1015 1333 1053 appellabatur.
1346 1023 1358 1051 [
1370 1019 1404 1044 A.
1419 1017 1617 1047 Vicedominus‘
1628 1020 1772 1050 Ecclesiam

974 1054 1090 1083 eandem
1108 1064 1237 1093 tanquam
1254 1054 1446 1094 sequestratam
1465 1059 1569 1097 accepit
1580 1081 1588 1091 ,
1606 1059 1640 1088 de
1662 1061 1775 1095 judiciis

974 1105 1032 1133 cap.
1050 1105 1057 1122 i
1071 1106 1091 1123 i.
1102 1097 1115 1126 ]
1128 1096 1240 1124 Dicitur
1254 1106 1334 1124 etiam
1345 1097 1508 1134 Praepositus
1519 1119 1525 1125 .
1539 1100 1611 1129 Vide
1621 1104 1770 1131 Arcara‘us.

971 1139 1127 1165 Armarius
1141 1157 1147 1163 .
1159 1136 1322 1165 Cimeliarca
1332 1137 1361 1165 in
1371 1137 1436 1166 dic‘t.
1449 1141 1615 1169 Cemeliusn.
1625 1142 1772 1172 chdomi-

972 1187 1024 1204 nus
1034 1197 1040 1204 .
1052 1182 1195 1207 Yconomus
1205 1199 1212 1206 .

1403 1231 1484 1259 graec.
1503 1221 1568 1250 cli&-
1587 1221 1754 1260 οἷκεεμενικός
1764 1247 1772 1257 ,

970 1258 1044 1296 quasi
1056 1269 1089 1287 ex
1110 1269 1169 1288 tota
1187 1270 1258 1289 terra
1268 1259 1409 1289 habitabili
1419 1283 1427 1294 ,
1444 1271 1506 1300 qux
1517 1273 1531 1290 a
1540 1263 1636 1302 graecis
1647 1263 1773 1300 οἶκκμέη

971 1299 1074 1327 dicitur
1084 1320 1090 1327 .
1109 1302 1290 1338 Nuncupatur
1300 1300 1374 1329 enim
1383 1306 1597 1332 oecumenicum
1610 1305 1769 1333 Concilium

971 1339 1040 1367 illud
1051 1361 1060 1373 ‚
1081 1341 1115 1369 ad
1125 1341 1199 1379 quod
1216 1352 1250 1370 ex
1262 1342 1388 1370 omnibus
1397 1343 1482 1372 Orbis
1502 1344 1623 1382 partibus
1642 1344 1773 1374 Praesules

969 1380 1130 1408 adveniunt.
1144 1384 1200 1411 PR.
1211 1383 1261 1411 ΡΙ..
1273 1383 1394 1411 Blondus
1405 1383 1497 1413 decad.
1511 1384 1561 1413 ult.
1571 1385 1618 1414 lib.
1631 1386 1681 1413 ult.
1691 1386 1773 1415 Con-

969 1421 1063 1449 cilium
1074 1422 1265 1450 Florentinum
1278 1444 1286 1456 ,
1309 1423 1342 1451 ad
1353 1424 1428 1462 quod
1440 1425 1511 1463 quasi
1521 1426 1605 1454 torius
1614 1423 1771 1455 Christiani

968 1462 1052 1490 Orbis
1065 1461 1191 1501 Episcopi
1203 1472 1328 1501 tempore
1339 1464 1455 1502 Eugenii
1466 1466 1520 1493 IV.
1531 1464 1692 1494 accefl'erant
1704 1487 1713 1498 ‚
1726 1471 1772 1494 Ic-

968 1505 1108 1530 menicum
1121 1504 1278 1531 Concilium
1289 1505 1408 1542 appellat
1417 1525 1424 1532 .
1437 1506 1473 1533 In
1482 1505 1646 1534 Tridentina
1656 1506 1772 1542 synodo

970 1543 1087 1571 maxima
1098 1544 1285 1572 controversia
1298 1543 1370 1572 inter
1382 1547 1472 1573 Patres
1482 1545 1582 1584 agitata
1595 1546 1647 1575 fuit
1657 1568 1664 1579 ,
1676 1557 1772 1576 utrum

968 1583 1095 1617 synodus
1115 1584 1162 1612 illa
1170 1583 1331 1623 appellanda
1352 1584 1440 1613 fuisset
1451 1586 1638 1616 Oeeumenica
1648 1609 1655 1620 ‚
1674 1587 1709 1616 de
1720 1598 1772 1626 qua

968 1633 996 1651 re
1008 1643 1016 1650 .
1040 1624 1115 1652 Vide
1126 1625 1284 1663 magistrum
1294 1634 1384 1653 meum
1395 1625 1525 1657 §fortiam
1532 1628 1714 1656 Cardinalem
1724 1630 1772 1656 Pa.

967 1663 1115 1692 lavicinum
1125 1665 1156 1693 in
1165 1669 1219 1700 ejus
1229 1664 1344 1693 historia
1356 1665 1518 1695 Tridentini
1529 1667 1657 1697 Consilii
1667 1670 1705 1702 ;Η.·
1716 1669 1770 1697 Ita.

969 1713 1022 1742 que
1043 1704 1213 1734 Universale
1233 1706 1396 1735 Concilium
1414 1708 1444 1735 ab
1462 1707 1612 1738 Athanasio
1632 1714 1770 1746 Magnum

968 1745 1069 1773 dicitur
1089 1747 1212 1785 Apolog.
1226 1758 1250 1775 2.
1263 1746 1294 1775 in
1315 1747 1434 1785 princip.
1445 1747 1489 1776 ubi
1509 1749 1544 1777 de
1553 1749 1666 1778 Concil.
1678 1748 1769 1778 Sardi<

967 1784 1048 1814 cense
1058 1786 1181 1824 loquitur
1192 1807 1199 1814 .
1209 1787 1371 1816 plenarium
1382 1787 1466 1826 Epist.
1484 1796 1546 1818 162.
1560 1799 1640 1817 vocat
1652 1789 1768 1828 August.

967 1826 1151 1855 Oecumenici
1162 1827 1237 1855 tituli
1250 1850 1257 1860 ,
1269 1837 1350 1866 quein
1364 1828 1411 1856 sibi
1422 1839 1553 1867 arrogant
1564 1829 1771 1859 Constantino·

968 1867 1089 1904 politam
1113 1867 1276 1896 patriarchae
1290 1889 1298 1901 ,
1321 1868 1423 1906 primus
1445 1868 1589 1908 usurpator:
1613 1869 1770 1899 Patriarcha

967 1909 1088 1944 Joannes
1107 1907 1159 1935 fuit
1167 1908 1210 1936 tui
1222 1908 1346 1946 Pelagius
1365 1911 1434 1947 Papa
1446 1911 1483 1938 11.
1496 1910 1603 1938 obstitit
1615 1933 1622 1944 ,
1641 1921 1670 1938 ac
1680 1911 1770 1939 multo

969 1957 1054 1986 magis
1062 1951 1118 1983 ejus
1128 1947 1258 1976 successor
1270 1949 1424 1987 Gregorius
1434 1970 1441 1976 .
1455 1951 1553 1978 Baron.
1564 1961 1606 1979 an.
1621 1955 1729 1986 586.st
1739 1963 1769 1988 9·

966 1998 1029 2016 ann.
1042 1998 1055 2023 5
1064 1993 1107 2020 87.
1120 1998 1195 2017 num.
1208 2000 1232 2017 ι.
1244 1992 1272 2017 &
1282 1988 1358 2027 seqq.
1368 1999 1410 2017 an.
1425 1999 1490 2028 593.
1499 1994 1526 2019 δι
1536 1990 1611 2030 seqq.
1621 2001 1685 2020 ann.
1700 2001 1769 2028 595.

966 2039 1012 2056 nu..
1024 2038 1037 2065 3
1049 2039 1070 2056 t.
1082 2039 1130 2066 32.
1142 2036 1189 2066 36.
1202 2039 1248 2066 37.
1262 2040 1275 2066 3
1286 2033 1310 2057 8.
1320 2033 1347 2058 δε
1359 2040 1407 2067 39.
1428 2030 1520 2059 Phora
1532 2032 1603 2070 Imp.
1614 2041 1728 2070 propoer
1737 2043 1770 2060 o—

967 2069 1044 2096 dium
1054 2067 1083 2097 in
1095 2068 1282 2097 Patriarcham
1292 2070 1442 2104 Cyriacum
1454 2091 1462 2104 ‚
1484 2081 1546 2099 eum
1555 2071 1698 2110 prohibuit
1706 2073 1768 2102 Oe-

965 2109 1138 2137 cumenicum
1157 2109 1302 2148 appellari.
1321 2111 1419 2138 Baron.
1440 2121 1484 2139 an.
1498 2118 1566 2141 606.
1589 2122 1663 2141 rium.
1676 2123 1702 2145 7.
1713 2115 1768 2142 Im-

967 2159 1076 2187 perator
1088 2159 1180 2178 tamen
1194 2149 1363 2187 justinianus
1374 2151 1403 2179 in
1413 2151 1486 2180 Cod.
1499 2152 1614 2181 Novell.
1625 2164 1672 2188 4¹·
1686 2155 1766 2182 Men-

965 2200 1007 2218 ηε
1019 2190 1180 2221 Patriarchae
1193 2189 1265 2218 hunc
1279 2191 1391 2219 titulum
1400 2192 1506 2225 tribuit,
1518 2193 1552 2221 sic
1562 2194 1587 2222 ei
1599 2193 1748 2222 rescribens
1759 2206 1765 2223 ι

966 2237 979 2266 [
992 2232 1148 2268 Imperator
1167 2229 1268 2259 Caesar.
1281 2232 1319 2259 ΡΙ.
1330 2231 1498 2269 Justinianus
1508 2237 1560 2261 &n
1579 2236 1690 2262 Mennae
1703 2235 1766 2262 San-

964 2270 1082 2300 Rissimo
1095 2292 1102 2303 ,
1113 2281 1140 2298 ac
1152 2269 1310 2299 Beatissimo
1323 2271 1543 2312 Archiepiscopo
1556 2295 1563 2306 ,
1573 2278 1600 2302 8<
1611 2273 1767 2304 Universa-

964 2313 986 2341 li
995 2310 1156 2340 Patriarchae
1171 2313 1182 2343 ]
1202 2309 1249 2340 sed
1260 2321 1290 2340 ut
1307 2311 1426 2342 advertit
1445 2314 1575 2342 Baronius
1596 2313 1630 2342 ad
1639 2325 1682 2342 an.
1698 2322 1765 2352 536.

963 2361 1038 2382 num.
1055 2362 1118 2391 ¹03·
1130 2354 1158 2383 ἃ
1166 2350 1242 2392 seqq.
1261 2352 1292 2383 in
1302 2361 1379 2382 tomo
1388 2352 1508 2383 secundo
1519 2354 1714 2384 Conciliomm
1723 2356 1767 2389 di.

1386 2396 1415 2424 G
1424 2404 1443 2434 g
1484 2405 1498 2434 3
1664 2395 1723 2424 &io
