1866 2526
99 117 225 154 mesta'cus
235 133 243 145 ,
253 115 344 147 Major
354 113 457 139 Domus
468 130 477 136 .
486 112 547 145 Ejus
558 107 668 141 synon.
679 102 755 133 Vide
765 106 892 135 Domini-

100 158 185 186 adim
193 175 202 188 ,
213 155 422 182 mee-Dominus
433 171 440 178 .
459 151 571 180 Horum
579 156 659 186 caput
667 146 894 182 Protosyncellus

101 197 253 226 dicebztur.
265 193 339 222 Vide
353 190 565 230 Protosyncellus
577 200 584 216 :
596 191 669 224 cujus
679 186 832 217 inferiores.
842 187 893 215 Vi-

99 236 135 266 de
145 234 307 266 cellularum·
316 255 325 268 ,
336 233 534 262 Cubicularius
545 251 552 261 ,
564 229 734 258 Dominum
746 248 753 255 .
766 231 799 257 Et
811 237 894 266 quan-

99 277 138 305 do
146 274 306 306 subdiaconi
318 273 389 302 ordo
398 283 456 300 non
468 280 525 300 erat
543 269 615 298 sacer
625 290 634 302 ‚
655 269 793 297 dicebatur
813 268 894 296 etiam

99 315 286 345 subdiaconus
305 315 454 343 Palatinus
466 332 473 339 .
491 311 568 340 Licet
578 310 606 338 in
619 309 713 338 multis
724 308 894 338 Pontificali-

96 357 144 386 bus
153 377 162 389 ‚
180 358 209 384 δε
219 354 414 392 diplomatibus
424 352 520 381 titulus
531 349 684 380 Domicelli
695 343 709 383 ‚‘
726 352 754 378 ὅ(
770 349 895 384 syncelli

98 396 216 424 honoris
225 396 310 433 gratia
320 394 414 422 multis
425 392 573 422 Baronibus
584 389 718 418 tribuatur
727 409 735 417 .
755 391 793 423 :nt
806 392 897 427 Repe-
908 389 941 417 Sit

98 447 169 465 titur
177 436 259 464 etiam
270 436 300 464 in
309 434 438 464 abstracto
448 431 518 471 apud
529 429 696 463 Caffianmn,
707 429 738 458 in
747 430 830 458 citata
839 430 896 457 col-

99 477 145 505 ht.
158 488 203 506 20.
218 484 276 513 cap.
290 487 315 504 2.
325 475 506 515 syncellitas.

61 517 256 546 Srscuaoxus
268 535 278 552 ,
286 512 422 553 edrypmg
432 535 440 547 ‚
452 522 602 542 coaetaneus
612 532 620 544 ,
630 519 875 554 contemporaneus
889 521 894 537 :

101 564 114 594 [
126 561 160 586 Et
171 555 246 586 Osca
255 556 441 591 Synchronon
451 553 545 582 Esaiae.
554 551 764 585 D-Hieronym.
776 560 806 578 in
817 549 894 588 pr-ef.

100 597 247 626 duodecim
257 595 458 634 Prophetarum
469 613 477 621 .
489 595 503 625 ]
516 595 551 622 V.
565 596 703 620 coetaneo
714 591 825 620 verbum
833 611 842 619 .

58 640 227 669 Smetzxus
237 658 246 670 ‚
254 633 407 674 συγκληρδς
415 633 483 662 idest
494 654 502 666 ,
513 631 626 661 consors
636 651 643 659 .
654 633 689 659 V.
698 634 828 660 Trinitas
840 652 846 659 .

60 681 263 710 §wenricus
274 696 286 712 ,
303 671 486 713 συγκλητικός
496 694 504 706 ‚
521 673 637 701 Senator
646 692 653 700 .
678 678 690 707 [
706 671 893 706 syncleticum

99 717 209 747 amifisti
221 739 229 750 ,
239 720 268 745 ὅ(
277 714 440 744 Monachum
451 724 508 741 non
519 712 607 741 fecisti
618 732 625 739 .
636 714 647 744 ]
661 714 702 741 Ita
711 711 891 750 reprehensus

102 758 187 787 fiierat
196 757 244 785 ille
254 777 264 789 ,
281 755 329 794 qui
338 754 431 782 relich
439 752 576 782 senatoria
593 753 733 792 dignitate
742 774 750 786 ‚
771 751 893 781 habitum

100 796 295 826 Monacbalem
304 793 456 833 susceperat
465 806 473 827 i
497 793 661 832 superfluum
672 803 764 822 tamen
773 792 894 822 affec‘tum

97 836 227 876 sportulis
246 837 277 864 ab
295 846 330 864 eo
339 836 476 864 contextis
486 833 663 864 conservabat
674 854 681 861 .
705 835 762 863 PR.
774 834 819 863 De
829 834 894 862 duo.

97 878 144 906 bus
153 876 361 912 Syncleticis,de
371 876 467 914 quibus
478 878 576 905 Baton.
587 875 617 902 in
629 874 733 903 Not.ad
746 874 893 910 Martyrol.

101 926 127 954 5.
137 919 201 956 Jan.
212 917 268 945 litt.
277 917 304 944 h.
314 927 348 945 an
361 917 393 945 fit
404 926 506 944 nomen
516 915 657 954 proprium
670 935 681 952 ,
699 916 744 944 vel
754 915 894 943 conditio-

98 959 141 986 nis
151 979 159 991 ,
171 958 231 986 aliis
241 957 455 986 examinandum
465 957 594 995 relinquo
603 976 611 984 .
676 989 687 998 μ

57 998 193 1028 Sus-copo
205 1018 213 1030 ‚
232 994 376 1028 συνκᾶπτω
386 1017 393 1024 .
418 998 476 1026 PR.
498 998 608 1026 verbum
619 1018 628 1030 ,
650 994 772 1025 incidere
784 1017 791 1029 ,
814 1005 895 1034 atque

98 1038 253 1067 abbreviare
263 1037 403 1076 significat.
414 1038 556 1076 [Plerique
567 1037 743 1066 Ecclefiarum
757 1036 876 1065 Ministri
888 1058 893 1068 ‚

98 1078 230 1108 modestia
239 1078 346 1106 ordinis
355 1077 488 1107 clericalis
498 1079 596 1115 abjecta
607 1091 618 1112 ,·
640 1077 706 1106 dum
725 1077 823 1106 offerre
833 1077 896 1105 Deo

99 1118 267 1149 Sacrificium
278 1118 364 1146 laudis
375 1139 383 1151 ‚
395 1119 510 1148 fruclum
520 1119 652 1148 labiorum
665 1117 774 1148 suorum
786 1119 815 1146 in
825 1117 896 1156 puri.

100 1170 156 1189 tate
164 1158 341 1188 conscientia:
352 1180 360 1191 ‚
379 1163 407 1188 8<
417 1161 506 1189 animi
518 1159 669 1189 devotione
678 1160 824 1188 deberent:
846 1158 896 1185 ho-

98 1211 138 1230 ras
148 1201 290 1230 canonicas
299 1199 390 1229 dicere
402 1221 410 1234 ,
423 1199 468 1230 seu
479 1201 592 1240 psallere
604 1199 824 1232 transcurrendo,
835 1197 894 1234 syn-

1246 43 1275 86 S
1309 42 1347 83 Y
1609 50 1694 99 657

945 114 980 133 na
990 100 1064 133 enim
1076 109 1166 139 graece
1175 95 1277 130 σελὶιόη
1286 101 1390 130 dieitur
1402 120 1409 128 .
1418 98 1459 130 Sic
1467 102 1638 139 Paraselenes
1650 126 1658 136 ,
1670 104 1747 137 idest.

947 146 1038 184 plures
1049 142 1120 171 lunae
1131 141 1349 179 appellantur-‚de
1361 151 1412 179 qua
1423 143 1459 171 R.
1469 144 1497 171 Ρ.
1508 146 1632 182 Angelus
1641 144 1675 173 de
1685 147 1746 174 Nu.

948 196 980 215 ce
989 181 1222 220 Archiepistopus
1243 181 1408 211 Rosanenlis
1428 181 1612 212 meritissimus
1633 185 1662 213 in
1673 186 1746 214 notis

948 226 982 255 :id
990 223 1163 255 chronicam
1173 222 1303 251 Casinen.
1316 222 1362 251 lib.
1376 234 1402 252 ι.
1413 232 1501 261 cap.3.
1512 233 1538 250 n.
1551 228 1616 262 ⁸⁶3·
1629 226 1682 253 Sed
1696 236 1746 263 po-

949 266 1003 295 tius
1013 263 1186 293 scribendum
1196 262 1372 301 Paraselenes
1381 284 1389 296 ‚
1401 263 1466 292 sicut
1477 263 1559 292 etiam
1570 264 1672 293 dicitur
1682 269 1746 294 Tri-

945 307 1049 345 saelenes
1061 326 1069 338 ‚
1089 303 1158 333 idest
1168 325 1176 337 ,
1197 302 1308 332 trilunis
1317 323 1324 331 .
1348 304 1486 333 Henricus
1495 303 1649 342 Stephanus
1659 305 1687 333 in
1698 304 1747 334 suo

948 345 1089 377 Thesauro
1099 344 1313 374 Graeco-Latino
1321 344 1352 372 in
1363 344 1485 373 distione
1496 341 1597 376 caleb„
1606 365 1614 372 .

945 396 1104 417 &etiamtum
1114 407 1122 418 ,
1140 384 1293 425 σύγγραφσν
1303 404 1310 412 .
1339 386 1395 414 PR.
1406 385 1505 414 sinceri
1515 407 1522 417 ‚
1542 389 1570 414 δι
1588 385 1748 416 authentica

947 427 1079 466 scriptura
1089 447 1096 460 ‚
1107 425 1153 455 seu
1161 424 1378 464 chirographum
1388 445 1395 453 .
1412 431 1425 461 [
1437 426 1482 454 Ad
1493 426 1680 464 colligendam
1701 437 1747 456 au-

950 478 1006 497 tem
1014 466 1132 506 gratiam
1143 465 1214 495 nihil
1225 465 1400 505 pretermisit
1412 488 1420 499 ,
1436 465 1573 494 infinitam
1583 467 1725 505 pecuniam
1737 490 1744 501 ,

948 519 1008 547 quae
1019 506 1084 537 fisco
1093 508 1248 540 debebatur,
1262 506 1377 545 privatis
1386 506 1552 536 debitoribus
1563 507 1593 536 in
1607 507 1697 544 Urbe,
1708 519 1748 537 at-

949 560 1000 588 que
1011 548 1135 581 Italia‚in
1144 547 1302 577 Provinciis
1313 557 1378 576 vero
1387 548 1470 576 etiam
1481 557 1513 575 ex
1524 547 1638 586 reliquis
1648 549 1747 587 ingen-

949 599 989 618 tes
999 588 1114 617 summas
1123 588 1226 617 remilit
1239 611 1247 622 ,
1257 586 1422 626 syngraphis
1434 588 1463 616 in
1473 587 1535 616 soro
1543 588 1614 618 Divi
1625 591 1748 625 Traiani,

949 641 1004 669 quo
1014 629 1100 668 magis
1117 628 1242 658 securitas
1259 628 1384 657 omnibus
1405 629 1578 658 roboraretur
1586 651 1594 661 .
1613 629 1730 659 incenfis
1741 651 1749 659 .

948 670 1084 709 Spartian.
1095 669 1125 697 in
1136 670 1262 698 Adriano
1276 666 1347 697 Caes.
1359 671 1370 700 ]
1395 667 1529 697 Chartam
1538 669 1672 708 publicam
1682 671 1750 700 Cas-

948 711 1070 741 fiodorus
1083 711 1112 738 in
1123 709 1233 739 Chron.
1243 710 1442 747 interpretatur
1450 731 1458 743 ‚
1469 710 1514 738 ubi
1525 710 1642 740 eundern
1652 711 1749 742 Adria-

951 751 979 780 ni
992 751 1089 779 fac'mm
1098 750 1217 779 referens
1227 750 1328 788 inquit:
1342 754 1354 784 [
1368 749 1512 781 Aviola,&
1523 749 1606 779 Pansa
1615 751 1658 780 his
1665 753 1747 782 Con-

948 791 1047 821 sulibus
1056 791 1160 830 reliqua
1180 791 1345 819 tributorum
1356 790 1462 818 urbibus
1473 790 1608 820 relaxavit
1618 814 1625 824 ,
1647 792 1748 822 chartis

949 832 1063 871 publicis
1074 831 1189 861 incensis
1200 853 1208 864 ‚
1219 831 1354 870 plurimos
1363 831 1447 858 etiarn
1459 831 1520 869 ipris
1531 832 1640 861 tributis
1649 833 1748 863 liberos

951 873 1016 901 fecit
1025 874 1054 904 .]
1068 873 1180 901 Dicitur
1189 873 1264 900 enim
1273 872 1359 900 latine
1370 872 1538 910 syngraphus
1551 893 1559 904 ‚
1569 875 1727 913 Syngrapha
1737 897 1746 908 ,

950 917 978 942 δ(
987 914 1173 960 Syagraphqm
1183 918 1192 940 ζ

909 955 1061 983 Smoiusxs
1072 975 1080 986 ‚
1098 965 1238 992 συγκρισις
1246 973 1256 990 ‚
1265 951 1409 982 consensus
1420 975 1429 986 ‚
1449 952 1623 983 uniformitas
1633 955 1750 993 opinio·

951 995 992 1023 nis
1003 1015 1010 1021 .
1023 1000 1034 1029 [
1047 995 1156 1022 Morbus
1167 993 1253 1032 igitur
1264 993 1364 1022 latebat
1376 995 1497 1022 occultus
1507 1016 1514 1027 ,
1538 1005 1586 1032 per
1595 1005 1677 1034 quem
1687 1006 1748 1025 om-

952 1035 1028 1063 nium
1037 1034 1141 1063 secreta
1151 1033 1372 1066 medullarum&
1385 1045 1512 1063 venarum
1522 1044 1627 1064 meatus
1637 1037 1666 1065 in
1675 1035 1749 1075 ipso-

950 1086 1010 1103 rum
1028 1074 1155 1103 vitalium
1166 1074 1313 1103 tendebant
1331 1074 1449 1103 exitium
1461 1097 1468 1107 ‚
1489 1079 1516 1104 δ(
1528 1077 1664 1114 quandam
1684 1075 1752 1113 syn-

949 1116 1042 1154 grifiut
1054 1116 1083 1143 in
1094 1116 1218 1144 omnibus
1226 1116 1355 1153 gerebant
1367 1114 1485 1144 internis
1496 1136 1502 1143 .
1514 1117 1602 1145 Venit
1612 1117 1656 1146 lex
1667 1139 1675 1150 ,
1688 1128 1749 1157 qux

949 1160 976 1185 δε
989 1157 1086 1185 vulnus
1097 1156 1272 1195 ponderet,&
1285 1156 1398 1184 tandem
1407 1157 1514 1185 vetusto
1525 1157 1649 1196 languori
1658 1157 1749 1197 stiper-

951 1207 1018 1225 num
1027 1198 1157 1225 advenire
1169 1196 1304 1225 medicum
1315 1197 1466 1226 nunciaret.
1478 1197 1694 1227 Perr.Chr.ser·-1
1706 1209 1749 1228 ιι.

99 1242 226 1281 copando
246 1245 297 1270 &c.
319 1241 355 1268 In
374 1242 520 1270 Clement.
537 1252 595 1280 cap.
616 1242 695 1280 gravi
714 1263 722 1274 ‚
748 1241 782 1269 de
799 1240 896 1268 celebr.
911 1238 1108 1270 eroorcum,
1128 1238 1392 1277 velSyassdaticum.
1414 1239 1470 1267 FR.
1493 1238 1748 1268 Ecclesiasticacon-

101 1281 202 1312 Missitr.

60 1323 237 1352 Str-»susis
249 1343 257 1355 ,
267 1320 312 1350 scu
320 1321 465 1360 Synterests
476 1342 483 1350 .
497 1324 554 1352 FR.
563 1332 650 1361 graeca
662 1331 716 1350 vox
726 1318 878 1357 σιωτίρπσις
888 1342 896 1353 ,

101 1363 136 1392 fic
148 1362 279 1392 definitur
289 1373 302 1391 a
316 1361 409 1391 Gloss'a
422 1373 455 1391 ex
468 1363 552 1392 Arist.
563 1373 593 1392 in
604 1370 630 1391 6.
642 1362 755 1392 Ethic.]
781 1361 825 1389 Est
836 1370 895 1398 pars

101 1403 256 1441 prudentiae
267 1424 275 1435 ,
296 1413 356 1441 quae
371 1403 465 1440 procul
476 1403 554 1432 videt
564 1425 572 1437 ,
592 1404 622 1431 in
633 1412 690 1440 cap.
710 1411 765 1430 rem
776 1411 876 1430 novam
887 1423 894 1434 ‚

98 1444 128 1472 in
136 1453 241 1471 extrav.
251 1444 295 1480 Jo.
305 1444 397 1471 XXII-
409 1443 442 1471 de
453 1443 536 1477 dolo,
550 1447 579 1473 δε
588 1452 711 1472 contum.

60 1485 207 1512 erotcus
222 1503 229 1510 .
240 1483 313 1511 Vide
322 1481 456 1520 Defensor
465 1502 473 1510 .

60 1523 179 1552 ernotc
191 1543 198 1550 .
210 1523 283 1550 Vide
291 1522 425 1560 Synthesis
436 1542 443 1550 .

61 1563 234 1592 erozniun
244 1582 251 1590 .
262 1563 335 1591 Vide
344 1563 506 1592 Sanhaedrim
516 1584 522 1592 .
532 1564 666 1601 Synedrus
676 1583 684 1591 .

59 1603 212 1633 SYNEDRUS
225 1624 232 1635 ,
249 1599 368 1640 σωῦεὲῥσς
380 1624 387 1634 ,
406 1603 521 1633 Senator
530 1626 539 1638 ,
558 1604 740 1634 Consiliarius
751 1626 759 1638 ,
772 1603 876 1642 sapiens
887 1625 894 1636 ,

77 1659 81 1662 -
101 1642 212 1672 senior.
231 1644 374 1681 Accipitur
385 1643 467 1672 etiam
489 1654 540 1683 pro
550 1645 720 1674 Conliliario
729 1645 827 1673 animae
839 1666 847 1677 ,
867 1648 895 1673 ὃς

100 1683 237 1722 spirituali
249 1683 431 1713 Confefl'ario:
443 1689 455 1720 [
468 1685 567 1717 Habui,
579 1685 680 1724 inquit,
690 1685 800 1723 spiritus
809 1695 897 1723 quen-v

103 1724 166 1752 dam
177 1724 326 1760 iynedrum
338 1745 344 1752 .
354 1725 391 1753 In
405 1724 462 1753 vita
469 1726 495 1754 S.
504 1727 640 1764 Gorperei
651 1725 738 1764 Episc.
749 1727 761 1757 ]
779 1727 835 1755 FR.
848 1736 895 1754 eo-

99 1763 217 1804 demque
228 1765 359 1794 vocabulo
369 1763 428 1792 usus
437 1765 476 1794 est
484 1764 617 1804 Josephus
626 1767 711 1795 Hebr.
731 1765 761 1794 in
771 1766 895 1795 denomi-

952 1278 1068 1307 tributio
1088 1274 1225 1316 Episcopo
1246 1277 1338 1306 debita
1359 1288 1409 1316 pro
1426 1279 1611 1308 celebratione
1630 1279 1730 1316 synodi
1742 1301 1748 1307 .

953 1319 1060 1356 [Quod
1071 1329 1132 1347 cum
1143 1319 1226 1347 iidem
1237 1318 1342 1347 Clerici
1355 1319 1590 1357 ptaedecefloribus
1601 1320 1653 1349 tuis
1663 1343 1671 1354 ‚
1693 1331 1750 1349 tres

951 1360 982 1387 in
993 1360 1059 1389 festo
1068 1359 1225 1388 nativitatis
1235 1379 1247 1395 ,
1255 1363 1284 1388 ὅ(
1294 1369 1347 1387 tres
1359 1361 1388 1387 in
1399 1359 1466 1388 festo
1478 1359 1682 1390 resurrectionis
1691 1362 1748 1390 Do.

950 1400 1059 1429 minicae
1070 1411 1120 1439 pro
1131 1390 1296 1435 synodatico
1306 1398 1443 1429 solverint
1453 1400 1592 1438 denarios,
1601 1411 1658 1440 cap.
1669 1402 1748 1434 olim,

951 1441 997 1468 lib.
1010 1452 1037 1479 3.
1046 1441 1175 1470 decretal.
1186 1440 1229 1468 tit.
1240 1450 1287 1477 39.
1301 1443 1312 1472 ]
1337 1442 1372 1468 In
1384 1451 1440 1478 quo
1448 1450 1538 1469 autem
1549 1440 1654 1470 differat
1664 1441 1750 1477 syno-

948 1481 1068 1510 daticum
1077 1493 1090 1510 a
1098 1481 1299 1511 cathedratico
1308 1501 1314 1507 .
1338 1481 1408 1508 Vide
1418 1481 1652 1510 cathedraticum
1662 1503 1670 1510 .

911 1522 1078 1552 eromcus
1093 1544 1100 1556 ,
1119 1518 1269 1555 συνοὸὶκᾶς.
1289 1523 1344 1550 PR.
1357 1520 1492 1559 fignificat
1506 1522 1641 1561 quidquid
1660 1522 1693 1551 ad
1704 1521 1750 1558 sy-

951 1562 1055 1591 nodum
1068 1564 1189 1601 pertinet
1200 1583 1206 1589 .
1229 1565 1326 1596 [Ante
1337 1572 1421 1589 annos
1433 1562 1564 1600 plurimos
1575 1584 1582 1595 ,
1604 1573 1664 1591 cum
1673 1566 1750 1599 juva-

951 1614 1008 1631 rem
1019 1605 1164 1632 Damalum
1175 1605 1309 1632 Romame
1322 1602 1406 1630 Urbis
1419 1601 1592 1640 Episcopum,
1604 1607 1631 1632 δε
1643 1603 1750 1633 Orien—

952 1645 995 1677 tis,
1007 1654 1086 1683 atque
1095 1644 1261 1674 Occidentis
1272 1642 1419 1677 synodicis
1428 1642 1686 1672 Consultationibus
1695 1642 1751 1672 res-

951 1685 1136 1723 pondentem.
1146 1686 1184 1714 D.
1197 1684 1388 1718 Hieronymus
1398 1703 1404 1710 .
1418 1686 1429 1714 ]
1453 1684 1536 1720 Quod
1547 1684 1650 1712 dicitur
1669 1683 1752 1714 etiam

952 1729 1085 1754 Enoticus
1096 1747 1104 1758 ,
1114 1727 1145 1754 ab
1156 1725 1248 1762 Enofis
1259 1734 1346 1762 graece
1357 1746 1364 1757 ‚
1388 1725 1462 1762 quod
1474 1725 1607 1753 unionem
1617 1725 1732 1753 denotat
1743 1746 1749 1751 .

951 1766 1075 1795 Lexicon
1084 1765 1336 1795 Graeco-barbarum
1348 1785 1354 1792 .
1378 1764 1451 1792 Vide
1461 1769 1592 1794 Enoticus
1603 1786 1609 1792 .

101 1806 214 1834 natione
223 1807 337 1834 illorum
345 1805 516 1844 septuaginta
526 1806 756 1835 Confiliariorum
768 1828 776 1839 ,
797 1818 841 1846 qui
853 1806 893 1835 su-
911 1808 1066 1836 Sys-omn
1079 1829 1086 1839 ,
1107 1802 1243 1840 ‹rurod‘irng
1279 1814 1368 1833 comes
1387 1805 1416 1832 in
1431 1805 1548 1837 itinere;
1572 1806 1606 1834 sic
1619 1805 1751 1834 Monacbi

102 1854 226 1883 premunt
238 1847 355 1874 tribunal
365 1846 437 1873 inter
449 1847 580 1876 Hebraeos
589 1846 788 1876 constituebant
799 1859 806 1878 ;
826 1858 856 1876 ut
867 1857 894 1876 in

101 1885 167 1914 di&-
178 1887 342 1915 Sanhedrim
355 1887 456 1915 dietum
466 1887 521 1915 est.

60 1926 222 1955 Βγκεωτες
235 1948 243 1959 ,
258 1937 314 1955 vox
326 1927 438 1965 quidem
448 1937 573 1966 corrupta
585 1928 654 1967 apud
664 1927 823 1956 Houorium
832 1929 899 1961 ,1.1.

953 1847 1125 1885 appellabant
1135 1845 1336 1877 consociantes,
1347 1845 1457 1883 quando
1465 1856 1499 1874 ex
1511 1847 1679 1875 Monasterio
1691 1847 1751 1876 exi-

951 1889 1016 1916 bant
1028 1907 1034 1913 .
1055 1886 1248 1922 [Monachon
1275 1896 1342 1924 quos
1359 1885 1502 1920 synodicas
1525 1897 1645 1920 vocant,
1674 1887 1752 1916 eod.

951 1927 1088 1956 Theodos.
1101 1929 1146 1955 lib.
1162 1938 1184 1956 1.
1197 1927 1215 1955 l.
1229 1933 1256 1955 6.

103 1968 136 1995 de
150 1967 269 2006 imagine
281 1968 377 1996 mundi
387 1989 395 2000 ,
405 1977 463 2006 cap.
478 1979 520 2004 ¹4-
532 1979 592 1996 cum
603 1968 730 1997 selenites
740 1990 748 2001 ,
759 1965 881 2004 σεὰυἶτπς
892 1991 898 2001 ,
912 1969 1032 1998 erooo
1045 1989 1053 2000 ‚
1071 1965 1198 1997 amomo
1211 1991 1214 1994 .
1239 1968 1296 1995 l-R.
1316 1977 1456 2005 congrego
1468 1988 1476 1999 ‚
1495 1965 1540 1995 seu
1561 1967 1595 1996 ad
1613 1966 1753 2003 synodum

103 2008 171 2036 idest
181 2030 189 2040 ‚
210 2009 311 2037 lunaris
321 2030 329 2041 ,
349 2007 524 2037 scribendum
533 2009 598 2037 ess'et
615 2021 623 2043 ;
645 2009 682 2037 est
695 2018 784 2037 autem
793 2019 900 2047 gemma

102 2049 225 2086 quaedam
236 2069 244 2080 ,
264 2058 322 2087 quae
333 2048 431 2078 crescit
439 2070 450 2086 ,
459 2060 487 2078 ac
497 2048 630 2078 decrescit
640 2070 648 2082 ‚
657 2059 717 2077 cum
732 2050 801 2077 lunae
813 2049 899 2078 incre-

102 2099 199 2118 mento
214 2110 222 2121 ‚
242 2093 269 2118 δι
279 2089 456 2119 decremento
466 2110 474 2117 .
497 2091 552 2119 PR.
562 2090 596 2118 de
605 2089 654 2118 hac
664 2099 772 2128 gemma
782 2090 818 2118 stc
826 2090 897 2119 Plin.

104 2129 151 2158 lib.
164 2139 211 2167 37.
222 2139 279 2168 cap.
295 2141 336 2158 io.
350 2131 439 2169 inquit
451 2141 458 2158 :
479 2130 634 2165 [Selenites
644 2140 678 2157 ex
687 2130 805 2158 candido
814 2140 898 2159 trans-

102 2171 176 2198 lucet
185 2171 286 2199 melleo
300 2170 418 2209 fulgore,
428 2170 578 2209 imaginem
590 2171 660 2199 lunae
672 2170 828 2204 continens,
839 2171 900 2200 red-

101 2211 197 2249 ditque
209 2220 268 2239 eam
279 2211 312 2239 in
322 2211 380 2240 dies
389 2211 510 2250 singulos
520 2210 668 2240 crescentis
678 2231 686 2243 ,
697 2210 899 2251 minuentisque

100 2261 232 2280 numero:
258 2249 382 2290 nascique
389 2261 500 2291 putatur
508 2251 538 2280 in
550 2252 648 2281 Arabia
659 2273 666 2284 ,
678 2253 691 2283 1
712 2261 792 2290 quam
809 2257 900 2281 Luna-

102 2303 159 2320 rem
172 2292 265 2320 Latini
275 2293 415 2330 appellant
427 2314 435 2325 ,
455 2296 482 2321 ὅ(
495 2303 508 2320 a
517 2291 684 2321 Dioscoride
703 2293 899 2330 Aphroselenus

103 2332 150 2361 lib.
166 2343 190 2368 5.
201 2333 352 2372 appellatur
362 2344 371 2364 ς
389 2337 417 2362 &
428 2333 465 2361 ibi
475 2333 617 2362 Marcellus
625 2345 633 2361 .·
657 2341 787 2370 corrupte
810 2342 897 2361 tamen

101 2373 132 2403 in
142 2382 219 2402 textu
231 2374 316 2402 Plinii
327 2374 372 2402 lib.
385 2384 412 2412 3.
421 2385 446 2402 c.
462 2384 505 2403 io.
515 2373 618 2413 dicitur
627 2372 836 2412 Aphrodifiace:
849 2376 899 2404 Lu-

143 2415 335 2445 Hierolextcon
345 2418 438 2446 Macri
445 2434 453 2444 .

950 2009 1107 2046 compello.
1134 2008 1201 2043 [Ut
1221 2007 1310 2034 nullus
1329 2005 1477 2045 Episcopus
1496 2008 1622 2036 Eccleflas
1633 2018 1751 2048 utroque

953 2048 1066 2085 ,iureilli
1084 2047 1372 2084 subjecnsinterdicto
1389 2046 1559 2085 supponere,
1582 2049 1628 2077 vel
1648 2052 1751 2078 Mona-

953 2089 1034 2118 chum
1044 2112 1052 2123 ,
1073 2087 1119 2116 seu
1129 2088 1271 2117 Clericum
1283 2087 1402 2123 ejusdem
1425 2088 1583 2116 Monasterii
1594 2088 1732 2124 synodare
1742 2113 1750 2123 ,

955 2131 1000 2158 vel
1010 2130 1247 2158 excommunicare
1257 2127 1400 2166 praesumat
1410 2150 1418 2162 ,
1431 2129 1449 2157 Ι.
1462 2128 1635 2164 ς.1)οςι·εῐ;ιΙ.
1647 2131 1690 2159 tit.
1703 2142 1752 2169 33.

955 2181 978 2198 c.
991 2182 1037 2199 21.
1050 2173 1061 2201 ]
1086 2174 1113 2198 ὃ(
1123 2170 1158 2198 ibi
1170 2168 1280 2199 Gloss'a:
1305 2175 1317 2204 [
1330 2169 1429 2198 Nullus
1438 2178 1528 2197 autem
1548 2170 1696 2209 Episcopus
1705 2182 1750 2200 au-

954 2212 1015 2239 deat
1025 2209 1160 2246 synodfire
1171 2232 1178 2242 ‚
1195 2210 1239 2237 vel
1250 2210 1485 2238 excommunicare
1496 2210 1663 2239 Monachum
1674 2232 1683 2244 ,
1705 2213 1752 2240 vel

954 2251 1096 2281 Clericum
1114 2250 1194 2288 ipsius
1203 2250 1363 2278 Monasterii
1375 2271 1383 2282 ‚
1400 2259 1468 2289 quos
1489 2251 1620 2289 pra-dieto
1631 2251 1750 2286 Abbati,

955 2290 1063 2330 suisque
1072 2290 1261 2319 suecefloribus
1269 2291 1444 2320 concedimus
1455 2291 1608 2319 monendos
1622 2313 1629 2323 ,
1645 2295 1674 2320 δι
1684 2303 1751 2321 con-

956 2332 1160 2370 stringendosra
1179 2329 1308 2370 praesenti
1324 2330 1432 2360 decima
1452 2331 1623 2360 indietione.
1647 2334 1751 2362 Bullat-

955 2372 1085 2407 Cafinen.
1096 2382 1164 2401 tom.
1176 2384 1200 2402 ι..
1213 2371 1323 2404 constit.
1337 2378 1384 2402 26.

1443 2414 1465 2441 T
1477 2421 1487 2439 t
1660 2413 1707 2442 Sr-
