1866 2526
455 45 575 89 ME.

91 108 161 149 quia
171 107 294 140 redditus
301 128 311 141 ‚
333 108 401 147 qens
411 115 426 135 a
434 104 563 144 mesagiis
572 103 697 135 statribus
706 104 815 135 collatis
827 113 896 134 iete-

96 160 193 189 perant
203 171 213 183 ,
221 149 268 179 fibi
278 157 352 177 nunc
362 156 480 186 pereunt
490 167 498 174 .
510 147 658 176 Matthaeus
669 146 752 176 Paris.
762 156 804 175 an.
813 157 821 174 ι
830 157 844 175 2
852 155 897 181 59.

56 192 236 222 Μεςιυιιωι
248 210 259 222 ‚
277 188 337 217 aula
348 209 357 222 ‚
375 187 432 217 five
442 187 573 216 conclave
583 209 593 221 ‚
611 198 643 216 ex
655 198 747 226 graeco
765 185 898 216 vocabulo

1243 47 1293 88 M
1327 42 1362 88 E
1619 61 1696 104 431

953 112 1010 142 cap.
1023 112 1047 139 ς.
1059 101 1094 133 fic
1102 103 1202 134 habet:
1228 109 1240 140 [
1252 104 1326 134 Nam
1339 104 1405 133 sicut
1416 103 1494 141 hujus
1514 114 1622 145 quoque
1632 105 1754 146 epistol:

955 154 1036 173 tenor
1046 144 1194 177 enunciat,
1218 155 1276 173 non
1295 143 1447 174 metacismi
1467 146 1639 175 collisionem
1661 148 1737 186 fugio
1747 159 1755 181 i

953 195 1013 214 non
1021 183 1176 214 barbarismi
1184 185 1374 214 confiifionem
1386 185 1485 215 devito
1493 206 1500 214 .

96 237 251 270 μωιπλιον
259 250 268 263 ‚
279 229 353 267 quod
363 227 562 256 habitationem
573 229 602 256 in
613 229 706 257 medio
714 228 812 257 domus
821 227 896 256 fitam
916 229 1117 255 ΜετΑιιοΡυς
1129 247 1137 259 ,
1148 225 1217 255 idest
1227 247 1235 259 ‚
1243 227 1351 255 metalli
1360 236 1427 265 opus
1435 238 1444 255 .·
1455 226 1590 267 accipitur
1598 238 1649 268 pto
1660 231 1758 257 metal—

94 272 231 304 denot2t3
254 269 288 299 sic
301 269 432 309 legendus
452 269 490 297 est
503 279 594 297 textus
612 269 642 298 in
659 279 727 297 tom.
742 281 767 298 :-
789 267 896 312 Conti-

94 313 158 342 lior.
168 311 212 341 ubi
224 311 260 339 de
277 311 412 340 Concilio
423 309 741 349 Constantinopolitano
754 311 789 337 V.
807 317 898 347 :igitur

96 350 282 388 α’μεσαυλῖω
301 351 415 382 surm&-
438 356 470 379 In
484 351 616 387 mesaulo'o
632 351 722 386 dytico
742 349 876 378 celebrato
889 370 895 380 ,

953 267 974 295 li
985 266 1078 295 §odim
1090 267 1120 295 in
1139 267 1214 296 eod.
1226 265 1367 296 Theodos.
1379 268 1424 297 lib.
1436 279 1462 301 7.
1485 268 1530 297 tit.
1546 273 1589 298 ¹8.
1599 279 1656 308 cap.
1669 274 1694 298 8.
1711 269 1760 298 ubi.

955 307 1008 336 fic.-
1021 307 1098 343 [Vel
1108 308 1282 347 metnlloperi
1293 308 1404 347 publico
1414 309 1561 348 deputetur
1571 330 1579 338 .
1590 312 1603 342 ]
1616 311 1690 340 Vide
1700 313 1757 340 Mi-

952 359 1021 377 nera
1029 369 1036 376 .

94 393 164 422 idest
174 414 182 425 ‚
195 393 224 420 in
234 393 291 420 aula
300 391 477 422 occidentali5
488 401 584 420 omnes
593 391 668 420 enim
678 391 809 419 lcftiones
819 399 895 418 mcn-
912 392 1104 420 ΜετΛιιυΜ.
1127 389 1202 419 Vide
1221 390 1324 419 Δίωνι
1334 410 1346 418 .

53 430 270 506 λίξςῒίῖξὶἳὶι.,
281 472 347 510 quid
359 472 483 502 hebraice
492 472 636 512 signis-icat.
647 471 722 501 Vide
729 471 877 509 Spathtster
888 491 895 497 .

54 517 245 546 Μι-’,ςοΝΑυτΑ
259 535 265 541 .
287 515 343 543 FR.
357 514 458 542 vilisin
471 514 536 542 navi
546 511 656 541 servus.
680 512 754 540 Vide
774 513 894 541 Hermo-

97 556 170 584 laum
183 555 328 584 Barbarum
340 576 348 588 ‚
361 554 517 592 &Ulpium
528 553 587 582 inl.
602 564 624 582 ι.
634 553 660 584 §-
676 562 699 581 ι.
708 551 735 581 ff.
745 563 806 582 nau.
818 562 894 590 caup.

91 599 119 626 ὃ(
132 596 194 625 stab.

911 433 1205 461 Mernuotsmomne
1216 452 1224 463 ,
1234 430 1369 460 Haeretici
1378 452 1386 465 ,
1398 442 1413 461 a
1422 437 1504 462 Meta
1513 454 1520 466 ,
1532 435 1559 461 3<
1569 437 1649 471 Ango
1659 455 1668 467 ,
1678 433 1759 465 idest.

952 471 1072 498 termino
1081 471 1196 510 angusto
1208 493 1216 504 ‚
1225 472 1365 500 coarffaco
1376 493 1383 504 ,
1396 474 1442 512 qui
1452 476 1479 502 δι’
1489 478 1619 512 Metangt
1630 475 1759 504 diceban-

951 520 996 539 tur
1008 530 1015 538 .
1038 511 1112 539 Vide
1123 512 1270 540 Collitiani
1283 524 1293 546 ,·
1309 523 1371 541 nam
1382 514 1503 543 termino
1511 516 1701 554 angustiabant
1713 516 1758 543 Fi-

953 551 1021 579 lium
1033 551 1061 579 in
1071 552 1178 581 divinis
1189 574 1197 585 ‚
1220 552 1364 582 afferentes
1374 555 1453 583 illum
1464 554 1588 593 respestu
1608 557 1696 586 Patris
1705 554 1758 584 ess'e

951 601 1080 630 tanquam
1088 593 1235 621 continens
1247 593 1276 622 in
1285 604 1420 624 contento
1432 617 1439 628 ,
1466 607 1566 635 24.qu.
1580 604 1676 635 3.can.
1689 608 1738 636 39.

53 637 273 666 Misomcnus
287 656 293 663 .
303 637 360 665 PR.
369 634 456 664 dietio
465 633 658 673 gneo-latina
673 655 679 666 ,
697 644 731 662 ex
740 631 842 671 μέσος,
853 633 895 661 id·
912 633 1086 661 Mens-ou
1101 655 1109 666 ‚
1120 643 1207 671 graeca
1217 634 1302 662 dictio
1309 631 1442 671 μετάνοια,
1452 647 1512 676 quae
1524 639 1635 676 proprie
1644 646 1759 670 mentis,

94 677 132 706 est
145 698 152 710 ,
164 676 243 705 semis
254 696 263 709 ,
273 679 301 704 ἃ
313 676 413 714 Ρίςειῐιις
423 696 432 708 ,
442 675 487 703 seu
498 676 615 714 piceatus
625 697 632 708 ,
643 679 670 703 ὅ(
682 674 761 703 sonat
770 673 893 713 semi-pi-

92 727 183 746 ceatus
194 739 202 750 ‚
215 716 275 755 pice
284 715 470 744 semi-illitus⁴
802 755 806 760 ¹

51 759 257 788 Misonomvs
270 778 278 789 ,
291 756 479 795 μεσὸτροπος,
501 754 615 785 habetur
623 755 684 785 haec
703 756 789 785 difflo
801 766 829 784 in
840 754 895 784 scr-

95 808 178 827 mone
187 798 225 826 D.
237 797 386 835 Cypriane
395 796 528 825 attributo
537 797 572 825 de
581 797 678 825 ultima
688 797 798 826 Christi
807 806 894 829 coena,

93 839 139 868 ubi
150 838 256 867 Αυᾶοι-
266 838 339 866 varia
349 839 507 867 Sanfiorum
517 838 622 876 antiqui
637 838 792 866 testamenti
813 837 895 865 vesti-

90 888 186 908 menta
196 877 313 917 assignat
321 899 330 911 ,
350 882 377 907 &
388 878 422 907 ad
433 888 528 906 eorum
551 879 670 907 aetiones
679 878 801 908 alludens
812 899 819 910 ,
838 879 875 906 ait
887 889 891 905 :

93 920 188 955 [Elias
195 929 302 947 aereem
313 941 320 951 ,
335 920 414 948 Hev:
427 919 579 947 arborinam
590 941 599 952 ,
609 920 670 957 job.
682 920 828 958 biplagizun
839 941 847 951 ‚
860 922 895 947 E—

91 960 160 988 salas
168 959 353 998 mesotropam
363 962 393 991 .]
419 960 488 996 Quae
499 960 596 988 ultima
605 961 690 989 dic‘tio
704 960 840 999 significat
853 958 894 988 se-

90 1000 229 1029 misestam
239 1022 246 1033 ‚
258 1001 321 1039 quia
332 999 421 1029 Esaias
430 1010 479 1038 per
488 1001 607 1029 medium
619 1000 704 1029 sectus
714 1001 784 1029 obiit
797 1021 804 1028 .

50 1043 281 1076 MtstJTAAER.
292 1039 515 1079 Superstitiosum
528 1041 804 1071 Machometanorum
813 1044 895 1070 Tem-

91 1083 167 1120 plum
178 1103 185 1110 .
197 1083 339 1111 Clement.
350 1082 384 1111 de
395 1081 498 1121 Judaeis
507 1103 514 1115 ,
534 1086 561 1112 ἃ
573 1082 710 1112 Saracenis
720 1104 726 1111 .
749 1083 821 1111 Vide
831 1087 895 1112 Ma-

88 1125 211 1152 homeria
219 1142 226 1150 .

51 1165 240 1192 ΜεςεΑσετε
251 1185 259 1196 ‚
269 1163 313 1192 seu
325 1167 475 1202 Maffagetae
487 1163 605 1202 Populi.
618 1166 654 1193 V.
664 1169 813 1193 samareus
825 1183 832 1192 ·

50 1206 239 1233 MtssAtiAxr
253 1225 260 1232 .
285 1204 357 1232 Vide
367 1206 516 1241 Astericon
530 1225 537 1236 ,
548 1210 703 1233 Precatores
714 1226 721 1232 .

48 1246 206 1277 Missam,
214 1246 244 1273 in
254 1245 346 1274 Sicilia
356 1243 524 1273 nobilissima
535 1245 662 1274 Civitas:
673 1255 728 1284 quo
738 1246 771 1274 ad
782 1247 839 1281 ejus
851 1255 896 1273 ec-

88 1284 250 1314 clesiasticos
260 1285 327 1314 ritus
337 1307 346 1318 ‚
357 1289 384 1314 ὅ(
394 1286 447 1314 alia
457 1305 464 1313 .
488 1285 562 1327 Vide.
570 1287 810 1314 Archimandrtm
821 1308 827 1318 ,
839 1290 894 1314 Ca-

90 1336 170 1353 maus
183 1347 190 1359 ,
204 1330 298 1355 Μήνα
306 1347 315 1359 ‚
325 1327 490 1355 Palmatina
501 1346 509 1359 ,
520 1329 683 1364 Penteeaestes
693 1348 700 1359 ,
713 1331 874 1364 Protopapas
886 1350 893 1361 ,

87 1367 215 1395 Rheuma
226 1387 234 1398 ,
246 1371 407 1401 Succenror,
419 1368 525 1405 Ws'pera
536 1387 543 1394 .

47 1408 161 1435 Messm
174 1426 181 1434 .
205 1408 279 1436 Vide
300 1408 369 1436 Stloe
383 1428 390 1435 .

53 1447 163 1476 Μεςεις
174 1467 181 1475 .
205 1448 278 1476 Vide
287 1451 368 1476 Feria
375 1455 486 1486 propter
494 1448 602 1484 mefflm
613 1468 620 1476 .

951 671 998 701 seu
1007 673 1093 701 animi
1105 695 1112 707 ‚
1135 677 1163 702 δ(
1173 675 1306 713 propositi
1327 679 1474 707 conversio
1494 678 1647 716 significat.-
1662 687 1760 708 verum

953 714 1024 752 apud
1034 715 1184 743 nonnullos
1193 715 1353 754 posterioris
1365 718 1417 745 :evi
1429 718 1562 747 Audores
1580 730 1631 758 pro
1643 720 1761 749 inclina-

951 755 1029 783 tione
1040 755 1176 793 profiinda
1188 778 1196 788 ‚
1220 756 1264 785 vel
1274 757 1458 794 prostratione
1479 758 1548 788 solet
1568 759 1689 799 usurpari
1701 772 1707 792 i
1733 770 1762 788 :tt

952 796 1015 833 quia
1024 797 1108 835 greci
1118 797 1270 832 Presbyteri
1283 797 1311 825 in
1321 797 1490 828 confessione
1499 799 1590 830 solent
1601 811 1652 840 pro
1663 802 1758 840 poeni-

952 836 1040 865 tentia
1049 836 1198 874 profundas
1210 838 1406 867 inclinationes
1416 840 1564 878 imponere
1575 863 1583 874 ,
1602 852 1667 881 quas
1678 843 1757 871 ulim-

951 886 987 905 tas
997 877 1069 916 apud
1076 879 1190 906 Graecos
1200 877 1250 907 esi'e
1260 879 1381 908 diximus
1393 881 1422 908 in
1434 881 1761 921 dic't.Gemfiexio.l-1inc

952 918 990 946 est
1002 939 1009 951 ‚
1029 918 1105 957 quod
1116 918 1268 957 promiscue
1277 925 1422 950 Metanaea
1434 932 1484 960 pro
1503 924 1672 961 poenitentia
1688 923 1762 963 saepe

952 967 1010 986 tum
1019 959 1092 998 apud
1101 969 1208 998 graecos
1217 961 1320 994 Patres,
1332 972 1394 990 cum
1404 963 1505 992 latinos
1514 963 1668 1003 usurpetur.
1682 966 1761 1001 [Sur-

951 1009 1083 1028 rexerunt
1091 1010 1187 1028 omncs
1197 1011 1258 1029 cum
1269 1001 1364 1040 gladio
1375 1023 1382 1030 .
1392 1007 1420 1032 ἃ,
1433 1004 1572 1040 lacrymis,
1583 1009 1610 1034 &
1625 1005 1760 1034 miserunt

953 1050 1118 1070 metanoeam
1129 1045 1157 1070 ὃ(
1166 1042 1257 1070 oratio
1267 1041 1333 1070 faeta
1345 1044 1402 1072 est.
1415 1045 1507 1074 Annst.
1520 1045 1670 1078 Biblioth.]
1685 1048 1760 1082 Qua.-

952 1091 980 1109 re
991 1080 1112 1110 reserens
1123 1081 1167 1120 pia
1175 1093 1258 1121 opera
1267 1084 1362 1112 Petrus
1372 1085 1532 1119 Damimus,
1543 1096 1601 1125 quae
1614 1088 1645 1116 ab
1655 1087 1760 1116 Eremi-

951 1122 986 1151 tis
1001 1132 1054 1161 pto
1063 1123 1197 1151 defunftis
1208 1123 1331 1152 fratribus
1348 1124 1472 1154 solebant
1483 1126 1608 1165 impendi
1621 1150 1628 1161 ,
1650 1128 1760 1167 inquit:

955 1164 1050 1199 [Cum
1064 1162 1147 1192 frater
1156 1164 1267 1202 quidam
1278 1175 1310 1193 ex
1323 1165 1420 1194 nostris
1432 1167 1533 1203 obierit
1544 1189 1555 1201 ‚
1574 1167 1761 1208 unusquisque

952 1214 1002 1242 pro
1013 1214 1046 1233 eo
1056 1203 1162 1242 septem
1172 1204 1331 1243 disciplinas
1342 1216 1403 1234 cum
1414 1208 1536 1236 millenis
1545 1208 1686 1249 scoparum
1698 1210 1762 1238 icti-

951 1245 996 1272 bus
1006 1245 1103 1283 accipit
1114 1267 1122 1277 ‚
1133 1243 1324 1285 septingentas
1334 1256 1483 1277 metanoeas
1494 1248 1560 1277 facit
1571 1271 1578 1282 ,
1588 1250 1705 1289 triginta
1716 1251 1761 1279 in-

952 1284 1031 1323 super
1041 1285 1168 1324 psalteria
1179 1290 1232 1316 ἃς.
1243 1289 1256 1319 ]
1268 1287 1310 1315 ubi
1322 1297 1472 1318 metanoess
1484 1289 1631 1327 profundas
1643 1291 1762 1320 inclina-

951 1326 1040 1354 tiones
1050 1326 1275 1366 intelligit.1tem
1287 1333 1432 1358 Metanoea
1441 1330 1576 1369 fignificat
1589 1331 1763 1362 Asceterium

956 1367 1156 1405 poenirentium
1167 1369 1312 1397 mulierum
1323 1390 1332 1402 ‚
1349 1371 1425 1408 quod
1438 1382 1540 1400 nomen
1551 1373 1654 1412 accepit
1665 1384 1679 1402 a
1687 1374 1762 1402 cele-

950 1408 996 1436 bre
1008 1408 1181 1437 Monasterio
1192 1410 1390 1439 Alexandrino
1399 1433 1408 1444 ,
1420 1415 1494 1447 cujus
1505 1412 1536 1441 sit
1547 1415 1652 1442 mentio
1664 1415 1694 1442 in
1707 1415 1761 1442 aet.

950 1449 1064 1478 Concil.
1074 1447 1286 1479 Chalcedoncn.
1298 1451 1405 1480 afflone
1415 1463 1442 1489 3.
1453 1454 1484 1481 in
1496 1453 1604 1492 praefat.
1621 1454 1655 1482 ad
1665 1457 1762 1494 Regu·

52 1487 201 1515 Messtvus
213 1508 222 1519 ,
242 1488 409 1523 adjestivum
423 1498 525 1516 nomen
536 1509 543 1520 ‚
563 1488 597 1516 ad
607 1487 716 1516 mess'em
733 1487 875 1525 pertinens
886 1510 893 1517 .
949 1489 1004 1517 lam
1015 1509 1022 1517 .
1047 1489 1120 1517 Vide
1136 1491 1270 1519 Palmata
1282 1512 1288 1519 .

90 1531 104 1560 t
117 1527 172 1564 Ipsi
184 1536 250 1555 vero
261 1528 460 1564 responderunt
471 1527 499 1556 se
509 1527 624 1557 messivo
636 1528 763 1566 tempore
780 1539 893 1573 occupa-
910 1530 1121 1559 Mun-ouum
1131 1552 1139 1564 .
1159 1536 1284 1560 Metator
1295 1553 1302 1565 ,
1325 1535 1353 1561 &
1373 1538 1502 1563 Meratus
1511 1554 1519 1561 .
1544 1535 1617 1564 Vide
1638 1536 1697 1574 As>
1705 1539 1762 1566 au·-

92 1575 134 1593 tos
146 1587 152 1592 .
176 1567 299 1595 Fulbem
314 1567 390 1605 epist.
403 1578 449 1605 39.
464 1570 476 1599 ]
498 1572 524 1597 ὃ(
537 1568 616 1596 serias
635 1578 751 1608 propter
766 1569 892 1599 messem:
949 1582 1011 1599 cum
1021 1591 1027 1598 .

89 1611 103 1640 [
115 1605 193 1635 Messi
199 1617 243 1634 vas
254 1607 330 1636 ferias
339 1629 346 1641 ‚
357 1607 435 1646 epist.
452 1613 494 1636 18.
507 1611 520 1640 2
532 1608 605 1637 idem
614 1610 733 1648 appellat
743 1630 750 1637 .
910 1613 1042 1641 Mis-rm
1055 1632 1063 1644 ‚
1073 1610 1188 1641 sericum
1197 1624 1231 1641 ex
1243 1624 1334 1652 graeco
1343 1611 1462 1653 με’πκξα,
1473 1620 1499 1645 5<
1513 1616 1623 1654 proprie
1635 1617 1764 1652 crudum,

49 1646 142 1675 Μετᾼ
154 1668 162 1680 ,
174 1650 298 1677 Atei-vus
306 1648 441 1677 frumenti
451 1668 459 1675 .
472 1654 484 1684 [
497 1651 620 1679 Adervos
630 1673 638 1684 ,
653 1660 721 1689 quos
730 1660 816 1679 metas
826 1650 894 1680 dici·
950 1652 1102 1681 intincium
1113 1674 1121 1685 ,
1133 1664 1162 1682 ac
1174 1655 1239 1682 rude
1249 1654 1366 1683 sericum
1376 1656 1464 1684 latine
1475 1656 1611 1695 fignificat
1630 1663 1642 1693 [
1654 1659 1762 1687 Serico<

90 1697 149 1715 mus
159 1709 167 1720 ‚
189 1687 255 1716 fecit
264 1710 271 1721 ,
292 1699 321 1718 ut
331 1689 437 1727 populo
449 1688 520 1718 fame
539 1691 630 1729 postea
640 1691 792 1720 laboraturo
802 1714 809 1725 ‚
829 1692 894 1721 inde
949 1693 1040 1722 blattae
1051 1715 1059 1726 ‚
1071 1697 1098 1722 δ(
1110 1704 1225 1723 metaxa:
1236 1694 1337 1733 species
1348 1717 1356 1724 .
1368 1697 1441 1726 Cod.
1454 1698 1523 1736 Just.
1536 1698 1582 1727 lib.
1598 1710 1639 1727 ιο.
1651 1699 1696 1728 tit.
1709 1704 1732 1728 8.
1745 1702 1759 1731 ]

89 1726 236 1757 subvenire
255 1731 374 1759 valeret.
395 1730 714 1761 HincmarAElaemenfis
723 1731 855 1771 Archiep.
866 1733 894 1762 in
951 1737 979 1763 ὃ(
990 1733 1019 1762 in
1028 1735 1154 1771 pandest.
1173 1737 1193 1764 l.
1205 1747 1254 1774 39.
1272 1738 1349 1765 Hinc
1359 1738 1566 1777 Italicorrupte
1584 1740 1710 1778 Mataffa
1730 1741 1762 1769 di

90 1768 148 1795 vita
158 1770 183 1797 S.
194 1770 327 1809 Remigii.
340 1773 351 1802 ]
366 1772 437 1798 Item
450 1771 569 1808 pretium
581 1782 670 1801 rerum
681 1773 893 1802 comestibilium
944 1775 1012 1811 seta
1029 1774 1126 1804 dicunt
1136 1796 1144 1804 .

90 1807 238 1838 stabilitum
247 1831 255 1842 ,
267 1814 295 1840 δε
305 1821 428 1840 taxatum
440 1833 447 1844 ,
459 1812 533 1850 quod
544 1812 573 1840 in
582 1812 677 1841 Sicilia
686 1834 693 1845 ,
705 1817 731 1842 ὃς
745 1815 840 1843 Melita
851 1815 896 1843 ad·
911 1817 975 1844 Mn
984 1825 1129 1845 EMPsYel—{I
1141 1839 1148 1849 ‚
1160 1827 1174 1845 a
1186 1827 1274 1856 graeca
1286 1817 1409 1847 dictione
1420 1816 1651 1859 Μεγεμψιίχοσις
1662 1843 1669 1854 ,
1681 1821 1761 1854 idest,

92 1847 146 1875 huc
157 1853 238 1878 Meta
256 1851 378 1881 dicitur:
400 1857 412 1887 [
425 1851 608 1891 Acceptisque
616 1853 739 1882 clavibus
755 1863 838 1883 metas
849 1866 895 1884 an-

93 1899 176 1917 nonae
187 1910 194 1921 ‚
215 1900 276 1927 quae
287 1891 402 1920 aderant
412 1914 419 1924 ,
439 1892 522 1921 elidit
531 1914 538 1921 .
557 1895 644 1932 Greg.
655 1897 796 1924 Turonen.
808 1896 855 1926 lib.
871 1907 895 1932 ς.

92 1938 150 1966 cap.
165 1940 210 1963 4¹·
224 1932 236 1961 ]
262 1932 318 1960 PR.
331 1932 476 1970 Accipitur
485 1943 594 1972 quoque
608 1945 659 1973 pro
669 1945 831 1976 quocunque
841 1946 896 1965 ter-

95 1971 173 1998 mino
185 1992 192 2003 ‚
215 1981 243 1998 ac
255 1972 354 2000 ordine
375 1977 387 2007 [
399 1974 542 2003 Nonnulli
553 1975 734 2014 Inquisitores
743 1987 792 2015 per
800 1977 897 2006 Sedem

93 2010 287 2048 Apostolicam
297 2023 394 2042 contra
405 2014 572 2052 pravitatem
581 2014 742 2045 haereticam
753 2017 876 2056 deputati
890 2041 898 2052 ,

91 2059 178 2079 metas
198 2052 367 2082 sibitraditzs
391 2055 552 2086 excedentes
563 2060 615 2085 δα·-
633 2058 776 2086 Clement.
788 2070 811 2087 c.
831 2071 852 2087 ι,
864 2059 898 2088 de

91 2093 198 2121 Haeret.
211 2094 223 2124 ]
247 2095 320 2122 Vide
340 2095 421 2132 Nyffa
435 2116 440 2123 .
460 2099 545 2133 Rasta
555 2117 563 2124 .
584 2099 657 2126 Item
676 2104 758 2127 Meta
765 2099 900 2138 fignificat

92 2142 219 2170 quartam
238 2134 311 2163 dotis
332 2144 468 2170 taxatam,
490 2138 509 2165 l.
527 2138 546 2166 fi
567 2137 629 2177 quis
645 2137 819 2175 sponsaverit
833 2162 842 2174 ‚
865 2141 899 2170 de

90 2172 245 2211 Sponsaliba
265 2178 292 2204 ἀ
314 2177 330 2204 l·
350 2175 369 2205 fi
384 2177 472 2215 puella
483 2199 491 2211 ,
511 2177 546 2206 de
554 2177 597 2206 his
607 2199 615 2211 ‚
636 2179 683 2217 qui
703 2179 759 2207 fine
780 2181 880 2210 volunt
890 2202 898 2210 .

92 2213 255 2242 Mundualdi
265 2235 273 2242 .

51 2254 245 2283 MisTAcisMus
257 2278 265 2289 ‚
288 2256 461 2296 imper-festio
469 2257 501 2287 in
509 2259 600 2288 crebra
611 2259 843 2298 pronunciatione
851 2262 898 2291 lit-

89 2304 157 2324 terae
170 2297 200 2324 M
212 2317 219 2328 ,
242 2296 271 2324 in
279 2298 376 2327 eodem
397 2299 530 2337 periodo,-
549 2300 636 2339 aliqui
658 2310 748 2329 tamen
765 2305 898 2340 Mytaczs-

88 2346 169 2365 mam
175 2336 337 2375 appellants
359 2339 406 2368 sed
416 2338 568 2378 sequendus
578 2341 615 2371 est
627 2341 718 2379 potius
729 2342 897 2381 eloquentis-

90 2375 171 2406 fimus
182 2377 220 2406 D.
230 2380 384 2419 Gregorius
394 2402 402 2414 ,
414 2381 460 2420 qui
472 2380 500 2410 in
510 2381 588 2421 epist.
597 2382 630 2411 ad
641 2382 794 2413 Leandrum
805 2384 895 2424 Episc.

951 1856 1049 1884 animae
1060 1856 1285 1895 transmigratio,
1299 1860 1433 1894 Haeretici
1446 1861 1583 1893 dicuntur,
1593 1862 1640 1898 qui
1651 1862 1685 1890 ad
1697 1863 1764 1892 imi-

953 1896 1089 1924 tationem
1099 1898 1349 1937 Pythagoricorum
1365 1901 1637 1939 transmigrationem
1659 1913 1762 1932 aninm-

952 1947 1012 1965 rum
1024 1936 1181 1966 asserebant.
1195 1940 1302 1973 [Nemo
1311 1950 1371 1969 cum
1383 1941 1440 1969 haec
1452 1942 1528 1970 audit
1539 1942 1763 1982 metempsychos

954 1978 1070 2016 imputet
1079 1999 1087 2006 .
1107 1978 1242 2014 Chry-sol.
1254 1978 1333 2009 serm.
1346 1986 1391 2010 88.
1401 1983 1497 2021 Imque
1509 1983 1761 2022 metempsychosin

955 2017 1104 2048 necessario
1127 2020 1271 2048 imminere
1282 2042 1289 2052 .
1312 2022 1331 2050 ii
1352 2023 1450 2051 nonin
1460 2023 1551 2061 primo
1569 2034 1681 2064 quoque
1692 2026 1760 2056 vitre

953 2058 1034 2096 hujus
1042 2070 1195 2089 commeitu
1204 2063 1331 2090 omnibus
1342 2063 1456 2099 inclytis
1464 2062 1584 2094 fitisfiat.
1595 2066 1761 2096 Tertullian-

954 2100 988 2128 de
998 2110 1088 2129 anima
1105 2112 1129 2129 c.
1154 2104 1220 2133 11.]
1243 2104 1322 2131 Hanc
1335 2104 1446 2142 impiam
1465 2105 1623 2135 doCtrinam
1641 2106 1761 2137 aflet-unt

955 2141 1076 2169 Rabbini
1086 2163 1094 2174 ,
1112 2141 1331 2180 blasphemantes
1339 2166 1348 2177 ,
1369 2145 1446 2183 quod
1457 2146 1558 2175 Adami
1571 2148 1662 2176 anima
1672 2158 1759 2177 trans-

951 2182 1107 2220 migratura
1118 2183 1150 2211 fit
1161 2183 1190 2211 in
1202 2182 1323 2212 futurum
1333 2184 1476 2218 Meffiams
1493 2187 1583 2226 igitur
1592 2187 1651 2217 haec
1661 2189 1760 2227 pytha-

951 2223 1046 2260 gorica
1056 2224 1158 2261 opinio
1167 2222 1219 2251 fuit
1237 2225 1437 2263 antiquainter
1449 2228 1582 2257 Hebraeos
1599 2240 1613 2258 a
1633 2239 1759 2268 tempore

951 2261 1062 2292 Christi
1072 2264 1103 2292 in
1114 2265 1192 2293 terris
1202 2264 1332 2304 degentis
1343 2288 1350 2299 ,
1373 2267 1419 2306 qui
1430 2268 1509 2297 illum
1526 2270 1656 2307 putabmt
1668 2271 1736 2299 Eliae
1750 2292 1760 2304 ,

950 2313 996 2331 aut
1006 2304 1133 2341 Jeremia:
1143 2326 1152 2338 ,
1173 2305 1217 2333 vel
1227 2307 1340 2342 alicujus
1351 2308 1462 2337 alterius
1471 2309 1618 2348 Prophetae
1640 2311 1761 2340 animam

951 2343 981 2372 in
993 2343 1020 2372 se
1031 2344 1148 2373 habuisse
1160 2365 1166 2372 .
1177 2347 1240 2374 Imo
1249 2350 1276 2376 ὅ(
1288 2348 1413 2378 Herodes
1423 2350 1561 2389 cogitavit
1573 2351 1688 2389 Joannis
1699 2353 1759 2380 :ini-

950 2394 1024 2414 mnm
1042 2386 1074 2415 in
1092 2385 1238 2416 Christum
1255 2390 1477 2430 transmigratum
1496 2413 1504 2426 ,
1531 2392 1641 2431 quando
1663 2392 1737 2422 dixit
1751 2405 1756 2421 :

1601 2438 1611 2468 [
1626 2434 1717 2469 Quem
