1866 2526
512 42 595 88 SI

1346 48 1374 91 S
1406 53 1426 92 Ι
1677 46 1757 100 όὲῐ

164 99 366 135 Ωῑρχίοὼῃῑῃξ
374 99 728 142 sanguinemDominicum
739 109 788 141 per
809 100 953 141 siphonem
970 99 1101 131 Sis-rium
1112 101 1250 143 ζσεῗςρον.
1269 105 1326 135 FR-
1336 106 1498 146 crepitaculi
1505 111 1745 150 genus.];P0rro
1753 125 1817 147 cum

163 156 198 175 ex
208 144 302 175 Calice
310 163 319 176 ‚
337 142 488 173 sustentato
505 154 520 172 :i
530 143 736 173 concelebrante
746 143 872 173 Diacono
883 164 891 176 ,
908 143 954 181 qui

164 185 277 215 interim
293 184 354 214 haec
364 185 445 214 verba
458 184 670 222 pronunciabat:
693 184 827 222 [Sanguis
837 183 954 213 Domini

164 225 247 255 nostri
255 224 322 263 Jesu
333 224 442 255 Christi
453 225 586 254 custodiat
597 225 715 254 animam
741 234 814 253 tuam
826 225 855 254 in
868 224 955 252 vitam

162 276 293 295 eternam
305 287 312 298 ,
323 269 416 296 Amen
427 267 456 296 .]
479 269 513 294 Et
523 265 541 294 si
554 265 624 294 forte
636 265 667 293 in
679 264 772 293 eadem
783 266 871 304 papali
883 265 955 303 Cap-

159 307 230 344 pella
247 307 346 345 aliquis
356 309 418 336 Rex
437 315 501 334 tunc
521 315 642 344 repertus
653 304 717 333 efl‘et
726 327 734 338 ,
755 305 776 333 is
795 305 933 334 associatus
942 315 956 333 a

159 345 278 376 secundo
299 346 444 376 Cardinali
455 345 593 385 Episcopo
603 368 611 379 ,
633 355 713 384 quem
733 346 885 375 Davantria
894 345 955 374 sub-

158 387 278 425 priorem
288 387 554 426 :ippellat‚accedebat
563 387 597 415 ad
608 387 743 418 Altum&
753 386 900 424 recipiebat
915 384 954 414 sa-

157 437 326 456 cramentum
336 427 382 456 sub
390 438 504 466 utraque
513 426 610 466 specie:
621 425 695 455 sicin
706 426 781 463 praxi
793 425 838 454 hic
851 428 954 455 Auctor

159 468 270 497 testatur
278 467 306 497 sc
316 467 410 497 vidiss'e
420 468 454 497 de
463 478 527 496 ann.
535 477 564 506 ¹3
573 477 586 503 5
594 476 618 502 5.
630 467 740 506 quando
750 465 781 493 in
790 466 836 494 die
845 465 952 494 Paschae

157 518 206 547 per
223 519 316 538 manus
329 508 488 537 Innocentii
499 509 552 536 1v.
574 508 799 536 communionem
811 516 951 550 acceperat

157 551 251 578 Petrus
261 551 323 579 Rex
336 547 518 588 Aragonenlis
528 549 558 576 :ib
568 547 716 577 Albanenfi
738 545 875 585 Episcopo
885 548 951 576 asso-

156 589 242 617 ciatus
252 609 259 617 .
282 591 318 618 In
326 589 371 618 die
379 599 468 618 autem
479 588 551 616 i‘ei-iae
566 588 670 626 quintae
689 588 719 615 in
731 588 822 616 Coena
831 588 949 616 Domini

154 630 188 658 :id
199 630 359 658 imitandam
379 628 485 660 Christi
495 627 682 656 humilitatem
699 628 735 656 ait
755 627 828 656 idem
838 629 947 657 Davan-

154 670 205 698 tria
215 691 223 703 ,
234 671 308 709 quod
319 681 327 697 :
343 669 494 705 [Pontifex
505 667 576 696 solus
585 669 772 697 communicat
779 668 859 706 super
871 669 947 698 Alm-

153 720 181 739 re
192 710 248 739 siue
258 710 388 739 ministris
400 732 406 742 ,
418 714 445 739 ὃς
458 719 515 737 non
526 719 586 737 cum
598 710 719 740 calamos
739 708 786 738 sed
797 719 858 738 cum
868 709 947 737 Cali-

151 761 182 780 ce
190 760 294 779 tantum
305 749 332 778 se
343 749 488 778 confirmat
500 749 546 777 illa
556 749 602 778 die
611 752 641 781 .]
655 751 745 778 Etiam
755 750 829 779 Laiii'
839 771 847 782 ,
860 760 943 787 quan—

149 791 187 819 do
204 791 355 830 antiquitus
372 789 418 819 sub
430 800 542 828 utraque
564 789 652 829 specie
670 791 838 828 recipiebant
860 790 943 819 sacra-

147 840 271 860 mentum
283 853 291 865 ‚
311 841 359 869 per
378 831 448 859 lianc
468 831 582 859 fistulam
598 830 761 870 sanguinem
780 830 924 860 sorbebant
935 853 942 859 .

148 878 161 907 [
171 871 242 907 Quia
251 870 390 911 sanguinis
400 871 491 901 effusio
502 881 614 909 propter
624 871 781 900 incultioris
791 872 888 911 populi
900 882 942 900 ru-

147 914 295 942 sticitatem
306 912 405 940 merito
415 913 560 941 timebatur
571 934 578 945 ,
589 912 715 941 calicibus
726 923 812 941 canna
821 912 858 941 est
870 913 942 941 feru-

146 953 249 982 minata
268 953 414 991 aflai-ireque
424 952 524 981 inserta
535 972 542 980 .
563 953 680 982 Lindan.
690 953 721 981 in
733 956 835 992 Panop.
848 957 942 982 Evan-

146 993 203 1032 gel.
214 994 260 1022 lib.
271 1006 297 1029 4.
309 1003 366 1031 cap.
379 999 424 1028 56.
437 996 448 1025 ]
470 994 539 1028 Quae
550 1003 642 1022 tamen
652 1004 735 1022 carina
745 993 887 1023 sustentari
898 995 938 1023 in-

147 1034 244 1062 volum
253 1035 284 1062 ab
294 1035 419 1068 Acolyto
428 1033 531 1062 solebat
543 1059 550 1069 ,
561 1035 627 1064 licut
638 1034 722 1063 hodie
733 1035 763 1064 fit
775 1035 810 1064 de
818 1046 916 1074 patenti
926 1047 938 1064 a

147 1074 317 1103 Subdiacorio
330 1095 337 1102 .
360 1079 372 1109 [
387 1075 538 1110 Acolytum
559 1085 700 1114 patenam,
719 1079 746 1104 ὅ(
758 1075 873 1104 fistulam
890 1075 937 1104 ha-

148 1116 257 1143 bentem
266 1135 274 1142 .
286 1115 359 1144 Ord.
372 1117 456 1144 Rom.
469 1117 482 1147 ]
495 1117 618 1154 Angelus
628 1118 719 1144 Rocca
730 1118 760 1145 in
773 1117 886 1146 traftatu
904 1117 938 1145 de

143 1155 352 1184 communione
370 1155 474 1184 Summi
494 1156 636 1185 Pontificis
647 1158 684 1184 ait
702 1167 815 1186 cannam
825 1157 895 1186 hanc
909 1168 935 1186 a-

140 1196 289 1224 rundinem
299 1195 466 1234 significare,
486 1206 546 1225 cum
559 1207 609 1235 qua
621 1207 669 1235 per
678 1197 822 1237 spongiam
833 1207 936 1227 acetum

141 1235 212 1264 Chri
218 1236 256 1265 sto
265 1236 411 1265 crucifixo
422 1246 604 1274 porrexerunt
615 1237 715 1266 liebraei
727 1258 734 1266 .
754 1241 788 1267 In
799 1239 936 1268 Monaste-

141 1275 184 1304 tio
194 1276 347 1306 Casinensis
357 1278 458 1305 montis
467 1277 622 1306 ostenditur
635 1279 746 1317 antiqua
757 1279 844 1308 fistula
854 1302 862 1313 ,
885 1290 934 1319 qua

139 1317 282 1345 utebantur
291 1317 368 1345 illius
378 1317 430 1345 loci
442 1317 557 1346 Abbstes
568 1339 576 1351 ‚
599 1321 627 1347 ὃς
637 1318 668 1346 in
678 1319 798 1358 antiquis
811 1320 933 1349 Carthu-

137 1357 272 1386 fianorum
283 1356 389 1385 statutis
400 1357 434 1386 de
442 1368 472 1386 ea
479 1357 526 1386 sub
534 1357 578 1387 liis
589 1359 680 1387 verbis
689 1359 719 1388 fit
730 1361 845 1389 mentio:
859 1362 933 1396 [Or-

127 1407 265 1426 rnamenta
276 1407 354 1426 aurea
365 1419 372 1430 ,
384 1398 428 1426 vel
438 1408 565 1437 argentea
578 1409 679 1437 praeter
687 1401 813 1430 Calicem
826 1424 833 1435 ,
851 1406 878 1431 δ(
889 1413 932 1431 ca-

137 1437 238 1467 lamum
250 1460 256 1471 ,
275 1448 331 1476 quo
348 1437 457 1476 sanguis
473 1440 592 1468 Domini
613 1439 728 1469 sumitur
738 1463 746 1475 ,
766 1442 795 1470 iii
815 1443 932 1472 Ecclesia

137 1488 195 1505 non
213 1477 342 1506 habemus
352 1497 360 1504 .
380 1479 392 1508 ]
415 1480 471 1507 PR.
489 1480 588 1508 Rome:
609 1481 642 1508 iri
664 1482 780 1510 Eccleiia
799 1484 825 1511 S.
836 1484 929 1512 Mariae

136 1516 235 1545 scholae
245 1527 342 1557 graecae
355 1518 385 1545 in
394 1517 531 1553 cujusdam
541 1519 639 1558 lapidis
650 1520 831 1560 inscriptione
840 1545 847 1556 ,
869 1534 930 1562 quae

137 1557 236 1595 incipit
246 1580 253 1590 ‚
276 1559 355 1586 Sume
368 1558 516 1586 Valeriano
527 1563 579 1588 &c.
589 1570 714 1599 tempore
724 1563 839 1600 Joannis
851 1565 928 1603 Papa:

133 1598 184 1626 lx.
198 1598 233 1626 ibi
244 1597 328 1627 incisa
339 1619 347 1631 ‚
358 1607 522 1628 memoratur
531 1601 669 1637 cujusdam
680 1603 756 1640 pium
769 1605 927 1642 legatum&

133 1637 206 1666 inter
217 1639 268 1666 alia
279 1661 286 1672 ‚
296 1638 370 1678 quod
379 1639 489 1677 quidam
502 1641 614 1680 reliquit
625 1642 668 1670 illi
679 1643 803 1673 Eccieiiae
827 1646 927 1679 [Cali-

131 1688 191 1707 cem
202 1689 361 1718 argenteum
371 1689 525 1708 exauratum
534 1691 593 1710 cum
603 1683 707 1712 calamo
719 1705 728 1717 ‚
748 1688 776 1714 ὅ(
785 1693 884 1723 patei-ia
895 1706 902 1714 .
913 1689 925 1718 ]

1011 151 1199 186 reverteretur
1207 144 1328 182 perculso
1339 146 1504 176 Philisthaeo
1517 150 1621 186 David,
1633 154 1740 194 egress'ae
1751 155 1814 187 sunt

1013 183 1140 211 mulieres
1155 184 1190 212 de
1200 185 1334 215 universis
1343 187 1448 216 urbibus
1458 187 1541 218 Israel
1554 211 1562 224 ‚
1571 200 1714 224 cantantes
1724 218 1732 229 ‚
1743 197 1813 227 cho-

1011 221 1109 264 rosque
1119 224 1249 254 ducentes
1258 226 1288 254 in
1299 226 1441 256 occursum
1451 228 1511 257 Saul
1523 232 1620 270 Regis,
1632 234 1662 263 in
1673 228 1813 275 tympanis

1012 263 1118 293 laetitiae
1131 285 1138 297 ‚
1149 268 1176 294 δε
1187 266 1215 294 in
1225 265 1339 295 sinistris
1349 289 1357 300 ‚
1377 279 1399 296 i.
1411 272 1484 308 Reg.
1500 273 1543 298 i8.
1556 278 1583 300 6.
1593 273 1689 304 David
1700 287 1789 306 autem
1800 301 1809 312 ,

1010 307 1038 333 δε
1049 304 1140 333 omnis
1148 304 1232 334 Israel
1243 306 1373 336 ludebant
1392 319 1484 337 coram
1494 310 1623 342 Domino
1643 315 1674 344 in
1683 319 1810 348 omnibus

1010 344 1095 383 lignis
1105 344 1254 388 fabrefactis
1266 368 1274 380 ‚
1285 350 1312 376 δι
1324 347 1453 382 citharis,
1471 351 1578 386 &lyris
1587 375 1594 385 ,
1612 359 1640 385 δι
1651 359 1788 397 tympanis
1800 381 1810 392 ,

1008 387 1036 413 6<
1050 384 1132 414 listris
1143 406 1152 418 ‚
1165 389 1192 414 ὅ(
1202 387 1350 422 cymbalis,
1363 399 1389 418 2.
1403 392 1473 429 Reg.
1487 396 1514 419 6·
1528 394 1567 426 50]
1581 396 1674 434 Igitur
1685 409 1742 427 non
1751 408 1808 428 erat

1010 433 1127 458 aeneum,
1138 429 1165 454 ἃ
1173 428 1307 469 ·aegyptiis
1317 428 1396 458 Isidis
1406 429 1591 461 sacerdotibus
1598 439 1736 475 peculiare
1748 449 1808 468 mn-

1008 473 1068 493 tum
1079 485 1087 497 ‚
1098 475 1127 493 iit
1138 466 1244 496 asseruit
1253 469 1405 507 Calepinus
1414 491 1423 502 ‚
1435 473 1463 499 δι
1471 473 1542 509 apud
1550 484 1596 503 eos
1608 477 1669 505 vice
1678 480 1748 508 tubae
1759 481 1808 509 ad-

1006 503 1144 549 hibitums
1168 507 1232 536 licet
1241 507 1276 537 de
1287 510 1438 549 Cleopatra
1450 512 1532 552 Virg.
1555 519 1580 543 8.
1592 516 1711 548 AEneid.
1722 519 1807 550 semel

1007 555 1156 574 cecinerit:

1045 586 1155 629 Regina
1188 587 1219 616 in
1241 589 1339 618 mediis
1361 591 1451 629 patrio
1473 603 1555 623 vocat
1576 600 1688 636 agmina
1709 601 1784 631 fistro
1796 623 1804 631 .

1005 629 1040 654 Et
1057 626 1149 654 Ovid.
1172 637 1199 664 3.
1219 631 1316 658 Amor.
1338 632 1410 670 eleg.
1435 637 1460 660 8.

1041 666 1122 734 §Quini
1134 677 1183 727 pos
1194 667 1265 698 sacra
1273 673 1384 706 juvant?
1394 673 1461 711 quid
1470 684 1542 704 nunc
1552 682 1673 718 :egyptia
1685 681 1800 721 prosunt

1062 712 1082 734 11
1098 717 1124 734 m
1135 730 1141 735 .

1003 748 1078 776 Nam
1088 757 1121 775 ex
1132 747 1212 786 ligno
1224 749 1367 780 fabrefacto
1379 762 1436 782 erat
1447 775 1455 786 ,
1479 755 1586 788 fortasse
1596 765 1781 799 Symandrum
1790 786 1800 798 ,

999 787 1034 815 de
1044 798 1099 833 quo
1107 786 1154 816 suo
1165 789 1227 818 loco
1237 810 1244 817 .
1267 794 1308 820 Ac
1328 792 1403 821 listro
1413 795 1556 826 utebantur
1576 802 1657 831 etiam
1670 806 1780 835 Hebraei

997 828 1071 866 quod
1081 831 1115 856 iic
1124 830 1249 858 Tostatus
1259 831 1404 861 describit:
1419 836 1553 870 [Sistrum
1564 861 1572 872 ,
1584 828 1801 875 instrumentum,

997 869 1133 907 ligneum,
1145 871 1248 899 rotulas
1259 872 1386 911 quasdam
1394 873 1493 904 habens
1507 880 1639 912 volubiles
1650 884 1758 919 ferreas,
1769 891 1797 916 δ(

995 918 1055 937 cum
1067 910 1139 938 sistra
1150 920 1299 941 moventur
1309 937 1315 948 ‚
1326 917 1520 947 concutiuntur
1528 923 1623 952 rotula:
1634 924 1728 956 ferreae
1770 931 1798 957 ἃ

995 950 1114 994 reddunt
1126 950 1308 986 harmoniam,
1321 954 1461 993 hispanice
1470 957 1574 999 sonajas
1585 969 1596 998 (
1608 966 1706 995 Italica
1715 950 1795 1002 so’na*

988 990 1054 1034 gli)
1073 991 1221 1021 dicuntur.
1246 995 1306 1024 Alii
1328 996 1488 1028 existimant
1508 1001 1581 1031 fistra
1591 1005 1642 1033 effe
1659 1007 1722 1036 duas
1735 1018 1795 1047 par-

993 1032 1088 1059 ticulas
1099 1031 1196 1060 ferreas
1206 1045 1348 1069 concavas,
1363 1046 1422 1075 quae
1434 1049 1495 1068 cum
1506 1045 1626 1073 manibus
1637 1056 1784 1078 tencantur

991 1071 1205 1107 concutiuntur,
1215 1078 1242 1104 3<
1254 1074 1353 1104 sonum
1363 1078 1482 1108 reddunt
1493 1103 1500 1114 ‚
1519 1092 1580 1121 quae
1592 1085 1733 1125 hispanice
1745 1071 1795 1119 Pe:

995 1113 1164 1141 renumellas
1176 1124 1309 1144 vocantur
1319 1136 1326 1144 .
1351 1118 1411 1146 Alii
1424 1121 1535 1150 tandem
1543 1135 1641 1163 putant
1653 1128 1728 1159 fuille
1747 1132 1792 1160 in-

991 1152 1172 1182 strumentum
1193 1166 1254 1184 cuin
1265 1157 1349 1186 tribus
1359 1157 1469 1189 chordis
1480 1183 1488 1194 ,
1509 1163 1541 1192 in
1557 1176 1579 1194 i.
1591 1168 1662 1207 Reg.
1674 1179 1731 1209 cap.
1748 1178 1792 1201 16.

993 1202 1061 1221 torn.
1074 1205 1099 1222 2.
1111 1195 1205 1233 quaest.
1220 1207 1263 1236 ¹3·

951 1233 999 1262 Sii·
1009 1235 1118 1263 NOMEN
1131 1236 1248 1266 Donum
1259 1240 1456 1271 ΒεκεῡιςτυΜ
1468 1265 1476 1277 ,
1488 1255 1522 1274 an
1535 1247 1685 1288 Episcopus
1694 1251 1790 1282 debeat

992 1274 1022 1321 in
1031 1275 1225 1322 benedictione
1236 1278 1319 1307 Miffie
1332 1280 1449 1318 privatae
1459 1286 1581 1324 proferre
1592 1309 1600 1317 .
1619 1291 1692 1320 Vide
1703 1298 1788 1323 Bene-

989 1315 1072 1343 dicho
1087 1317 1238 1352 solemnis.

947 1355 1114 1384 SITARCHIA
1125 1379 1132 1390 ‚
1143 1358 1280 1398 σιναρχία
1291 1381 1299 1394 ,
1317 1359 1448 1393 horreum
1458 1369 1570 1407 proprie
1582 1371 1717 1411 significat
1726 1396 1735 1408 ,
1756 1386 1786 1404 ac

993 1397 1154 1426 translative
1163 1401 1326 1436 apothecam
1338 1403 1371 1431 ad
1380 1407 1554 1438 condendum
1567 1422 1651 1441 omne
1670 1425 1787 1445 annonae

987 1447 1071 1480 genus
1081 1437 1196 1483 denotat
1206 1459 1213 1466 .
1227 1446 1238 1475 [
1251 1443 1355 1471 Verum
1364 1446 1426 1482 quia
1437 1457 1485 1485 per
1495 1459 1602 1489 campos
1615 1454 1718 1488 nudos,
1738 1466 1787 1495 pet

986 1476 1066 1520 lalsos
1080 1488 1213 1513 vertices,
1231 1483 1406 1519 perincertas
1417 1484 1582 1520 solitudines
1599 1494 1683 1523 afturi
1693 1494 1785 1526 sumus

991 1528 1061 1562 v.¹⁵¹¹,¹
1073 1539 1080 1551 ,
1092 1520 1171 1548 nobis
1183 1531 1240 1549 tota
1250 1523 1287 1550 est
1297 1522 1361 1552 escae
1374 1547 1382 1557 ,
1393 1529 1421 1555 &
1431 1537 1512 1565 potus
1521 1534 1655 1570 portanda
1665 1534 1784 1566 substan-

987 1567 1034 1586 tia:
1045 1569 1217 1605 imponamus
1226 1563 1408 1594 abundantem
1418 1566 1631 1602 misericordiam
1640 1577 1738 1606 nostrae
1749 1578 1783 1607 fi-

989 1599 1099 1628 tarchiae
1112 1606 1282 1638 prostitutam
1292 1625 1299 1632 .
1319 1606 1453 1642 Chrysol.
1464 1608 1543 1641 scrin.
1556 1617 1580 1641 8.
1595 1615 1669 1645 Vide
1679 1621 1783 1647 Sitoni-

985 1650 1047 1667 cum
1057 1660 1064 1668 .
1075 1642 1146 1669 Item
1155 1646 1297 1673 sitarchia
1307 1656 1426 1677 annonae
1438 1652 1626 1688 praesecturam
1635 1678 1644 1690 ,
1656 1661 1779 1687 &sitar—

983 1680 1034 1708 cha
1042 1691 1158 1710 annon-e
1169 1684 1324 1720 pioefeetum
1336 1688 1491 1727 lignificant
1501 1714 1508 1721 .

134 1719 203 1755 Quae
213 1719 360 1760 inscriptio
369 1719 478 1749 affertur
486 1721 568 1750 etiam
578 1722 608 1750 ab
619 1723 715 1752 eodem
726 1727 817 1754 Rocca
827 1745 834 1753 .
845 1727 927 1755 Dicc-
943 1719 1115 1750 SITARCH'M
1127 1742 1133 1749 ·
1154 1724 1209 1753 PR·
1222 1726 1322 1760 [Panis
1332 1729 1432 1759 defecit
1454 1733 1483 1760 in
1495 1734 1606 1764 fimrciis
1617 1737 1716 1768 nostris
1729 1761 1736 1773 ,
1749 1745 1776 1769 ἃ

130 1759 208 1788 batur
216 1760 305 1799 itaque
315 1765 416 1790 Canna
426 1782 434 1793 ,
456 1762 590 1791 Calamus
600 1783 610 1797 ,
626 1765 734 1801 Fistula
745 1784 753 1793 .
773 1766 846 1795 Vide
858 1771 926 1796 Con*

125 1799 208 1835 firmo
218 1822 225 1832 ,
236 1802 389 1838 Pugillari's
399 1821 406 1828 .

88 1837 229 1869 Sir-nonus
243 1862 251 1873 ,
271 1852 356 1880 geniis
367 1840 474 1870 textilis
484 1862 492 1870 .
517 1849 528 1879 [
540 1845 576 1873 In
585 1844 702 1874 Ciborio
714 1846 924 1878 Constantinia-

127 1889 170 1907 ηει-
181 1882 300 1910 Basilicae
319 1883 441 1920 optimos
449 1882 484 1911 de
495 1884 611 1922 fiplioi-is
621 1907 630 1919 ,
652 1889 680 1915 ὅ(
690 1887 725 1915 de
736 1886 850 1917 fundato
860 1900 923 1928 pan-

128 1930 179 1948 nos
187 1922 319 1959 appendit
330 1942 338 1950 .
355 1922 450 1951 Anzst.
474 1924 610 1954 Biblioth.
628 1926 659 1955 in
677 1927 799 1956 Nicolao
809 1948 816 1955 .
829 1931 842 1961 ]
862 1931 923 1960 Alii

126 1962 284 2000 Symphorus
293 1963 390 2001 legunt
400 1984 408 1996 ‚
429 1963 498 1992 idest
509 1986 517 1997 ,
536 1966 624 2000 byssus
634 1978 667 1996 ex
679 1967 775 2002 Syria5
795 1968 843 1998 alii
856 1981 924 2000 vero

126 2005 142 2028 S
145 2002 260 2038 etophori
263 2014 274 2031 s
284 2025 294 2037 ‚
304 2013 332 2031 ac
341 2003 388 2032 alii
397 2009 414 2032 S
415 2005 546 2042 erophon's
555 2026 563 2034 .

82 2041 269 2085 Sinouasus
281 2063 288 2071 .
304 2045 360 2073 FR.
369 2041 527 2083 σειρομάςις
538 2066 546 2074 .
567 2047 658 2087 [Legi
668 2047 744 2077 enim
763 2049 919 2080 siromasten

122 2080 240 2125 Phinees
250 2105 259 2116 ,
268 2083 450 2113 austeritatem
461 2086 549 2115 Heliae
560 2106 568 2115 .
580 2089 618 2116 D.
629 2089 799 2125 Hieronym.
809 2094 917 2130 ep.53.]

125 2122 223 2160 Aliqui
236 2123 265 2152 in
273 2134 330 2163 cap.
342 2136 356 2153 τ.
365 2134 389 2159 ς.
399 2126 554 2155 Numerum
564 2149 573 2160 ,
582 2131 660 2164 juxta
670 2130 729 2158 vim
739 2140 833 2169 graecae
845 2132 919 2161 vocis

122 2161 227 2207 hastam
236 2164 470 2204 interpretanturs
489 2165 537 2196 sed
548 2169 637 2198 nostra
647 2169 756 2208 vulgata
768 2171 918 2210 pugionem

122 2212 209 2231 vestit
220 2224 228 2237 ,
240 2204 368 2244 inquiens
378 2225 385 2234 .
409 2211 423 2241 [
435 2207 518 2241 Quod
528 2218 590 2237 cuin
599 2209 708 2239 vidiss'et
719 2210 836 2240 Phinees
846 2212 918 2242 filius

121 2242 245 2273 Eleazari
264 2245 317 2275 filii
337 2249 434 2276 Aaron
452 2248 606 2278 Sacerdotis
616 2271 624 2283 ‚
641 2249 759 2279 surrexit
779 2252 814 2280 dc
825 2254 918 2283 medio

119 2284 308 2315 multitudinis
318 2307 328 2320 ‚
339 2289 367 2315 δε
376 2297 486 2326 arrepto
496 2289 618 2328 pugione
625 2294 677 2320 &a
689 2293 702 2323 ]
715 2290 819 2330 Joseph
829 2303 917 2322 autem

120 2324 270 2359 Hebraeus,
294 2327 340 2356 lib.
352 2339 380 2363 4.
390 2329 490 2367 Antiq.
499 2339 557 2369 cap.
567 2337 594 2361 6·
608 2330 679 2362 hanc
692 2331 837 2363 historiam
845 2334 916 2365 refe-

117 2373 180 2394 rens
189 2387 197 2400 ,
207 2367 397 2407 Rbomphaam
405 2367 514 2410 sci-ipsit
524 2389 532 2398 .

982 1759 1133 1811 sportulam
1143 1774 1202 1810 non
1215 1765 1340 1797 habemus
1354 1793 1357 1798 .
1373 1781 1396 1798 i.
1410 1774 1480 1811 Reg.
1490 1785 1512 1803 c.
1523 1787 1551 1812 9.
1565 1778 1578 1807 ]
1594 1788 1683 1816 graeca
1692 1780 1774 1809 leftio

981 1801 1061 1830 habet
1072 1815 1181 1848 oeyyc-iov
1190 1825 1196 1832 .
1207 1807 1335 1844 Paraphr.
1346 1811 1448 1841 Chald.
1467 1820 1498 1844 In
1509 1827 1549 1845 va
1558 1828 1583 1845 is
1595 1837 1602 1846 .
1625 1819 1776 1856 Dionysius

981 1842 1112 1886 Carthus.
1124 1855 1154 1873 in
1164 1844 1236 1874 hunc
1248 1848 1339 1878 locum
1351 1853 1483 1884 viaticum
1494 1857 1631 1896 intelligit
1642 1860 1671 1888 in
1682 1862 1757 1899 peris
1766 1883 1775 1895 ,

979 1881 1063 1926 saccis
1073 1905 1081 1916 ,
1090 1882 1137 1931 seu
1146 1887 1314 1925 repositoriis
1323 1892 1438 1929 politum
1447 1915 1455 1924 .
1473 1895 1576 1935 Gaspar
1584 1900 1694 1929 Saucius
1706 1912 1774 1931 vero

979 1932 1034 1967 ait:
1048 1929 1196 1964 [σιταρκικ
1205 1938 1293 1965 graece
1304 1941 1455 1963 comeatum
1465 1936 1618 1975 significare
1626 1961 1635 1973 ,
1656 1939 1702 1970 seu
1714 1943 1772 1972 via-

978 1972 1062 2008 ticum
1073 1974 1081 1994 ς
1093 1964 1145 1993 hoc
1157 1977 1249 2013 tamen
1260 1971 1323 2000 loco
1334 1983 1384 2011 pro
1393 1977 1530 2011 manticis,
1541 1989 1586 2008 aut
1595 1978 1706 2012 sacculis
1715 1984 1774 2013 via-

980 2014 1056 2033 tonis
1067 2004 1207 2045 usurpatur
1221 2033 1226 2038 .
1237 2020 1267 2038 in
1278 2014 1373 2050 quibus
1384 2015 1510 2046 feruntur
1519 2019 1666 2051 alimonia:
1687 2023 1771 2053 sumi-

977 2055 1021 2073 tur
1031 2055 1121 2089 autem
1132 2058 1172 2076 res
1181 2059 1310 2092 contenta
1321 2065 1372 2094 pro
1381 2058 1552 2093 continenti,
1562 2061 1628 2091 ficut
1640 2065 1769 2102 poculum

975 2085 1090 2129 sumitur
1100 2098 1150 2125 pro
1163 2099 1230 2138 »sino
1240 2113 1248 2125 ,
1257 2097 1285 2122 δ(
1297 2094 1428 2126 ferculum
1439 2108 1489 2137 pro
1500 2100 1576 2130 cibo:
1589 2102 1709 2134 hebi-aira
1720 2105 1768 2135 ha-

974 2128 1018 2155 bet
1028 2128 1240 2166 Mi-cchelenu‚
1261 2134 1330 2165 idest
1341 2159 1349 2170 ,
1369 2137 1503 2168 cchelenu
1520 2142 1586 2171 valis
1596 2145 1695 2174 nostris
1705 2168 1711 2179 ,
1737 2147 1767 2176 in

978 2170 1084 2217 i‚.1{eg.
1095 2179 1182 2218 cap-9.
1195 2173 1290 2204 Fraiic.
1301 2179 1442 2208 Mendoza
1451 2190 1484 2209 ex
1494 2192 1586 2220 graeco
1596 2185 1666 2224 legit
1678 2186 1708 2216 ἐκ
1718 2188 1766 2216 ⁷5»

972 2220 1080 2247 uyysioi
1092 2213 1169 2247 γνμῶν,
1178 2212 1232 2258 hoc
1242 2216 1280 2244 est
1289 2217 1322 2247 de
1332 2217 1443 2248 sacculis
1453 2223 1561 2255 nostris5
1572 2235 1633 2254 nam
1644 2223 1763 2263 α’γγε-ἱον.

972 2248 1248 2300 sacculum—fignificat
1259 2277 1266 2285 .
1289 2258 1340 2287 Sed
1350 2261 1469 2295 Sytarcii
1480 2272 1597 2298 etymon
1608 2276 1621 2293 a
1632 2265 1764 2294 dictioni-

971 2292 1017 2319 bus
1027 2301 1122 2330 graecis
1133 2306 1210 2338 ojirog
1221 2317 1229 2329 ‚
1238 2308 1338 2338 nempe
1348 2300 1514 2331 frumentum
1523 2326 1530 2337 ‚
1539 2307 1567 2332 δε
1575 2301 1660 2341 α’ρκὲω
1670 2327 1678 2339 ,
1699 2316 1762 2335 ver·

970 2333 1033 2360 bum
1043 2356 1049 2366 ‚
1061 2335 1136 2373 quod
1145 2337 1284 2367 interdum
1295 2341 1421 2378 praestare
1429 2342 1574 2381 fignificat,
1585 2345 1705 2375 derivari
1721 2347 1762 2381 νᾲ-

970 2373 1069 2408 detur5
1090 2376 1163 2405 unde
1183 2380 1313 2410 Sitarcha
1322 2392 1439 2414 annonae
1456 2383 1597 2422 praefet‘tus
1607 2407 1616 2420 ,
1628 2389 1657 2416 ὅ(
1674 2391 1766 2418 Situr-

1663 2428 1727 2458 chia
