1866 2526
810 0 829 20 N

490 39 623 88 ‘AN‘

135 110 186 143 prb
194 114 216 134 u
225 125 234 138 ,
256 102 454 143 interpungere
462 122 470 131 .
493 100 664 141 Curopalata
681 100 766 131 resen
778 123 785 135 ,
796 102 871 141 quod
881 110 927 131 an-

134 155 164 174 te
174 145 320 185 prandium
328 145 414 183 perC
416 143 545 174 ivitatem
565 143 792 182 progrediebatur
810 146 924 172 Graecus

132 187 290 225 Imperator
297 195 359 213 cum
371 184 442 213 tubis
453 206 461 218 ‚
481 188 509 213 δε
519 185 638 214 anacaris
649 205 656 216 ,
677 193 707 212 ut
716 184 832 224 populus
841 185 875 214 ad
883 195 926 214 re-

130 226 238 256 cursum
247 235 472 255 commoneretur
482 247 490 259 ,
509 224 557 254 sed
568 224 626 253 haec
638 225 712 263 ligna
732 226 761 254 in
782 226 924 264 postmeri-

130 267 215 297 diano
224 266 328 307 egi-essii
339 277 397 295 non
406 266 540 296 dabantur
550 287 557 294 .
581 273 594 302 [
607 266 673 299 Ne(
687 275 716 294 ut
735 267 828 305 inquit
847 266 922 295 idem

131 308 258 340 Au&or)
275 307 336 347 quis
344 307 432 336 ebrius
441 308 621 345 incompoiite
632 328 640 340 ,
663 311 690 336 δ(
701 316 805 336 temere
814 307 848 337 ad
866 309 922 337 Im-

131 359 286 387 perarorem
296 350 437 378 accederet
447 371 455 382 ,
477 359 535 387 cap.
548 359 572 382 5.
583 350 596 379 ]

88 392 295 419 ANAcHouESIS
305 411 314 423 ‚
336 386 512 428 Αἰάχῶρησις
521 411 529 422 ,
551 387 664 417 secessiis
673 409 682 421 ‚
704 388 802 418 dilatio
812 409 820 421 ,
842 391 869 418 8(
889 390 919 418 ab

127 430 186 459 aliis
196 430 340 469 separatio.
353 436 365 465 [
377 430 435 458 Alii
446 429 632 459 anachorelim
642 428 826 460 necessariam,
838 429 916 463 idest,

125 471 308 500 remotionem
318 493 326 504 ‚
349 474 376 499 δι’
389 472 480 499 Eremi
489 470 592 500 secreta
600 469 765 499 censuerunt
775 492 783 503 ,
793 469 915 500 Caffian.

124 513 190 541 coll.
203 524 230 541 2.
239 523 297 551 cap.
312 513 361 542 2.]
376 515 414 541 At
423 512 442 541 ii
453 511 550 550 aliquis
561 511 671 547 objiciat
679 511 799 548 aliquem
819 521 852 539 ex
863 513 913 540 Pa-

124 554 208 582 tribus
217 553 277 591 post
289 554 424 591 perac‘mru
441 551 635 591 paenitentiam
644 572 653 584 ,
675 556 704 581 δι
721 551 835 590 longam
844 563 906 581 ana<

121 593 275 627 choretim,
297 603 413 633 propter
431 593 596 632 religionem
616 592 692 621 suam
707 602 817 631 raptum
835 593 911 622 fuissc

122 634 156 663 ad
167 633 361 674 Episcopatum
371 655 379 661 .
403 634 521 663 Fulbert.
531 635 688 663 Carnotcn.
698 633 776 671 epist.
788 641 836 663 61.

81 677 300 704 ΑκΑεΗοκετΑ.
307 671 494 714 Α’ναχωεὲτπς,
503 674 589 713 quiin
599 674 771 704 anachoretae
781 675 850 704 statu
860 675 908 702 de-

118 716 178 754 git.
200 715 303 745 Difl'ert
312 725 401 744 autem
409 715 440 743 ab
449 714 589 747 Eremita5
614 725 676 744 nam
687 737 694 748 ,
716 725 746 744 ut
762 716 800 743 ait
818 716 904 745 liido-

117 761 161 784 nis
172 778 180 789 ,
204 759 320 791 [Genus
330 755 368 784 est
378 756 559 785 Eremitarum
569 777 578 789 ,
599 756 646 795 qui
657 757 751 794 procul
771 756 803 784 ab
813 756 904 785 homi-

118 797 194 824 nibus
204 798 359 825 recedentes
372 818 380 830 ‚
403 795 511 826 deserta
519 797 579 825 loca
590 819 597 830 ,
608 801 637 826 δε
646 797 732 826 vastas
741 796 903 826 solitudines

118 835 213 876 sequi,
236 847 317 876 atque
336 837 457 867 habitare
476 837 674 876 perhibentur,
698 838 732 867 :id
766 838 903 867 imitatio-

82 898 85 901 ·
116 888 198 911 nem,
220 877 344 912 scilicet,
368 879 455 911 Elix,
477 883 504 907 δε
522 881 567 916 Jo:
592 878 738 917 Baptistae.
757 881 852 908 Genus
863 880 899 907 est

113 918 354 949 Anachorerarutn
365 942 372 953 ‚
395 919 506 958 quijarn
519 920 666 948 coenobiali
688 919 899 949 conversatione

113 959 244 996 perfcfti,
265 960 410 989 includunt
419 960 582 999 semetipsos
591 961 621 989 in
631 961 708 990 cellis
720 982 728 993 ‚
751 962 845 998 procul
867 961 898 989 ab

112 999 258 1028 hominum
277 1000 423 1039 conspectu
437 1003 569 1034 remotis,
594 1002 663 1030 nulli
683 1002 836 1040 praebentes
854 1013 897 1030 ac—

111 1038 208 1067 cenum
220 1061 227 1071 ‚
249 1040 296 1068 sed
313 1041 407 1069 insola
425 1042 662 1080 contemplatione
680 1043 777 1071 divina
799 1043 896 1071 viven-
912 1077 917 1079 Α

111 1089 151 1107 tes
161 1101 169 1112 ,
197 1081 244 1109 lib.
269 1092 291 1108 i.
301 1081 335 1109 dc
346 1080 447 1110 Eccles.
459 1082 504 1111 off.
514 1092 572 1120 cap.
589 1084 655 1117 15.]
668 1084 814 1111 Maronitae
825 1086 896 1112 Am-

111 1120 172 1148 bico
184 1121 318 1150 vocabulo
333 1123 443 1150 Hlmbis
462 1122 654 1151 anachoretam
666 1144 673 1155 ,
699 1124 766 1155 idest
776 1145 785 1156 ‚
807 1134 894 1152 carce—

110 1170 200 1190 ratum
221 1162 339 1191 dicunt3
366 1172 427 1189 mm
439 1162 555 1191 Arabice
564 1172 655 1191 carcer
664 1184 672 1195 ,
695 1165 792 1192 Hhabs
813 1175 893 1193 voca-

109 1211 168 1229 tur.
193 1203 249 1230 PR.
269 1202 303 1230 de
313 1200 457 1230 Monaclii's
468 1202 654 1232 Anachoretis
673 1205 732 1243 egit
743 1206 873 1233 Batonius
886 1228 891 1238 ,

108 1252 151 1269 an.
161 1246 228 1279 328.
241 1252 314 1270 num.
326 1249 372 1271 26.

102 1285 316 1311 ANAciiouTffi
328 1294 336 1314 5
359 1285 477 1312 Certum
491 1284 693 1313 Monachorum
704 1297 790 1324 geum
801 1307 809 1314 .
832 1288 890 1316 Pri-

108 1332 182 1350 mum
192 1333 278 1361 genus
288 1324 490 1354 Monachorum
504 1347 511 1359 ‚
523 1328 767 1356 Anarhoretarum
777 1328 890 1356 nomine

104 1363 210 1391 illustre
219 1363 271 1392 fuit
281 1386 288 1396 ‚
307 1375 341 1393 eo
352 1366 426 1404 quod
437 1365 582 1395 hominum
599 1367 759 1396 societatem
782 1368 889 1408 fugien-

107 1413 148 1432 tes
158 1425 166 1436 ,
189 1404 305 1441 privatis
314 1406 343 1434 in
353 1407 459 1435 cellulis
469 1407 497 1435 in
507 1406 660 1437 solitudine
669 1409 800 1438 viverent
810 1430 817 1437 .
836 1414 887 1439 'la-

107 1445 143 1471 les
155 1444 229 1473 fuere
238 1447 354 1475 Paullus
365 1469 372 1480 ,
395 1452 540 1476 Antonius
551 1470 558 1481 ,
582 1450 712 1478 Hilarion
722 1471 730 1482 ,
754 1450 836 1488 primi
846 1451 888 1479 vi-

105 1495 140 1513 tae
151 1486 305 1515 monasticae
317 1487 345 1515 in
358 1493 457 1526 Eg>pto
465 1510 473 1521 ,
486 1493 514 1517 δ(
524 1490 665 1526 Palestina
675 1491 870 1520 constitutores
879 1514 886 1525 ‚

105 1535 221 1562 quorum
232 1526 335 1555 deinde
344 1537 429 1557 ceteri
439 1529 571 1558 Monaclii
589 1531 747 1568 exemplum
768 1533 886 1560 imitati.

108 1566 216 1593 Horum
227 1568 354 1595 nonnulli
366 1569 395 1597 in
403 1571 526 1598 cavernis
536 1591 544 1602 ‚
569 1570 592 1600 ἐν
611 1570 763 1607 ‹tvvm-lime
773 1594 782 1605 ,
805 1573 886 1601 vifti-

67 1281 81 1299 «Ι,

106 1605 196 1634 tabant
208 1627 216 1638 ‚
238 1607 280 1634 nti
290 1628 298 1640 ‚
321 1609 498 1648 chrysostomo
508 1610 689 1649 perhibente,
711 1613 781 1641 hom.
796 1624 838 1646 ¹7·
848 1615 886 1642 ad

99 1649 301 1684 pop-Antioch.
321 1648 451 1677 Monxhi
471 1652 575 1679 montis
585 1652 658 1689 casta
679 1663 764 1691 prope
781 1657 884 1682 Antio-

78 1696 85 1702 ·
105 1688 196 1716 cheam
210 1698 217 1716 ς
241 1688 287 1715 alii
298 1688 327 1716 in
339 1689 430 1727 parvis
440 1691 587 1724 tentoriis,
610 1693 665 1721 iive
675 1693 798 1727 cellulis,
820 1705 883 1734 quas

105 1730 246 1765 Evagrius
258 1728 275 1755 l.
283 1739 291 1756 i
299 1740 349 1758 ,αι
360 1741 381 1758 ι.
391 1728 532 1766 οἰκίσκους,
541 1736 569 1761 ὅ(
580 1733 776 1773 Cbrflbstomus
788 1734 884 1770 σκηνάς

105 1778 242 1806 nuncupat
257 1789 264 1796 .
288 1769 426 1799 Siborum
443 1772 532 1809 plures
550 1773 582 1802 in
598 1774 692 1802 cadem
713 1774 882 1809 solitudine,

104 1808 150 1835 alii
161 1809 192 1838 ab
201 1809 261 1837 aliis
270 1811 380 1848 paulum
390 1812 517 1848 disjunsti
528 1835 536 1846 ‚
547 1813 676 1842 viverent
688 1837 696 1848 ‚
706 1826 800 1845 omnes
809 1827 884 1845 com—

104 1849 180 1876 muni
197 1851 310 1879 nomine
329 1857 422 1881 Laura
438 1853 598 1882 dicebantur
616 1876 624 1887 ,
655 1866 715 1894 quae
736 1860 857 1895 Evagrio
875 1880 883 1891 ,

104 1889 171 1916 ibid.
189 1891 297 1919 auclore
315 1902 328 1920 a
339 1895 465 1922 Coenobio
480 1893 530 1923 hac
551 1895 581 1923 in
599 1905 628 1923 re
645 1895 831 1934 discrepabat,
854 1908 883 1926 ut

104 1934 199 1972 Lqura
210 1931 305 1960 multas
315 1935 545 1972 complecteretur
553 1936 665 1965 cellulas-
677 1958 684 1969 ,
708 1938 771 1965 alias
781 1938 812 1966 ab
821 1939 881 1966 aliis

104 1968 223 2013 divisas,
244 1971 289 1999 ubi
306 1973 404 2012 singuli
422 1975 554 2004 Monachi
578 1977 625 2005 fibi
645 1978 758 2016 quisque
779 1978 885 2017 prospi-

103 2010 228 2042 ciebant,
253 2015 412 2042 Coenobmm
431 2026 521 2044 autern
540 2027 626 2045 unum
644 2029 752 2047 tantum
762 2018 826 2047 esset
837 2019 884 2048 ha-

103 2051 248 2079 bitaculum
259 2073 267 2084 ‚
277 2053 321 2081 ubi
330 2055 461 2084 Monachi
473 2056 501 2084 in
513 2057 642 2087 societate
654 2060 783 2088 viventes
791 2061 885 2089 omnia

103 2092 235 2120 habebant
243 2095 398 2136 communia
410 2116 417 2123 .
440 2099 610 2134 Eptphanius
621 2104 634 2133 (
644 2101 733 2137 heres.
745 2108 792 2136 69.
805 2105 884 2134 mi.)

103 2137 224 2161 Laurum
235 2134 305 2161 dicit
324 2134 396 2163 luiss'e
416 2147 519 2166 nomen
536 2139 655 2173 Platex,
679 2141 735 2169 five
753 2142 806 2169 vici
818 2143 885 2170 Ale-

103 2174 226 2202 xandria
240 2196 246 2206 ‚
270 2174 313 2202 ubi
333 2177 447 2205 Ecclefia
465 2179 588 2216 quaedam
604 2181 752 2209 constituta
771 2181 854 2210 fuerit
874 2194 882 2213 3

103 2217 131 2241 ὗε
143 2214 279 2250 probabile
288 2216 406 2244 omnino
413 2217 451 2245 est
462 2239 471 2251 ,
493 2230 594 2248 nomen
604 2222 668 2249 inde
687 2221 826 2260 sumpmrn
843 2222 883 2251 es-

101 2252 127 2281 se
138 2253 171 2282 ad
181 2253 388 2292 significandam
397 2258 555 2288 cellularum
573 2261 602 2290 in
622 2261 772 2290 solitudine
789 2273 882 2301 quam-

103 2294 165 2321 dam
186 2296 412 2330 multitudznem,
435 2307 494 2336 quar
511 2301 583 2338 quasi
605 2312 682 2330 cerro
705 2303 823 2341 quodam
840 2305 884 2332 di-

105 2335 198 2364 strictu
208 2338 360 2372 conjuncta:
371 2360 379 2371 ‚
403 2339 442 2366 ita
452 2349 545 2368 tamen
555 2342 653 2371 divisae
664 2353 742 2371 erant
754 2366 761 2376 ,
773 2354 802 2372 ut
813 2346 882 2373 mu!-

100 2385 127 2406 ιιι
139 2374 260 2414 separata
270 2377 411 2408 domicilia
420 2379 565 2410 efficerent
575 2393 583 2411 z
594 2392 656 2412 cum
666 2394 765 2413 contra
774 2386 884 2414 Coeno-

1595 37 1609 59 l

1244 45 1368 88 AN
1657 62 1704 100 55

983 144 1086 174 nachos
1095 145 1255 177 continenti
1265 144 1327 174 efl'et
1337 143 1450 173 similius
1461 163 1468 172 .

976 391 1116 430 gustinum
1134 411 1142 423 ,
1164 392 1196 419 de
1214 392 1319 429 divers.
1338 392 1422 428 serm.
1447 401 1491 419 ιε..
1521 390 1728 426 Hieronymum
1749 413 1757 424 ,

975 439 1012 469 ep.
1024 443 1049 464 7.
1078 431 1116 458 ad
1131 436 1233 459 Latum
1243 453 1251 464 ‚
1273 431 1417 460 Sidonium
1445 431 1640 469 Apollinarem
1649 452 1658 464 ,
1681 431 1701 460 1.
1733 441 1758 466 5.

975 480 1013 510 ep.
1032 483 1074 504 17.
1084 470 1204 510 aliosque
1212 471 1295 500 seculi
1313 473 1403 511 quarti
1416 494 1424 505 ,
1446 475 1474 501 δε
1483 472 1576 510 quinti
1585 472 1736 510 Scriptores
1747 494 1756 505 ,

958 526 959 530 =
972 522 1036 541 ante
1057 512 1131 550 quod
1151 522 1257 551 teinpus
1269 512 1316 542 vix
1333 512 1364 542 in
1372 514 1432 542 ullo
1441 511 1604 542 Christiano
1622 511 1757 551 scriptore

970 553 1040 582 illud
1052 551 1176 582 invenias
1188 574 1197 581 .
1208 553 1458 592 Antiquitusenim
1467 553 1537 592 apud
1547 556 1689 583 Romanos
1700 559 1755 583 Bas

961 593 1043 631 filice
1054 593 1260 633 appellabantur
1268 596 1340 624 aedes
1349 595 1463 633 publica:
1474 616 1483 628 ‚
1504 595 1651 633 porticibus
1661 598 1690 623 δε.
1699 604 1756 622 am-

967 635 1148 663 bulationibus
1160 635 1306 673 magnifice
1314 637 1446 665 extruite
1456 657 1464 668 ,
1486 635 1532 665 ubi
1543 636 1685 674 Principes
1696 656 1705 667 ,
1723 639 1751 663 δε

966 676 1141 714 Magistratus
1151 676 1240 705 causas
1249 677 1396 706 audiebant
1405 681 1432 706 δ(
1440 677 1602 706 decidebant
1613 687 1622 706 ς
1644 675 1751 714 aliaque

963 767 1088 786 catorum
1107 758 1243 786 tabernae.
1267 760 1448 795 Constantino
1467 769 1560 788 autem
1576 760 1749 796 Imperatore

962 797 1151 827 Christianam
1172 799 1352 837 Religionem
1370 799 1500 838 amplexo
1511 822 1520 833 ‚
1541 799 1634 828 multae
1657 807 1749 826 earum

961 839 1086 868 Ecclefiae
1099 839 1208 868 suerunt
1217 838 1347 868 conceflhe
1357 861 1366 873 ‚
1388 840 1418 868 in
1428 840 1569 879 aliumque
1586 837 1662 867 usum
1672 860 1680 871 ,
1713 837 1748 866 ad

961 878 1186 908 Christianorum
1205 880 1338 909 videlicet
1356 891 1511 910 conventus
1529 880 1597 909 inibi
1605 879 1725 918 agendos
1736 899 1746 912 ‚

958 918 1110 952 adhibitae;
1133 921 1176 949 uti
1194 931 1228 949 ex
1247 921 1312 950 loco
1322 923 1442 959 Ausonii
1462 922 1570 961 liquet,
1587 922 1745 958 granam

951 967 1000 997 pro
1010 962 1176 999 Consulatu,
1187 962 1298 1000 quando
1307 963 1338 990 in
1346 962 1496 1001 gratiarum
1510 963 1620 991 adiionc
1630 961 1663 990 ad
1672 965 1744 990 Gra-

954 1004 1068 1030 timum
1078 1004 1281 1040 Imperatorem
1291 1013 1342 1041 pro
1350 1003 1401 1031 suo
1410 1002 1564 1032 Consulatu
1576 1025 1584 1037 ,
1607 1002 1663 1031 ait:
1686 1007 1742 1030 Ba—

946 1040 1029 1078 silica
1039 1043 1104 1070 olim
1114 1044 1320 1080 negotiisplenz
1331 1064 1338 1075 ‚
1361 1054 1437 1072 nunc
1445 1047 1522 1072 votis
1538 1053 1584 1081 pro
1597 1052 1650 1071 tua
1662 1043 1743 1080 salu-

953 1090 982 1108 te
984 1083 1120 1120 susceptis
1131 1104 1139 1111 .
1162 1084 1268 1119 Quibu§
1275 1084 1364 1112 ver‘ois
1375 1084 1497 1122 profesto
1517 1084 1671 1124 significare
1691 1092 1742 1111 vo-

952 1121 1023 1155 luit,
1044 1124 1146 1161 palatia
1158 1145 1165 1156 ‚
1189 1128 1216 1152 Sc
1227 1125 1299 1153 aulas
1322 1125 1501 1154 Romanasin
1517 1125 1679 1153 christianas
1688 1127 1740 1152 Ec3

950 1162 1041 1191 clefias
1050 1162 1102 1191 esse
1110 1163 1255 1192 conversas
1265 1185 1272 1192 .
1296 1169 1330 1194 Et
1350 1165 1416 1193 hinc
1428 1187 1435 1198 ,
1459 1166 1590 1194 credibile
1607 1164 1663 1198 est,
1688 1176 1739 1193 noe

951 1212 1014 1231 nien
1033 1204 1152 1241 Basilica
1171 1205 1300 1244 generale
1318 1205 1432 1244 aliquod
1441 1207 1613 1235 ecclesiarum
1635 1215 1744 1236 nomen

949 1243 1143 1280 posterioribus
1151 1246 1319 1284 temporibus
1332 1248 1429 1275 lactum
1440 1258 1447 1278 ς
1458 1248 1567 1276 tametsi
1576 1249 1718 1276 Duranrus
1729 1269 1738 1281 ‚

949 1285 981 1312 de
992 1288 1040 1313 tit.
1061 1287 1161 1323 Eccles.
1181 1288 1200 1314 l.
1215 1297 1238 1314 1.
1259 1297 1282 1315 c.
1299 1298 1322 1315 1.
1340 1298 1369 1315 n.
1380 1299 1409 1323 9.
1432 1292 1459 1316 ἃ
1471 1288 1630 1317 Cardinalis
1638 1290 1715 1317 Bona
1728 1310 1737 1321 ,

948 1336 999 1352 rer.
1019 1327 1116 1364 lzturg.
1137 1327 1154 1355 l.
1178 1338 1202 1356 1.
1221 1338 1246 1355 c.
1261 1339 1304 1364 ¹9·
1326 1339 1353 1363 4.
1375 1328 1440 1356 alias
1460 1328 1541 1366 hujus
1569 1329 1735 1367 appellatio-

946 1366 990 1394 nis
1007 1366 1095 1395 causas
1117 1367 1248 1401 afferant,
1274 1369 1408 1397 nimirum
1419 1391 1427 1403 ‚
1451 1370 1514 1409 quia
1532 1370 1569 1398 ibi
1582 1370 1656 1408 Regi
1674 1380 1736 1398 oni·

947 1406 1028 1435 nium
1036 1409 1100 1437 Deo
1117 1409 1204 1436 cultus
1223 1413 1251 1438 δ(
1272 1408 1402 1438 sacrificia
1420 1409 1587 1442 offerantur5
1608 1411 1654 1439 vel
1671 1412 1735 1449 quia

945 1457 1054 1477 tantum
1065 1450 1212 1487 ampliores
1222 1454 1250 1479 ὃ(
1259 1450 1428 1489 angustiores
1441 1452 1566 1480 Ecclesia:
1577 1450 1631 1480 hoc
1642 1452 1734 1485 nomi-f

946 1490 1176 1529 neinfignintur.

907 1532 1055 1559 ANADEMA
1066 1551 1074 1557 .
1099 1533 1157 1560 PR.
1177 1530 1317 1566 A'volsnuoe
1329 1553 1337 1565 ‚
1356 1532 1463 1566 Fascia,
1484 1531 1530 1561 seu
1540 1543 1643 1562 corona
1654 1555 1663 1566 ,
1682 1536 1734 1562 Le-

942 1571 1028 1611 xicon
1046 1573 1186 1610 Scapulae:
1210 1573 1242 1600 ab
1259 1571 1377 1606 α’νκδῖω,
1399 1584 1521 1606 corono,
1543 1575 1628 1612 cingo
1646 1595 1655 1606 ‚
1678 1574 1732 1602 cir-

941 1612 1064 1651 cumligo
1075 1634 1084 1646 ,
1106 1623 1213 1641 exorno
1225 1633 1233 1640 .
1254 1613 1333 1641 Idem
1342 1614 1377 1642 fic
1387 1614 1426 1642 ait
1435 1613 1564 1648 Amsssw
1575 1635 1583 1646 ,
1605 1625 1711 1642 corono
1722 1637 1730 1648 ‚

943 1652 1028 1691 cingo
1037 1675 1044 1685 ,
1056 1653 1218 1692 circumligo
1231 1664 1237 1683 ;
1251 1653 1324 1680 unde
1336 1655 1478 1682 Diadema
1486 1654 1610 1682 dicimus.
1622 1656 1656 1683 In
1669 1665 1730 1684 ver-

939 1693 974 1721 bo
984 1692 1078 1723 smila>
1088 1714 1098 1721 .
1117 1701 1129 1729 [
1141 1694 1381 1731 Quemadmodum
1392 1705 1453 1722 cum
1464 1694 1551 1733 quiin
1562 1705 1643 1723 cavea
1660 1697 1732 1725 mul-

940 1742 968 1762 ta
979 1734 1093 1762 vulnera
1102 1744 1206 1772 accepit
1217 1756 1226 1767 ‚
1245 1745 1274 1762 ac
1283 1733 1416 1773 sanguine
1423 1734 1581 1772 conspersus
1590 1736 1628 1764 est
1639 1758 1648 1768 ‚
1670 1738 1731 1775 post

939 1775 1099 1803 auadematc
1116 1777 1201 1814 capiti
1221 1775 1318 1803 add1to
1329 1795 1337 1803 .
1360 1774 1465 1811 Chrys.
1484 1775 1561 1803 hom.
1573 1787 1600 1804 2.
1617 1778 1630 1807 ]
1654 1777 1728 1807 Vide

939 1816 1081 1844 Dcadema
1090 1836 1098 1844 .

902 1857 1087 1885 Amcnpm
1100 1878 1108 1889 ,
1131 1856 1281 1894 ιίνάγλυφιι
1291 1877 1299 1889 ,
1319 1856 1502 1895 supersculpta
1513 1878 1520 1890 ,
1538 1856 1584 1885 seu
1597 1855 1657 1886 vasa
1665 1869 1727 1887 cum

940 1895 1078 1934 sculptura
1088 1907 1182 1935 parum
1191 1897 1309 1925 relevata
1321 1919 1328 1930 ‚
1351 1898 1426 1935 quod
1433 1896 1578 1935 sculpturae
1589 1908 1677 1936 genus
1695 1900 1726 1928 ab

941 1937 1019 1966 Italis
1029 1939 1058 1965 di
1072 1939 1141 1974 buffo
1151 1938 1251 1966 rilievo
1267 1938 1385 1966 dicitur.
1407 1944 1418 1973 [
1431 1937 1598 1976 Anaglypha
1615 1949 1705 1978 graece
1717 1962 1726 1974 ‚

942 1978 1026 2006 latine
1036 1979 1172 2007 caelaturae
1185 1991 1191 2005 :
1215 1978 1310 2006 caeima
1318 1988 1408 2006 autem
1417 1977 1481 2006 sunt
1492 1978 1551 2007 vasa
1561 1989 1639 2008 aurea
1650 2002 1658 2013 ,
1678 1981 1724 2009 vel

941 2028 1069 2057 argentea
1079 2040 1086 2051 ,
1109 2019 1193 2057 signis
1222 2020 1449 2047 eminentioribus
1477 2029 1553 2048 extra
1564 2041 1572 2052 ,
1593 2019 1724 2060 intusque

932 2058 1059 2096 erpi-ella
1073 2080 1080 2086 .
1105 2066 1116 2094 [
1130 2061 1199 2087 Haec
1210 2060 1265 2087 alio
1276 2069 1390 2087 nomine
1401 2059 1492 2097 sculpa
1505 2071 1640 2089 vocantur
1658 2072 1723 2090 ana-

938 2099 1045 2139 glypha
1063 2099 1124 2128 vasa
1142 2099 1214 2127 dieta
1225 2120 1231 2126 .
1255 2099 1371 2128 Eucher.
1394 2100 1477 2138 lib-3.
1489 2103 1560 2140 Reg.
1578 2112 1636 2140 cap.
1652 2113 1695 2134 17.
1709 2105 1722 2134 ]

938 2145 980 2170 Ac
990 2141 1056 2169 alibi
1068 2161 1075 2168 .
1101 2141 1166 2176 [Ut
1185 2150 1288 2167 emeres
1297 2139 1415 2178 speciem
1423 2150 1533 2180 argenti
1550 2143 1701 2181 anaglyphi
1714 2163 1721 2170 .

937 2182 1032 2210 Anast.
1052 2180 1228 2210 Bibliotli..in
1247 2191 1304 2209 vita
1315 2182 1341 2209 S.
1352 2183 1397 2219 Jo:
1410 2183 1559 2211 Alexandr.
1576 2193 1634 2221 cap.
1646 2194 1693 2215 27·
1707 2185 1719 2214 ]

937 2222 1093 2250 Ambrofius
1109 2221 1243 2249 usurarios
1254 2242 1262 2253 ,
1285 2222 1332 2260 qui
1350 2223 1386 2250 ad.
1403 2233 1497 2251 eoi-um
1518 2224 1636 2261 capitale
1647 2246 1654 2256 ‚
1679 2224 1722 2251 lu-

935 2272 1011 2290 crum
1028 2262 1229 2300 superaddunt.
1254 2267 1266 2296 [
1288 2262 1473 2301 Anaglyphos
1491 2263 1630 2292 usurarum
1643 2286 1651 2297 ,
1674 2264 1720 2292 lib.

936 2303 970 2331 de
980 2304 1047 2331 Tob.
1057 2313 1114 2340 cap.
1133 2305 1196 2340 ¹3·]
1215 2303 1332 2331 >vocavit
1343 2324 1350 2331 .
1375 2305 1432 2333 PR.
1449 2315 1533 2343 quare
1554 2305 1721 2333 vocabularii

938 2343 1116 2372 Eccleiiaihci
1128 2344 1234 2371 Auctor
1253 2343 1357 2372 aberrat
1369 2366 1377 2377 ‚
1387 2345 1451 2372 dum
1461 2345 1598 2373 existimat
1608 2345 1657 2372 tali
1667 2355 1718 2373 vo·

937 2384 1033 2413 cabulo
1050 2382 1220 2423 sculptorem
1237 2386 1394 2418 nominati,
1417 2388 1490 2421 cujus
1505 2395 1583 2413 error
1599 2385 1670 2413 clarc
1679 2395 1714 2415 ex

1278 2426 1308 2454 D
1350 2437 1370 2461 4
1633 2435 1678 2455 ea-

982 103 1058 134 b‘ium
1073 101 1202 143 singulari
1220 104 1327 132 cuidam
1347 101 1461 136 domui,
1484 105 1584 133 multos
1606 105 1684 135 simul
1703 108 1764 136 Μο-

977 182 1221 218 'ANA'KTOPA
1232 207 1239 214 .
1262 185 1366 215 Palatia
1378 207 1386 219 ‚
1409 189 1436 215 δε
1457 185 1538 215 Aulae
1562 191 1684 217 Romana
1696 209 1704 221 ‚
1736 199 1763 217 in

981 226 1112 256 Ecclesias
1131 227 1301 256 Christianus
1309 225 1467 256 conversae.
1490 227 1615 255 Ecclciiae
1635 228 1764 257 dicuntur

982 268 1099 306 Basilica
1113 289 1120 301 ‚
1143 268 1216 306 quod
1228 269 1301 297 idem
1310 268 1348 297 est
1357 278 1387 296 ac
1397 290 1406 302 ‚
1429 271 1527 305 Magni
1538 271 1618 304 Regis
1629 269 1745 297 Palatia
1755 290 1763 296 .

979 310 1094 339 Nomen
1114 308 1166 338 lioc
1184 308 1471 348 l‘tequenteroccurrir
1488 309 1560 347 apud
1572 308 1742 338 Ambrosium
1753 331 1761 342 ‚

979 358 1016 388 ep.
1029 361 1042 388 3
1049 361 1076 388 3.
1085 350 1124 377 ad
1131 351 1328 378 Marcellinum
1337 353 1370 378 de
1379 350 1527 378 tradendis
1545 349 1666 386 basilicis
1675 371 1684 383 ‚
1703 353 1760 378 Au-

964 717 1066 754 publici
1076 716 1136 746 usus
1146 717 1261 746 aedificia
1271 739 1279 750 ,
1300 718 1377 747 velut
1386 717 1473 747 Curia
1484 740 1493 752 ‚
1516 722 1543 746 ὅ(
1554 717 1667 756 publicae
1679 726 1751 744 mer-
1765 718 1775 728 ⁴
