1866 2526
163 74 241 116 688
496 74 535 116 T
565 73 610 115 R

1307 76 1423 121 TR

151 131 198 160 lib.
210 132 244 159 de
255 129 371 170 Vii·g.c.
381 142 408 166 4.
420 133 431 163 ]
452 132 564 161 Trinarn
574 129 670 160 mundi
688 129 865 169 antiquorum
882 129 957 159 divi·
972 133 1144 161 Tmrzcrus
1156 151 1162 160 .
1174 131 1249 162 Vide
1260 137 1414 172 Tristegus.

152 173 256 201 {ionem
266 171 405 217 intelligit
418 193 426 205 ,
446 171 476 200 in
487 172 578 201 Afiam
588 193 595 205 ‚
610 181 708 209 nempe
719 192 726 204 ,
750 175 886 210 Europam
899 192 907 203 ,
929 175 955 200 &
971 175 1148 201 Tiurni-:mffi
1159 194 1167 206 ,
1179 173 1386 203 Haereticorum
1394 174 1464 204 festa
1473 197 1482 209 ,
1503 186 1562 215 quae
1579 177 1702 208 asserebat
1712 178 1812 209 trinam

152 212 275 241 Africam
285 212 460 241 constitutam
475 223 483 243 ;
493 212 527 241 fic
537 212 592 241 alio
601 211 664 242 loco
675 211 728 240 ait:
743 216 754 246 [
767 214 802 241 In
813 211 957 250 triquadro

119 277 121 280 Α
154 261 288 282 terrarum
300 253 402 281 ambitu
413 275 420 285 ,
432 264 455 280 c.
471 263 478 280 t
491 263 513 280 i.

109 296 274 322 TRISAGan
287 295 415 321 Hymnus
426 313 433 320 .
443 291 516 321 Vide
528 294 642 321 Sanc‘i‘us
654 292 712 326 ὠσί.

112 335 298 363 Tamen-ime
309 353 316 360 .
336 335 392 362 FR.
405 332 539 361 Haeretici
552 355 559 366 ‚
578 333 625 371 qui
634 333 725 361 Deum
737 331 893 361 triformem
904 331 956 362 effe

152 373 298 402 afferebant
312 394 319 405 ‚
339 372 373 401 de
386 373 479 411 quibus
498 373 535 401 D.
549 372 717 411 Augustinus
736 372 773 400 ait
781 373 863 402 talem
882 372 955 401 fuiss'e

153 423 250 442 eorum
259 412 351 442 falsam
360 414 514 442 dostrinam
525 435 533 446 ‚
545 423 642 451 nempe
655 434 662 445 ‚
686 419 698 447 [
711 414 756 442 Ut
764 413 887 452 quaedam
898 423 956 451 pars

153 455 187 484 {it
199 457 280 484 Pater
293 476 300 487 ,
314 455 435 492 quaedam
447 454 529 482 Filius
541 475 548 485 ,
567 453 691 491 quaeda-tn
702 454 818 491 Spiritus
830 455 938 482 Sanetus
948 474 955 481 .

1012 213 1043 240 in
1053 213 1118 241 Deo
1129 223 1254 242 naturam
1265 235 1273 246 ,
1294 223 1321 242 ac
1339 213 1415 243 idem
1424 216 1597 256 intelligebat
1615 229 1662 257 per
1679 219 1811 258 hyposta-

1011 252 1060 281 fim
1071 256 1127 297 ,βε
1141 263 1265 282 naturam
1277 275 1284 287 ‚
1305 255 1437 292 appellati
1453 265 1542 286 autem
1557 257 1620 287 sunt
1641 258 1670 287 hi
1688 260 1810 291 haeretici

1010 292 1143 324 recogi-iu
1154 314 1163 330 ‚
1185 294 1252 323 idest
1263 317 1271 328 ‚
1280 295 1434 324 trinideitae
1445 315 1453 322 .
1470 300 1504 324 Et
1513 299 1625 328 ulterius
1633 300 1740 329 unicam
1751 312 1809 331 tan-

1012 342 1070 362 tum
1082 334 1112 361 in
1120 334 1237 363 Christo
1256 345 1379 364 naturam
1401 336 1597 371 admittebann·
1620 350 1736 378 quorum
1752 345 1810 372 Au-

1012 374 1073 402 ἂοι·
1099 373 1273 414 Philoponus
1293 376 1498 404 Alexandrinus
1519 379 1717 410 Grammaticus
1741 382 1792 411 suit
1802 404 1808 410 .

1011 416 1069 443 FR-
1081 414 1110 442 in
1118 425 1176 444 can.
1189 416 1300 454 quidam
1311 426 1400 445 autem
1409 415 1532 446 haeretici
1542 439 1551 451 ‚
1567 430 1612 454 24.
1623 431 1667 458 qu.
1679 432 1705 459 3.
1715 424 1808 462 appel-

1011 454 1102 483 lantur
1110 457 1268 486 Trithotita
1280 477 1287 484 .

153 495 201 525 Ad
211 495 356 532 Quodvult
367 496 441 523 Deus
452 516 459 527 ,
470 495 504 522 de
516 493 679 527 Haerefibus,
689 505 712 521 c.
724 505 771 529 74.
783 497 795 526 ]
808 494 881 522 Vide
891 498 956 523 Tri-
970 497 1150 524 Titn‘t-tomffi
1161 517 1168 524 .
1182 497 1255 525 Vide
1267 497 1407 526 Trithetiae
1419 518 1426 526 .

151 539 241 565 theita
252 556 260 563 .

112 580 291 607 TRXsELENES
303 598 310 609 ‚
322 575 388 604 idest
401 597 408 609 ‚
420 575 530 605 Triluni
541 596 549 603 .
559 575 633 605 Vide
644 576 775 615 synelites
785 595 793 603 .

111 621 342 648 Tmsmmisrus.
353 615 532 654 τασμέγιςος
542 626 601 653 ,ter
610 615 743 645 maximus
755 636 761 643 .
772 615 844 645 Vide
856 616 956 645 Tlnut.

112 661 304 687 TRISOMATOS
315 677 323 685 .
334 657 409 685 Vide
420 658 570 694 Bisomatos
580 678 587 685 .

111 701 270 728 ΤκῐετΑτΑ
282 719 290 731 ,
309 694 440 731 rue-dmg
450 719 460 735 ‚
478 699 585 727 DttCtor
604 697 739 725 exercitus
751 719 759 730 ,
769 697 936 735 Capitaneus
946 718 954 730 ,

152 738 301 767 secundum
312 739 510 767 nonnullorum
519 739 682 777 opinionem
694 738 862 776 intelligitur
873 747 956 774 ,tam-

152 789 234 818 quam
253 779 301 817 qui
319 779 404 807 tertio
421 780 483 808 loco
494 779 638 817 praefidct.
660 779 712 807 Sed
731 780 769 808 D.
784 778 954 813 Hieronymi

153 819 294 848 sententis
303 820 341 848 est
351 819 431 848 valde
443 819 549 848 diversa
562 842 568 852 ,
589 830 652 848 nam
663 819 830 857 superiorem
843 819 955 856 gradum

152 860 302 899 importare
319 860 356 889 ait
366 859 419 889 hoc
430 871 533 889 nornen
544 881 551 893 ,
571 871 670 898 nempe
680 860 841 898 Principum
851 859 956 888 Princi-

152 911 214 940 pem
225 923 232 934 ‚
245 901 279 930 fic
290 901 432 938 inquiens:
448 903 562 937 [Duces
575 925 582 937 ,
591 905 617 930 δ(
631 900 800 939 Magistratus
813 921 819 932 ,
832 900 887 929 sive
896 899 957 929 Tri-

151 943 231 971 statas
243 963 250 974 ,
271 952 337 980 quos
349 952 397 970 nos
410 942 549 980 Principes
559 941 719 979 Principum
730 941 902 979 interpretati
914 939 955 968 su-

151 992 209 1011 mus
220 993 227 1013 5
249 983 283 1010 de
294 983 388 1020 quibus
398 983 426 1011 in
438 982 537 1011 Exodo
548 982 661 1020 legimus
672 1004 680 1015 ,
699 982 799 1009 ele-flos
808 980 956 1010 ascensores

152 1023 282 1052 Tristatas
295 1044 302 1055 ‚
315 1023 344 1050 in
354 1033 377 1050 c.
390 1034 436 1060 23.
450 1022 598 1052 Ezechiel.

109 1065 179 1092 Tn1s
186 1074 279 1093 Trous
293 1085 300 1096 ,
313 1061 434 1101 τρίςεγος
445 1086 452 1098 ,
473 1064 573 1092 trinam
584 1063 830 1091 contabulationem
843 1084 850 1095 ‚
862 1062 955 1091 coassh-

151 1105 256 1133 tionem
266 1126 273 1137 ,
297 1105 342 1132 vel
353 1104 595 1143 contignationem
607 1103 804 1132 liabensslatine
815 1106 954 1132 Trttcffus

150 1145 270 1174 dicitur:
293 1150 312 1180 .[
332 1144 387 1179 Qui
406 1145 478 1183 quasi
497 1146 638 1184 tristegam
655 1145 769 1173 domum
788 1144 953 1175 aedificavit,

153 1186 220 1214 idest
233 1208 240 1219 ‚
259 1185 360 1213 inferos
372 1206 379 1217 ,
398 1186 499 1214 coelum
510 1208 517 1219 ‚
535 1190 562 1214 δε
583 1196 683 1214 terram
696 1207 701 1217 ,
722 1196 750 1213 ut
761 1184 841 1222 super
852 1194 951 1212 terram

150 1226 303 1255 habitarent
313 1236 447 1255 certantes
459 1249 466 1260 ‚
478 1227 508 1255 in
520 1226 632 1255 inferno
641 1236 729 1255 :iurem
740 1226 805 1254 vifti
819 1248 825 1258 ,
845 1225 873 1253 in
885 1227 951 1254 Coe-

151 1267 180 1295 lo
202 1267 317 1296 victores
329 1287 336 1294 .
353 1265 500 1302 chrysost.
521 1267 596 1296 hom.
616 1278 662 1304 3¹·
685 1268 747 1294 inc.
768 1277 811 1295 ιο.
824 1265 949 1296 Mattli.]

152 1309 210 1337 PR.
220 1307 253 1335 sic
265 1308 404 1336 Dominus
417 1308 517 1336 trinam
529 1307 778 1337 contabulationem
796 1307 825 1334 in
837 1309 952 1335 Noemr

151 1359 180 1377 ca
190 1359 247 1375 circa
258 1347 316 1376 fieri
327 1358 491 1387 praeceperat
502 1369 509 1375 .
521 1354 533 1383 [
547 1352 579 1377 Et
589 1348 700 1386 tristega
710 1347 789 1375 faci-es
799 1347 827 1375 in
839 1357 867 1375 ea
877 1368 884 1374 .
895 1349 951 1375 Ge-

152 1387 210 1417 nes.
223 1395 249 1416 6.
269 1391 318 1420 6.]
340 1389 420 1417 Acin
434 1389 485 1418 illo
496 1389 613 1424 mystico
625 1388 777 1416 Ezechielis
798 1388 904 1425 templo
924 1388 952 1415 in

150 1432 208 1465 ejus
218 1439 276 1467 cap.
294 1441 343 1463 42.
355 1428 388 1457 fic
400 1428 528 1458 habetur:
551 1429 696 1467 [Tristega
716 1429 790 1456 enim
810 1438 885 1456 erant
896 1450 902 1460 ,
924 1431 950 1456 ἃ

149 1481 208 1500 non
219 1470 353 1498 habebant
364 1470 520 1498 columnas.
534 1471 546 1501 ]
559 1470 655 1498 Diffio
665 1479 756 1497 :tutem
765 1479 853 1507 graeca
863 1468 952 1497 Trica-

149 1521 280 1539 meratum
290 1510 423 1548 fignificat
435 1521 441 1539 ς
455 1507 547 1547 Σγέγη
557 1510 632 1538 enim
643 1510 719 1538 navis
731 1510 879 1537 tribulatum
891 1518 952 1547 pro-

148 1551 208 1590 prie
218 1550 353 1590 significat
365 1572 373 1583 ,
393 1550 466 1579 unde
477 1551 598 1589 τρίςὲγος
615 1551 786 1588 triplicatum
804 1550 953 1577 tabulatum

140 1592 296 1624 ,habentem
307 1591 423 1619 denotat
434 1611 446 1628 ,
455 1602 468 1619 a
480 1592 562 1620 verbo
572 1588 683 1629 ςεγοὶζω
695 1614 702 1624 ‚
713 1591 781 1619 idest
793 1613 799 1623 ,
811 1600 876 1628 tego
886 1612 893 1623 ‚
912 1588 953 1617 su-

148 1633 239 1662 stineo
252 1655 260 1666 ,
291 1632 372 1670 capio
386 1652 393 1659 .
412 1632 549 1662 Dictione
560 1642 626 1660 vero
645 1637 725 1670 Stega
743 1631 780 1659 ufi
798 1630 860 1659 sunt
872 1631 953 1658 etiam

143 1673 257 1704 Latinis·
278 1674 390 1702 Plautus
400 1672 475 1700 enim
487 1672 517 1700 in
527 1671 662 1701 Bacchide
676 1693 683 1703 ‚
704 1676 731 1700 δ(
745 1672 773 1699 in
783 1670 901 1706 Crysalo
921 1682 952 1698 ex

147 1712 220 1742 servi
233 1714 347 1742 nomine
360 1735 368 1746 ,
389 1714 439 1741 aft-
455 1724 480 1741 2.
491 1723 517 1750 3.
532 1713 641 1750 inquit:
664 1715 768 1747 [Forte
784 1722 813 1739 ut
824 1710 912 1739 absedi
925 1711 954 1738 in

147 1755 222 1793 stega
235 1757 247 1786 ]
262 1754 346 1787 idest,
368 1755 398 1782 in
409 1754 529 1782 tabulato
541 1753 616 1780 navis
627 1774 635 1784 ,
645 1757 673 1782 ὅ(
684 1754 713 1780 in
722 1753 807 1781 Stich.
820 1753 869 1780 ast.
885 1763 910 1789 3.
929 1763 950 1779 i.

148 1801 162 1830 [
175 1797 240 1824 Sine
250 1796 390 1824 advocatis
402 1794 503 1822 ibidem
514 1794 542 1822 in
553 1804 664 1821 cercuro
674 1815 682 1826 ‚
695 1794 723 1821 in
736 1793 807 1832 stega
820 1814 826 1825 ,
847 1792 876 1819 in
885 1793 952 1820 aini-

146 1836 251 1869 citiam,
263 1846 344 1873 atque
355 1836 382 1863 in
393 1835 507 1873 gratiam
516 1834 702 1862 convertimus
715 1853 720 1860 .
732 1836 743 1864 ]
755 1835 826 1862 Item
836 1834 952 1871 Fulgen-

147 1886 200 1904 tius
209 1877 243 1904 dc
256 1877 344 1904 vocib.
356 1886 442 1914 antiq.
455 1876 502 1903 ait:
518 1877 622 1913 [Stegs
632 1875 669 1903 est
681 1875 756 1902 navis
769 1873 952 1912 proscenium,

147 1917 215 1945 idest
227 1940 233 1949 ,
246 1917 396 1945 tabulatum
408 1937 415 1948 ,
433 1915 512 1953 super
524 1916 598 1954 quod
610 1925 695 1943 nautae
709 1915 849 1943 ambulant
861 1935 867 1945 ,
889 1914 953 1942 litut

148 1959 257 1987 Plautus
267 1958 305 1986 :iit
316 1959 347 1988 s]
371 1959 451 1987 Forte
461 1967 513 1995 ego
525 1967 553 1985 ut
566 1956 636 1994 stega
644 1954 823 1984 consederam
832 1977 840 1987 ‚
860 1954 892 1983 de
905 1965 952 1982 vo-

146 1999 199 2026 cib.
213 1999 298 2036 antiq.
308 1998 403 2026 Hodie
422 2007 515 2025 tamen
525 1996 717 2025 subtabulatum
729 2005 815 2024 nautae
827 2005 954 2033 corrupte

148 2044 236 2067 §te-va
248 2060 255 2071 ,
276 2039 332 2067 five
341 2042 426 2067 stiva
437 2038 549 2066 dicunt.-
569 2037 642 2065 unde
654 2040 768 2065 Sti-vare
778 2058 786 2069 ‚
807 2035 852 2063 seu
864 2040 952 2073 Stipa-

147 2090 175 2106 νε
186 2101 193 2111 ,
214 2079 356 2117 imponere
369 2100 376 2112 ,
398 2078 538 2108 includere
551 2099 558 2110 ‚
577 2081 604 2106 δ(
617 2087 709 2116 tegere
720 2076 816 2105 Italice
833 2076 935 2104 dicitur
947 2097 953 2108 ,

148 2120 186 2151 211:
198 2119 287 2148 Divus
298 2130 390 2151 tamen
404 2119 560 2148 Ambrosius
571 2118 599 2146 in
611 2117 679 2147 Psal.
693 2124 739 2155 36.
752 2118 863 2155 loquens
873 2117 954 2151 deju-

146 2169 220 2187 vene
233 2160 282 2188 illo
294 2181 302 2192 ,
323 2161 369 2198 qui
383 2159 593 2198 somnosopitus
604 2181 611 2191 ‚
632 2159 696 2186 dum
708 2158 865 2196 praedicaret
879 2161 952 2194 Apo-

145 2199 230 2227 stolus
240 2200 335 2228 Paulus
345 2222 351 2232 ‚
372 2211 385 2227 e
398 2200 512 2229 fenestra
522 2200 704 2238 praecipitatus
717 2198 800 2227 fuerat
811 2220 818 2230 ‚
839 2199 954 2225 vocabu-

147 2241 176 2268 lo
187 2241 273 2268 latino
283 2239 342 2268 usus
363 2241 400 2268 est
412 2262 418 2272 ,
439 2240 585 2278 inquiens:
610 2246 622 2275 [
642 2240 696 2275 Qui
718 2249 778 2266 cum
786 2238 954 2266 sermonibus

147 2281 223 2310 Pauli
236 2282 360 2311 intentus
370 2279 489 2310 haereret
502 2303 509 2314 ‚
523 2280 620 2309 somno
631 2281 718 2309 victus
729 2301 736 2312 ‚
748 2280 782 2309 de
792 2279 903 2307 tritesto
913 2289 954 2306 ce-

146 2321 215 2349 cidit
227 2342 234 2348 .

110 2365 275 2391 Tnisrirm
288 2384 295 2395 ‚
310 2362 340 2391 in
351 2372 405 2400 quo
418 2361 524 2389 differat
538 2372 550 2389 a
563 2371 635 2389 metu
646 2382 653 2389 .
665 2360 739 2390 Vide
750 2360 885 2389 Nolunms
896 2378 902 2386 .

117 2405 319 2434 Tfflsxn'iicus
332 2423 338 2430 .
351 2402 423 2432 Vide
434 2403 612 2442 Dmgfjvrttcus
624 2422 631 2429 .

972 537 1130 565 TROCHLEA
1142 556 1149 564 .
1174 539 1230 566 PR.
1242 548 1330 576 graeca
1340 538 1431 566 dicito
1451 537 1593 578 γροχαλιά
1605 561 1612 571 .
1631 540 1700 570 idest
1711 562 1719 575 ,
1736 554 1791 573 rota
1804 567 1810 577 ,

1012 586 1062 614 qua
1071 587 1136 615 :iqua
1145 587 1159 605 e
1171 579 1258 616 puteis
1270 577 1386 607 trahitur
1397 599 1403 606 .
1415 579 1528 608 Vitruv-
1541 580 1586 609 lib.
1603 591 1645 609 10.
1657 592 1714 620 cap.
1730 585 1813 619 5.Di—

1011 616 1083 644 citur
1092 619 1173 646 etiam
1190 616 1306 656 wolffg,
1328 630 1379 657 qua
1391 620 1429 647 rei
1439 629 1604 658 torquentur
1615 641 1621 648 .
1641 623 1733 651 Lexic.
1753 624 1812 653 Sca-

1015 658 1079 695 pula
1092 678 1098 685 .
1117 659 1160 687 De
1170 658 1227 686 hoe
1239 659 1371 688 vocabulo
1380 661 1513 688 Trochlea
1529 661 1600 700 saepe
1620 662 1647 691 in
1660 664 1812 699 Martyrum

1011 696 1218 736 paffionalibus÷
1237 697 1442 728 sedseciindum
1454 701 1594 731 diversum
1614 704 1745 742 loquendi
1755 715 1815 733 mo-

1011 738 1076 766 dum
1089 761 1095 772 ,
1116 739 1299 768 diversimode
1309 751 1402 769 eorum
1414 743 1576 778 martyrium
1596 745 1814 782 intelligendum

1013 779 1072 813 cst;
1094 790 1156 808 nam
1166 780 1329 818 quandoque
1342 782 1473 810 Elevati'o
1492 786 1528 811 ad
1538 786 1672 812 trochleas
1691 785 1792 813 dicitur
1806 807 1814 818 ,

1011 828 1040 848 ut.
1053 819 1086 848 de
1098 821 1123 849 S.
1134 820 1284 848 Theodoro
1295 823 1374 849 Mart.
1384 821 1494 851 liabetur
1512 824 1540 852 in
1553 825 1698 859 Martyrol.
1719 836 1744 857 7.
1757 826 1813 853 De-

1010 870 1079 888 cem.
1095 859 1141 888 <his
1162 860 1268 889 verbis:
1289 861 1453 896 [Trochleis
1474 863 1629 901 frequenter
1647 866 1677 893 in
1699 865 1813 894 sublime

1011 901 1131 929 elevatus
1141 922 1148 934 ‚
1172 911 1251 939 atque
1261 901 1316 929 ietu
1327 902 1408 930 celeri
1420 901 1498 940 super
1508 904 1593 932 filices
1615 906 1737 944 pondere
1753 917 1814 933 cor-

1012 941 1087 980 poris
1099 940 1218 970 dimifliis
1228 945 1280 970 &c.
1294 944 1306 973 ]
1329 941 1380 970 hoc
1393 943 1430 970 est
1441 953 1527 981 genus
1544 947 1693 983 torquendi
1705 956 1753 984 pcr
1775 946 1813 974 fu-

1012 992 1075 1010 nem
1085 981 1267 1010 trastatoriam
1279 1004 1286 1015 ‚
1306 983 1380 1020 quod
1395 984 1491 1012 Italice
1502 989 1600 1013 Tratti
1612 988 1640 1014 di
1652 988 1733 1014 corda
1746 986 1815 1014 dici-

1013 1032 1057 1050 tur
1067 1043 1073 1049 .
1096 1023 1253 1061 Aliquando
1273 1033 1339 1052 vero
1350 1023 1451 1052 dicitur
1463 1025 1590 1062 Extensto
1607 1027 1644 1054 ad
1660 1027 1792 1055 trochleas
1805 1044 1815 1060 ‚

1011 1073 1040 1090 ut
1054 1063 1087 1091 de
1098 1064 1191 1091 Sinfta
1203 1063 1389 1101 symphorosa
1400 1086 1407 1097 ,
1433 1075 1475 1097 17.
1497 1067 1574 1102 Junii
1595 1066 1664 1104 :ipud
1683 1067 1815 1095 Adonem

1011 1103 1123 1131 habetur
1136 1117 1140 1131 .·
1162 1104 1233 1132 unde
1243 1106 1329 1143 Greg.
1348 1107 1450 1133 Turon.
1472 1106 1563 1144 inquit
1575 1118 1581 1134 t
1604 1113 1616 1142 [
1637 1106 1770 1135 Extensus
1781 1107 1815 1135 ad

1011 1145 1146 1172 trochleas
1158 1167 1165 1177 ‚
1176 1145 1328 1173 caedebatur
1337 1145 1447 1174 fustibus
1461 1168 1467 1178 ,
1480 1147 1566 1185 virgis
1579 1169 1586 1180 ‚
1605 1158 1634 1176 ac
1644 1147 1712 1175 loris
1722 1147 1816 1186 dupli-

1008 1185 1079 1213 cibus
1090 1189 1141 1214 ἃς.
1162 1185 1189 1213 in
1201 1185 1264 1213 hist.
1277 1188 1402 1215 Francor.
1415 1187 1459 1215 lib.
1471 1199 1497 1222 4.
1509 1197 1566 1225 cap.
1579 1199 1627 1224 49.
1639 1190 1674 1216 In
1686 1197 1756 1216 terra
1767 1199 1815 1216 ex-

1014 1227 1138 1255 tenditur
1158 1226 1191 1254 ad
1211 1226 1364 1259 trochleas,
1385 1227 1471 1266 vii-gis
1483 1249 1490 1261 ‚
1509 1232 1536 1257 δ(
1550 1227 1658 1257 fustibus
1675 1228 1792 1257 caeditur
1804 1248 1812 1256 .

1008 1267 1086 1294 Idem
1099 1267 1145 1295 lib.
1160 1274 1186 1295 6.
1196 1278 1219 1294 c.
1234 1271 1257 1295 8.
1270 1271 1297 1296 ὃς
1309 1277 1355 1304 35.
1365 1271 1392 1296 δ(
1403 1268 1447 1296 lib.
1459 1279 1485 1301 7.
1497 1279 1519 1296 c.
1531 1279 1543 1306 3
1553 1271 1600 1300 2.]
1622 1272 1663 1298 Ac
1683 1268 1756 1297 idem
1767 1268 1816 1297 hri.—

1007 1307 1083 1335 betur
1095 1308 1122 1335 in
1143 1310 1199 1344 ejus
1210 1308 1284 1335 traEt.
1295 1308 1329 1336 de
1348 1308 1420 1346 glor.
1432 1308 1587 1336 Confess‘or.
1609 1320 1631 1337 c.
1654 1314 1698 1346 83.
1710 1313 1815 1337 Exten-

1008 1346 1049 1374 sus
1058 1357 1146 1375 :iiiteiii
1158 1347 1190 1375 ad
1202 1346 1337 1375 trochleas
1347 1348 1400 1384 ‚de
1411 1358 1444 1377 eo
1456 1349 1671 1387 intelligendum
1683 1358 1792 1377 autumo
1806 1371 1814 1383 ,

1009 1387 1053 1426 qui
1077 1389 1106 1415 in
1117 1388 1211 1415 eadem
1224 1388 1378 1416 tractatoria
1398 1387 1461 1416 fune
1471 1389 1597 1427 alligatus
1607 1411 1613 1421 ,
1632 1393 1660 1418 ὃ(
1684 1399 1741 1417 non
1755 1391 1814 1427 plus

1007 1438 1088 1465 quam
1099 1438 1214 1466 quatuor
1225 1428 1321 1466 digitis
1331 1427 1443 1456 circiter
1454 1440 1467 1456 a
1481 1438 1552 1457 terra
1573 1430 1691 1458 elevatus
1701 1451 1708 1462 ‚
1728 1430 1764 1457 ita
1783 1439 1813 1457 ut

1009 1479 1066 1496 reus
1078 1479 1090 1496 a
1100 1468 1152 1496 soli
1164 1468 1342 1506 proximitate
1353 1468 1480 1505 deceptus
1491 1490 1499 1501 ,
1520 1470 1654 1497 continuo
1667 1470 1698 1497 ad
1709 1469 1814 1499 susten-

1009 1509 1123 1536 tandum
1134 1519 1231 1547 corpus
1251 1509 1402 1541 alliciatur,
1425 1520 1454 1537 ac
1474 1509 1584 1547 pedibus
1604 1519 1692 1538 tentet
1707 1530 1715 1542 ‚
1732 1514 1760 1538 δ(
1779 1510 1813 1538 sie

1008 1550 1094 1588 magis
1105 1572 1110 1582 ‚
1122 1560 1150 1578 ac
1161 1548 1258 1587 saepi'us
1270 1559 1428 1587 torqueatur
1437 1549 1561 1577 tractibus
1572 1549 1643 1578 funis
1656 1571 1664 1583 ,
1685 1550 1758 1588 quod
1769 1560 1814 1588 ge<

1009 1601 1059 1618 nus
1073 1599 1206 1618 tormenti
1226 1590 1253 1617 in
1265 1590 1357 1619 Sicilia
1367 1595 1482 1618 Succaro
1491 1590 1592 1618 dicitur
1603 1611 1610 1618 .
1629 1590 1673 1619 Est
1684 1600 1813 1628 praeterea

1008 1632 1092 1669 longa
1102 1630 1291 1659 contentionis
1304 1630 1374 1659 fiinis
1386 1630 1460 1659 inter
1470 1630 1600 1659 Eruditos
1611 1652 1618 1663 ,
1642 1631 1680 1659 eis
1692 1642 1704 1658 a
1717 1631 1814 1659 Vitru>

1009 1671 1056 1699 vio
1069 1671 1208 1709 praestitn;
1230 1681 1291 1699 nam
1302 1671 1347 1699 lib.
1365 1682 1406 1699 10.
1417 1680 1473 1708 cap.
1488 1681 1512 1706 5.
1529 1671 1639 1708 inquit:
1654 1676 1666 1705 [
1679 1673 1714 1699 In
1724 1671 1816 1699 radice

1007 1722 1098 1740 autem
1108 1711 1241 1740 machinae
1251 1712 1402 1740 collocatur
1413 1711 1494 1740 tertia
1506 1711 1628 1740 trochlea
1638 1733 1645 1743 ,
1656 1722 1714 1739 eam
1724 1721 1815 1739 autem

1007 1751 1100 1781 Graeci
1114 1749 1252 1789 ἐπείγοντα
1269 1774 1275 1784 ,
1296 1752 1382 1780 nostri
1392 1761 1518 1780 artemon
1537 1761 1657 1780 vocant.
1678 1754 1690 1782 ]
1712 1750 1816 1789 Dispu-

1008 1802 1067 1820 tant
1081 1793 1166 1831 igitur
1177 1791 1274 1821 acriter
1285 1793 1437 1830 Scriptores
1449 1815 1457 1826 ,
1477 1796 1504 1821 δ(
1514 1793 1647 1830 praecipue
1657 1791 1712 1819 Sac.
1724 1795 1816 1829 Expo-

1008 1833 1101 1862 fitores
1113 1854 1120 1865 ‚
1133 1832 1211 1871 super
1221 1843 1245 1860 c.
1258 1844 1303 1866 27·
1316 1844 1362 1868 40.
1377 1834 1437 1862 Αᾶ.
1450 1833 1546 1871 Apost.
1556 1833 1601 1860 ubi
1612 1831 1741 1861 habetur:
1756 1838 1768 1867 [
1782 1836 1815 1859 Et

1008 1883 1069 1902 cum
1079 1873 1209 1902 anchoras
1219 1872 1383 1902 sustuliflent
1395 1895 1402 1906 ‚
1414 1873 1625 1902 committebant
1637 1871 1664 1900 se
1674 1871 1742 1900 utari
1756 1895 1762 1904 ‚
1782 1872 1815 1900 ίί-

1008 1914 1065 1942 mul
1076 1916 1196 1942 laxantes
1205 1915 1339 1949 jamenu-2<
1349 1914 1592 1952 gubernaculorum
1604 1935 1611 1945 ‚
1633 1917 1660 1941 ὃς
1671 1912 1764 1940 levato
1775 1922 1817 1939 ar-

1010 1964 1124 1982 temone
1134 1953 1279 1982 fecundum
1289 1965 1358 1982 aurae
1370 1956 1464 1983 flatum
1476 1977 1484 1987 ,
1496 1954 1643 1982 tendebant
1654 1953 1686 1980 ad
1699 1953 1774 1980 littus
1784 1954 1815 1983 .]

1010 1996 1069 2024 Alii
1080 1995 1155 2024 enim
1167 2005 1214 2033 per
1227 1999 1405 2023 Artemonem
1425 1995 1502 2023 navis
1513 1996 1613 2022 malum
1627 2014 1634 2026 ‚
1652 1993 1699 2021 alii
1720 2002 1816 2020 anten-

1010 2046 1072 2064 nam
1084 2057 1091 2068 ,
1102 2035 1149 2064 alii
1162 2036 1253 2063 velum
1266 2045 1378 2072 parvum
1389 2057 1396 2067 ,
1407 2034 1669 2073 aliigubernaculum
1681 2032 1819 2070 interpre-

1011 2086 1103 2104 tantur
1114 2098 1121 2109 ,
1141 2086 1208 2113 quos
1220 2075 1377 2103 cumulatim
1391 2076 1487 2104 videre
1498 2075 1536 2103 est
1545 2075 1617 2112 apud
1627 2073 1792 2103 Cornelium
1804 2083 1818 2100 a

1011 2117 1114 2154 lapide
1126 2138 1133 2149 ‚
1145 2120 1172 2144 &c
1185 2118 1228 2154 Jo.
1241 2116 1374 2144 Lorinum
1384 2116 1412 2144 in
1425 2117 1487 2144 Ast.
1499 2115 1594 2153 Apoll.
1604 2124 1683 2152 atque
1694 2114 1774 2142 Alex.
1787 2113 1817 2140 ab

1011 2158 1097 2186 Alex.
1108 2157 1249 2196 integrum
1262 2157 1338 2184 trac‘r.
1352 2157 1398 2184 lib.
1418 2155 1552 2184 1.Geniril.
1565 2166 1587 2182 c.
1602 2165 1648 2189 25.
1665 2153 1744 2190 super
1763 2151 1817 2179 hoc

1011 2198 1105 2225 vocab.
1118 2202 1253 2226 Artemon
1264 2196 1435 2234 composuit:
1448 2196 1630 2224 nihilominus
1640 2204 1696 2222 non
1707 2191 1817 2229 possiint

1013 2238 1182 2266 concordare
1194 2238 1354 2265 vocabulum
1374 2240 1536 2265 Artemonis
1549 2258 1555 2269 ‚
1574 2235 1607 2263 de
1625 2243 1679 2271 quo
1698 2233 1727 2260 in
1740 2233 1817 2260 Attis

1011 2279 1059 2306 cit.
1074 2277 1233 2315 Apostaeum
1244 2282 1396 2306 Artemone
1418 2277 1448 2304 in
1465 2276 1545 2305 sensu
1555 2274 1681 2304 Trochlea
1694 2283 1706 2300 a
1721 2272 1817 2301 Vitru-

1014 2320 1062 2346 vio
1073 2318 1149 2356 supra
1162 2318 1245 2346 allato
1257 2338 1263 2345 .
1280 2319 1424 2346 Caeterum
1444 2316 1497 2348 hoc
1510 2314 1668 2344 vocabulum
1681 2317 1817 2344 Artemon

1014 2360 1079 2386 licet
1093 2360 1166 2386 inter
1180 2359 1292 2387 Latinos
1303 2358 1430 2386 tilitatum
1439 2355 1513 2384 suifle
1524 2354 1669 2383 Vitruvius
1678 2354 1797 2382 affirmet
1809 2373 1816 2384 ‚

1015 2399 1053 2428 est
1065 2409 1159 2428 tamen
1171 2399 1280 2437 origine
1291 2407 1410 2436 graecum
1419 2417 1428 2430 ‚
1447 2406 1476 2424 tit
1486 2396 1598 2434 reliquae
1612 2405 1670 2424 non
1680 2402 1768 2450 paucae
1782 2394 1818 2420 lat

1698 2443 1775 2465 tutes
