1866 2526
40 114 140 144 Atmii
149 132 158 142 .
170 111 229 142 FR-
238 107 341 142 Mulier
351 108 456 140 subdita
467 129 476 137 .
487 115 500 145 [
512 105 659 139 Tradimus
668 115 730 136 cum
741 102 866 136 omnibus

80 156 134 182 διε.
144 152 231 182 servis
241 173 250 185 ,
262 155 291 182 δι
298 151 410 181 ancillis
419 171 428 185 ,
441 150 546 183 Aldiis,
555 152 584 178 δε
596 149 739 181 Aldiabus,
749 148 865 178 colonis,

73 188 110 223 ’δε
129 193 288 222 coloniabus
300 213 308 220 .
325 194 362 222 In
372 191 493 231 quodam
512 191 611 230 privil.
623 190 720 220 Caroli
733 191 773 218 M.
795 187 865 227 apud

79 234 243 273 Torrigium
253 234 288 262 de
297 234 391 263 Vatic.
400 232 528 270 Cryptis‚
539 230 658 269 impress‘.
670 243 696 260 2.
707 241 769 270 pag.
783 231 862 264 507.]

81 274 140 304 Ubi
151 275 227 304 idem
235 274 346 313 Torrig.
359 283 438 303 notat
445 273 609 305 Aldina&
619 273 741 301 Alda'am
755 271 785 299 in
795 281 864 299 con-

78 315 191 344 ditione
199 314 310 344 differre
319 325 333 343 a
341 314 428 343 servis
439 335 447 346 ,
459 312 505 341 seu
517 313 668 351 mmcipiis
675 334 686 346 ‚
699 315 727 341 ὃ(
736 311 845 340 colonis
856 322 863 341 ί

44 379 48 382 .
81 356 142 385 vult
154 365 246 384 tamen
257 354 368 384 eosdem
380 354 431 384 ess'e
443 365 472 382 :ic
483 354 598 382 clientes
608 375 616 387 ‚
627 357 655 382 ὅ(
666 353 783 382 comites
793 374 800 385 ,
812 352 863 382 ita-

80 395 135 424 lice
144 397 263 433 Maffari
272 416 281 429 ‚
291 399 320 425 δε
329 399 429 425 Socciti
438 394 506 423 dieti
519 414 526 421 .
539 394 614 422 Vide
625 404 686 432 quae
698 404 746 422 nos
758 395 788 422 in
796 393 862 422 dist.

42 444 44 450 ·
80 439 238 475 Catipanus
266 437 425 466 notavimus
434 455 442 463 .
464 435 539 463 Vide
568 434 651 463 etiam
668 435 687 462 l.
706 434 843 463 Aldiones
856 453 862 459 .

80 477 141 512 Qua
162 477 225 516 lege
232 477 370 507 Aldiones
381 499 389 510 ,
406 480 435 505 ὅ(
446 476 540 504 Aldiae
558 474 655 503 vivere
674 474 774 503 debent
784 496 792 507 ‚
815 475 834 503 l.
844 473 862 501 fi

79 517 165 547 Aldia
175 518 209 546 de
219 517 297 546 furtis
309 540 318 551 ‚
335 522 363 547 ὃ(
375 516 448 546 Bull.
459 516 551 545 Calin.
565 525 633 544 tom.
645 526 671 543 z.
682 515 769 543 const.
782 526 829 551 49.

38 559 181 588 Arnum
195 578 202 586 .
226 559 300 587 Vide
314 559 420 588 Aldius
429 577 437 584 .
461 558 518 585 PR.
536 557 609 584 Item
631 555 768 594 reperitur
777 575 786 583 .
808 554 864 584 Al.

78 599 193 627 diantia
203 620 211 631 ,
221 602 249 627 &
261 599 386 629 Aldialis
398 618 406 626 .
415 597 488 626 Bull.
496 596 590 625 Cassn.
600 606 667 624 tom.
679 609 706 626 2.
715 595 801 624 const.
814 606 859 623 20.

37 640 152 668 Atmus
165 660 175 672 ‚
197 643 225 668 ὅ(
237 640 325 669 Aldio
333 660 342 672 ,
364 638 457 668 servus
479 637 560 666 fastus
577 637 647 665 liber
657 658 666 670 ,
687 646 749 666 cum
768 635 860 673 hypo-

78 679 258 719 thecaaliqua
266 678 410 708 servitutis
428 689 492 718 erga
509 678 674 710 dominum,
694 679 768 714 cujus
787 676 859 705 filius
871 689 879 695 ·

76 721 164 750 Aldio
173 741 182 753 ‚
204 725 232 750 ὃ(
242 719 299 749 filia
306 720 399 750 Aldia
407 741 415 753 ‚
424 724 452 749 ὅ(
462 719 591 748 Aldiana
599 718 759 746 dicebantur
770 728 776 745 :
798 726 858 745 0111-

76 759 124 788 nia
140 760 203 789 haec
223 761 339 789 nomina
351 760 382 789 in
405 760 560 789 donatione
570 758 689 788 Henrici
702 760 725 788 Ι.
737 768 788 796 pro
800 760 858 786 Na-

76 809 163 829 varrae
177 801 434 840 Ecclefialeguntur
445 820 452 828 .
464 806 478 835 [
491 798 660 830 Cumservis
672 821 681 833 ‚
691 803 718 829 δε
729 799 837 827 ancillis
849 820 856 831 ,

75 841 233 870 aldionibus
243 864 251 875 ,
264 845 292 870 ὅ(
302 841 419 870 aldianis
429 861 437 870 .
458 843 557 871 Baton.
566 851 611 869 an.
628 851 710 875 1014-
722 842 735 871 1
750 841 805 868 PR.
816 841 856 868 Tu

77 890 145 910 vcro
155 883 255 910 Lestor
264 903 273 915 ‚
291 892 326 911 an
335 882 500 921 Torrigius;
521 880 566 910 scu
574 881 621 910 hic
634 883 663 909 1².
674 891 749 909 meus
760 879 857 908 melius

76 919 146 950 hanc
156 933 254 951 vocem
264 924 448 962 explicaverit
463 945 470 956 ‚
479 922 582 959 judica,
595 926 623 950 δ(
635 920 748 950 consule
758 930 857 958 praetcr

76 962 203 993 adductas
211 965 387 993 auctoritates
396 986 403 997 ‚
427 964 444 992 l.
457 964 476 993 fi
485 964 549 1002 quis
560 973 608 1001 per
621 972 729 990 murum
739 983 747 994 ‚
755 962 790 990 de
803 960 857 990 sur-

74 1003 111 1030 tis
122 1024 130 1035 ‚
141 1003 159 1031 l·
172 1005 311 1033 Aldiones
321 1026 328 1038 ‚
340 1009 368 1034 ὃ(
379 1004 452 1034 Bull.
461 1004 592 1033 Catinen.
603 1001 698 1041 passim
710 1023 717 1029 .
731 1002 806 1031 Vide
819 1002 856 1031 Il-

76 1043 197 1072 ladiones
208 1063 215 1071 .
241 1045 358 1073 Dicitur
373 1045 458 1073 etiam
483 1044 665 1075 Aldiaricia,
688 1043 857 1072 &Amian-

75 1085 134 1110 cius
144 1102 152 1110 .
175 1084 276 1112 Bullar.
287 1085 416 1113 Cafincn.
427 1093 495 1113 tom.
508 1095 534 1112 2.
547 1082 634 1112 const.
649 1093 675 1118 5.

33 1122 50 1155 γ’
72 1125 155 1151 Ain
166 1143 174 1150 .
195 1123 278 1152 Lusus
287 1125 348 1153 alea
358 1124 462 1153 octafio
471 1123 570 1152 fraudis
580 1145 588 1156 ,
608 1128 636 1152 δ(
646 1122 736 1151 ruina<
744 1122 858 1152 familia-

72 1172 132 1190 rum
141 1184 150 1196 ,
172 1163 344 1202 aliorumque
355 1165 488 1193 vitiorum
499 1163 580 1202 origo
589 1183 598 1190 .
617 1164 690 1192 Alea
703 1162 789 1192 lusum
797 1174 857 1191 cor>

72 1202 150 1231 datus
168 1203 285 1243 quisquc
304 1205 382 1233 nullo
404 1215 462 1233 non
481 1213 607 1242 tempore
623 1203 771 1232 detestatus
789 1203 827 1231 est
848 1225 855 1236 ,

74 1252 211 1280 tamquam
223 1253 309 1272 artem
321 1243 571 1283 perniciofiffimam
581 1266 589 1277 ‚
612 1254 663 1282 qua
675 1243 806 1272 homines
823 1244 856 1272 ad

71 1281 193 1312 fraudem
204 1305 213 1317 ,
235 1289 263 1314 ὃ(
275 1284 408 1313 fallaciam
417 1286 563 1314 abutantur
574 1306 582 1318 ‚
604 1283 715 1323 suasque
737 1283 855 1322 persaepe

69 1323 180 1352 diruant
198 1324 314 1354 familias
325 1347 332 1358 ,
353 1326 450 1365 easque
468 1326 501 1354 ad
520 1325 669 1364 egestatem
687 1329 714 1354 δε
734 1325 855 1364 inopiam

69 1364 200 1394 reducant
209 1386 217 1393 .
241 1367 362 1395 Vetusta:
374 1373 557 1397 Romanorum
567 1366 641 1405 leges
651 1366 739 1394 exilio
749 1388 758 1399 ‚
779 1364 855 1394 aliis-

70 1415 123 1443 que
139 1406 228 1443 poenis
248 1406 279 1435 in
300 1408 434 1436 aleatores
455 1407 714 1436 animadverterunt
726 1429 733 1440 ‚
756 1407 855 1440 Taylor

71 1446 145 1474 dul?-
156 1447 245 1475 dubit.
256 1447 274 1475 l.
285 1459 312 1483 4.
333 1458 356 1475 c.
371 1459 394 1476 1.
412 1447 512 1486 eosque
529 1448 692 1476 dammrunt
705 1459 712 1478 ς
736 1458 770 1476 eo
780 1443 853 1486 quod

72 1485 144 1514 lusus
153 1486 312 1523 hujusmodi
323 1487 469 1517 hominum
479 1489 584 1517 animos
594 1488 627 1516 ad
645 1489 731 1516 multa
739 1487 852 1527 grandia

70 1528 99 1554 ὅ(
117 1528 220 1556 atrocia
238 1529 309 1558 vitia
326 1529 462 1562 inclinet,
484 1529 518 1557 ad
534 1528 680 1557 avaritiam
701 1528 832 1557 videlicet
844 1550 851 1560 ‚

70 1567 236 1602 perjurium,
258 1569 449 1603 mendacium,
471 1569 618 1598 execrandi
635 1580 665 1597 ac
682 1569 790 1605 jurandi
808 1567 848 1597 :is—

69 1606 226 1649 liduitatem
236 1629 245 1641 ‚
265 1608 333 1636 iram
341 1620 370 1637 :ic
379 1610 473 1639 odium
485 1631 494 1643 ‚
515 1610 602 1638 rixam
613 1614 640 1638 ἃ
650 1610 752 1638 caedcrn
772 1610 850 1638 luxu-

69 1646 138 1674 riam'
147 1652 175 1676 ὅ(
185 1648 275 1676 omnis
285 1650 394 1687 generis
403 1650 646 1688 intemperantiam
657 1670 665 1677 .
686 1650 847 1679 Concilium

68 1687 280 1717 Illiberitanum
292 1711 300 1722 ,
322 1700 345 1717 c·
365 1701 415 1727 79.
433 1691 587 1729 generatim
604 1700 701 1719 omnes
725 1690 826 1720 lusores
837 1702 850 1718 a

68 1731 265 1758 communione
276 1729 382 1769 separat
392 1750 400 1758 .
421 1737 447 1760 Si
459 1732 621 1770 quufidelis
643 1732 723 1764 alea,
745 1733 776 1760 id
795 1733 830 1768 est
842 1753 849 1764 ‚

68 1769 169 1797 tabula
177 1771 277 1807 luserit
287 1791 295 1803 ,
312 1771 425 1808 placuit
435 1782 497 1800 eum
508 1772 640 1808 abstinere
652 1785 662 1800 :
682 1772 752 1810 Etsi
762 1783 849 1800 emen-

70 1809 156 1838 datus
174 1811 340 1847 ceffaverit,
355 1813 411 1849 post
419 1823 528 1840 annum
541 1815 645 1849 poterit
663 1816 850 1841 communione

69 1850 240 1879 reconiflian'
251 1871 260 1879 .
281 1853 429 1881 Canonem
440 1852 513 1880 hunc
522 1852 653 1880 nonnulli
671 1852 706 1880 de
724 1854 791 1881 talis
809 1852 851 1881 in-

69 1888 253 1928 telligcndum
263 1890 314 1920 csse
324 1903 422 1931 putant
434 1915 442 1926 ,
464 1893 558 1932 quibus
568 1893 662 1921 ludere
674 1893 748 1921 neffis
760 1892 848 1921 visum

69 1927 103 1956 fit
113 1950 122 1961 t
137 1931 205 1972 ‘quia
215 1932 320 1971 effigies
329 1933 444 1962 deorum
453 1933 603 1973 gentilium
612 1944 663 1972 pro
673 1934 792 1962 numeris
802 1934 851 1962 ha-

68 1968 179 1998 buerint
187 1992 195 2003 ,
216 1972 290 2011 iique
307 1973 435 2003 invocari
453 1974 530 2002 soliti
540 1974 592 2002 lint
603 1996 611 2007 ,
633 1984 662 2002 ut
684 1974 850 2003 felicissimus

68 2011 197 2039 eveniret
204 2014 288 2047 jastus
296 2033 304 2041 .
325 2014 378 2043 Sed
388 2015 408 2044 fi
418 2015 449 2043 id
460 2024 556 2043 verum
567 2013 630 2043 ess'et
640 2036 648 2047 ‚
657 2024 772 2053 gravior
783 2025 847 2053 pro-

68 2050 141 2095 festo
150 2061 231 2090 poena
242 2053 296 2082 illis
303 2075 314 2087 ,
324 2063 461 2094 tamquam
472 2055 627 2084 idololatris
636 2077 644 2088 ‚
666 2055 758 2084 abhoc
770 2058 848 2085 Con-

68 2092 136 2120 cilio
146 2094 248 2122 inflicta
258 2092 361 2123 fiiiss'et.
383 2097 502 2125 Rationi
519 2096 610 2135 itaque
626 2096 712 2135 magis
731 2096 850 2125 consen-

67 2142 179 2176 tancum
189 2134 228 2162 est
239 2155 248 2166 ,
270 2133 407 2164 laudatum
415 2136 578 2166 Concilium
596 2136 684 2165 lusum
703 2139 774 2166 Alea
786 2148 849 2176 pro-

68 2171 182 2202 hibuisse
192 2195 200 2206 ,
222 2183 251 2203 ut
263 2176 395 2213 temporis
403 2176 578 2215 dispendium
589 2199 597 2211 ‚
608 2178 648 2206 rei
662 2177 800 2207 familiaris
811 2181 851 2215 ja-

69 2213 173 2258 ‹ssuram
181 2219 209 2244 ἀ
219 2216 371 2254 perniciem
380 2237 388 2249 ,
409 2227 491 2257 atque
502 2227 624 2256 apertam
644 2217 744 2248 fraudis
756 2241 764 2253 ‚
786 2229 850 2249 :iva-

66 2262 140 2298 ritiae
151 2276 160 2288 ,
180 2257 360 2295 omniumque
369 2255 663 2295 supi-memoratorum
682 2260 850 2298 flagitiorum

67 2304 108 2321 ori
112 2304 224 2338 ὅψεως
247 2301 275 2326 ὃ(
284 2296 301 2325 s
298 2298 330 2326 ub
339 2296 389 2325 hac
400 2299 516 2328 notione
526 2310 574 2329 eos
583 2299 776 2329 condemnass'e
785 2322 793 2334 ‚
803 2303 850 2340 qui

65 2335 135 2365 lucri
146 2340 173 2364 <St
184 2337 299 2375 quaestus
308 2337 426 2367 faciendi
439 2359 450 2372 ,
470 2350 529 2369 non
537 2341 623 2369 animi
631 2341 775 2370 relaxandi
789 2352 852 2371 cau-

67 2374 94 2405 s:
103 2397 112 2411 ‚
135 2377 160 2405 ei
171 2377 198 2407 se
208 2377 399 2409 tradidiss‘cnt.
419 2380 509 2410 Unde
526 2382 684 2421 Ambrosius
695 2403 704 2416 ‚
723 2383 756 2411 de
765 2383 862 2444 Tabia¹

1215 45 1324 87 AL
1608 59 1661 102 39

922 113 946 133 c.
971 114 1014 134 ii.
1035 101 1162 135 lucrum,
1182 102 1248 142 alea
1269 105 1298 130 ὃ(
1315 100 1417 131 testeris
1434 103 1614 140 acquisitum,
1637 103 1712 133 haud

923 145 1019 175 melius
1028 153 1109 184 quam
1121 143 1222 172 furtum
1238 146 1267 172 δε
1285 152 1424 172 extortam
1443 142 1550 172 usuram
1569 144 1638 177 css‘c,
1657 144 1710 173 ho—

922 184 1064 224 minesque
1074 207 1085 219 ‚
1107 183 1179 213 ludis
1189 184 1245 212 istis
1256 181 1318 212 sese
1331 183 1464 213 dedentes
1474 205 1483 218 ,
1501 183 1576 212 inter
1587 185 1653 214 seras·
1665 185 1708 213 vi-

922 237 988 256 vere
996 235 1076 264 atque
1089 223 1193 257 versari
1203 224 1382 263 pronuntiat.
1407 229 1441 254 Et
1447 225 1627 261 Justim'anus
1647 227 1709 264 lege

922 268 975 297 lata
983 267 1076 296 sanxit
1089 287 1098 300 ,
1120 266 1298 302 Eod.Justin.
1307 265 1326 293 l.
1336 276 1363 303 3.
1374 269 1423 294 eit.
1434 276 1483 303 43.
1494 267 1526 294 de
1537 266 1706 294 aleatoribus

921 309 970 346 leg.
986 320 1008 336 i.
1027 318 1057 336 ut
1079 306 1168 335 vietus
1185 307 1216 335 in
1228 307 1289 334 alea
1298 305 1357 335 lusu
1366 317 1425 336 non
1445 305 1530 345 poflet
1540 306 1706 336 conveniri:

920 353 949 378 δε
970 349 989 378 si
1017 346 1157 380 solviffet,
1179 347 1291 376 liaberet
1316 348 1514 385 repetitionem
1543 357 1600 376 tam
1620 345 1678 385 ipse
1697 367 1707 379 ,

920 399 1000 429 quam
1022 388 1139 417 heredes
1156 397 1214 424 ejus
1230 387 1362 417 adversus
1380 389 1517 418 victorem
1534 391 1563 417 δε
1583 390 1641 424 ejus
1656 387 1706 416 lic-

919 430 996 459 redes
1007 451 1014 462 ‚
1038 430 1122 468 idque
1141 438 1278 468 pei-petuo
1288 449 1296 461 ,
1313 432 1341 457 ὃς
1351 429 1437 457 etiarn
1449 429 1507 467 post
1519 428 1638 467 triginta
1655 439 1706 456 :tn-

918 481 986 500 nos:
1010 471 1095 507 Quod
1113 470 1132 498 fi
1153 471 1198 498 vel
1226 467 1304 507 ipse,
1328 470 1373 498 vel
1400 473 1457 506 ejus
1482 469 1597 498 heredes
1625 479 1704 507 repe-

920 521 977 540 tere
1006 509 1191 550 neglexissent
1208 522 1216 542 ς
1248 509 1346 538 liceret
1373 511 1536 549 cuicumque
1563 509 1671 538 volenti
1693 530 1704 543 ,

916 556 945 581 δι
963 553 1103 591 precipue
1119 551 1264 582 civitatis,
1288 551 1318 579 in
1337 551 1429 590 quaid
1452 551 1572 584 fictum,
1594 550 1703 579 Prima-

918 593 939 621 ti
968 593 1015 622 vel
1040 591 1192 622 Defensori
1223 601 1367 629 repetere,
1387 592 1459 621 &in
1475 601 1558 630 opera
1578 591 1703 620 civitatis

916 634 947 662 id
965 633 1140 672 expendere.
1164 637 1199 662 Et
1218 633 1249 661 in
1266 632 1356 666 ludis,
1374 633 1421 671 qui
1451 631 1572 671 permissi
1592 642 1670 661 erant
1693 653 1702 664 ,

914 665 983 703 ibid.
994 674 1141 703 ditioribus
1151 675 1185 703 ad
1195 675 1315 712 singulos
1323 672 1477 713 congressits
1485 683 1532 702 aut
1551 673 1625 701 vices
1643 683 1702 701 non

914 715 994 753 plus,
1017 724 1191 753 quamunum
1204 714 1284 743 :ill'em
1302 713 1348 742 scu
1366 713 1502 742 numisma
1521 714 1662 752 deponere
1671 723 1700 742 ac

913 755 1027 786 ludere5
1049 756 1242 795 ceterislonge
1252 755 1359 784 minori
1370 755 1504 793 pecunia,
1527 765 1579 793 pro
1598 754 1636 783 rei
1648 753 1700 782 sci-

912 796 979 824 licet
987 795 1041 824 suae
1053 795 1197 825 familiaris
1208 797 1317 825 ratione
1328 817 1335 828 ,
1348 795 1558 834 permittebatur
1567 815 1575 822 .
1586 795 1700 833 Sapien-

913 835 1020 867 tiffime
1030 837 1059 865 id
1069 837 1181 876 quidem
1192 857 1200 865 .
1221 842 1301 866 Dum
1318 840 1410 869 enim,
1432 835 1615 875 conqueritur
1632 839 1700 864 Hie-

914 889 1059 918 ronymus,
1081 888 1176 916 epaz.
1200 877 1233 905 ad
1244 876 1439 906 Gaudentium
1451 898 1460 910 ,
1479 877 1568 916 posita
1585 877 1698 905 luditur

912 930 981 946 arca
991 925 1001 951 ¹,
1016 920 1190 956 statpauper
1199 919 1292 946 nudus
1303 926 1386 957 atque
1397 919 1519 956 esuriens
1533 916 1678 954 antefhres
1689 937 1698 950 ‚

913 960 1091 998 Christusque
1103 963 1258 997 inpaupere
1269 962 1387 987 moritur
1398 978 1406 985 .
1428 958 1525 994 Quid?
1547 957 1631 995 Quod
1647 956 1699 986 sx-

913 1007 1064 1038 penumero
1075 999 1188 1038 propria
1197 998 1319 1037 ipsorum
1328 1008 1390 1027 cato
1399 1002 1426 1027 δ(
1435 998 1546 1038 sanguis
1555 1021 1564 1032 ‚
1584 998 1698 1027 familia:

913 1044 941 1068 δε
952 1040 1103 1079 propinqui
1115 1061 1123 1073 ,
1145 1051 1198 1068 una
1208 1040 1288 1068 noete
1298 1039 1346 1068 tali
1357 1039 1510 1068 stoliditate
1533 1039 1642 1078 penitus
1652 1039 1701 1067 dc-

913 1080 1049 1109 struantur
1059 1101 1067 1108 .
1087 1084 1121 1109 Et
1131 1081 1218 1118 qualis
1228 1079 1321 1118 quaeso
1330 1090 1413 1118 poenri
1422 1080 1452 1108 in
1464 1080 1529 1108 illos
1538 1080 1627 1118 poiest
1636 1079 1698 1108 exi-

914 1121 1100 1158 stinicirijusto
1108 1122 1224 1160 gravior
1234 1125 1246 1149 Ξ
1261 1124 1288 1149 Si
1300 1124 1362 1159 quis
1372 1122 1489 1157 suorum
1499 1142 1509 1153 ,
1529 1120 1564 1154 &1
1573 1123 1700 1150 maxime

912 1162 1118 1197 domesticorum
1130 1182 1136 1193 ‚
1159 1172 1257 1189 curam
1267 1171 1319 1188 non
1337 1161 1420 1189 babet
1430 1181 1438 1192 ,
1449 1161 1537 1197 fidem
1558 1164 1676 1198 negavit
1685 1182 1696 1194 ‚

912 1200 946 1233 ό·
958 1203 995 1238 est
1007 1201 1113 1238 infideli
1122 1202 1240 1229 deterior
1252 1221 1259 1228 .
1274 1212 1296 1229 1.
1305 1200 1461 1236 Timeth.5.
1475 1205 1500 1229 8.
1509 1202 1576 1239 Jure
1586 1201 1699 1239 optimo

912 1243 1005 1281 itaque
1027 1242 1100 1280 leges
1118 1242 1217 1270 civiles
1237 1246 1264 1270 ὃ(
1283 1241 1469 1270 eccleliasticae
1489 1248 1586 1270 contra
1604 1240 1699 1278 hujus-

910 1283 986 1311 modi
997 1282 1085 1311 lusum
1095 1293 1150 1311 tam
1161 1281 1285 1311 severam
1301 1282 1468 1311 sententiam
1487 1283 1672 1321 pronuntiant
1692 1302 1699 1310 .

911 1325 927 1357 Η
952 1324 1192 1360 Quemadmodum
1217 1323 1274 1352 viia
1295 1322 1402 1352 Clerici
1422 1333 1584 1362 perpetuum
1605 1323 1699 1352 altaris

909 1364 1097 1392 ministerium
1107 1375 1182 1398 erat,
1205 1368 1233 1393 ὃ(
1245 1363 1302 1402 ipse
1321 1364 1446 1392 animum
1458 1364 1489 1393 in
1506 1365 1565 1403 jugi
1583 1364 1698 1396 divina-

911 1415 970 1432 rum
990 1416 1020 1433 :tc
1037 1406 1191 1434 coelestium
1208 1415 1300 1433 rerum
1319 1405 1521 1434 exercimtione
1532 1415 1698 1444 occupatum

908 1444 1007 1474 habere
1016 1445 1147 1477 debebam
1171 1446 1209 1474 ita
1228 1444 1330 1474 summa
1349 1445 1381 1473 in
1397 1456 1432 1474 eo
1454 1446 1644 1484 requirebatur
1665 1456 1698 1475 ac

907 1485 1121 1526 diligentiffirna
1130 1497 1192 1515 cum
1202 1496 1308 1525 tempus
1327 1487 1396 1516 bene
1415 1487 1596 1515 distribuendi
1609 1508 1618 1519 ,
1640 1487 1697 1515 uti—

906 1528 1026 1566 literque
1051 1528 1228 1560 collocandi,
1251 1537 1307 1566 quo
1326 1528 1482 1556 vocationis
1500 1526 1553 1556 suae
1574 1526 1643 1560 fini,
1666 1531 1695 1556 ὅ(

906 1567 1095 1606 spiritualibus·
1103 1569 1225 1607 negotiis
1234 1589 1242 1601 ,
1254 1568 1349 1606 quibus
1359 1568 1486 1606 quotidie
1504 1566 1696 1600 distinebatur,

905 1609 1013 1647 optime
1024 1610 1190 1637 conveniret
1201 1631 1208 1637 .
1231 1610 1310 1637 Hanc
1323 1608 1357 1636 ob
1367 1608 1473 1636 causam
1491 1608 1584 1636 aleam
1598 1630 1604 1640 ,
1626 1617 1697 1636 tem-

912 1651 987 1688 poris
997 1649 1115 1679 nimium
1126 1650 1271 1688 prodigam
1282 1670 1290 1681 ‚
1313 1654 1341 1678 δε
1352 1649 1490 1687 prxclaris
1500 1645 1640 1686 quibusvis
1648 1658 1696 1677 co-

907 1692 1033 1723 natibus,
1056 1700 1086 1718 :ic
1106 1691 1230 1728 ingenuo
1250 1689 1365 1727 publicae
1385 1689 1504 1717 utilitati
1522 1687 1697 1718 inserviendi

906 1731 996 1760 studio
1006 1731 1151 1759 inimicam
1164 1756 1171 1768 ,
1184 1730 1293 1759 Clerici
1302 1729 1347 1758 sub
1359 1740 1440 1768 poena
1450 1730 1640 1767 abrogationis
1651 1729 1697 1758 os-

906 1771 963 1800 ficii
975 1772 1063 1800 vitare
1071 1772 1232 1808 jubebantur
1242 1791 1249 1798 .
1259 1772 1303 1799 Ita
1313 1771 1390 1799 enim
1402 1774 1525 1799 canones
1535 1770 1692 1807 Apostolici,

905 1823 929 1840 c.
949 1824 996 1847 42.
1013 1814 1187 1841 decernunt:
1209 1813 1370 1849 Episcopus,
1393 1811 1440 1839 vel
1466 1811 1546 1848 pren}
1564 1819 1623 1843 ter,
1645 1812 1694 1839 vel

905 1853 1037 1881 diaconus
1046 1853 1116 1881 aleis
1127 1862 1235 1880 vacans
1246 1873 1254 1885 ‚
1279 1852 1326 1879 vel
1344 1852 1422 1889 ceffet
1433 1873 1441 1884 ‚
1463 1851 1510 1879 vel
1546 1858 1676 1888 eponatur
1686 1872 1694 1879 .

905 1896 940 1922 Et
961 1894 1092 1932 proxime
1110 1891 1239 1931 sequenti
1262 1893 1381 1922 Canone
1401 1913 1408 1925 ,
1430 1891 1499 1919 ibid.
1518 1901 1543 1918 c.
1554 1901 1600 1928 43.
1612 1891 1693 1920 addi-

904 1944 967 1962 tur:
988 1935 1176 1963 subdiaconus
1191 1954 1200 1966 ,
1222 1942 1275 1961 aut
1301 1935 1409 1965 ἰθεῖαν,
1436 1940 1489 1960 aut
1507 1935 1613 1960 Cantor
1625 1954 1632 1965 ,
1651 1931 1693 1970 si-

904 1975 990 2003 milia
1001 1974 1131 2013 faciens,
1153 1983 1207 2002 aut
1224 1973 1348 2011 desinat,
1371 1981 1424 2001 aut
1441 1974 1695 2010 communionepri-

905 2023 1008 2044 vetur.
1029 2019 1064 2043 Et
1083 2015 1144 2053 lege
1163 2014 1354 2052 Justinianed,
1372 2013 1476 2049 Justin.
1494 2011 1602 2041 Novell.
1626 2023 1692 2050 ¹23·

905 2066 928 2083 c.
952 2067 994 2084 ιο.
1015 2055 1078 2089 illi,
1099 2055 1148 2094 qui
1167 2054 1200 2083 ad
1218 2054 1318 2082 tabulas
1346 2052 1432 2082 lusisse
1450 2052 1613 2091 deprehensi
1637 2053 1697 2088 fue-

904 2096 980 2130 rint,
1003 2096 1088 2124 tribus
1107 2096 1186 2124 annis
1203 2105 1217 2123 :i
1238 2094 1397 2123 ministerio
1416 2094 1579 2132 prohiberi,
1601 2099 1630 2123 δ(
1656 2095 1689 2125 in

904 2137 1099 2167 monasterinm
1125 2137 1159 2164 ad
1185 2135 1324 2174 agendam
1351 2144 1548 2174 poenitenitam
1586 2135 1693 2165 intrudi

903 2179 1047 2215 jubentur.
1070 2180 1183 2206 Fuerint
1204 2176 1293 2209 forte,
1318 2177 1366 2214 qui
1384 2176 1481 2204 harum
1499 2176 1593 2215 legum
1612 2173 1692 2204 sevc-

903 2219 1015 2248 ritatem
1033 2218 1221 2250 mirabuntur,
1245 2216 1320 2256 quod
1337 2217 1371 2245 ad
1401 2216 1502 2246 tabulas
1531 2217 1625 2245 ludere
1644 2214 1691 2247 sub

904 2259 1062 2288 istiusmodi
1090 2268 1180 2296 poenae
1211 2257 1427 2286 denuntiatione
1454 2257 1656 2285 interdixerint
1684 2269 1692 2286 ι

905 2299 953 2329 sed
975 2299 1070 2328 mirari
1089 2299 1234 2331 desinent,
1257 2298 1276 2327 fi
1295 2298 1422 2327 eumdem
1432 2297 1521 2326 lusum
1539 2298 1616 2326 laicis
1626 2306 1696 2335 quo-

904 2351 957 2379 que
975 2339 1022 2369 sub
1042 2350 1123 2378 poena
1143 2338 1345 2378 segregationis
1374 2350 1388 2367 a
1416 2339 1632 2370 communione,
1664 2349 1696 2368 ut

903 2381 984 2421 supra
994 2378 1132 2411 ostensum
1141 2380 1179 2409 est
1190 2401 1200 2414 ,
1221 2380 1403 2409 interdietum
1422 2378 1497 2408 fuisti:
1509 2399 1519 2412 ‚
1541 2379 1636 2407 animo
1646 2381 1695 2410 :id-

1341 2421 1369 2451 C
1411 2431 1429 2454 4
1594 2428 1656 2448 vcr-
