1866 2526
459 41 573 88 HE

112 103 177 136 mis
188 103 262 134 enim
273 100 440 140 temporibus
451 101 570 132 Hermes
579 99 688 130 Βοᾶοι·
701 99 784 133 fidei,
801 103 830 130 δι
839 98 912 130 Scri-

116 155 203 184 pturae
213 143 308 174 effulfit
319 143 392 171 inter
403 146 498 172 nosAEt
507 141 573 171 licet
585 152 634 171 nos
647 142 720 171 idem
729 140 831 171 Pascha
842 150 913 179 prx-

1271 38 1322 82 H
1354 39 1389 80 E
1651 47 1725 97 363

966 96 1002 127 de
1009 95 1044 126 de
1053 107 1088 127 eo
1097 120 1106 133 ,
1117 96 1165 136 qui
1174 105 1284 136 compte
1293 96 1454 126 instructam
1462 97 1540 127 habet
1549 99 1662 129 domum
1673 122 1682 134 ,
1693 100 1769 130 dice-

957 147 999 167 *re
1009 135 1101 167 solent
1114 137 1196 168 Itali:
1209 139 1270 173 [La
1279 134 1337 166 casa
1346 136 1374 165 di
1385 138 1459 167 colui
1470 136 1511 168 stis
1521 139 1589 168 bene
1601 140 1631 168 in
1641 140 1742 172 arncsc.
1755 145 1769 176 1

71 1723 310 1750 marmonium.
335 1723 407 1751 Vide
428 1724 648 1752 Eremodicinm.

113 186 190 215 dicto
199 184 245 214 die
255 183 495 222 celebremu85quia
504 193 596 212 tamen
608 182 672 212 inde
684 183 795 222 quidam
807 182 912 210 dubita-

967 182 1007 208 Ex
1029 180 1131 218 gallico
1154 179 1248 207 vocab.
1271 181 1414 206 Hamais.

115 225 197 259 bant,
214 226 248 255 ad
257 224 471 254 corroborandas
489 224 592 253 animas
610 233 704 253 eorum
715 246 722 257 ‚
739 223 829 253 eidem
841 224 912 251 Her·
928 222 1051 251 flemus
1061 222 1184 249 Morsus
1196 239 1203 246 .
1218 219 1291 248 Vide
1302 221 1490 257 Guttumosus
1503 241 1510 253 ,
1524 226 1632 251 Ramex
1641 241 1648 249 .

79 281 83 285 ·
112 267 182 296 meti
191 266 316 306 Angelus
324 265 443 294 Domini
453 266 577 304 apparuit
588 265 617 293 in
627 264 722 293 habitu
733 264 849 293 Pastoris
862 284 869 296 ,
881 267 909 292 &
929 263 1012 290 iit-:ao
1022 282 1030 293 ,
1051 261 1159 289 heronis
1172 280 1179 287 .
1197 261 1253 289 FR.
1267 261 1302 289 In
1313 258 1365 288 hoc
1377 261 1510 290 vocabulo
1519 272 1612 290 errore
1632 261 1697 300 lapfi
1708 261 1775 293 sune

112 317 246 348 praecepit
259 316 284 336 ei
296 327 304 339 ,
315 315 346 335 ut
353 305 457 335 Pascha
467 306 585 335 Domini
594 306 640 334 die
650 306 804 340 Dominico
815 305 844 333 ab
853 314 912 332 om-

113 348 191 376 nibus
199 349 385 377 celebraretur:
397 347 469 375 unde
478 351 505 376 δε
516 357 565 375 nos
578 346 737 384 Apostolica
748 345 908 375 austeritate

114 387 291 422 instituimus,
300 386 395 416 omncs
404 387 499 416 eadem
509 387 617 415 servare
625 388 733 419 debere,
748 396 796 414 nec
807 385 911 414 debetis

112 440 127 459 a
137 429 223 468 capite
243 428 442 468 quoquomodo
460 428 598 458 discedere
608 448 614 454 .
629 430 642 459 J
666 428 735 465 Qus:
747 425 862 463 epistola
872 436 900 468 re

112 470 226 510 gistrata
236 470 317 498 etiarn
332 469 466 507 reperitur
477 469 506 497 in
523 480 544 497 1.
557 478 625 496 tom.
636 467 842 496 Conciliorum.
855 468 913 504 131-

113 521 159 539 ttn·
171 510 189 539 fi
200 512 316 539 Hermes
327 509 415 539 fuiss'et
427 509 508 538 frater
519 510 579 543 Pii,
591 509 664 537 idem
676 507 806 537 Pontifex
818 507 852 534 de
864 507 912 549 hac

112 554 169 588 ejus
179 550 415 590 consanguinitate
434 551 463 578 in
480 561 509 578 ea
519 549 649 579 decretali
668 548 783 587 epistola
793 556 912 576 mentio-

114 602 179 622 nem
192 591 290 620 fecisset
302 612 309 619 .
321 592 364 620 De
375 590 428 620 hoc
440 592 572 620 Hermete
584 590 692 619 Pastore
704 590 780 627 plura
793 609 801 621 ,
814 591 842 617 ὅ(
853 597 913 616 eru-

111 633 172 661 dite
181 632 307 672 congerit
318 632 402 661 labbe
416 631 451 659 de
460 631 640 670 Scriptoribus
652 629 841 658 Ecclesiasticis
851 639 913 669 pag.

113 673 183 702 mihi
197 672 385 711 429.&seqq.
405 673 476 700 Item
497 672 527 700 in
539 671 674 700 Addenda
694 680 755 709 pag.
768 681 836 706 791.
860 669 913 698 Sed

112 715 184 743 bons
202 713 284 742 venia
300 722 426 741 omnium
445 722 500 740 tam
510 709 798 740 Eminentissimorum
808 711 913 740 Austo-

113 764 172 783 rum
184 775 192 787 ,
214 752 335 792 quisnam
346 752 427 781 fuerit
438 753 486 781 iste
498 754 616 781 Hermes
626 774 634 785 ,
657 752 723 786 (cui
735 761 873 791 agnomen
883 760 912 779 ut

110 794 244 825 Baronius
255 815 262 826 ‚
273 804 334 822 ann.
352 803 415 829 ¹59-
427 804 454 822 n.
468 798 492 821 8.
503 793 619 822 Pastoris
632 792 707 821 fuiss'e
718 796 817 832 putat)
833 791 914 821 unus-

109 834 225 873 quisque
235 844 330 862 eorum
340 845 435 873 anceps
446 834 552 863 desefiu
564 845 634 863 verz·
646 833 768 862 historia:
778 833 912 862 redditur.

112 878 152 904 At
163 875 181 904 fi
194 875 272 903 illum
284 876 355 904 recte
364 874 553 904 internoscere
564 875 624 913 quis
635 875 770 904 delideret
783 876 875 912 ,legat
886 873 915 901 in

114 927 140 944 2.
151 925 228 944 tomo
240 915 449 949 Mombritii‚ubi
461 917 518 955 agit
529 916 562 944 de
574 917 598 944 S.
608 917 692 944 Petro
701 916 735 944 ad
746 915 874 958 Vincula,
885 918 911 943 ἃ

111 955 147 984 ibi
157 956 284 985 inveniet
293 956 374 985 istum
386 958 549 985 Hermetem
561 956 651 984 virum
661 957 795 995 iniignem
807 965 840 984 ex
853 955 912 984 ido-

109 996 212 1025 lolatra
222 997 253 1025 ab
263 997 425 1026 Alexandro
444 999 516 1036 Papa
535 997 567 1025 ad
579 996 659 1025 fidem
677 996 843 1025 conversum
856 1017 862 1027 ,
885 999 913 1025 ὅ(

110 1037 253 1074 quomodo
264 1037 305 1065 illi
316 1038 403 1075 prima
414 1038 476 1066 vice
489 1037 611 1076 Angelus
623 1037 744 1066 Domini
763 1036 888 1075 apparuit
905 1057 911 1068 ,

111 1086 140 1104 ac
152 1076 202 1105 alia
211 1077 244 1106 de
255 1087 288 1105 eo
299 1078 368 1106 lectu
379 1078 463 1116 digna
481 1078 582 1106 ibidem
594 1099 600 1105 .
621 1079 754 1106 Ceterum
771 1078 862 1116 aliqua
872 1087 912 1105 ct-

113 1116 166 1145 iam
185 1118 218 1146 de
239 1116 290 1146 hoc
301 1117 408 1146 Pastore
424 1118 570 1154 adjecimus
589 1119 620 1146 in
631 1119 722 1146 nostro
733 1117 908 1153 Transtyberi

111 1157 249 1186 illustrato
261 1159 294 1186 ad
307 1158 435 1186 notitiam
445 1158 550 1187 sextam
561 1159 658 1187 Iralice
676 1169 786 1187 exarato
798 1179 804 1186 .

70 1198 359 1230 Heasmrmmmrus,
372 1196 556 1237 ἕρμαφρὸὣπς
566 1219 573 1226 .
594 1201 649 1229 FR.
661 1210 696 1228 an
706 1199 780 1228 testis
791 1198 842 1227 ess'e
852 1197 912 1237 pos-

111 1239 144 1267 iit
156 1258 163 1266 .
186 1237 260 1267 Vide
267 1237 387 1267 Glossam
406 1239 435 1267 in
455 1249 513 1267 can.
521 1239 540 1268 fi
551 1239 630 1268 testes
641 1261 650 1273 ‚
673 1251 700 1276 4.
713 1250 758 1279 qu.
772 1251 796 1268 2.
808 1244 834 1268 ἃ
848 1249 874 1276 3.
886 1240 911 1271 ξ.

114 1278 365 1317 Hermaphroditus
374 1299 381 1306 .

66 1318 84 1352 ζ’·
107 1321 320 1349 Ηεκτιηκευτιε
332 1340 339 1347 .
350 1322 443 1349 Genus
454 1319 646 1349 Ministrorum
659 1320 687 1348 in
700 1319 815 1349 Ecclesia
827 1341 834 1352 ,
845 1330 912 1358 quos

113 1359 284 1398 Epiphanius
295 1360 325 1388 in
335 1361 451 1398 expolit.
460 1360 508 1389 fid.
527 1371 556 1389 n.
569 1372 614 1390 21.
635 1359 795 1398 ε’ρμαιόίτῃές
813 1361 913 1389 videli—

110 1409 155 1428 cet
165 1406 330 1438 Interpretes
341 1411 422 1430 vocat
432 1423 440 1434 ,
459 1404 487 1430 ὅ(
497 1411 615 1440 quorum
633 1402 663 1430 id
671 1401 759 1429 officii
778 1411 835 1429 erat
848 1422 856 1434 ‚
880 1409 912 1429 ut

112 1440 235 1479 linguam
245 1441 326 1470 aliam
336 1442 365 1470 in
374 1442 455 1470 aliam
466 1441 645 1470 transferrent
657 1463 664 1474 ,
677 1451 733 1469 tam
743 1442 774 1470 in
784 1442 913 1470 lcffloni-

120 1480 166 1508 bus
176 1480 371 1519 scripturarum
382 1503 390 1515 ‚
413 1491 494 1520 quam
505 1482 536 1510 in
545 1481 722 1510 concionibus
739 1482 770 1510 ad
782 1483 913 1521 populum

118 1519 218 1548 habitis
227 1540 234 1547 .

72 1561 253 1589 Herma-mm
263 1580 270 1587 .
282 1562 337 1590 FR.
350 1559 505 1590 mustellina
518 1561 597 1600 pellis
608 1584 615 1595 ,
628 1573 686 1601 quse
700 1563 786 1602 vulgo
799 1564 909 1592 Armel-

116 1601 175 1628 Iino
186 1601 337 1639 appellatur
348 1621 354 1629 .
379 1603 484 1636 [Mille
502 1613 568 1632 vero
579 1602 750 1631 nobilissimis
768 1603 912 1639 juvenibus

112 1641 258 1669 comitatus
269 1641 306 1669 est
316 1663 324 1674 ‚
347 1642 395 1680 qui
413 1653 508 1671 omnes
526 1642 666 1671 herminio
677 1643 768 1672 induti
781 1665 788 1676 ,
812 1643 911 1673 fercula

113 1691 174 1709 cum
185 1679 246 1720 ipso
256 1682 442 1711 ministrabant
454 1703 461 1710 .
472 1683 631 1712 Guelfridus
641 1683 687 1712 lib.
697 1695 725 1720 9.
736 1695 759 1712 c.
776 1695 819 1723 ¹3·

69 1764 311 1791 ΗεκΜοῡεκιΑκι
322 1783 330 1790 .
342 1765 399 1792 FR-
412 1763 558 1796 Haeretici,
569 1774 683 1802 quorum
693 1763 817 1794 reduetor
827 1765 912 1794 fixerat

115 1803 323 1841 Hermogenes:
343 1810 354 1839 [
366 1805 587 1842 Hermogeniani
605 1804 635 1832 ab
646 1806 824 1844 Hermogene
842 1817 912 1844 quo—

114 1842 175 1869 dam
188 1843 340 1881 vocati‚qui
352 1844 498 1876 materiam,
511 1855 569 1873 non
581 1855 703 1874 naturam
714 1846 889 1875 introducens
899 1868 907 1880 ‚

113 1883 176 1910 Deo
186 1904 194 1914 ,
206 1893 262 1910 non
272 1893 375 1911 naturae
390 1895 448 1912 eam
458 1886 626 1923 comparavit
639 1907 646 1918 ,
669 1896 835 1926 matremque
857 1887 910 1916 ele-

112 1932 272 1951 mentorum
294 1924 386 1952 Ideam
405 1923 513 1954 ass'eruit
531 1936 598 1964 quos
609 1927 758 1964 Apostolus
776 1927 911 1966 improbat

111 1964 256 1991 elementis
266 1962 476 2001 servientes,:.4.
488 1976 514 2004 q.
524 1977 550 2004 3.
563 1977 622 1995 can.
632 1968 765 2005 quoniam
774 1978 864 1997 autem
877 1971 907 2000 .]

111 2004 163 2032 Sed
174 2004 191 2032 li
203 2005 338 2032 D.Paulus
347 2015 440 2034 contra
451 2016 496 2034 eos
506 2006 683 2045 scripfit‚non
692 2008 730 2036 est
742 2009 907 2048 intelligen-

111 2045 160 2072 dus
172 2046 362 2083 Hermogenes
372 2046 419 2075 ille
430 2068 437 2079 ,
458 2057 541 2085 quem
551 2050 649 2077 Baron.
668 2048 786 2078 extitisse
795 2050 833 2078 ait
845 2061 908 2078 ann.

114 2095 123 2112 ι
131 2094 178 2115 70-
190 2087 293 2113 Verum
303 2087 394 2123 potius
414 2087 494 2115 illum
504 2089 713 2127 Hermogenem
723 2091 833 2129 Magum
844 2089 908 2118 fuis—

109 2123 138 2152 se
147 2125 312 2154 credendum
322 2126 359 2154 est
370 2148 379 2160 ‚
401 2127 497 2166 dequo
509 2128 583 2157 idem
592 2132 690 2158 Baron.
703 2139 746 2157 an.
758 2141 806 2165 44.
821 2141 846 2158 n.
860 2143 886 2160 2.

68 2165 249 2195 ΗεκκεειυΜ
261 2187 268 2198 ,
281 2167 434 2205 germanica
446 2178 500 2196 vox
513 2170 652 2206 Harnisch
662 2190 670 2202 ‚
691 2168 737 2197 seu
749 2171 839 2208 potius
849 2173 906 2200 Ita-

109 2205 161 2233 hca
171 2208 278 2244 Arnese
286 2228 295 2240 ‚
317 2217 476 2237 armaturam
488 2209 516 2237 in
525 2219 641 2248 utroque
662 2210 795 2238 idiomate
805 2211 907 2250 fignifi-

107 2256 170 2273 cans
179 2267 186 2273 .
199 2253 212 2281 s
224 2247 371 2276 Monachus
383 2259 439 2277 non
447 2248 542 2278 habeat
551 2250 704 2279 hernestum
715 2271 722 2277 .
745 2251 844 2280 Matth.
855 2254 906 2282 Pa-

106 2285 153 2313 ris.
165 2286 195 2315 in
207 2289 271 2316 vitis
283 2289 350 2317 Abb.
363 2292 374 2321 ]
387 2290 440 2318 Sed
452 2291 549 2319 Italice
560 2291 665 2328 Arnese
675 2291 788 2320 denotat
800 2301 855 2321 tam
865 2304 906 2322 ar-

105 2335 248 2361 maturam,
260 2338 340 2367 quam
349 2330 422 2359 aliud
433 2332 558 2369 corporis
569 2331 773 2366 indumentum,
783 2337 810 2362 ὃ(
823 2342 904 2362 meta-

102 2365 219 2406 phorice
228 2379 279 2410 pro
290 2369 586 2411 domisupcllestilibus
597 2372 680 2403 etiam
690 2373 743 2402 acci
748 2373 842 2412 piturs
854 2385 905 2404 un-

968 301 1119 340 Calcpinus
1140 301 1168 329 in
1179 301 1245 329 dist.
1263 305 1330 328 Pero
1340 321 1348 333 ‚
1369 299 1472 340 Joseph
1486 302 1646 332 Laurentius
1667 303 1696 331 in
1714 307 1771 341 ejus

972 342 1120 372 Amalthea
1131 341 1278 371 Onomast.
1291 341 1320 368 in
1333 342 1390 369 ead.
1403 342 1470 370 dist.
1481 346 1508 371 Ex·
1518 344 1578 380 ahi,
1589 344 1722 372 Budaeum
1731 344 1774 374 se—

971 387 1105 422 quentes}‚
1127 392 1175 421 per
1184 392 1266 421 quem
1277 382 1360 411 etiam
1374 383 1441 411 varii
1453 385 1642 423 Antiquarum
1651 385 1773 414 Codices

969 424 1079 452 alterati
1089 422 1152 452 sunt
1164 424 1193 451 in
1202 423 1250 451 hac
1263 423 1399 455 dictione,
1411 433 1439 452 ut
1451 424 1566 453 inform<
1576 426 1750 455 ostendemus
1761 437 1773 458 ς

970 465 1006 492 ita
1018 474 1047 493 ut
1058 473 1154 493 contra
1165 464 1235 492 hanc
1247 464 1398 492 dictionem
1409 465 1555 494 alterantes
1571 469 1629 501 jure
1647 467 1690 495 his
1710 477 1773 496 ver-

969 506 1009 534 bis
1022 504 1143 544 insurgat
1158 505 1292 533 Adrianus
1301 505 1441 534 Turnebus
1453 507 1498 535 lib.
1512 519 1558 542 24.
1571 505 1688 535 Advers.
1708 518 1731 536 c.
1744 519 1773 537 2.

969 546 1097 584 inquiens
1108 558 1114 573 ε
1139 551 1151 580 [
1163 545 1219 575 Hic
1228 555 1270 574 me
1280 544 1436 574 assertorem
1445 557 1570 576 veterum
1579 547 1711 577 librorum
1727 559 1775 577 au·

970 587 1147 625 &oritatis,&
1159 586 1299 615 vindicem
1310 597 1406 616 contra
1417 589 1558 626 primarios
1571 587 1698 618 homines
1709 611 1716 622 ,
1729 590 1773 628 ip-

970 627 1051 666 saque
1062 628 1205 655 literarum
1216 626 1334 655 culmina
1347 629 1470 666 praestare
1488 640 1545 658 non
1563 629 1679 660 verebor
1690 633 1741 660 ἃς.
1752 632 1767 662 1

970 670 1032 697 Hoc
1042 667 1133 706 itaque
1143 668 1421 701 vocabulum,nedum
1433 670 1504 709 apud
1515 669 1646 700 Profanos
1656 692 1664 704 ,
1674 669 1720 700 sed
1730 681 1772 700 et-

970 710 1024 740 iam
1033 717 1117 747 penes
1127 709 1218 737 Sacros
1230 709 1383 747 Scriptores
1401 712 1537 750 reperitur
1545 734 1554 745 ‚
1577 711 1652 751 quod
1661 711 1769 741 defectu

970 749 1168 788 intelligentia:
1178 749 1364 778 diversimode
1376 760 1535 792 corruptum
1545 752 1606 782 suit.
1617 753 1702 790 Apud
1711 752 1768 781 Pli-

971 790 1048 819 nium
1061 789 1089 817 in
1099 790 1194 828 primis
1203 790 1250 819 lib.
1264 796 1312 829 36.
1323 789 1388 822 hist.
1400 793 1516 822 natural.
1529 803 1551 821 c.
1563 804 1605 828 ¹4·
1617 793 1661 822 ubi
1672 793 1707 822 de
1715 803 1773 829 1112-

971 830 1078 870 gnifico
1087 831 1187 860 Dianae
1200 834 1219 859 E
1223 830 1342 869 phefinae
1352 833 1471 870 Templo
1491 836 1573 872 agens
1584 854 1592 866 ‚
1611 833 1687 862 inter
1696 834 1748 863 alia
1760 856 1771 868 ‚

969 871 1028 900 haec
1036 872 1089 900 ait:
1110 873 1242 908 [Summa
1254 871 1382 901 miracula
1392 874 1521 911 epistylia
1541 883 1625 903 tantae
1637 874 1721 903 molis
1730 884 1771 904 at-

969 912 1031 940 tolli
1045 912 1160 950 potuifl'e
1171 934 1178 946 ,
1190 912 1218 941 id
1228 911 1387 941 consecutus
1396 913 1435 942 est
1446 915 1590 944 bei-onibus
1600 914 1703 944 harena
1711 917 1770 954 ple-

969 953 1105 987 nis‚molli
1117 953 1236 991 pulvino
1247 976 1254 987 ,
1268 953 1348 991 super
1358 955 1446 992 capita
1456 956 1645 984 columnarum
1654 965 1772 995 exagge-

969 1002 1028 1022 rato
1037 993 1165 1032 paulatim
1178 994 1340 1023 exinaniens
1349 995 1378 1023 ab
1388 996 1445 1024 imo
1457 997 1583 1027 &c.]Sed
1593 996 1769 1026 librariorum

971 1034 1076 1063 incuria
1086 1034 1206 1064 litteram
1215 1035 1240 1063 b.
1259 1045 1310 1074 pro
1321 1057 1329 1068 ‚
1348 1035 1376 1063 h.
1387 1035 1616 1075 transcripserunt
1627 1056 1635 1063 .
1654 1037 1772 1068 Budaeus

970 1084 1064 1104 tamen
1073 1076 1103 1103 in
1113 1079 1167 1113 ejus
1179 1078 1314 1105 Annotat.
1326 1075 1356 1104 in
1365 1077 1489 1115 pandect.
1504 1076 1636 1106 mendose
1644 1083 1678 1111 B,
1688 1078 1719 1107 in
1728 1083 1750 1108 P
1757 1100 1767 1113 ,

968 1116 1127 1148 mutavit,&
1138 1117 1283 1145 Peronebus
1293 1117 1364 1146 male
1373 1128 1541 1150 correxerat,
1552 1129 1582 1147 ca
1593 1119 1699 1147 ratione
1710 1129 1772 1148 mo-

968 1156 1029 1189 t11s7,
1041 1156 1103 1195 quia
1116 1162 1185 1186 Pera
1195 1157 1298 1186 saccum
1309 1158 1443 1196 significat
1453 1180 1461 1192 ‚
1481 1160 1554 1188 unde
1562 1165 1674 1188 Perones
1682 1158 1771 1189 saccos

968 1198 1091 1236 intelligi
1103 1206 1198 1235 putat5
1222 1208 1285 1226 nam
1299 1198 1332 1226 de
1341 1198 1422 1228 saccis
1440 1198 1540 1229 harena
1559 1199 1647 1238 plenis
1659 1200 1770 1230 videtur

968 1239 1045 1276 loqui
1056 1237 1158 1266 Plinius
1169 1239 1199 1267 in
1211 1247 1289 1268 textu
1298 1239 1494 1279 praeallegato:
1517 1241 1590 1269 unde
1601 1241 1770 1270 recentiores

967 1279 1087 1306 Pliniani
1099 1279 1220 1308 Codices
1239 1289 1272 1307 ex
1289 1280 1406 1309 consilio
1417 1281 1511 1310 Budaei
1530 1282 1679 1310 Peronibus
1691 1292 1770 1312 men-

967 1318 1034 1347 dose
1046 1319 1185 1351 retinent5
1205 1319 1253 1348 sed
1263 1320 1292 1347 in
1303 1321 1420 1359 antiquis
1432 1322 1581 1351 Codicibus
1599 1332 1632 1350 ex
1645 1323 1770 1352 testimo—

967 1360 1017 1388 nio
1027 1360 1283 1396 Turnebi‚Cujacii‚
1293 1362 1388 1398 Jacobi
1398 1363 1611 1402 Dalccampii,&
1622 1363 1704 1401 ipsius
1715 1366 1768 1394 Bu-

965 1400 1019 1428 daei
1034 1401 1087 1429 loc.
1100 1401 1148 1429 cit.
1159 1412 1187 1429 ac
1197 1402 1313 1429 aliorum
1323 1404 1459 1431 Eronibus
1469 1425 1477 1436 ‚
1487 1407 1514 1432 δ(
1528 1404 1681 1433 aeronibus
1692 1414 1770 1443 repe-

967 1440 1167 1470 riebaturJtem
1179 1442 1209 1470 in
1220 1443 1258 1471 M.
1270 1443 1396 1471 Vitruvii
1409 1452 1487 1472 textu
1497 1445 1543 1472 lib.
1558 1453 1581 1478 5.
1594 1454 1616 1471 c.
1633 1455 1641 1471 ι
1650 1456 1675 1472 2.
1686 1446 1769 1474 etiam

969 1482 1183 1511 Amanucniium
1195 1483 1367 1521 negligentia
1378 1485 1535 1513 Meronibus
1548 1494 1599 1523 pro
1611 1486 1768 1514 Heronibus

968 1523 1104 1560 reperitur
1114 1545 1121 1556 ‚
1144 1524 1180 1551 ita
1199 1523 1227 1551 in
1245 1523 1352 1552 Codice
1363 1524 1488 1553 Veneriis
1507 1535 1554 1563 per
1574 1526 1714 1562 Joannem
1733 1527 1769 1555 de

965 1563 1086 1592 Tridino
1096 1586 1103 1597 ‚
1113 1564 1177 1593 alias
1187 1564 1311 1593 Tacuino
1323 1564 1358 1592 de
1367 1575 1430 1592 ann.
1447 1575 1499 1600 155
1510 1577 1531 1593 1.
1546 1564 1673 1603 imprcsso
1682 1565 1765 1596 habe-

967 1613 1019 1636 tur,
1031 1614 1139 1643 nempe,
1151 1607 1208 1641 [In
1217 1604 1311 1642 quibus
1322 1614 1412 1633 autem
1427 1604 1493 1633 Iocis
1505 1607 1598 1645 pulvis
1611 1616 1669 1634 non
1679 1606 1768 1636 nasci-

966 1654 1010 1673 tur
1020 1666 1028 1677 ,
1048 1645 1090 1674 his
1103 1646 1251 1674 rationibus
1261 1646 1313 1673 crit
1326 1645 1480 1674 Faciendum
1491 1668 1498 1679 ,
1517 1646 1558 1675 uti
1568 1657 1633 1674 arca=
1644 1647 1768 1686 duplices

966 1686 1058 1713 relatis
1068 1687 1173 1718 tabulis,
1183 1689 1210 1714 &
1222 1685 1343 1714 cathenis
1355 1687 1495 1724 colligatae
1506 1687 1536 1715 in
1549 1687 1613 1715 loco
1624 1709 1630 1719 ,
1644 1688 1690 1726 qui
1700 1687 1766 1718 fini-

967 1735 1009 1753 tus
1020 1727 1295 1759 erit‚constituantur3
1308 1730 1333 1755 ὅ(
1347 1736 1419 1755 inter
1429 1727 1573 1756 destinatas
1583 1731 1698 1760 creta‚&
1709 1738 1767 1758 me-

968 1767 1078 1795 ronibus
1087 1778 1121 1795 ex
1135 1768 1198 1795 ulva
1207 1767 1315 1804 palustri
1329 1767 1403 1795 sactis
1413 1769 1533 1796 calcetur
1543 1789 1550 1796 .
1562 1769 1636 1797 Cum
1647 1769 1686 1797 ita
1696 1770 1767 1798 bene

965 1807 1134 1841 calcatum&
1144 1817 1224 1846 quam
1236 1806 1389 1836 deniiffime
1400 1808 1491 1841 suerit,
1504 1819 1568 1837 tunc
1579 1810 1677 1837 cocleis
1686 1813 1738 1838 &c.
1751 1811 1765 1841 ]

966 1848 1008 1876 Sic
1029 1848 1113 1876 etiam
1132 1847 1212 1876 habet
1224 1848 1335 1876 Italicus
1346 1849 1444 1877 Codex
1457 1850 1583 1878 Veneriis
1600 1860 1647 1888 per
1658 1851 1766 1879 Franci-

966 1887 1040 1916 scum
1053 1890 1165 1917 Lutium
1175 1890 1365 1917 Durantinum
1374 1889 1408 1917 de
1431 1900 1494 1918 ann.
1512 1901 1519 1918 ι
1530 1901 1560 1927 53
1570 1901 1595 1925 5.
1607 1890 1745 1929 impressus
1756 1912 1765 1924 ,

966 1939 1083 1967 nempe:
1109 1935 1121 1964 [
1138 1933 1158 1958 E
1169 1939 1208 1957 tra
1218 1930 1243 1957 le
1253 1929 1380 1958 ordinate
1392 1931 1486 1958 tavole
1496 1931 1520 1959 la
1529 1941 1602 1959 creta
1613 1942 1666 1959 con
1676 1932 1696 1959 li
1709 1941 1766 1960 me—

966 1970 1029 1998 roni
1040 1970 1068 1999 di
1079 1970 1139 1998 erba
1149 1969 1266 2009 palustre
1279 1969 1384 1998 fartilia
1394 1971 1493 1999 calcata
1503 1982 1542 2000 ec.
1555 1973 1566 2003 ]
1581 1973 1655 2000 Item
1667 1972 1696 2000 in
1707 1972 1766 2000 edi-

967 2019 1045 2038 tione
1056 2010 1139 2038 latina
1150 2011 1378 2049 Argentoratenli
1389 2011 1422 2040 de
1432 2022 1512 2040 anmi
1523 2022 1534 2047 5
1544 2022 1588 2047 50.
1598 2013 1694 2042 eodem
1705 2023 1766 2041 mo-

966 2051 1020 2078 do:
1044 2054 1102 2085 [Et
1113 2051 1186 2079 inter
1197 2051 1342 2079 destinatas
1360 2061 1431 2080 creta
1449 2054 1603 2081 meronibus
1613 2055 1689 2084 δας]
1712 2057 1765 2082 Eo-

965 2091 999 2120 de
1007 2100 1087 2129 mque
1098 2092 1176 2129 pafto
1188 2093 1217 2119 in
1226 2101 1305 2120 textu
1317 2091 1404 2120 latino
1418 2094 1528 2121 Veneto
1538 2103 1586 2131 per
1596 2093 1765 2128 Franciscum

966 2131 1113 2160 Senenscm
1123 2154 1131 2164 ,
1154 2135 1180 2160 δ(
1193 2132 1323 2170 Crugher
1333 2134 1502 2162 Germanum
1524 2145 1596 2162 anno
1615 2141 1700 2169 1567.
1711 2135 1764 2162 im-

965 2171 1052 2211 prell'o
1062 2173 1220 2201 Meronibus
1232 2171 1345 2201 habetur
1357 2193 1364 2200 .
1388 2177 1427 2203 At
1440 2176 1548 2203 Veneta
1560 2175 1656 2203 Italica
1673 2175 1764 2203 editio

964 2223 1012 2252 per
1022 2213 1173 2241 Gotardum
1185 2212 1218 2240 de
1231 2214 1322 2242 Ponte
1334 2223 1398 2242 ann.
1413 2224 1496 2249 1521·
1515 2226 1549 2244 cx
1566 2215 1700 2254 opinione
1712 2217 1764 2243 Bu-

963 2255 1056 2283 daeana
1066 2254 1215 2281 Perons'bus
1225 2252 1304 2283 habet
1315 2266 1323 2286 ,-
1335 2254 1379 2283 ubi
1389 2254 1526 2284 Glollator
1535 2266 1631 2284 omnes
1645 2255 1763 2284 rationes

965 2294 1059 2324 Budaei
1070 2303 1120 2332 pro
1131 2293 1178 2322 hac
1192 2295 1315 2323 versione
1325 2294 1414 2324 afl'erit
1424 2316 1431 2323 .
1452 2297 1523 2324 Item
1532 2299 1561 2326 in
1574 2298 1631 2324 l.1n
1642 2305 1741 2324 navem
1752 2318 1763 2330 ‚

964 2335 990 2364 ff.
1002 2334 1232 2366 locati,habentur
1242 2333 1300 2363 haec
1312 2335 1391 2365 verba
1400 2357 1408 2364 .
1423 2342 1434 2372 [
1447 2338 1529 2372 Quod
1539 2338 1557 2366 li
1569 2335 1712 2373 separatim
1723 2346 1763 2364 ta-

963 2376 1042 2408 bulis,
1054 2384 1099 2404 aut
1109 2374 1256 2405 heronibus
1267 2398 1275 2411 ,
1285 2386 1328 2406 aut
1339 2377 1370 2406 in
1381 2377 1432 2406 alia
1444 2388 1529 2417 cuppa
1539 2375 1656 2406 clausum
1669 2376 1762 2444 uqius-

1629 2427 1660 2444 cu
1662 2426 1691 2452 ju
1706 2433 1719 2441 -
