1866 2526
135 30 213 81 634
500 24 528 67 S
560 25 599 67 T

116 83 214 121 legunt
223 85 235 116 )
244 79 435 122 perquisitum,
445 85 473 112 δε
483 81 700 122 competentibus
712 79 807 121 pretiis
815 90 910 120 aggre-

117 133 210 162 gatum
222 145 230 157 ‚
238 123 396 153 'Chai-tariis
404 146 412 156 ,
423 124 470 162 qui
479 124 509 152 in
519 134 577 153 rem
587 123 686 152 directi
695 122 757 151 sunt
768 143 775 155 ‚
795 123 911 150 tarditer

117 164 296 193 deferendum
305 184 312 192 .
329 165 389 194 Nec
400 164 476 193 aliud
486 164 687 204 negligendum
696 162 798 202 putetis
806 183 815 196 ‚
837 162 912 200 quod

119 205 205 233 lacteo
215 204 314 244 poculo
332 204 490 234 relucescit:
510 205 618 243 quando
637 205 697 243 plus
715 203 755 232 est
772 203 894 231 mirabile
902 223 913 239 ‚

117 246 192 284 quod
203 245 346 284 potueritis
356 245 500 274 difficilius
509 246 638 274 invenire
647 265 655 273 .
667 244 775 274 Al‘oedo
784 243 821 272 ibi
830 243 912 272 deco-

118 295 145 314 ra
155 286 192 314 est
203 308 211 318 ‚
221 289 247 314 ὅ(
258 284 349 314 serena
361 287 462 323 puritas
474 296 520 314 :ut
531 287 610 315 illum
620 287 654 315 dc
665 285 729 314 rosis
743 284 814 317 ,'hoc
823 284 913 313 creda-

120 336 166 354 tur
176 335 270 354 natum
281 325 331 353 effe
342 326 375 354 de
387 326 461 355 liliis.
473 327 607 355 Colorem
619 327 730 366 quidem
740 334 911 355 extraneum}

119 366 168 394 sed
179 365 272 405 sapore
283 376 444 404 germanum
453 367 491 397 est
501 388 507 395 .
521 366 650 405 Aspe'ctus
660 365 751 403 dispar
760 386 767 397 ‚
779 369 806 394 ὅ(
821 365 914 394 similis

121 407 153 435 in
162 416 278 445 utroque
289 405 408 436 suavitas
418 429 424 436 .
438 409 510 437 Nam
523 408 599 446 quod
609 417 686 436 acute
694 405 764 444 sapit
775 426 781 437 ‚
794 405 867 444 quod
877 405 915 433 ci-

122 456 152 475 to
161 447 250 476 reficit
260 467 268 480 ‚
287 458 431 476 commune
442 449 495 476 illis
506 448 692 488 intelligitur5
712 446 758 475 sed
770 456 868 485 magna
878 447 914 474 est

122 487 250 516 distantia
260 510 268 520 ,
280 499 339 526 quae
353 489 479 517 viderur.
492 489 568 518 Illud
582 489 693 517 intueris
705 487 802 515 robore
813 489 914 530 laetum,

123 527 176 556 hoc
185 527 297 566 inspicis
308 528 425 557 candore
436 528 564 559 festivum
573 551 581 563 ‚
592 533 619 558 ὅ(
633 531 695 558 ideo
704 537 860 568 procuratio
872 538 916 556 eo-

124 578 186 598 rum
197 569 278 597 debet
287 567 338 597 effe
347 570 488 598 celerrima
500 582 505 597 :
519 571 628 608 quando
638 571 667 599 in
677 568 802 600 ambobus
812 567 862 596 effe
871 579 915 597 co-

123 608 268 648 gnoscitur
278 630 286 641 ,
297 609 371 647 quod
384 611 483 648 pariter
493 612 652 648 expeflatur
662 633 668 640 .

82 650 271 678 stoicuoum
281 671 288 682 ‚
301 653 327 678 ὅ(
337 651 499 680 Stoechort'm
512 671 518 678 .
535 653 604 681 Vide
612 651 782 682 sticharium
792 674 799 682 .

85 691 195 721 Sunii,
207 700 240 717 ex
251 700 342 728 grseco
355 692 488 720 vocabulo
497 691 581 726 ςολῦ,
596 693 671 723 <mod
680 693 791 722 talarem
804 692 917 725 vestem,

126 730 181 759 five
192 739 287 767 togam
299 731 433 769 fignificat
444 753 451 760 .
461 735 516 761 FR.
527 734 599 761 unde
610 735 741 762 Horatius
751 756 758 767 ,
771 734 817 764 lib.
835 745 857 761 ι.
866 731 918 760 ser.

124 771 214 804 Satyr.
226 782 252 798 τ..
266 776 277 805 [
291 774 336 799 Ad
348 772 414 800 talos
427 775 491 802 stola
501 773 611 802 demissi
622 777 633 805 ]
646 774 734 812 inquit
744 777 918 811 ‚51:Gemm-

125 811 173 839 lib.
191 822 212 839 1.
224 821 281 849 cap.
303 823 369 847 204.
387 815 455 850 apud
466 817 626 843 Gavantum
636 837 643 848 ‚
665 824 712 852 par
736 827 760 843 ι.
780 825 824 843 tit.
841 826 864 842 i.
886 814 919 842 de

125 853 272 889 Praeparat.
286 853 389 881 Sacerd.
399 855 558 882 celebraturi
572 877 579 887 ,
590 865 647 893 cap.
659 866 685 893 3.
698 861 722 892 ς.
736 859 769 883 Et
781 854 901 894 imponit
911 875 918 881 .

125 892 179 920 Sed
187 892 256 929 apud
267 894 461 922 Eccieiiasticos
471 894 667 924 sacerdotalem
680 896 774 924 stolam
786 896 899 924 denotat
912 916 918 927 ,

125 942 185 970 qux
196 932 228 960 ad
237 933 339 960 collum
351 935 473 972 pendens
485 935 547 963 ferri
559 935 754 967 soieualiufive
766 936 858 964 funem
870 946 919 974 qui

127 972 254 1001 Christus
264 975 400 1003 Dominus
411 976 508 1014 ligatus
520 976 618 1013 fuerat,
631 981 658 1005 ὅ(
668 978 789 1005 Crucem
800 976 920 1013 ejusdem

126 1013 279 1051 significat,-
303 1015 367 1043 ideo
377 1016 406 1043 in
418 1017 529 1045 modurn
542 1018 639 1045 Crucis
649 1027 710 1046 ante
723 1019 812 1055 petius
824 1017 921 1045 forma-

126 1063 181 1083 tur5
193 1052 266 1082 secus
276 1065 366 1083 tamen
376 1056 512 1094 Episcopi,
523 1068 549 1085 ac
559 1058 606 1085 alii
616 1057 758 1091 Praesules,
769 1069 803 1086 ex
815 1069 848 1086 eo
859 1058 921 1097 quia

127 1095 246 1123 Crucem
256 1105 319 1124 ante
332 1097 421 1134 pefius
433 1098 599 1135 pendentem
619 1109 680 1126 cuin
691 1099 828 1137 Reliquus
847 1098 921 1127 dese-

121 1130 191 1162 ‘runt
201 1155 208 1161 .
222 1137 336 1165 Moralis
348 1147 414 1165 vcro
426 1138 592 1177 lignificatus
603 1138 677 1167 stolae
687 1138 869 1171 sacerdotalis,
880 1143 919 1175 ju-

124 1184 191 1214 gum
200 1174 282 1204 suave
294 1177 458 1212 Christianae
478 1179 547 1217 legis
565 1179 678 1208 denotat
688 1199 695 1206 .
714 1180 793 1208 Solet
804 1181 887 1208 etiam
909 1191 922 1207 a

134 1216 387 1246 concionatoribus
398 1219 499 1247 deferri
510 1242 517 1252 ,
538 1230 594 1247 non
606 1230 673 1248 vero
685 1222 782 1249 Romae
801 1221 835 1249 ob
846 1223 921 1258 papae

127 1266 311 1285 reverentiam
323 1279 330 1290 ,
343 1259 388 1296 qui
399 1270 428 1286 ea
438 1260 525 1287 utitur
536 1261 671 1288 continuo
680 1280 687 1292 ,
699 1260 781 1288 etiam
793 1262 822 1289 in
835 1261 922 1299 publi-

126 1296 165 1324 cis
177 1297 229 1324 viis
239 1317 245 1324 .
270 1300 326 1327 PR.
337 1301 488 1337 antiquitus
498 1301 581 1328 etiam
593 1301 751 1329 Sacerdotes
766 1303 794 1329 in
813 1302 922 1339 publico

128 1346 190 1365 cum
201 1337 265 1365 stola
276 1339 403 1367 incedere
417 1341 575 1369 tenebimur
587 1361 593 1368 .
613 1341 679 1376 [Ut
692 1342 848 1376 Presbyteri
864 1353 922 1369 non

128 1377 234 1406 vadant
243 1378 294 1407 nili
307 1379 371 1408 stola
381 1401 388 1412 ‚
411 1390 455 1408 aut
465 1391 557 1409 orario
569 1381 658 1409 induti
670 1401 676 1408 .
700 1385 734 1409 Et
751 1382 770 1410 ii
783 1382 812 1409 in
824 1382 922 1410 itinere

127 1417 289 1456 spoliantur,
301 1430 345 1448 aut
357 1421 544 1454 vulnerantur,
557 1422 600 1450 vel
609 1422 773 1450 occiduntur
785 1444 791 1454 ,
805 1433 861 1450 non
872 1423 922 1450 sto-

128 1459 152 1486 la
166 1459 258 1487 vestiti
268 1481 275 1492 ‚
294 1460 614 1499 liinpliciemendatione
625 1461 783 1490 solvantur:
804 1463 823 1491 fi
833 1473 921 1490 autem

128 1508 190 1527 cuin
203 1499 269 1527 stola
279 1521 286 1532 ‚
299 1501 404 1539 triplici
416 1521 423 1528 .
437 1505 476 1529 Ex
489 1503 600 1530 Concil.
612 1502 718 1531 Tribur.
728 1502 807 1531 Palea
825 1503 856 1531 in
867 1513 921 1540 cap.

130 1539 174 1568 Ut
184 1541 341 1576 Presbyteri
354 1563 358 1572 ‚
374 1552 415 1573 17-
427 1542 520 1580 quaest.
531 1545 573 1578 4.]
585 1543 642 1571 Ubi
653 1543 707 1571 duo
718 1542 780 1570 sunt
791 1544 921 1576 notanda,

132 1580 207 1618 qnod
217 1582 261 1609 vel
272 1591 323 1619 pro
334 1582 400 1610 stola
411 1583 488 1610 talari
500 1584 602 1611 vestem
612 1583 775 1612 Concilium
788 1583 920 1616 intendit,

130 1630 160 1648 ut
171 1620 249 1659 supra
260 1633 292 1650 ex
304 1633 392 1661 graeca
401 1623 525 1651 dictione
534 1624 637 1652 dictum
650 1624 706 1655 est3
722 1634 785 1652 nam
794 1625 838 1652 liic
850 1625 923 1652 divi-

130 1661 186 1690 five
198 1663 263 1690 stola
274 1685 281 1696 ‚
292 1674 334 1691 aut
344 1664 463 1691 orarium
475 1674 513 1691 :iit
525 1675 531 1694 ᾗ
545 1666 589 1692 vel
599 1665 673 1702 quod
683 1665 804 1693 orarium
814 1675 870 1693 erat
881 1664 921 1694 di-

130 1701 240 1730 versum
251 1713 266 1730 a
277 1703 342 1731 stola
352 1724 358 1730 .
370 1704 397 1732 Si
408 1714 473 1732 vero
482 1705 601 1733 orarium
612 1726 619 1737 ,
631 1709 658 1733 δ(
671 1706 737 1733 stola
748 1706 822 1733 idem
834 1704 897 1734 sunt
914 1728 922 1739 ,

130 1752 214 1770 etiam
224 1744 344 1773 Dmconi
353 1754 414 1772 cui-n
424 1745 490 1773 stola
501 1745 627 1773 incedere
637 1745 800 1773 tenebantur
812 1768 820 1779 ,
844 1756 873 1774 ut
894 1748 924 1775 in

129 1782 196 1811 dist.
206 1788 338 1813 Orart'um
351 1785 520 1820 diximus-:Mt
534 1786 652 1821 Quando
661 1788 731 1824 Papa
741 1787 871 1824 privatim
881 1798 923 1815 ce-

131 1824 218 1851 lebrat
229 1825 258 1852 in
268 1826 356 1863 aliqua
365 1826 492 1859 Ecclefia,
502 1836 568 1855 tunc
578 1835 724 1866 antequam
737 1828 865 1855 induitur
879 1837 922 1866 pa.—

132 1866 263 1893 ramentis
274 1866 474 1899 celebrationis,
487 1867 567 1895 debet
576 1868 680 1906 primus
690 1867 848 1896 Cardinalis
857 1868 923 1896 Disi-

132 1906 269 1934 conusilli
279 1906 383 1935 auferre
397 1907 491 1935 stolam
500 1929 508 1940 ,
529 1912 557 1936 ὅ(
577 1918 607 1935 in
616 1907 722 1936 defet‘tu
733 1907 924 1937 cardinalium

131 1945 321 1975 Diaconorum
334 1969 341 1980 ,
360 1946 462 1987 spectat
472 1948 505 1976 ad
515 1948 642 1976 ultimum
654 1948 831 1977 Cardinalem
849 1952 924 1978 Pres-

130 1986 268 2021 byterum.
278 1988 436 2017 Cardinalis
445 1999 534 2017 autern
544 1990 694 2028 praedicans
703 1989 734 2017 in
746 1989 861 2018 Ecclesia
871 1993 925 2026 ejus

134 2028 228 2059 tituli5
252 2029 341 2067 potest
360 2031 401 2057 uti
418 2030 486 2058 stola
503 2029 549 2058 sub
557 2040 680 2058 mozetta
698 2029 732 2058 ad
743 2030 925 2059 differentiam

133 2069 276 2097 Pontificis
286 2092 293 2102 ‚
305 2070 351 2109 qui
362 2071 438 2098 illam
448 2070 535 2100 defert
546 2070 624 2109 supra
634 2079 785 2098 mozettam
795 2081 803 2101 5
813 2081 841 2099 ac
851 2082 924 2100 extra

134 2107 241 2138 Urbem
253 2119 311 2138 tum
322 2112 483 2140 cardinales
497 2133 504 2145 ‚
517 2121 574 2140 tum
584 2112 668 2140 etiam
681 2109 808 2149 Episcopi
818 2111 924 2150 possiint

134 2148 242 2179 deferre
252 2150 348 2180 stolam
358 2150 435 2190 supra
446 2163 492 2180 mo
502 2162 599 2181 certam
617 2152 646 2181 in
657 2152 848 2180 concionando
859 2172 867 2179 .
891 2155 926 2182 In

136 2189 271 2231 Concilio
287 2193 437 2221 Bracarenfi
457 2191 503 2221 sub
526 2203 607 2231 poena
632 2193 925 2221 excommunicationis

136 2230 313 2269 praecipitur,
333 2242 361 2260 ut
374 2233 527 2262 Sacerdotes
544 2244 602 2261 non
622 2233 861 2262 communicentur
870 2234 926 2262 sine

136 2271 204 2299 stola
215 2292 223 2304 ,
236 2271 278 2300 his
289 2273 395 2301 verbis:
408 2279 419 2308 [
432 2274 506 2301 Cum
517 2274 643 2303 Sacerdos
652 2275 684 2302 ad
694 2272 826 2302 solemnia
837 2274 926 2302 Missa-

138 2321 198 2339 rum
211 2313 313 2341 accedit
325 2335 332 2346 ,
341 2323 384 2342 aut
397 2323 444 2352 per
452 2313 479 2341 se
490 2316 554 2344 Deo
563 2314 698 2343 sacrificio
706 2314 842 2342 oblaturus
851 2335 860 2347 ,
882 2324 926 2342 aut

136 2352 338 2383 Sacramentum
348 2376 357 2389 ,
368 2355 514 2394 Corporis,
525 2359 551 2385 ὃς
562 2355 705 2395 Sanguinis
714 2354 831 2384 Domini
841 2355 925 2384 nostri

1287 25 1387 70 ST

965 81 1029 120 jesu
1038 81 1144 112 Chi-isti
1152 81 1315 123 sumpturus,
1329 96 1386 116 non
1396 85 1474 117 aliter
1483 87 1603 121 accedat,
1611 98 1697 128 quam
1708 98 1771 122 ora-⁴

967 123 1010 151 rio
1025 132 1142 162 utroque
1160 123 1273 154 humero
1291 126 1486 165 circumseptus
1496 133 1547 158 &a
1574 130 1594 159 fi
1616 131 1676 169 quis
1685 132 1767 162 aliter:

967 163 1055 202 egerit
1064 185 1072 197 ,
1085 165 1365 197 excommunicationi
1376 168 1473 197 debitae
1482 168 1624 205 subjacebit
1634 194 1641 204 ‚
1657 177 1768 202 canAEc-

968 204 1113 233 ciefiastica
1125 204 1310 240 institutione,
1321 208 1384 237 dist.
1396 211 1457 247 233
1470 208 1530 245 Qua
1540 212 1680 241 occasione
1693 223 1768 251 que-

968 244 1038 272 ritur
1048 245 1121 289 inte-r
1130 243 1307 285 Theologos,
1318 247 1338 277 fi
1348 254 1425 277 extra
1436 249 1541 279 Mifl'am
1551 252 1726 281 Sacerdotem
1736 253 1763 282 se

970 294 1174 314 communicare
1185 287 1345 321 occurrerit,
1355 299 1388 317 an
1398 298 1520 326 peccaret
1529 294 1693 327 mortaliter,
1704 295 1723 322 {i
1734 295 1762 323 id

969 335 1062 364 ageret
1072 326 1128 354 sinc
1139 327 1204 356 stola
1218 347 1224 355 .
1236 329 1387 357 Affirmant
1397 331 1524 359 nonnulli
1535 353 1542 364 ,
1562 343 1596 362 ex
1607 344 1640 362 eo
1652 335 1713 372 quia
1724 335 1762 363 ibi

970 366 1016 395 sub
1027 377 1107 405 poena
1117 369 1411 399 excommunicationis
1423 372 1581 408 praecipitur
1591 395 1599 406 ,
1620 385 1680 414 qua:
1704 385 1767 414 pec-

971 417 1058 435 catum
1068 408 1184 437 mortale
1196 409 1329 447 supponit
1339 431 1346 438 .
1360 410 1419 439 Alii
1431 419 1522 439 tamen
1531 415 1602 450 apud
1613 417 1699 444 Azor.
1713 426 1768 454 par.

976 460 998 476 1.
1010 449 1056 476 lib.
1072 460 1113 477 io.
1127 459 1184 488 cap.
1197 454 1242 478 28.
1257 460 1302 488 qu.
1319 462 1362 480 12.
1373 451 1542 480 contrarium
1563 453 1664 485 docent
1681 477 1689 489 ‚
1710 456 1772 495 quia

971 488 1001 518 in
1012 489 1088 528 praxi
1100 488 1222 523 liabetur,
1232 491 1307 529 quod
1316 492 1347 520 in
1356 491 1489 530 aliquibus
1500 491 1703 525 observantibus
1713 498 1769 527 Re-

970 530 1120 569 ligionibus
1138 530 1192 558 hoc
1213 531 1329 560 minime
1348 531 1510 561 observetur
1532 533 1562 562 in
1580 538 1772 566 communione

973 572 1078 609 publica
1088 570 1243 600 FeriaeV.in
1253 572 1322 602 bulla
1333 575 1672 614 coeiiae.Praeterqiiiqiiod
1682 577 1772 606 Giossffs

975 611 1003 639 in
1012 612 1039 641 d.
1051 622 1111 640 can.
1121 612 1302 641 Eccieiiastica
1312 635 1320 645 ,
1342 617 1369 642 ὃς
1380 613 1568 643 Postillatores
1590 615 1694 645 ibidem
1705 617 1772 646 stan-

974 652 1038 680 dum
1048 651 1097 681 efl'e
1106 651 1299 682 consuetudini
1311 654 1482 683 d·)cent.Sed
1491 664 1553 684 cum
1563 665 1730 695 praeceprum
1743 658 1776 686 fic

975 693 1062 722 facilis
1072 692 1254 722 observantiae
1265 716 1272 727 ,
1294 697 1321 722 δε
1333 695 1539 725 commoditatis
1553 718 1561 730 ‚
1584 707 1652 735 puto
1661 707 1776 736 praeter-

974 734 1049 762 mitti
1059 744 1115 762 non
1126 734 1222 762 debere
1232 754 1240 761 .
1257 736 1314 763 FR.
1334 745 1383 772 pro
1394 735 1532 764 sententia
1543 736 1708 766 affirmatius.
1731 738 1776 767 di-

975 775 1102 806 cendum,
1116 774 1191 816 quod
1201 774 1268 802 licut
1277 775 1396 804 Diacous
1409 787 1467 805 non
1476 778 1566 815 potest
1578 788 1674 807 canere
1685 782 1777 808 Evan-

975 815 1081 854 gelium
1095 815 1150 842 fine
1164 814 1231 842 stola
1243 835 1250 846 ‚
1271 825 1305 842 ex
1315 825 1348 843 eo
1359 816 1421 854 quia
1441 817 1546 855 profert
1558 817 1665 847 Christi
1678 819 1756 847 verba
1767 842 1776 853 ‚

976 864 1079 893 quanto
1091 853 1174 891 magis
1185 863 1252 892 ergo
1263 856 1390 884 Sacerdos
1400 857 1534 895 accipiens
1555 859 1665 888 verbum
1676 860 1752 888 verbi
1764 865 1773 889 ?

976 896 1028 924 Sed
1038 904 1168 933 negativa
1179 893 1314 923 sententia
1333 896 1416 935 magis
1434 898 1620 935 amplestenda
1632 920 1641 932 ,
1661 909 1720 928 tum
1741 911 1776 928 ex

976 935 1023 964 usu
1035 958 1042 969 ‚
1054 945 1084 964 ut
1095 934 1278 972 supradictum
1289 935 1338 967 ests
1351 946 1407 965 tum
1418 937 1501 966 etiam
1510 939 1572 976 quia
1584 939 1614 967 in
1623 940 1775 969 Bracarcnli

976 976 1111 1005 Concilio
1124 976 1181 1004 111.
1204 977 1336 1014 reperitur
1347 976 1451 1005 sanstio
1463 978 1510 1006 illa
1523 1000 1530 1011 ‚
1552 979 1587 1006 de
1606 989 1658 1017 qua
1679 978 1758 1018 supra
1769 1002 1778 1013 ‚

978 1017 1023 1046 ubi
1033 1017 1097 1045 06ὶο
1108 1013 1234 1054 Episcopi
1247 1025 1353 1045 tantum
1363 1016 1590 1056 subscripserant:
1602 1021 1698 1048 Bai-on.
1709 1031 1776 1048 ann.

980 1065 1046 1093 675.
1058 1068 1085 1085 n.
1099 1065 1125 1086 6.
1139 1057 1163 1085 Si
1174 1067 1240 1095 ergo
1251 1067 1284 1085 eir
1296 1058 1393 1086 eodem
1407 1061 1503 1087 Biron.
1516 1070 1557 1088 an.
1573 1069 1616 1095 57.
1628 1071 1654 1088 n.
1670 1066 1732 1089 118.
1747 1064 1775 1090 Sc

975 1098 1050 1137 seqq.
1061 1098 1132 1125 inter
1141 1096 1202 1125 alim
1214 1099 1330 1127 rationes
1343 1120 1350 1131 ,
1373 1100 1468 1138 quibus
1481 1101 1643 1129 Concilium
1664 1101 1779 1130 Eliberi-

978 1148 1072 1167 tanum
1083 1137 1207 1166 confutat
1219 1159 1227 1170 ,
1242 1149 1295 1166 tres
1306 1139 1381 1168 affert
1394 1141 1542 1178 praecipuas
1552 1162 1560 1174 ,
1571 1140 1673 1169 scilicet
1685 1162 1692 1174 ‚
1714 1142 1777 1180 quia

979 1190 1034 1208 non
1046 1178 1206 1216 congregati
1216 1188 1291 1207 erant
1303 1176 1338 1207 ibi
1350 1179 1489 1218 plusquam
1499 1182 1592 1210 decem
1603 1203 1611 1214 ,
1630 1185 1658 1210 δ(
1671 1192 1775 1210 novem

980 1218 1127 1259 Episcopi,
1136 1218 1255 1247 secundo
1266 1220 1328 1258 quia
1339 1231 1397 1249 non
1412 1221 1521 1250 videtur
1533 1222 1604 1251 illud
1614 1222 1778 1251 Concilium

980 1261 1010 1288 in
1021 1260 1123 1303 angulo
1134 1259 1218 1288 Orbis
1227 1260 1390 1288 celebratum
1399 1283 1407 1293 ,
1421 1260 1539 1291 habuisse
1551 1263 1677 1300 vigorem
1696 1274 1779 1291 cano-

980 1312 1025 1328 nes
1039 1322 1046 1333 ‚
1058 1303 1089 1331 ὅ(
1103 1299 1304 1337 prohibitiones
1314 1299 1416 1328 sancire
1427 1312 1434 1331 ς
1456 1302 1540 1329 tertio
1550 1304 1615 1340 quia
1627 1313 1683 1331 non
1694 1313 1777 1341 appa-

978 1351 1019 1369 ret
1028 1340 1157 1377 explicita
1168 1341 1245 1376 Papae
1260 1340 1369 1368 licentia
1380 1339 1458 1376 liujus
1469 1342 1692 1373 convocationis3
1706 1344 1776 1371 mul-

978 1391 1009 1409 to
1018 1381 1105 1409 minus
1116 1389 1181 1417 ergo
1191 1381 1280 1408 Cone.
1292 1382 1444 1410 Bracarenli
1456 1383 1588 1420 praedicto
1600 1382 1665 1410 fides
1679 1383 1778 1412 haben.

978 1422 1011 1450 da
1021 1443 1028 1454 ,
1048 1421 1079 1449 in
1091 1430 1145 1458 quo
1157 1429 1264 1447 tantuin
1273 1421 1336 1448 osto
1348 1442 1356 1453 ‚
1375 1422 1418 1450 vel
1441 1432 1545 1451 novem
1565 1423 1778 1452 intervenerunt

980 1460 1110 1499 Episcopi
1122 1463 1174 1488 &o
1186 1460 1275 1498 Igitur
1298 1471 1356 1489 non
1367 1460 1484 1490 habuiss'e
1502 1464 1629 1500 vigorem
1640 1463 1773 1492 statuendi

979 1502 1026 1533 sub
1038 1510 1116 1539 poena
1126 1500 1418 1530 excommunicationis
1429 1502 1622 1531 universaliter
1632 1502 1782 1532 sacerdoti-

980 1543 1024 1571 bus
1034 1542 1119 1570 totius
1131 1541 1202 1569 Chri
1208 1541 1396 1574 stianitatis‚ut
1405 1543 1541 1571 deferrent
1553 1543 1654 1576 stolam,
1667 1544 1711 1572 vel
1721 1554 1782 1572 ora-

979 1593 1059 1615 rium,
1072 1583 1125 1610 tale
1138 1582 1302 1611 Concilium
1311 1582 1458 1611 dicendum
1468 1583 1515 1611 est.
1527 1584 1573 1612 Ad
1586 1594 1778 1623 argumentum

979 1625 1009 1652 in
1020 1622 1187 1651 contrarium
1199 1633 1212 1650 a
1222 1632 1264 1651 me
1275 1623 1420 1652 deductum
1429 1623 1609 1662 respondetur
1619 1646 1627 1657 ,
1647 1625 1722 1663 quod
1734 1635 1781 1663 pa-

982 1665 1046 1692 ritas
1056 1663 1175 1692 Diaconi
1187 1674 1243 1692 non
1252 1662 1415 1702 suffragatur
1427 1686 1434 1697 ,
1447 1665 1509 1702 quia
1520 1664 1566 1692 ille
1579 1673 1643 1692 tunc
1655 1665 1781 1693 officium

980 1704 1057 1733 suum
1073 1713 1200 1734 exer-cem
1223 1703 1295 1732 secus
1317 1714 1385 1733 vero
1398 1705 1524 1733 Sacerdos
1534 1727 1542 1738 ,
1564 1705 1611 1743 qui
1629 1715 1686 1732 non
1708 1706 1781 1733 cele-

980 1745 1084 1774 brando
1092 1743 1118 1773 se
1128 1744 1313 1773 communicat
1324 1765 1331 1772 .
1351 1746 1425 1773 Item
1438 1745 1576 1773 Diaconus
1586 1745 1683 1784 vigore
1694 1745 1781 1774 rubri·

982 1797 1021 1814 (ε
1034 1807 1042 1819 ,
1064 1790 1092 1814 δ(
1110 1795 1246 1813 canonum
1266 1793 1378 1813 tenetur
1399 1795 1495 1813 canere
1518 1786 1700 1823 Evangelium
1717 1796 1779 1814 cum

982 1828 1047 1855 stola
1058 1848 1065 1859 ,
1087 1825 1161 1854 secus
1174 1836 1239 1854 vero
1250 1827 1379 1854 Sacerdos
1392 1826 1422 1854 in
1439 1827 1634 1854 communione
1655 1825 1758 1863 privata
1768 1846 1778 1853 .

981 1866 1212 1896 Concludendum
1222 1876 1289 1905 ergo
1308 1867 1346 1895 est
1357 1888 1365 1899 ,
1386 1866 1460 1904 quod
1479 1877 1536 1894 non
1546 1875 1640 1904 peccet
1650 1866 1778 1895 Sacerdos

982 1918 1038 1936 non
1047 1907 1177 1936 adhibens
1187 1908 1282 1936 stolam
1297 1907 1325 1935 in
1344 1908 1539 1935 communione
1551 1928 1559 1940 ,
1578 1907 1616 1935 ita
1624 1907 1761 1936 Bonacinzi
1771 1927 1781 1939 ,

982 1947 1050 1986 disp.
1061 1960 1088 1983 4.
1109 1958 1154 1986 qu.
1167 1954 1192 1976 6.
1202 1949 1295 1985 punist-
1308 1959 1334 1976 2.
1345 1958 1372 1975 n.
1389 1959 1415 1976 2..
1434 1951 1462 1975 δε
1472 1948 1519 1975 alii
1539 1947 1609 1985 apud
1622 1947 1783 1984 Magistrum

983 1999 1072 2017 meum
1085 1989 1197 2017 Paulum
1207 1991 1341 2025 Quartum
1353 1988 1381 2015 in
1391 1987 1467 2015 tract.
1477 1988 1563 2016 Rubr.
1573 1986 1669 2015 Miss'ai.
1682 1996 1781 2025 part-z.

983 2028 1150 2058 tit-10.sec}.
1163 2039 1190 2067 3.
1200 2030 1262 2057 dub.
1281 2040 1308 2066 3.
1319 2028 1435 2056 difficul.
1448 2036 1473 2062 5.
1485 2030 1523 2062 :ik
1534 2031 1611 2056 Errat
1628 2027 1710 2065 plane
1720 2028 1784 2056 Du-

984 2071 1082 2100 randus
1094 2070 1241 2108 ‚inquiens
1253 2091 1260 2102 ,
1277 2069 1353 2108 quod
1371 2068 1551 2096 Dominicani
1571 2068 1728 2096 Sacerdotes
1749 2067 1781 2095 in

982 2111 1177 2140 communione
1188 2111 1273 2139 Feriae
1298 2111 1333 2138 V.
1348 2109 1377 2136 in
1385 2110 1480 2137 Coena
1497 2110 1581 2137 Doni.
1595 2119 1653 2136 non
1671 2117 1783 2136 utantur

983 2152 1059 2181 stolis
1071 2163 1078 2179 z
1099 2161 1163 2179 nain
1181 2161 1216 2180 ex
1234 2160 1331 2179 eorum
1349 2149 1460 2178 Miffaiis
1478 2150 1598 2179 Rubrica
1614 2148 1784 2177 contrarium

984 2194 1091 2221 constat
1102 2213 1110 2224 ,
1130 2192 1167 2220 ibi
1177 2192 1253 2220 enim
1262 2191 1321 2220 haec
1332 2189 1482 2219 habentur:
1507 2189 1638 2225 [Deinde
1649 2189 1696 2217 fiat
1705 2198 1783 2217 com-

984 2233 1080 2261 munio
1091 2232 1203 2261 fratrum
1212 2232 1265 2260 hoc
1278 2231 1417 2264 ordine‚ut
1429 2243 1442 2260 :i
1453 2231 1599 2266 majoribus
1611 2229 1782 2267 incipienda,

984 2285 998 2302 a
1007 2273 1194 2303 Sacerdotibus
1203 2283 1263 2302 cum
1275 2272 1351 2301 stolis
1362 2270 1441 2310 super
1448 2281 1543 2310 cappas
1560 2275 1611 2299 &c.
1622 2271 1635 2301 ]
1656 2267 1782 2312 Sacerdos

987 2315 1017 2342 in
1026 2314 1212 2343 celebratione
1222 2312 1306 2342 Miss'ae
1324 2312 1404 2341 debet
1415 2312 1521 2341 deferre
1541 2311 1636 2339 stolam
1645 2318 1713 2337 circa
1722 2307 1781 2334 col-

986 2356 1043 2384 lum
1053 2375 1063 2390 ,
1074 2365 1103 2384 ut
1113 2357 1254 2386 Gavantus
1264 2375 1273 2389 ,
1292 2357 1321 2384 ὁ(
1332 2353 1449 2389 Quartus
1459 2352 1537 2382 citati
1546 2350 1608 2379 satis
1617 2346 1764 2378 ostendunt
1773 2366 1781 2374 ο

1669 2388 1743 2423 Qua-
