1866 2526
357 32 452 74 DI

108 99 141 129 pa
151 87 251 119 divisas
260 87 311 118 ess'c
322 111 331 122 ‚
354 98 384 118 ut
394 99 427 117 ex
438 90 496 124 ejus
507 86 595 116 verbis
605 85 751 126 colligitur
762 108 769 119 ,
794 85 825 114 in
843 95 904 115 cen.

110 129 239 169 Episcopi
250 140 306 158 non
317 130 346 158 in
357 129 474 158 castellis
485 149 494 162 ,
515 128 579 157 dist.
592 132 616 156 8.
627 129 701 157 Nam
723 138 786 157 ante
806 128 904 156 Linum

109 172 242 200 Clemens
250 170 324 198 idem
336 170 444 198 dixerat
455 190 462 201 ,
485 168 531 197 scu
540 168 639 198 clarius
652 169 682 197 in
696 170 733 198 D.
744 168 819 197 Petri
841 177 903 206 per-

108 210 176 239 sona
185 231 195 244 ,
217 220 333 249 nempe:
349 215 361 245 [
375 211 411 239 In
420 209 477 239 illis
489 219 556 238 vero
565 209 737 238 Civitatibus
746 230 755 242 ,
768 209 796 237 in
805 209 901 247 quibus

107 251 176 279 olim
185 250 256 289 apud
265 250 404 279 Ethnicos
427 250 508 290 primi
534 250 669 279 Flamines
686 259 781 278 eorum
793 271 799 281 ‚
823 258 903 288 atque

107 290 190 330 primi
201 292 270 330 legis
280 291 416 320 Doctores
427 286 504 319 crant
515 301 523 322 ς
547 290 743 329 Epist-operum
756 289 882 328 primates
894 310 902 321 ,

109 331 153 359 vel
162 331 328 360 Patriarchas
340 333 371 360 B.
392 334 488 361 Petrus
509 332 577 370 poni
602 332 733 369 praecepit
743 352 751 364 ,
774 341 820 369 qui
839 329 901 359 rcli-

105 381 223 409 quornm
236 371 325 400 causas
336 372 536 410 Episcoporum
548 394 555 404 ,
577 375 605 400 δε
614 374 719 406 majora
738 371 850 409 negotia
873 370 901 398 iu

106 412 159 440 fide
171 412 326 451 agitarent:
348 414 360 443 ]
381 416 408 441 δε
419 413 479 451 post
499 423 599 450 pauca:
619 418 631 447 [
652 413 687 440 In
705 411 816 450 singulis
836 419 902 440 vero

105 453 219 492 reliquis
230 453 400 482 Civitatibus
413 453 532 492 singulos
545 475 553 486 ‚
562 456 589 481 <Sc
602 462 659 480 non
668 452 758 491 plures
769 451 900 480 constitui

105 493 236 532 praecepit
247 515 255 527 ‚
278 494 324 531 qui
337 493 533 532 Episcoporum
553 501 659 521 tantum
681 491 809 522 vocabula
818 490 901 519 sorti-

103 543 215 564 rentur;
239 533 369 572 quoniam
383 545 469 573 neque
480 534 552 562 inter
572 532 644 571 ipsos
664 543 710 570 pnr
722 532 772 560 fuit
792 532 898 559 institu-

103 573 145 602 tio
156 595 163 606 ‚
186 573 233 602 sed
254 584 320 602 unus
342 575 451 612 przfuit
470 574 594 603 omnibus
603 593 610 601 .
632 574 732 601 Eadem
761 573 823 600 dist.
854 578 898 600 80.

101 624 160 642 can.
174 627 200 644 z.
212 617 263 646 1&
276 615 408 644 clemens
417 617 488 653 Papa
497 616 554 644 111.
567 613 677 652 inquit:
697 617 736 642 Ex
749 613 803 641 hoc
816 612 898 650 liqui-

103 654 166 682 dem
176 655 238 683 data
248 657 278 685 Β.
288 658 371 684 Petro
381 666 394 683 a
403 655 531 684 Domino
542 655 676 693 potestate
689 675 697 686 ‚
710 653 768 691 ipse
780 675 788 686 ,
801 664 829 682 ac
839 653 897 681 suc-

99 695 211 725 ces-‘ores
222 695 301 734 iplius
313 705 361 733 per
370 694 478 724 diversa
498 695 593 723 muudi
615 694 672 723 soca
692 695 894 723 constituerunt

99 734 246 773 Eptl'copos
256 757 264 768 ‚
287 739 313 764 δ(
323 736 472 774 dignitates
480 746 528 774 per
548 735 704 773 provincias
722 734 875 763 diviserunt
887 756 893 763 .

99 776 200 803 Bullar.
211 776 339 805 Catinen.
351 784 419 803 tom.
432 776 576 805 2.tonstit.
588 787 654 812 209.
665 778 677 807 ]
690 777 779 810 Quam
789 776 813 804 S.
826 777 894 805 cie-

1270 29 1314 68 D
1348 29 1365 68 1
1622 41 1702 82 249

960 78 1032 114 circa
1041 89 1157 114 Romam
1166 84 1244 123 regio
1255 84 1407 114 incolarum
1428 84 1512 124 longe
1524 85 1687 116 fertilissima
1698 110 1706 121 ,
1726 89 1755 116 ὃς

956 124 1084 154 civitates
1096 125 1202 154 densius
1212 125 1318 164 pofirae5
1331 134 1390 163 quae
1402 135 1443 153 res
1455 135 1532 154 tanto
1545 126 1634 163 plures
1645 128 1675 156 in
1686 127 1732 156 his
1743 147 1753 160 ,

959 175 1040 205 quam
1057 164 1088 193 in
1099 165 1159 194 aliis
1169 165 1323 204 provinciis
1341 164 1416 194 sedes
1437 165 1606 204 episcopales
1624 166 1753 206 erigendi

958 206 1128 235 occasionem
1138 206 1215 235 dedit
1224 227 1232 234 .
1246 207 1308 235 Hoc
1319 206 1469 234 evidenter
1479 206 1592 245 patebit,
1608 207 1626 234 si
1638 216 1756 244 provin-

957 247 1009 276 cias
1019 245 1160 285 sigillatim
1170 246 1463 286 perlustraverimus,&
1475 246 1606 276 dioeceses
1617 248 1682 276 alias
1690 258 1754 276 cum

957 288 1017 316 aliis
1027 287 1243 317 contulerimus.
1262 287 1307 315 De
1317 288 1412 326 quibus
1423 288 1571 316 accuratius
1590 289 1753 326 exponendi

955 329 1034 366 copia
1046 327 1125 356 nobis
1139 329 1191 356 crit
1205 350 1212 361 ,
1236 329 1311 367 quod
1326 328 1356 356 ab
1365 338 1457 356 omnis
1467 330 1521 357 aevi
1536 328 1602 357 viris
1613 328 1728 357 eruditis
1743 351 1751 361 ,

955 368 1099 406 speciatim
1110 379 1124 396 a
1135 370 1267 398 Cluverio
1277 390 1284 401 ‚
1298 369 1433 404 Holstenio
1444 390 1452 401 ‚
1472 373 1598 399 Ferraria
1609 391 1617 403 ,
1638 373 1665 398 δε
1676 375 1752 398 Bau-

956 411 1061 438 aranda
1074 408 1104 437 in
1115 409 1234 447 pluribus
1245 409 1323 444 hujus
1335 410 1458 449 regionis
1469 410 1536 438 locis
1549 409 1748 447 particulatim,

955 453 982 478 ὃς
993 450 1086 479 exaifte
1096 449 1292 482 describendis,
1302 460 1447 488 carumque
1459 450 1588 479 distantia
1598 460 1612 478 ²
1624 456 1708 480 Roma
1721 454 1749 479 &z

953 490 984 518 ab
996 489 1022 518 se
1035 490 1155 519 invicem
1176 491 1315 520 metienda
1325 501 1424 529 magna
1435 501 1519 529 opera
1530 499 1628 519 navata
1638 491 1676 519 est
1688 511 1695 518 .

994 531 1039 559 Ut
1049 530 1080 559 ad
1091 541 1146 559 rem
1159 532 1246 570 igitur
1257 531 1411 560 accedamus
1421 553 1429 564 ,
1452 535 1596 561 Primarus
1607 537 1747 562 Romanus

953 570 999 599 sex
1013 573 1065 600 Pro
1071 571 1171 600 vincias
1182 572 1374 601 Ecclcfiaihcas
1383 572 1610 610 complectebatur
1620 585 1628 600 :
1651 573 1677 600 1.-
1685 578 1749 600 Pro-

953 615 1081 639 vinciam
1105 617 1257 641 Romanam
1272 633 1279 641 .
1299 615 1340 642 ΙΙ.
1363 616 1542 641 Provinciam
1561 613 1727 641 sicilianum
1738 632 1746 640 .

952 653 1009 680 ΠΙ·
1022 652 1183 683 Sardiniam
1193 672 1200 679 -
1219 655 1274 682 IV.
1292 654 1526 690 Mediolanensem
1536 674 1543 681 .
1569 655 1602 681 V.
1625 653 1744 691 Aquile-

950 693 1069 729 jensem.
1095 694 1146 721 VI.
1169 694 1399 730 Ravennensem.

1052 754 1076 781 Ι.
1117 754 1355 784 ΡκονιΝεῙΑ
1400 757 1596 784 Romul.

98 816 199 843 mentis
216 817 404 844 auctoritatem
415 817 511 846 Lucius
523 819 594 855 Papa
614 815 833 856 hagiograp'nam
853 827 892 845 rc-
909 816 977 844 Haec
995 815 1144 846 Provincia
1152 814 1222 844 sacra
1232 837 1240 849 ‚
1251 819 1325 852 cujus
1335 815 1498 854 metropolis
1508 819 1599 845 Roma
1610 837 1617 848 ,
1629 821 1716 844 Roma
1729 836 1737 846 ‚

97 855 240 894 cognoscit
253 878 261 889 ,
286 857 379 885 eadem
390 857 451 886 dist.
465 862 509 886 80.
519 868 578 886 can.
590 857 682 886 Urbes
693 879 701 891 ,
725 858 820 886 &loca
830 879 837 890 ‚
849 858 891 885 ubi

97 896 205 934 inquit:
238 902 250 932 [
278 899 313 925 i'n
332 898 395 936 tplis
415 908 482 926 vero
501 898 622 927 Urbibus
652 899 711 936 post
739 899 890 926 adventum

96 936 202 965 Christi
216 937 345 976 Apostoli
358 959 365 970 ,
378 949 406 966 ut
416 949 510 967 eorum
518 937 678 967 successores
689 961 696 972 ,
707 937 874 967 Patriarchas
883 961 890 971 ,

95 978 263 1006 &Primates
275 977 423 1015 posuerunt
436 1000 443 1006 .
467 982 479 1010 ]
501 980 638 1014 Quinimo
648 979 741 1008 Glossa
759 979 793 1007 de
813 978 890 1007 Clio-

96 1016 244 1055 repiscopis
256 1039 262 1049 ,
287 1028 321 1046 an
333 1020 364 1046 a'o
375 1019 518 1056 Apostolis
531 1019 572 1048 illi
585 1020 707 1048 instituti
719 1018 829 1048 fuiss'ent
839 1041 846 1052 ,
859 1020 888 1047 in

95 1067 154 1084 can.
165 1057 368 1096 Chorepiscopi
379 1079 386 1090 ‚
398 1059 459 1087 dist.
473 1064 519 1088 ⁶8.
530 1059 643 1088 dubitat.
654 1062 824 1096 Synonyma.
837 1061 889 1088 Vi-

92 1097 127 1125 de
141 1099 312 1135 Epist-opium
324 1119 331 1126 .
354 1101 498 1128 exarchus
510 1120 517 1127 .
540 1102 753 1129 patriarchium
764 1121 772 1128 .
783 1102 885 1138 Praesu-
900 1134 903 1135 ⁷

93 1138 170 1166 latus
181 1158 188 1165 .
211 1143 418 1176 Staurapegmm
431 1159 438 1168 .

145 1221 158 1233 ⁴‘
187 1220 241 1249 IN
283 1220 526 1251 DIOECESI
569 1222 767 1253 ITALIAE

304 1284 449 1311 Primatus
473 1288 614 1312 Romanus
626 1303 633 1310 .

49 1340 135 1368 Irni
143 1351 159 1368 Α
171 1361 178 1373 ,
202 1350 257 1379 quo
277 1339 355 1371 sensu
375 1341 408 1370 de
429 1343 476 1372 illa
500 1354 549 1373 nos
567 1344 707 1383 loquimur
718 1366 726 1377 ,
750 1354 881 1383 quatenus

89 1391 140 1418 pro
148 1390 226 1409 omni
240 1382 384 1412 territorio
396 1405 403 1416 ‚
415 1385 489 1423 quod
502 1384 631 1423 praesecto
639 1386 727 1414 Urbis
739 1407 746 1419 ,
759 1390 786 1414 ὃ(
799 1386 880 1414 Vica-

90 1431 133 1449 rio
144 1422 231 1465 Italia
242 1421 288 1450 sub
302 1423 514 1462 Imperatoribus
525 1430 655 1456 Romanis
668 1426 759 1464 paruit
769 1448 776 1459 ‚
787 1427 879 1464 paullo

88 1462 228 1500 amphoris
238 1484 246 1495 ,
265 1473 345 1500 quain
364 1475 435 1493 nunc
455 1467 568 1504 quidem
588 1467 625 1494 est
637 1488 645 1499 ,
665 1467 794 1494 circuitus
807 1468 857 1496 fuit
869 1488 875 1495 .

89 1503 162 1545 Nam
174 1512 230 1529 non
239 1513 347 1532 tantum
359 1506 469 1538 Sicalx'a,
480 1508 614 1535 Sardinia
626 1510 653 1535 ὃ(
665 1507 771 1544 Corfica
781 1507 875 1536 insul-e

88 1543 134 1569 iub
144 1541 191 1569 hac
201 1544 384 1580 appellatione
395 1547 599 1584 comprehensa:
611 1547 667 1579 ,sed
678 1549 784 1577 Rhana
795 1548 876 1577 etiam

88 1584 214 1610 §nanda
227 1605 234 1615 ‚
256 1584 308 1613 lioc
321 1586 359 1613 est
371 1596 399 1614 ea
409 1596 467 1624 pars
476 1591 626 1616 Germania
648 1598 707 1626 quae
719 1589 749 1616 ab
759 1589 875 1627 Alpibus

87 1623 120 1650 ad
134 1625 295 1652 Danubium
318 1624 399 1663 usque
418 1630 487 1663 jacet
499 1649 506 1655 .
529 1629 564 1656 In
575 1627 624 1656 hac
644 1628 828 1667 amplitudine
846 1631 874 1657 in

86 1664 149 1707 dms
159 1673 267 1702 magnas
278 1667 373 1694 cix-iies
385 1667 514 1696 dxoeccses
527 1667 577 1696 suit
589 1668 685 1702 divisa,
696 1670 873 1699 continentes

85 1705 279 1747 leptciulecim
293 1707 402 1744 imperii
413 1712 529 1738 Romani
541 1710 707 1747 provincias,
718 1713 745 1738 ἃ
758 1711 788 1738 in
799 1710 872 1740 hisce

87 1746 239 1781 provinciis
251 1747 309 1784 plus
317 1758 408 1776 minus
419 1759 550 1778 trecentae
562 1748 692 1777 dioeceses
703 1750 870 1790 episcopales

87 1788 196 1812 fuerunt
207 1806 215 1817 ,
226 1797 338 1824 quarum
349 1799 461 1818 nomina
472 1790 558 1818 adhuc
567 1789 720 1828 liiperssint,‚
734 1792 799 1820 locis
808 1792 870 1832 ipsis

87 1834 214 1869 magnam
224 1837 328 1863 partem
338 1831 446 1858 valtatis
458 1851 465 1863 ,
476 1832 521 1859 vel
531 1841 561 1858 in
574 1841 649 1859 vicos
659 1832 769 1860 mutatis
781 1855 788 1865 ,
799 1831 871 1863 aliis-

87 1874 139 1902 que
150 1876 229 1893 novis
242 1867 437 1908 episcopatibus
450 1871 478 1899 in
487 1881 582 1899 eorum
594 1872 684 1900 locum
696 1874 853 1903 constitutis
863 1895 870 1902 .

85 1907 113 1933 N
124 1916 154 1950 {n
166 1916 332 1944 inqusemus
351 1910 394 1937 hir.
408 1911 548 1940 studiosius
561 1912 591 1940 iu
601 1914 790 1942 recentiorum
802 1915 874 1944 dioe—

85 1952 184 1973 cenum
195 1949 374 1982 n·.¹.meruin,6<
386 1952 650 1989 amplitudinem,cas
659 1954 801 1983 dumtaxat
809 1967 876 1986 con-

87 1987 322 2027 teiupl.u=.u·i,quae
333 1991 452 2029 autiquae
462 1991 565 2025 sunm&
577 1994 649 2022 intra
661 1995 751 2033 priora
762 1994 809 2024 sex
822 1997 872 2026 sae—

85 2027 143 2055 cula
155 2033 311 2058 conititutae
323 2052 332 2063 ,
354 2031 387 2059 de
397 2032 490 2070 quibus
502 2035 653 2072 generatim
672 2035 872 2066 observandum

85 2068 164 2111 nobis
173 2069 210 2097 est
223 2091 230 2101 ,
242 2069 287 2098 hic
297 2071 330 2098 de
341 2071 509 2110 amplissimis
517 2075 591 2106 alias,
603 2075 667 2104 alias
677 2076 712 2104 de
721 2078 873 2116 angustiffi-

83 2117 135 2151 mis
147 2111 242 2138 mundi
252 2110 391 2140 christiani
403 2112 569 2147 dioecciibus,
583 2114 667 2147 finffe,
678 2127 767 2155 neque
781 2128 871 2147 tamen

85 2158 174 2192 minus
191 2152 315 2180 eamdem
333 2151 503 2190 episcopatus
528 2154 643 2183 formam
662 2165 691 2183 in
709 2158 833 2187 omnibus
842 2170 869 2187 ac

84 2190 264 2227 lingulis,1ine
277 2193 333 2220 ulla
347 2194 478 2222 varietate
489 2205 517 2223 ac
526 2194 695 2229 discrimine,
707 2197 851 2228 obtinuisse
863 2220 869 2227 .

81 2229 225 2259 Dioecescs
234 2231 466 2263 suburbicariarum
478 2236 684 2273 provinciarum
695 2258 703 2270 ,
715 2248 774 2276 quae
785 2245 868 2269 Roma

83 2278 210 2314 proxime
219 2273 376 2309 adjacebant
390 2296 398 2307 ‚
421 2277 575 2313 generatim
585 2277 691 2316 exiguae
703 2278 810 2307 filerunt
823 2302 830 2312 ‚
851 2281 869 2309 fi

81 2318 142 2351 cum
157 2322 211 2357 cis,
235 2324 294 2352 quoe
305 2315 418 2343 ulterius
429 2316 462 2344 ad
472 2316 700 2356 septemtrionem
711 2323 739 2347 ἃ
749 2319 869 2349 occasum

48 2364 51 2367 ·
79 2357 111 2383 υἱ
119 2355 273 2391 provinciis
282 2356 393 2386 Italicis
413 2356 468 2386 fitae
481 2368 557 2388 erant
568 2368 760 2398 comparentur
771 2380 778 2388 .
795 2363 870 2391 Nam

362 2484 370 2498 J

948 855 1070 893 respeftu
1079 857 1134 886 alio
1144 856 1292 885 admodum
1303 859 1376 895 larga
1389 879 1395 889 ‚
1415 857 1470 885 alio
1480 866 1570 884 autem
1590 856 1739 884 admodum

947 896 1044 935 exigua
1053 897 1177 926 dioecelis
1189 897 1241 925 fnit
1253 919 1259 924 .
1278 899 1364 937 lpsius
1377 898 1462 926 Urbis
1481 901 1510 933 q&
1519 897 1627 925 numeri
1636 896 1740 924 incola»-

946 947 1006 966 rum
1016 938 1121 967 intuitu
1131 948 1183 966 una
1192 939 1226 966 de
1236 940 1364 967 maximis
1375 937 1537 966 dioecefibus
1548 937 1670 966 univerfi
1683 946 1738 964 tei·-

947 988 1036 1006 rarum
1046 980 1120 1007 orbis
1132 980 1223 1007 vocari
1237 980 1332 1017 potest.
1344 981 1417 1008 Nam
1427 979 1538 1007 Plinius
1553 979 1613 1014 [lib.
1625 989 1651 1016 3.
1665 979 1736 1012 c.5.]

946 1019 980 1047 de
992 1029 1021 1047 ea
1032 1029 1169 1058 tamquam
1190 1020 1302 1049 civitate
1320 1020 1470 1057 Vespasiani
1490 1019 1658 1057 temporibus
1677 1027 1738 1046 om—

945 1060 1022 1088 nium
1032 1061 1062 1088 in
1074 1069 1136 1088 toto
1146 1060 1211 1088 orbe
1222 1059 1424 1099 populolillima
1436 1081 1444 1092 ,
1465 1060 1599 1097 loquitur,
1610 1058 1655 1087 ubi
1665 1068 1736 1086 mo:-

944 1100 990 1128 nia
1000 1103 1056 1136 ejus
1066 1101 1207 1139 collegere
1216 1102 1317 1130 ambitu
1329 1111 1397 1130 xm.
1417 1101 1487 1129 mill.
1499 1099 1616 1137 pastuum
1627 1119 1634 1127 .
1648 1099 1732 1136 Quod

942 1141 1045 1178 Lipsius
1067 1142 1124 1176 [de
1140 1143 1334 1180 magnitudine
1356 1147 1482 1172 Romana
1500 1141 1547 1169 lib.
1561 1143 1614 1179 3.]
1634 1142 1734 1168 Medus

944 1182 996 1216 [in
1007 1181 1173 1219 Apocalyps.
1186 1193 1211 1220 p.
1223 1187 1290 1217 488.
1302 1185 1313 1213 ]
1327 1182 1430 1220 aliique
1440 1182 1474 1210 dc
1485 1181 1549 1210 urbe
1571 1190 1680 1209 tanturn
1689 1181 1734 1208 iu-

942 1233 981 1250 tra
994 1223 1096 1251 moenia
1109 1223 1322 1261 intelligendum
1334 1222 1384 1251 ell‘e
1395 1232 1491 1261 putant
1507 1233 1513 1252 ς
1526 1232 1587 1250 narn
1599 1222 1663 1250 alias
1673 1231 1733 1249 mo-

940 1263 977 1290 do
989 1263 1132 1291 xnmnill.
1146 1263 1262 1300 pastuum
1272 1264 1301 1292 in
1310 1265 1426 1292 circuitu
1439 1262 1656 1300 liabuit,quand0
1665 1273 1730 1300 apo-

937 1305 1067 1341 calypiim
1088 1314 1213 1342 tempore
1232 1308 1392 1332 Domitiani
1421 1304 1595 1342 imperatoris
1625 1302 1731 1341 scriplit

933 1347 1053 1379 joannes
1064 1345 1248 1382 Evlngelista.
1262 1345 1357 1373 Postea
1367 1354 1457 1373 autem
1468 1354 1567 1383 magna
1576 1343 1601 1372 ci
1614 1344 1682 1372 faeta
1691 1344 1731 1372 est

938 1384 1125 1416 accessiomam
1136 1384 1182 1413 sub
1194 1386 1350 1414 Aureliano
1373 1386 1538 1424 imperatore
1554 1386 1674 1421 historici
1685 1390 1729 1413 Va-

932 1427 1000 1462 pzsc.
1013 1431 1024 1460 [
1037 1427 1095 1454 Vit.
1110 1427 1203 1455 Aurei.
1217 1428 1228 1457 ]
1242 1426 1275 1454 dc
1286 1427 1333 1455 illa
1344 1427 1494 1465 loquuntur
1506 1448 1514 1459 ,
1526 1435 1662 1463 tamquam
1673 1436 1730 1454 non

936 1466 1027 1494 minus
1039 1478 1063 1495 L.
1078 1468 1147 1495 mill.
1159 1466 1278 1504 pastuum
1291 1467 1391 1495 ambitu
1400 1466 1448 1495 suo
1462 1467 1662 1504 coinplevttente
1673 1487 1679 1493 .
1693 1469 1727 1494 Et

934 1517 996 1534 ante
1007 1506 1059 1535 hoc
1073 1518 1179 1545 tempus
1192 1519 1248 1536 non
1260 1508 1405 1536 mediocris
1426 1507 1636 1536 christianorum
1655 1507 1726 1534 mul-

933 1548 1092 1576 titudoillic
1105 1548 1173 1576 fuit.
1194 1550 1337 1576 Comelms
1349 1548 1424 1576 enim
1434 1570 1442 1581 ,
1461 1549 1507 1586 qui
1520 1547 1619 1576 saeculo
1642 1548 1726 1575 terrio

932 1588 1026 1617 medio
1038 1588 1111 1617 vixit
1124 1611 1131 1622 ,
1149 1589 1183 1616 de
1193 1589 1371 1627 quadraginta
1382 1587 1427 1616 sex
1439 1588 1604 1627 presbyteris
1619 1593 1630 1622 [
1645 1588 1724 1625 epist.

931 1630 965 1657 ad
976 1629 1035 1657 Fab.
1055 1640 1097 1668 ap.
1117 1628 1208 1658 Euseb.
1229 1630 1274 1657 lib.
1294 1641 1320 1661 7.
1343 1639 1400 1666 cap.
1419 1632 1489 1666 43.]
1513 1628 1636 1667 loquitur
1645 1649 1653 1660 ‚
1675 1628 1725 1666 qui

930 1679 1030 1708 praetcr
1047 1671 1188 1699 Diaconos
1208 1692 1215 1703 ‚
1237 1669 1449 1707 hypodiaconos
1470 1690 1477 1701 ,
1498 1672 1526 1697 δε
1554 1669 1622 1697 alios
1651 1669 1723 1697 infe-

929 1711 1034 1739 riorum
1053 1710 1184 1739 ordinum
1202 1711 1332 1744 clericos,
1351 1711 1385 1739 ad
1404 1710 1543 1739 ecclesiam
1560 1708 1635 1738 suam
1654 1719 1720 1737 tunc

929 1748 1061 1790 temporis
1071 1750 1264 1789 spectaverint.
1277 1756 1313 1780 Et
1325 1752 1384 1790 post
1394 1751 1541 1779 dimidium
1551 1749 1721 1779 circitersz-

927 1793 1019 1820 culum
1029 1792 1087 1830 plus
1097 1802 1177 1830 quam
1187 1792 1364 1831 quadraginta
1374 1792 1495 1820 ecclesias
1507 1792 1536 1820 in
1546 1791 1608 1819 urbe
1621 1791 1668 1818 ista
1680 1791 1720 1820 in-

930 1834 1056 1861 venimus
1066 1853 1073 1860 .
1087 1836 1126 1860 Ex
1139 1843 1194 1870 quo
1205 1843 1265 1861 cum
1276 1833 1383 1861 ratione
1395 1832 1490 1861 inserti
1503 1832 1606 1865 licebit,
1616 1832 1690 1870 quod
1700 1832 1719 1859 li

929 1874 988 1911 plus
999 1873 1176 1912 quadringinta
1192 1874 1313 1903 ccclesias
1332 1883 1395 1902 ante
1413 1873 1539 1901 ultimam
1553 1871 1719 1910 persecutio.

930 1924 992 1942 nem
1004 1920 1089 1944 Roma
1098 1914 1395 1953 habuit,multop1ures
1406 1913 1511 1942 saeculis
1520 1912 1649 1941 insecutis
1659 1922 1719 1940 eam

928 1953 1046 1983 habuisti:
1056 1976 1063 1987 ,
1074 1965 1211 1992 oporteat,
1224 1955 1266 1983 ubi
1279 1964 1337 1982 tota
1346 1955 1404 1982 urbs
1417 1953 1564 1983 christiana
1576 1953 1643 1982 saeta
1653 1953 1716 1981 suit.

929 1996 980 2025 Sed
992 2006 1020 2023 ut
1033 2006 1063 2022 ιιι
1075 2005 1129 2023 tam
1142 1996 1220 2024 vastis
1230 1995 1308 2031 hujus
1317 1995 1438 2023 civitatis
1456 1993 1633 2025 incrementis
1643 1993 1715 2022 dioe-

929 2035 1001 2064 ccscs
1013 2036 1091 2064 valde
1102 2037 1197 2073 ampla:
1211 2037 1286 2063 intus
1298 2036 1405 2064 fuerunt
1416 2057 1424 2067 ‚
1435 2036 1470 2063 ita
1480 2046 1514 2064 ex
1524 2035 1619 2064 eadem
1628 2035 1711 2063 ratio-

930 2087 965 2105 ne
976 2087 1065 2115 parvae
1076 2076 1223 2105 admodum
1234 2087 1310 2104 exim
1322 2075 1396 2104 fast-e
1407 2075 1479 2104 sunt.
1491 2078 1564 2105 Nam
1574 2076 1648 2115 quod
1658 2076 1711 2104 ini-

927 2118 968 2146 tio
980 2117 1151 2145 territorium
1164 2123 1247 2146 Roma
1260 2116 1311 2145 fuit
1321 2138 1330 2149 ,
1341 2116 1369 2144 id
1380 2116 1472 2155 postea
1485 2117 1514 2145 in
1523 2117 1615 2146 urbem
1627 2115 1713 2155 ipsam

927 2169 961 2187 ex
973 2157 1128 2186 incredibili
1138 2157 1212 2185 illius
1221 2157 1394 2185 incremento
1405 2156 1561 2196 absorptum
1580 2158 1691 2187 videtur
1703 2178 1710 2185 .

927 2200 971 2228 Ita
989 2198 1101 2237 quidem
1119 2208 1148 2226 ut
1166 2198 1296 2226 nonnulli
1314 2198 1452 2227 dioecefim
1470 2205 1625 2229 Romanam
1633 2204 1713 2227 Inno-

927 2243 1012 2268 centii
1031 2239 1115 2276 primi
1138 2248 1259 2276 tempore
1278 2239 1365 2267 nullas
1385 2239 1524 2277 parochias
1545 2239 1575 2267 in
1587 2240 1654 2267 vicis
1663 2238 1710 2267 sibi

923 2278 1049 2317 subjectas
1061 2277 1176 2308 habuisti:
1186 2301 1194 2311 ‚
1215 2277 1262 2307 sed
1271 2278 1411 2309 universas
1431 2280 1503 2308 intus
1522 2279 1552 2307 in
1563 2280 1627 2308 urbe
1639 2278 1712 2307 suissi:

925 2320 1088 2349 existiment
1100 2332 1105 2346 :
1127 2320 1190 2357 quia
1199 2320 1228 2347 in
1238 2320 1352 2358 epistola
1369 2319 1415 2348 sua
1424 2321 1459 2349 :td
1468 2326 1635 2350 Decentium
1645 2319 1712 2357 Epi·

923 2360 1035 2401 scopum
1045 2361 1224 2399 Eugubc'num
1237 2362 1406 2396 [Innocent.
1418 2361 1496 2400 epist.
1514 2372 1536 2389 1.
1549 2361 1582 2390 ad
1592 2361 1711 2391 Decem.

1611 2410 1635 2428 c.
1649 2412 1674 2438 5.
