1866 2526
692 53 747 82 ex
778 35 908 81 Libro
937 37 1120 80 Levitici
1135 67 1144 79 .

108 114 215 137 mann:
226 101 302 134 fuiss'e
312 101 484 132 immutatum
495 95 628 127 fractione
636 99 717 128 molae
727 118 736 131 ,
745 99 774 126 δι
782 96 920 132 εοᾶἱοηε,

112 157 143 175 ut
152 146 224 175 clare
233 153 306 183 patet
314 152 351 172 ex
362 142 450 171 verbis
461 139 540 179 ipsius
553 138 700 172 textus;ita
711 135 818 168 sensere
826 146 919 177 quam-

115 185 230 226 plurimi
237 184 354 214 Rabbini
363 203 371 211 .
382 180 490 212 Possiim
500 181 584 210 etiam
596 179 695 208 addere
704 179 734 208 id
744 200 752 212 ,
762 179 838 217 quod
849 177 918 217 legi-

115 228 199 262 tur-,ia
215 225 289 254 libro
297 223 400 254 Midras
410 245 418 257 ,
436 226 534 262 nempe
546 241 554 254 ‚
575 218 638 249 Viri
657 219 722 256 justi
738 218 917 264 comedebant

113 276 209 297 manna
221 267 301 304 quale
309 264 420 293 coeiitus
428 262 571 293 demiss‘um
580 262 668 290 iuerat
679 271 687 292 5
710 261 759 289 alii
769 269 836 290 vero
844 259 916 303 gul?

110 305 202 336 dediti
212 307 354 335 vertebant
364 314 464 334 manna
475 305 505 333 in
517 303 654 342 placentas
665 322 672 334 ,
686 311 747 340 quae
759 310 816 330 non
824 310 916 329 conti-

111 348 211 376 nebant
223 346 313 375 mellis
323 345 501 374 dulcedinem
511 365 520 378 ,
531 342 578 372 sed
587 341 644 371 olei
653 340 779 380 saporem
793 361 801 370 .

1648 54 1673 91 7
1676 54 1728 96 43

973 94 1126 125 habitideni
1136 117 1144 128 ‚
1154 97 1182 124 Gt
1189 92 1243 125 alia
1253 94 1378 133 exempla
1387 115 1395 124 .
1405 94 1513 124 Contra
1526 104 1591 126 veto
1600 97 1779 136 reprehendi-

972 146 1017 165 tur
1027 135 1160 165 Salomon
1169 156 1179 169 ,
1199 146 1233 164 eo
1245 135 1321 174 quod
1328 136 1456 164 mulieres
1467 135 1593 166 infideles
1603 138 1714 168 duxerit
1731 138 1782 168 fibi

973 187 1082 207 uxores.
1093 178 1156 207 Nec
1167 176 1253 206 obstat
1265 197 1274 209 ‚
1283 175 1304 206 fi
1314 175 1447 216 Sampson
1458 175 1626 206 Philistaeam
1635 179 1780 210 infidelem

971 218 1105 257 acceperit
1117 239 1125 252 ‚
1145 220 1172 246 ἀ
1182 217 1281 247 Esther
1291 227 1353 246 cum
1362 217 1477 247 Assuero
1487 219 1694 249 matrimonium
1711 231 1780 249 con-

971 259 1105 287 traxerit.
1122 260 1199 290 Nam
1211 258 1241 286 id
1254 258 1385 296 peculiari
1394 257 1450 288 Dei
1459 257 1661 297 dispensatione
1679 262 1780 290 laetum

971 298 1009 327 est
1019 320 1027 333 ,
1038 298 1180 338 quietiam
1191 298 1344 337 periculum
1354 298 1589 336 prevaricationis
1599 301 1781 334 avertebam<

972 349 1103 380 magnum
1113 339 1179 369 inde
1189 341 1291 369 bonum
1301 338 1426 368 eliciebat
1439 359 1447 367 .

69 387 141 426 cap.
154 399 198 416 20.
211 397 238 415 v,
251 396 276 423 5.
299 393 311 422 [
323 386 445 416 vniam
455 384 634 428 iniquitatem
647 391 753 420 patrum
763 383 791 411 in
803 381 876 410 filios
886 380 916 409 in
930 380 1002 419 Cap.
1012 391 1059 419 3⁷-
1072 391 1098 409 v.
1114 391 1136 409 i.
1157 386 1171 416 [
1190 379 1266 410 Fecit
1273 388 1362 408 arcam
1373 378 1519 408 habentem
1529 380 1597 410 duos
1607 380 1780 411 semicubitos

112 428 221 456 tertiam
230 449 239 461 ‚
248 431 277 457 δι
287 436 411 466 quartam
420 433 630 465 generationem
640 442 647 450 .
658 424 670 454 ]
684 422 865 452 Contrarium
876 421 915 450 as-

110 468 208 497 seritur
219 468 250 497 ab
259 467 408 498 Ezechiele
419 489 426 501 ‚
436 477 494 506 cap.
510 471 553 495 18.
564 475 591 493 v.
603 475 648 493 20.
661 469 673 499 [
687 464 771 507 Filius
781 473 840 492 non
851 472 914 501 por-

112 509 179 538 tabit
191 509 368 547 iniquitatem
388 508 471 547 patris
481 509 499 539 1
513 504 680 545 Respondeo
688 525 698 537 ,
718 513 820 543 primus
840 504 914 532 locus

109 550 310 589 intelligendus
319 549 359 578 est
366 548 558 578 conditionate
567 568 576 580 ,
594 546 726 574 nimirum
734 566 743 578 ‚
756 545 776 574 fi
787 543 839 572 filii
851 544 913 572 imi-

111 600 204 619 tentur
216 599 324 629 peccata
333 589 495 622 Patrum‚ita
505 588 623 617 Hieron.
635 586 665 614 in
675 585 777 615 Ezech.
791 596 800 614 i
809 588 911 624 8.Aug.

111 631 141 660 in
149 631 242 669 quaest.
254 631 396 664 veteris,ac
407 629 476 659 novi
488 627 654 660 testamenti,
664 637 721 665 cap.
730 637 737 654 i
746 628 861 664 4.Gi·eg.
869 637 878 654 i
888 635 912 660 5.

111 673 183 700 Mor.
192 681 250 710 cap,
261 683 308 701 ιι.
319 670 423 706 Chi-ys.
435 670 465 698 in
475 668 574 699 Psalm.
585 672 631 703 48.
641 667 750 696 Tlieod.
761 667 855 705 quaest.
867 676 913 703 40.

970 422 1001 450 in
1009 421 1192 461 longitudine
1203 442 1209 449 .
1223 423 1236 453 1
1255 419 1358 456 Quibus
1369 419 1456 448 verbis
1465 421 1619 459 opponitur
1628 422 1696 451 alius
1707 431 1781 452 text.

970 463 1060 491 Exod.
1073 474 1087 491 2
1095 472 1119 498 5.
1131 473 1159 490 ν.
1175 473 1218 491 ιο.
1231 464 1243 494 ]
1254 464 1356 491 Arcam
1364 459 1538 500 compingite
1549 482 1558 494 ‚
1568 464 1643 496 cujus
1654 464 1781 503 longitu-

970 503 1007 531 do
1019 502 1113 532 habeat
1125 503 1194 532 duos
1203 524 1212 536 ‚
1234 505 1263 532 ὅ(
1275 500 1357 530 semis
1367 501 1474 530 cubitos
1483 521 1491 530 .
1510 503 1524 534 J
1539 501 1708 540 Respondet,
1720 524 1730 540 ‚
1741 503 1782 532 fa-

970 543 1030 572 cilis
1041 544 1078 573 est
1091 543 1193 573 solutio
1205 555 1213 576 ς
1233 552 1297 572 nam
1307 544 1337 571 in
1358 542 1449 580 primo
1468 551 1538 571 text.
1558 541 1780 581 subintelligitur

972 585 1104 622 particula
1114 584 1150 619 ἀ·
1159 606 1166 617 ,
1187 583 1336 613 dicendum
1345 582 1422 611 enim
1431 582 1487 610 est:
1508 583 1612 617 [Duos
1621 605 1631 618 ,
1649 587 1679 613 &
1698 583 1779 613 semis

971 626 1076 654 cubitos
1088 646 1095 653 .
1113 627 1125 656 ]
1139 626 1182 654 Ita
1191 625 1272 654 etiam
1283 624 1354 664 legit
1366 623 1450 652 Arab.
1461 632 1531 652 text.
1544 623 1657 654 dicens:
1677 625 1780 661 [Duos

969 665 1074 695 cubitos
1085 676 1146 695 cum
1156 666 1276 694 dimidio
1284 685 1292 693 .

112 711 143 740 in
153 712 242 741 Exod.
252 713 278 741 S.
286 711 386 741 Thom.
402 722 424 739 i.
437 722 463 739 ε..
473 710 565 748 quaest.
578 713 623 741 87.
635 718 684 736 art.
699 713 723 737 8.
735 708 857 736 Eandem
866 717 915 736 ex·
931 707 1000 745 Cap.
1012 717 1059 744 37.
1070 717 1097 735 v.
1114 718 1123 735 1
1131 719 1156 742 4.
1169 707 1301 742 [Contra
1309 715 1443 735 coronam
1453 706 1483 738 .]
1504 704 1595 735 Exodi
1612 716 1681 735 vero
1691 717 1706 735 2
1714 715 1739 742 ς.
1750 715 1779 734 ν.

110 751 435 791 pofitionemsequuntur
448 750 530 779 multi
539 749 658 779 Rabbini
669 771 676 782 ,
700 758 818 787 quorum
829 748 914 787 aliqui

110 792 215 821 addunt
227 813 234 824 ‚
246 792 321 830 quod
333 793 362 820 in
375 791 428 820 hoc
438 791 527 829 capite
538 788 673 827 Propheta
687 788 813 827 prohibet
825 788 854 817 in
864 788 913 817 hu-

106 842 188 861 mano
207 833 311 869 judicio
327 832 504 870 punitionem
515 831 635 860 filiorum
643 830 678 858 ob
691 840 834 869 parentum
843 830 913 858 deli-

109 874 167 909 ἂαρ
178 883 205 901 at
218 874 294 902 Deus
303 894 312 906 ,
325 873 373 911 qui
384 873 469 901 novit
477 870 632 901 abscondita
643 870 733 899 cordis
743 893 751 904 ‚
763 870 914 909 aliquando

70 942 74 944 ,
106 914 220 952 castigat
229 912 317 942 filium
326 913 455 944 aemulum
465 922 585 952 paternae
597 911 751 950 pravitatis
763 911 801 940 ita
811 914 847 941 R.
858 912 914 940 Da-

105 955 156 982 vid
167 953 276 983 Kiuichi
287 973 294 982 .
391 972 394 976 ,
477 965 485 972 ·

67 994 138 1034 Cap.
150 1007 165 1024 2
173 1005 197 1031 5.
211 1005 237 1024 ν.
255 1004 300 1030 ις.
314 995 395 1032 [Qui
405 994 513 1034 semper
522 1003 602 1023 erunt
614 993 643 1022 in
652 993 761 1022 circulis
770 1015 778 1026 ‚
804 1004 854 1023 nec
862 1003 901 1022 un

107 1046 188 1074 quam
199 1035 380 1065 extrahentur
390 1037 421 1065 ab
431 1037 469 1065 eis
479 1039 491 1068 ]
503 1035 627 1074 loquitur
639 1044 730 1063 textus
738 1034 773 1062 de
783 1034 912 1067 veffibus,

107 1077 158 1115 qui
176 1075 283 1115 semper
292 1087 369 1106 erant
380 1078 489 1106 annulis
499 1076 576 1106 affixi
587 1097 596 1108 ,
615 1086 664 1104 nec
675 1085 792 1113 unquam
802 1084 911 1104 amove-

87 1135 92 1140 ·
107 1118 220 1148 bannim
236 1121 264 1146 ὁ(
276 1127 368 1146 tamen
379 1118 550 1146 contrarium
560 1115 681 1146 asseritur
690 1137 699 1149 ,
719 1126 777 1154 cap.
789 1128 817 1151 4.
828 1117 912 1146 Num.

108 1168 134 1185 v.
149 1165 175 1187 6.
187 1163 199 1192 [
213 1159 429 1197 Extendentque
439 1157 555 1196 desuper
565 1157 680 1196 pallium
700 1166 791 1185 totum
800 1156 912 1192 hyacin-

107 1197 220 1227 thinum
229 1220 239 1232 ‚
259 1202 287 1227 δ(
297 1199 427 1228 inducent
441 1200 532 1228 vectes
543 1219 550 1226 .
562 1200 574 1229 ]
585 1198 677 1236 Igitur
686 1197 791 1226 Levitae
803 1197 912 1235 quando

105 1237 278 1268 sublevabant
297 1249 384 1268 arcam
395 1240 566 1278 apponebant
575 1239 610 1267 de
630 1248 706 1267 novo
718 1239 807 1266 vestes
818 1258 826 1265 .
844 1237 912 1267 Res-

975 755 1021 776 26.
1035 753 1046 782 [
1059 748 1157 777 Subter
1165 757 1297 776 coronam
1306 767 1313 775 .
1324 749 1337 779 ]
1348 746 1518 786 Respondeo
1529 746 1604 775 'idem
1613 745 1664 775 ess'c
1673 746 1727 775 hoc
1747 746 1779 774 in

972 788 1036 817 loco
1048 798 1143 817 contra
1155 810 1162 821 ,
1182 799 1210 817 ac
1217 789 1334 826 [κότος
1354 798 1417 817 nam
1430 788 1542 817 verbum
1551 787 1663 817 Leomod
1673 786 1778 827 fignifi-

971 839 1014 858 cat
1022 839 1085 868 apte
1093 852 1101 863 ,
1114 839 1144 858 ut
1153 840 1212 858 non
1221 828 1335 858 excedat
1344 849 1352 857 .

1121 913 1189 941 EX
1230 910 1602 959 LEVITICQ-

902 1009 913 1013 -
930 992 1018 1022 CAP.
1037 1000 1079 1023 16.
1091 1003 1118 1022 v.
1133 1004 1180 1029 29.
1197 998 1214 1028 s
1223 993 1318 1022 Mense
1326 991 1447 1032 septimo
1458 992 1564 1022 decima
1573 991 1620 1022 die
1631 991 1730 1022 meniis
1739 991 1783 1021 af-

969 1034 1074 1073 fligetis
1083 1034 1184 1063 animas
1194 1034 1310 1063 vestras.
1333 1037 1345 1066 ]
1369 1033 1444 1062 Huic
1454 1044 1594 1073 praecepto
1612 1032 1781 1062 contradicit

970 1075 1044 1104 aliud
1053 1077 1083 1104 in
1092 1085 1149 1113 cap.
1161 1085 1206 1113 23.
1218 1084 1244 1103 v.
1257 1085 1271 1113 3
1280 1087 1305 1104 z..
1329 1080 1341 1110 [
1354 1075 1497 1113 Affligetis
1508 1077 1612 1104 animas
1621 1074 1721 1104 vestras
1731 1073 1779 1102 die

970 1126 1047 1144 nono
1072 1115 1170 1145 meniis
1181 1136 1189 1143 .
1208 1117 1220 1147 ]
1232 1114 1401 1154 Respondeo
1412 1137 1419 1148 ,
1441 1115 1486 1144 hic
1499 1125 1591 1145 textus
1609 1114 1732 1154 loquitur
1742 1114 1777 1142 de

970 1156 1110 1195 principio
1119 1156 1219 1193 jejunii
1231 1178 1238 1189 ,
1249 1157 1323 1195 quod
1334 1156 1482 1195 incipiebat
1494 1167 1507 1185 a
1520 1155 1648 1195 Vcsperis
1658 1155 1715 1184 diei
1725 1165 1779 1187 ιιοε

969 1198 1000 1225 ni
1011 1219 1019 1230 ‚
1041 1201 1069 1227 δ(
1081 1196 1290 1236 protrahebatur
1305 1196 1388 1236 usque
1409 1197 1443 1226 ad
1462 1195 1597 1237 Vesperas
1614 1196 1672 1225 diei
1701 1195 1778 1225 deci-

970 1238 1010 1267 mi
1022 1259 1030 1272 ,
1052 1249 1082 1267 ut
1091 1238 1200 1267 additur
1209 1238 1246 1267 ibi
1257 1249 1264 1266 .·
1277 1240 1289 1270 ]
1304 1242 1327 1268 Α
1342 1237 1461 1276 Vespera
1472 1237 1556 1277 usque
1566 1238 1599 1267 ad
1609 1235 1757 1276 Vesperam
1769 1257 1777 1266 .

105 1279 218 1317 pendeo
228 1301 236 1312 ,
255 1280 361 1309 Levitae
373 1281 537 1309 inducebant
547 1279 637 1308 vestes
646 1300 654 1312 ‚
676 1277 746 1307 idest
755 1298 765 1314 ,
784 1279 913 1317 aptabant
930 1280 1000 1317 Cap.
1016 1291 1060 1312 ¹7·
1074 1290 1100 1307 v.
1113 1290 1139 1317 3.
1151 1285 1163 1314 [
1175 1279 1200 1308 Si
1212 1278 1346 1308 occiderit
1356 1279 1458 1309 bovem
1469 1301 1476 1312 ,
1496 1288 1542 1307 aut
1551 1288 1634 1308 ovem
1647 1299 1655 1311 ,
1665 1278 1722 1307 five
1734 1288 1778 1306 ca-

106 1320 169 1348 illos
178 1330 230 1358 pro
240 1321 322 1349 libitu
332 1342 341 1354 ‚
363 1322 400 1349 ita
411 1330 503 1350 tamen
514 1343 522 1354 ‚
541 1329 571 1348 ut
588 1330 646 1348 non
655 1329 810 1348 eximerent
827 1330 872 1348 eos
883 1320 914 1348 ab
971 1331 1046 1359 pram
1057 1321 1084 1349 in
1095 1320 1188 1349 castris
1198 1341 1206 1352 ,
1227 1319 1270 1349 vel
1282 1330 1360 1348 extra
1369 1320 1452 1349 castra
1466 1341 1475 1352 ,
1493 1323 1520 1349 ὅ(
1533 1331 1590 1349 non
1600 1318 1733 1348 obtulerit
1743 1318 1776 1347 ad

105 1361 211 1389 annulis
221 1383 230 1394 ‚
249 1370 278 1389 ut
291 1362 410 1400 explicat
423 1364 459 1392 R.
471 1359 582 1396 Moyses
591 1359 780 1390 Gerundenfis
791 1381 798 1392 ,
816 1361 859 1388 ciii
873 1359 912 1388 as-

106 1400 226 1429 sentitur
237 1400 348 1431 &Isaac
357 1401 630 1430 Abravanellus.Alii
643 1410 710 1429 vero
719 1399 834 1429 afferunt
847 1399 910 1429 suis-

107 1439 134 1468 sc
146 1451 263 1479 quatuor
273 1441 363 1469 vestes
377 1441 408 1469 in
419 1451 479 1470 arca
488 1462 496 1474 ‚
507 1450 625 1479 quorum
635 1441 690 1469 duo
699 1439 808 1479 semper
816 1441 911 1470 inserti

108 1481 250 1509 manebant
261 1482 368 1510 annulis
379 1503 386 1514 ‚
397 1482 452 1510 duo
462 1492 529 1511 vero
539 1480 764 1520 supponebantur
772 1492 787 1509 a
795 1482 912 1516 Levitis,

106 1522 218 1560 quando
228 1532 286 1550 arca
295 1522 419 1551 tollenda
430 1532 496 1552 erat.
507 1522 568 1551 Alii
579 1523 699 1561 denique
709 1522 827 1552 Rabbini
837 1526 912 1559 ajunt

107 1563 197 1590 vec'tes
223 1561 340 1591 sublatos
359 1563 393 1591 ad
420 1563 570 1602 aptandum
599 1564 713 1601 pallium
723 1584 732 1596 ,
764 1567 792 1592 &
811 1573 911 1603 coope-

106 1603 230 1632 riendam
253 1613 340 1631 totam
362 1614 448 1632 arcam
464 1615 472 1636 ς
495 1603 569 1642 quod
581 1614 637 1632 non
647 1614 704 1633 erat
724 1602 892 1642 prohibitum
903 1626 911 1633 .

67 1645 139 1682 Cap.
151 1653 198 1682 33.
209 1654 236 1672 v.
253 1654 296 1672 ii.
308 1644 454 1680 [Minister
461 1648 516 1680 ejus
526 1643 609 1682 Josue
617 1644 690 1673 filius
700 1646 769 1674 Nun
778 1654 844 1683 puer
855 1656 912 1674 non

106 1684 248 1713 recedebat
259 1685 293 1713 de
305 1685 498 1714 tabernaculo:
512 1688 524 1716 ]
537 1688 571 1713 Et
583 1694 674 1714 tamen
683 1695 714 1714 ut
721 1686 867 1724 colligitur
878 1697 911 1715 ex

105 1735 165 1764 cap.
179 1735 223 1757 17.
234 1726 322 1754 Exod.
334 1736 360 1753 v.
372 1737 399 1761 9.
412 1725 495 1764 Josue
503 1729 558 1760 jam
569 1735 634 1754 tunc
645 1726 740 1764 agebat
749 1736 851 1755 annum
865 1737 910 1765 53.

105 1775 216 1804 eratque
227 1766 356 1805 magister
366 1767 474 1796 militiae
488 1788 495 1799 ,
514 1766 654 1805 quomodo
671 1777 738 1805 ergo
749 1776 806 1795 erat
824 1772 911 1805 puer?

969 1361 1067 1390 ostium
1088 1360 1254 1390 tabernaculi
1272 1361 1440 1390 oblationem
1459 1360 1587 1390 Domino
1600 1382 1607 1393 ,
1635 1357 1777 1398 sanguinis

971 1413 1030 1430 reus
1041 1402 1104 1430 erit:
1116 1404 1128 1433 ]
1140 1402 1277 1440 Loquitur
1287 1412 1379 1430 textus
1391 1403 1426 1431 de
1435 1401 1575 1431 occilione
1585 1400 1668 1433 sacra,
1678 1409 1777 1438 nempe

968 1443 1002 1471 de
1011 1441 1145 1471 sacrificio
1155 1464 1162 1475 ,
1175 1452 1234 1480 (με
1246 1454 1303 1471 non
1313 1452 1421 1481 poterat
1431 1441 1491 1472 fieri
1500 1463 1508 1474 ‚
1530 1441 1580 1470 nisi
1593 1442 1622 1470 in
1631 1440 1705 1469 atrio
1713 1452 1726 1474 ,-
1747 1443 1777 1469 δε

970 1493 1061 1512 tamen
1072 1492 1167 1512 contra
1178 1483 1231 1511 hoc
1241 1483 1297 1512 Dei
1307 1493 1477 1522 praeceptum
1487 1482 1593 1511 Samuel
1610 1480 1777 1511 sacrificavit

968 1524 999 1552 in
1008 1523 1121 1562 Maspha
1133 1546 1141 1558 ‚
1157 1526 1258 1563 1.Reg.
1270 1536 1298 1557 7.
1311 1535 1368 1562 v.9.
1379 1525 1450 1553 Elias
1462 1524 1492 1552 in
1502 1532 1599 1552 monte
1610 1521 1777 1558 Carmeli,3.

969 1567 1040 1604 Reg.
1056 1577 1064 1593 i
1074 1569 1097 1593 8.
1109 1576 1136 1594 v.
1149 1576 1195 1604 33.
1210 1565 1398 1604 Respondeo‚
1417 1564 1572 1594 ceflantibus
1588 1563 1670 1592 causis
1680 1561 1777 1601 prohi-

967 1605 1080 1634 bitionis
1091 1627 1099 1639 ‚
1111 1615 1140 1634 ut
1151 1606 1190 1635 ait
1198 1606 1224 1634 S.
1235 1609 1309 1645 Aug.
1321 1616 1367 1646 qu.
1380 1612 1426 1642 56.
1436 1607 1466 1634 in
1476 1607 1544 1634 Lev.
1557 1603 1634 1633 ceflat
1644 1602 1700 1642 ipsa
1710 1613 1775 1641 pro-

971 1645 1073 1675 hibitio
1082 1667 1089 1674 .
1099 1645 1196 1676 Causae
1207 1656 1297 1675 autem
1306 1647 1349 1676 hae
1361 1657 1455 1676 erant.
1466 1648 1557 1675 Prima
1569 1666 1577 1679 ,
1588 1655 1624 1673 ne
1633 1645 1715 1673 laicus
1725 1643 1776 1672 ali-

969 1688 1029 1726 quis
1037 1685 1207 1716 sacrificandi
1217 1697 1314 1717 munus
1325 1688 1371 1717 fibi
1379 1685 1701 1726 arrogaret-Secunda‚ne
1710 1683 1777 1713 Ido-

969 1727 1089 1756 lolatriae
1108 1737 1218 1767 pateret
1239 1729 1284 1758 via
1300 1728 1480 1757 sacrificando
1501 1727 1532 1756 in
1558 1727 1669 1756 excelsis
1696 1735 1774 1754 more

971 1769 1111 1797 Gentium
1120 1789 1129 1797 .

106 1804 274 1848 Respondco
284 1828 292 1840 ,
320 1817 387 1844 puer
412 1807 547 1847 fignificat
562 1809 708 1842 juvenem:
737 1810 911 1843 juventutem
928 1810 999 1847 Cap.
1012 1821 1058 1838 22.
1070 1819 1148 1844 v.25.
1162 1811 1223 1844 [De
1234 1820 1316 1839 manu
1324 1809 1487 1848 alienigenae
1497 1819 1555 1838 non
1564 1806 1683 1838 offeretis
1692 1817 1775 1846 panes

105 1855 181 1874 enim
191 1845 224 1874 ad
233 1855 280 1882 45.
293 1858 394 1876 annum
406 1847 533 1887 producit
546 1849 636 1876 varro
645 1869 653 1881 ‚
662 1852 690 1876 δε
700 1848 732 1876 ad
742 1854 790 1882 46.
801 1848 910 1878 Servius

105 1886 210 1915 Tullius
221 1908 228 1919 ,
241 1887 376 1926 praecipuc
385 1898 450 1917 tunc
459 1888 590 1927 temporis
600 1910 608 1921 ,
618 1889 728 1928 quando
737 1886 857 1918 hominis
869 1890 909 1918 vi-

105 1937 131 1955 ta
140 1928 301 1966 productior
311 1938 367 1957 erat
377 1948 384 1956 .
398 1930 449 1958 Vel
461 1939 526 1967 puer
538 1929 672 1968 fignificat
682 1929 807 1958 caelibem
817 1951 824 1962 ,
835 1930 908 1968 quia,

106 1978 135 1996 ut
146 1968 242 2006 probat
252 1969 368 1998 Serarius
378 1990 386 2003 ,
407 1969 491 2009 Josue
501 1979 648 2009 numquam
660 1970 835 1999 matrimonii
843 1971 908 2000 vin·

102 2009 170 2038 culis
182 2009 232 2037 iuit
241 2010 363 2040 irretitus
373 2031 382 2039 .

64 2048 134 2087 Cap.
145 2059 159 2087 3
166 2059 223 2084 4.v.
241 2061 250 2078 i
260 2061 285 2087 5.
297 2053 357 2086 [Ne
366 2051 440 2081 ineas
449 2051 557 2090 paetum
566 2062 627 2081 cum
634 2052 792 2082 hominibus
801 2052 907 2082 illarum

104 2091 251 2128 regionum
260 2102 267 2119 ι
281 2094 294 2123 ]
305 2092 381 2121 Dein
393 2103 420 2122 v.
435 2099 479 2122 16.
491 2098 504 2128 [
513 2094 573 2122 Nec
582 2104 696 2122 uxorem
705 2094 740 2123 de
750 2093 852 2123 filiabus
861 2104 908 2123 eo—

104 2140 164 2159 rum
177 2132 291 2170 recipies
302 2135 314 2164 ]
334 2133 408 2163 Huic
418 2133 475 2173 legi
484 2134 652 2164 contradicit
661 2134 715 2163 alia
723 2135 807 2163 Deut.
820 2147 834 2164 2
844 2145 867 2163 i.
877 2145 905 2163 v.

106 2183 115 2199 i
128 2182 149 2199 i.
159 2171 203 2200 ubi
215 2174 388 2211 permittitur
396 2174 496 2204 ducere
506 2174 553 2203 fibi
563 2184 677 2203 uxorem
697 2175 734 2206 de
751 2175 908 2204 mulieribus

103 2212 134 2239 in
143 2212 215 2240 bello
224 2215 307 2252 capiis
317 2236 328 2243 .
345 2214 512 2254 Respondeo
521 2236 530 2248 ,
550 2215 599 2244 ista
609 2214 762 2254 prohibitio
773 2216 908 2255 intelligi-

968 1851 1033 1879 Deo
1045 1851 1145 1883 vestro,
1157 1853 1185 1879 δι
1195 1851 1332 1889 quidquid
1342 1850 1417 1880 aliud
1425 1851 1490 1879 dare
1500 1850 1631 1879 voluerit.
1641 1849 1652 1879 ]
1662 1850 1774 1878 Contra

967 1889 1022 1919 hoc
1032 1891 1086 1919 Dei
1098 1901 1265 1929 praeceptum
1277 1894 1338 1920 Rex
1348 1890 1448 1920 Darius
1461 1889 1610 1919 1.Esd.6r.&
1618 1890 1775 1918 Seleucusz.

968 1931 1074 1969 Mach.3
1081 1952 1088 1958 .
1097 1932 1228 1960 dicuntur
1236 1930 1395 1960 ministrasse
1407 1929 1530 1969 sumptus
1539 1931 1572 1959 ad
1583 1929 1713 1960 sacrificia
1721 1941 1771 1959 ne·

966 1970 1268 2011 cessarios.Respondeo
1276 1981 1444 2011 pracceptum
1454 1971 1508 2000 hoc
1517 1970 1644 2010 prohibet
1653 1971 1774 2000 oblatio-

967 2022 1030 2040 nem
1048 2013 1231 2042 immediatam
1244 2035 1251 2045 ,
1272 2023 1333 2041 nam
1351 2013 1449 2041 licebat
1467 2013 1591 2051 accipere
1607 2012 1734 2050 pecunias
1755 2024 1771 2041 a

964 2054 1122 2082 Gentilibus
1132 2054 1164 2082 ad
1173 2054 1299 2082 emendas
1310 2053 1434 2082 victimas
1442 2052 1527 2082 etiam
1537 2062 1588 2092 pro
1598 2051 1661 2092 ipsis
1670 2053 1773 2083 Genti-

963 2094 1032 2122 libus
1041 2093 1191 2124 offerendas
1199 2095 1231 2123 in
1239 2095 1346 2133 templo
1354 2114 1363 2122 .

1026 2177 1082 2205 EX
1113 2176 1271 2206 LIBRO
1301 2175 1669 2219 NUMERORUM.

102 2263 165 2285 tur,
187 2255 325 2291 quamdiu
344 2265 415 2284 uxot
431 2254 611 2294 permanserit
627 2265 656 2284 in
667 2255 713 2284 sua
724 2256 906 2290 infidelitate,
922 2256 1009 2287 CAP.
1024 2267 1050 2295 3.
1063 2268 1089 2286 v.
1102 2267 1149 2293 25.
1169 2257 1338 2293 [Habebunt
1348 2257 1471 2287 excubias
1481 2257 1510 2286 in
1522 2256 1694 2285 tabernaculo
1715 2255 1768 2285 soe-

101 2303 163 2322 cum
173 2293 206 2322 fit
216 2295 367 2332 periculum
379 2296 523 2325 avertendi
531 2306 579 2325 cor
590 2295 655 2325 Viri
663 2297 697 2325 ad
711 2298 785 2325 Deos
795 2297 906 2326 alienos:

100 2334 175 2363 secus
183 2344 274 2364 autern
282 2336 303 2365 fi
310 2336 344 2365 ad
353 2335 494 2375 Judaicam
504 2336 672 2376 religionem
692 2337 828 2366 transierit
840 2349 849 2369 ς
871 2338 906 2368 fic

963 2297 1036 2326 deris
1048 2319 1054 2326 .
1081 2299 1242 2337 ]I.oquitut·
1249 2299 1284 2328 de
1296 2299 1401 2328 Levitis
1413 2309 1421 2329 5
1442 2301 1470 2326 δε
1490 2307 1580 2327 tamen
1590 2297 1680 2332 Exod.
1700 2309 1727 2332 4.
1738 2301 1768 2327 δε

967 2339 1033 2368 alibi
1045 2338 1111 2368 solis
1130 2339 1316 2369 Sacerdotibus
1333 2338 1497 2379 affignatuin
1515 2339 1553 2367 est
1567 2347 1663 2367 munus
1681 2338 1772 2366 custo-

101 2375 216 2407 salmon
233 2376 315 2407 duxit
327 2377 501 2409 meretricem
509 2378 606 2409 Rahab
613 2398 624 2412 ,
643 2378 679 2408 fic
688 2380 767 2409 Booz
776 2380 836 2410 Riit
845 2380 908 2409 Mo·
967 2379 1064 2411 diendi
1075 2380 1276 2411 tabernaculum
1285 2402 1294 2416 ,
1304 2380 1428 2419 illudque
1438 2379 1616 2420 ingrediendi
1624 2400 1634 2410 0
1644 2377 1775 2417 Respon-

1368 2424 1444 2452 Aaa
1486 2432 1505 2457 4
1677 2419 1731 2450 deo
