1866 2526
452 49 553 94 SA

84 129 89 135 ·
99 112 172 144 set-:it
182 134 190 142 .
201 112 240 148 τΙΙι
251 108 367 150 Insuper
374 108 534 139 sacellarius
544 117 602 138 erat
609 105 694 138 etiam
704 109 782 139 Aul:
793 107 896 139 Princi·

106 164 174 194 pum
183 151 318 183 secularis
327 149 464 180 officialis:
476 156 489 186 [
501 151 577 180 Sicut
589 149 618 178 in
627 152 770 180 Ravennae
781 151 900 190 partibus

104 195 292 226 Domitiorum
309 191 396 230 pietas
413 191 484 230 apud
502 191 623 230 primum
639 191 792 220 exercitum
811 192 900 221 Italiae

103 231 369 266 Saoelhriumliabet
379 253 388 265 ‚
397 233 444 271 qui
451 232 536 261 caulis
542 229 800 269 supervenientibus
807 231 900 272 quoti-

103 277 195 306 dimas
204 272 335 313 expensas
345 272 419 303 facin
432 274 467 310 ita
476 277 503 302 δε
514 273 545 300 in
555 271 605 300 hac
616 272 697 302 Urbe
709 272 738 301 in
747 273 828 302 causis
838 272 900 301 tali-

103 318 150 346 bus
157 325 255 345 eorum
273 314 431 344 sacellarius
441 324 495 353 ego
505 312 563 342 sum
573 333 582 341 .
603 314 642 342 D.
653 315 740 352 Greg.
753 313 783 342 in
791 312 898 353 Regist.

101 358 150 387 lib.
161 369 188 393 4.
201 367 224 384 c.
238 368 255 389 7
262 361 286 385 8.
301 359 313 388 ]
335 354 579 384 patriarchae-item
588 354 682 384 Graeci
691 352 752 382 suos
761 355 844 383 etiam
853 355 900 383 Sa·

91 398 225 427 -eellarios
235 397 378 428 hebebant,
388 395 462 434 quod
471 395 594 423 officium
604 396 810 432 computabatur
820 397 851 424 in
860 393 899 424 se-

91 438 264 468 .cund010c0
275 438 358 477 primi
367 435 499 465 clericalis
506 435 733 474 ordinis,{illique
742 435 898 474 disciplinae

100 479 260 518 vigilantia,
271 477 500 507 Monasteriorum
509 476 695 509 observantia,
705 485 732 504 ac
742 476 900 505 reddituum

99 530 163 549 cura
181 520 371 549 incumbebam
392 527 450 547 erat
461 526 553 547 tamen
567 516 726 546 distinftum
744 514 776 545 :ib
785 517 880 545 officio
893 539 899 550 ‚

100 561 177 600 quod
197 561 326 597 Asacello
344 568 517 598 nuncupatur
528 569 536 590 5
557 567 621 586 nam
632 556 696 585 huic
704 566 762 585 crat
780 567 841 586 cura
849 559 898 586 Pa-

102 600 290 630 triarclialium
301 609 446 632 carcerum,
454 603 484 628 &
494 598 660 628 Martialium
669 596 795 626 clausum
805 618 813 626 .
825 598 899 627 Vide

101 643 218 671 sacella.
229 642 287 679 Qui
294 640 426 670 officialis
435 641 518 668 etiarn
527 642 674 668 Suc-curius
684 638 832 667 dicebatur.
842 640 899 668 PR.

103 681 207 712 sortasse
215 692 230 710 a
237 687 337 711 Saccar
347 681 465 710 Arabico
476 680 617 712 vocabule,
627 679 703 718 quod
711 679 857 708 obcludere
866 679 898 708 fi-

99 723 223 762 gnificat,
233 725 260 751 δε
273 721 421 760 Hispanice
429 730 480 759 per
488 719 649 750 antithesim
658 719 804 750 extrahere
812 720 900 749 deno-

102 772 142 791 [τε
156 784 164 796 ,
173 763 399 802 quae‘conjeclura
409 761 542 791 Anastafii
553 761 675 797 Synaitae
686 761 847 790 austeritate
859 761 901 789 so-

99 813 197 834 vetur5
212 812 274 832 nam
285 803 324 831 ait
334 824 343 835 ‚
358 802 434 841 quod
443 804 583 831 Sacellum
594 823 602 834 ‚
621 801 772 838 cyriacum
784 803 900 831 vocabu-

98 845 155 872 lum
164 843 196 873 fit
207 856 214 872 .-
224 843 298 872 undc
305 842 443 877 fucatius,
454 847 481 872 &
491 842 642 871 sacellarius
652 863 660 870 .
671 843 744 871 Vide
752 843 900 873 Sacellum.

98 884 241 913 Saecularii
253 905 261 917 ‚
273 883 430 920 synonyma
438 904 446 911 .
458 883 533 912 Vide
543 884 766 912 Archidiaamus
778 905 786 917 ‚
803 885 900 922 Caffu-

97 926 188 954 larius
201 948 208 958 ,
217 930 382 954 Oeconomus
394 946 402 957 ,
413 931 560 954 Saccanus
571 945 579 957 ‚
591 925 796 961 Tbesaeurarius
807 946 814 953 .
837 927 900 955 No-

98 966 253 994 menclator
263 965 397 1003 accipitur
405 965 490 993 etiam
501 974 552 1002 pro
561 964 739 993 Cancellario
748 985 756 992 .
769 971 780 1000 [
794 967 899 994 Datum

98 1006 213 1035 Kalend.
233 1003 367 1034 FEbruarii
380 1016 428 1044 per
437 1015 527 1033 manus
538 1004 681 1034 Theodori
699 1004 899 1036 Nomenclato-

99 1046 136 1074 ris
146 1047 249 1075 sanetae
262 1046 339 1076 Sedis
349 1045 535 1085 Apostolicae..
547 1046 645 1075 Bullar.
656 1046 784 1085 Cafinen.
797 1057 897 1077 tom.2.

98 1088 222 1116 Conilit.
239 1094 285 1116 26.

55 1129 188 1157 sac-zm
202 1148 209 1156 .
223 1129 280 1157 PR.
290 1127 455 1156 Monialium
465 1126 596 1157 Clausum
606 1149 613 1155 .
624 1134 638 1164 [
648 1127 704 1156 Iste
715 1127 897 1162 administrat,

96 1173 123 1197 ὃ(
133 1178 209 1197 curat
226 1167 311 1196 sacras
320 1167 430 1197 sacellas
440 1190 448 1202 ,
471 1178 571 1206 nempe
582 1190 590 1201 ‚
612 1168 776 1198 Monasseria
791 1171 898 1198 Monia.

95 1210 175 1243 lium,
187 1210 216 1238 in
228 1209 344 1247 quodam
356 1210 396 1237 Μ.
405 1210 431 1238 S.
443 1210 605 1248 Augustano
615 1210 816 1248 Turco—graecia
827 1221 896 1239 nun-

96 1260 197 1288 cupato
208 1271 216 1282 ,
229 1259 290 1288 pag.
304 1260 372 1288 203.
381 1250 426 1278 ubi
435 1250 472 1278 de
483 1251 588 1289 Magno
597 1250 741 1278 sacellario
752 1251 878 1289 loquitur
888 1272 895 1279 .

96 1291 171 1319 Vide
180 1293 207 1320 A
219 1289 320 1318 sicelio
331 1291 359 1317 in
369 1290 436 1318 dict.
447 1292 613 1319 Sacnlarius
622 1310 630 1317 .
655 1290 795 1320 Clausurae
805 1302 895 1321 autem

96 1330 257 1367 synonyma
268 1350 276 1358 .
289 1330 363 1359 Vide
374 1330 403 1358 in
411 1330 633 1368 dist.Clausura
642 1351 650 1358 .

52 1372 253 1401 sicarium
264 1391 271 1399 .
283 1371 356 1400 Vide
363 1373 540 1400 Sacculan'us
551 1392 559 1399 .

52 1414 224 1446 sitientum,
233 1411 372 1442 σακέὶλισν
383 1433 391 1445 ,
401 1411 518 1441 sacculus
527 1434 536 1445 ,
546 1411 712 1451 marsupium
722 1433 729 1440 .
750 1418 763 1448 [
775 1414 844 1442 Non
861 1414 896 1443 de

95 1453 208 1482 cellario
219 1474 226 1485 ,
248 1462 306 1481 non
314 1452 348 1480 de
357 1451 459 1481 horreo
471 1474 478 1485 ,
499 1453 542 1481 vel
555 1451 656 1481 sacello
667 1466 673 1481 :
693 1452 740 1482 sed
751 1455 786 1483 de
804 1455 894 1483 cordis

95 1493 226 1521 thesauro
237 1492 374 1530 profertur
384 1513 391 1520 .
413 1492 548 1522 Caesarius
558 1514 566 1525 ‚
580 1492 657 1521 hom.
669 1505 695 1522 ε..
712 1494 746 1523 de
760 1494 893 1524 Eleemos.

99 1534 183 1567 [PR.
195 1536 272 1560 Errat
293 1532 411 1570 proinde
421 1532 515 1562 Gloffa
536 1534 566 1561 in
585 1543 644 1562 can.
668 1545 704 1563 ne
715 1534 826 1568 amiss'o,
847 1547 894 1571 24.

96 1583 142 1611 qu.
155 1585 182 1609 4.
193 1572 237 1600 ubi
247 1581 338 1600 texms
349 1582 382 1600 ex
393 1573 430 1601 D.
441 1572 600 1612 Augustino
609 1574 644 1603 sic
654 1573 784 1604 habetur:
803 1577 850 1606 Nc
869 1587 896 1605 a-

97 1614 175 1642 mislo
184 1612 289 1648 judicio
300 1613 330 1641 fis
342 1613 453 1651 pauperi
463 1613 491 1642 in
503 1615 572 1643 mala
582 1613 656 1643 causa
667 1614 821 1644 misericors
830 1638 838 1650 ,
848 1628 894 1646 cu-

94 1657 134 1689 jus
145 1654 164 1682 fi
175 1653 259 1692 parcis
267 1652 367 1682 sacello
379 1675 386 1687 ,
407 1654 523 1692 percutis
531 1665 579 1684 cor
589 1658 644 1691 ejus
652 1658 683 1688 .]
697 1656 742 1685 Est
753 1666 844 1686 tamen
854 1669 895 1687 er-

95 1705 142 1723 ror
152 1694 295 1722 incisionis
316 1694 345 1722 in
356 1694 454 1723 eodem
462 1704 561 1726 textu5
583 1706 642 1724 nam
654 1706 762 1726 comma
780 1708 838 1726 non
848 1699 895 1727 de-

94 1736 138 1764 bet
148 1735 215 1774 poni
226 1735 286 1773 post
296 1734 448 1763 dic‘tionem
459 1737 560 1764 sacello
569 1757 578 1769 ,
588 1735 636 1765 sed
646 1737 804 1767 immediate
813 1749 877 1767 ante
886 1761 894 1773 ‚

93 1785 125 1803 ut
134 1775 282 1813 Augustini
297 1774 394 1804 *sensus
407 1776 600 1815 intelligatur5
619 1778 742 1816 loquitur
759 1780 834 1807 enim
847 1780 895 1809 iste

95 1816 206 1844 San-‘tus
217 1816 324 1843 Doftor
332 1816 367 1844 de
379 1825 495 1854 paupere
504 1817 578 1845 malo
590 1838 598 1850 ,
617 1827 646 1846 ac
656 1818 760 1848 vitioso
770 1841 778 1853 ,
797 1820 840 1848 cui
851 1820 894 1849 in-

94 1856 156 1894 quit
167 1877 174 1888 ,
189 1855 208 1884 fi
217 1856 298 1883 detur
309 1855 482 1892 eleemosyna
493 1879 500 1890 ‚
511 1858 614 1894 justitia
628 1860 797 1897 pervertitur
808 1872 817 1892 ς
840 1860 894 1890 hoc

94 1897 171 1924 enim
182 1895 337 1933 significant
347 1898 395 1925 illa
405 1898 485 1926 verba
494 1919 501 1930 ,
513 1904 553 1927 Ne
562 1899 657 1936 amiffit
667 1901 772 1935 judicio
782 1922 790 1934 ‚
799 1901 864 1940 quia
875 1902 893 1931 fi

95 1937 175 1965 datur
184 1936 299 1974 pauperi
309 1937 414 1965 vitioso
424 1960 432 1971 ‚
444 1938 563 1976 largitor
571 1939 625 1967 erit
633 1939 709 1968 causa
720 1940 783 1969 mali
794 1961 806 1978 ,
816 1942 891 1980 quod

93 1977 261 2016 lignificatur
270 1986 319 2015 per
340 1978 420 2007 verba
430 1989 438 2005 .·
456 1983 484 2007 Si
494 1979 535 2016 fit
548 1983 662 2017 pauperi
673 1983 704 2008 in
721 1982 798 2010 mala
808 1984 893 2020 causa

94 2019 257 2056 misericors,
269 2027 369 2056 nempe
379 2018 410 2047 iu
418 2019 576 2058 largiendo:
591 2025 679 2057 Cujus
690 2024 786 2055 vitiis,
797 2021 891 2051 subau—

92 2058 121 2086 di
134 2057 174 2096 ,fi
181 2062 275 2095 parcis
287 2079 294 2090 ,
312 2058 382 2088 idest
391 2080 400 2092 ‚
410 2059 475 2088 dum
486 2061 556 2089 male
568 2061 641 2089 vivit
650 2082 659 2094 ,
677 2060 830 2091 misericors
841 2064 888 2093 fis:

94 2099 196 2127 sanilo
202 2101 324 2136 percutis
335 2109 377 2128 cor
386 2105 456 2134 ejus,
469 2100 598 2129 videlicet
608 2123 616 2134 ‚
627 2100 784 2140 mansur-pio
795 2113 888 2142 percu-

91 2140 128 2167 tis
137 2148 255 2167 animam
267 2142 322 2173 ejus
331 2161 339 2172 ,
359 2140 421 2178 quia
429 2141 600 2170 occasionem
620 2143 704 2180 magis
721 2145 850 2181 peccandi
863 2146 887 2173 ei

91 2181 203 2218 praebes.
213 2179 306 2208 Gioss'i
316 2180 427 2219 inquam
436 2182 541 2210 erravit
550 2182 652 2211 deinde
662 2183 691 2210 in
702 2186 887 2220 pervertendo

91 2220 208 2259 Augusti
218 2218 296 2248 sensu
308 2231 316 2251 ς
336 2231 399 2250 nam
407 2223 543 2251 Sacellum
556 2232 739 2261 paupertatem
752 2224 885 2263 significa-

88 2270 118 2288 re
128 2270 165 2288 ait
178 2271 184 2287 ι
197 2259 334 2289 undenam
344 2261 417 2291 hanc
426 2263 629 2302 etymologiam
640 2263 768 2298 duxerat,
777 2269 806 2294 ὅ(
817 2276 884 2304 quo-

86 2301 173 2329 modo
190 2311 344 2339 paupertate
355 2313 456 2341 pauper
464 2313 618 2342 percutitur
635 2303 665 2332 in
676 2305 822 2343 largiendo
832 2317 840 2338 ,-
864 2308 883 2337 fi

85 2342 237 2381 largitione
257 2352 363 2381 percuti
375 2353 521 2382 pauperem
538 2345 639 2373 malurn
649 2344 740 2383 inquit
751 2347 882 2386 Augusti—

83 2391 150 2411 num
164 2387 173 2412 ?
185 2382 265 2412 Idem
276 2385 366 2414 vocab.
375 2384 487 2415 habetur
497 2384 527 2414 in
539 2383 658 2426 Michaea
670 2391 697 2416 6.
712 2397 719 2415 ι
732 2396 754 2415 ι.
780 2389 869 2423 [Nun

953 105 1022 147 quid
1031 106 1182 145 justificabo
1195 106 1320 137 stateram
1327 100 1445 147 impiam
1455 130 1464 142 ‚
1473 113 1500 140 δε
1511 110 1601 142 sacelli
1611 55 1734 152 tigata
1742 116 1759 148 ’s

955 155 970 186 [
980 150 1019 183 εΙΙε
1029 151 1105 179 Hinc
1112 150 1250 178 sacellum
1260 159 1311 188 pro
1321 147 1461 179 Thesauro
1471 153 1613 190 accipitur5
1623 154 1696 184 unde
1705 160 1757 184 Sa-

955 191 1088 220 cellarius
1097 189 1294 219 denominatus
1314 189 1365 218 fuit
1373 188 1563 221 'thesaurarius
1572 213 1579 220 .
1598 197 1632 222 Et
1642 203 1681 224 tra
1686 195 1757 224 nsla-

956 231 1015 260 tive
1023 231 1161 271 Cappella
1170 230 1319 260 domestica
1329 251 1337 263 ‚
1354 240 1390 259 ex
1400 240 1434 259 co
1445 231 1508 270 quia
1519 233 1549 261 in
1566 234 1662 262 eadem
1673 236 1755 265 Reli-

955 271 1080 311 quintum
1089 269 1208 302 thesauri
1225 272 1323 310 reponi
1336 269 1427 300 solent
1437 294 1446 306 ‚
1467 273 1511 302 vel
1521 274 1584 312 quis
1596 274 1634 303 ibi
1643 276 1754 305 coeieste

955 313 1057 352 pignus
1067 335 1076 348 ‚
1085 313 1160 353 quod
1171 313 1273 342 animas
1282 310 1458 346 thesaurizat,
1471 314 1594 348 offertur,
1608 324 1640 344 ut
1650 315 1680 343 in
1689 316 1755 344 dicr.

954 354 1106 393 Reliquit„
1122 357 1151 383 δε
1162 354 1370 393 Reliquiarium
1379 353 1483 383 dietum
1495 354 1549 384 fuit
1560 376 1568 382 .
1587 358 1652 392 Ejus
1663 366 1756 385 tamen

955 394 1113 431 synonyma
1125 415 1132 422 .
1152 394 1227 424 Vide
1238 393 1368 432 cappella
1377 414 1383 421 .
1407 396 1465 424 PR.
1477 396 1578 435 Itaque
1592 397 1626 425 ad
1636 398 1758 435 primum

956 436 1083 465 vocabuli
1094 434 1205 465 sensum
1217 434 1369 465 Anastasius
1378 435 1489 470 Synaita
1499 436 1528 465 in
1539 439 1594 471 ejus
1605 438 1756 467 Itinerario

955 475 1092 511 syriacum
1104 487 1206 506 nomen
1216 475 1267 506 ess'e
1274 476 1358 504 docet
1370 497 1378 508 ‚
1389 475 1598 516 subjungitque:
1613 484 1624 514 [
1636 480 1707 508 Nam
1717 479 1759 507 sa-

954 517 1054 545 cellum
1072 518 1110 547 est
1119 518 1319 557 receptaculum
1331 537 1339 549 ,
1356 526 1371 544 a
1380 516 1542 555 recipiendo
1560 518 1595 546 fic
1603 519 1709 548 distuin
1721 540 1728 547 .
1739 522 1754 551 ]

956 558 1055 592 Quoad
1064 558 1192 588 sacellum
1204 559 1233 587 in
1241 557 1319 587 sensu
1329 558 1482 596 Cappellae‚
1494 559 1673 588 C.Treb:itius
1682 560 1753 598 apud

957 598 1086 627 Gellium
1098 622 1106 633 ,
1125 600 1171 628 lib.
1183 606 1209 629 6.
1221 610 1244 627 c.
1258 609 1268 627 ι
1277 610 1302 628 2.
1322 607 1398 636 putat
1411 597 1467 627 dici
1476 604 1596 634 asacer,
1615 604 1644 630 ἃ
1655 602 1735 630 Cella
1747 622 1755 633 ,

955 639 1027 676 quali
1039 639 1109 669 sacra
1119 639 1259 672 Ce1125sed
1268 640 1443 678 impugnatur
1452 640 1484 669 ab
1492 640 1590 670 eodem
1597 642 1696 671 Gellio
1706 642 1757 671 ibi-

952 679 1017 707 dem
1025 680 1155 710 afferente
1165 681 1301 710 Sacellum
1313 678 1363 708 ess'e
1372 691 1405 708 ex
1415 686 1496 709 Sacro
1505 681 1706 712 diminutivum
1717 704 1735 711 ..

920 719 1063 749 'aecanos
1073 743 1080 754 ‚
1090 722 1236 757 Presbyter
1248 743 1254 754 ,
1264 723 1336 757 cujus
1347 721 1428 749 variae
1438 720 1607 760 assignentur
1617 723 1757 758 etymolo-

955 761 1020 799 giae,
1033 768 1229 800 nempe‚Sacra
1238 763 1307 790 dans
1318 762 1424 794 docens,
1435 768 1520 791 Sacra
1529 764 1584 796 dos,
1594 770 1674 794 Sacer
1683 765 1754 798 dux,

953 805 982 830 δε
993 806 1079 831 Sacra
1087 804 1202 834 docens-2
1220 813 1285 841 quas
1293 812 1390 830 omnes
1408 802 1625 841 significationes
1635 805 1715 833 dietis
1724 809 1752 834 δι

954 842 1032 870 lastis
1049 843 1194 873 continere
1215 844 1245 876 iu
1264 842 1292 871 se
1311 843 1422 872 deberet
1440 844 1564 873 Eccleliae
1584 845 1684 884 gradus
1704 845 1755 874 iste

954 892 1010 911 tam
1021 884 1138 914 eximius
1147 905 1154 912 .
1175 884 1259 920 Quod
1277 884 1296 913 si
1307 882 1361 911 hoc
1371 893 1485 913 munere
1495 886 1640 925 graduatus
1650 907 1658 919 ,
1677 888 1751 916 tanti

954 923 1100 954 ministerii
1118 925 1297 954 altitudinem
1309 946 1318 958 ‚
1337 934 1474 964 tantaeque
1492 927 1692 965 magnitudinis
1711 926 1756 955 su-

954 964 1120 994 blimitatem
1134 966 1280 1006 cogitaret,
1291 966 1474 1004 impeccabilis
1486 967 1552 996 vitae
1562 978 1592 996 re
1602 978 1665 997 vera
1675 969 1757 998 reddi

945 1015 1114 1043 cogeretur.
1136 1007 1214 1043 Quot
1231 1006 1361 1035 homines
1372 1029 1381 1040 ‚
1399 1006 1446 1045 qui
1465 1007 1532 1036 licet
1551 1008 1581 1037 in
1591 1007 1644 1037 hoc
1654 1008 1754 1038 saeculo

953 1045 1130 1083 profeffionis
1147 1048 1222 1077 laicae
1243 1047 1345 1076 fuerint
1356 1069 1363 1081 ‚
1383 1047 1546 1077 meritorum
1557 1059 1651 1078 tamen
1664 1051 1756 1079 Sacer-

952 1087 1049 1115 dotum
1057 1087 1211 1117 extiterunt
1221 1111 1228 1122 ‚
1248 1089 1278 1116 in
1288 1087 1364 1116 finali
1383 1088 1488 1123 judicio
1506 1087 1666 1119 sacerdotali
1687 1091 1756 1119 stola.

953 1127 1153 1158 decorabuntur
1164 1140 1171 1157 :
1189 1134 1218 1158 ὅ(
1230 1129 1291 1158 vice
1303 1128 1379 1158 versa
1388 1129 1530 1168 degradati
1539 1141 1621 1160 erunt
1631 1152 1639 1164 ,
1649 1135 1677 1160 δε
1686 1130 1758 1160 sata-

955 1168 1019 1196 nico
1027 1168 1140 1198 brachio
1151 1170 1297 1199 tradentur
1307 1191 1314 1202 ,
1338 1169 1386 1208 qui
1396 1179 1497 1199 nomen
1507 1180 1612 1200 tantum
1621 1171 1754 1202 Sacerdo—
1787 1208 1789 1211 ι

954 1208 989 1236 tis
1001 1208 1030 1237 in
1039 1209 1170 1247 prxsenti
1181 1211 1238 1239 vita
1248 1215 1443 1240 exercuerunt?
1455 1221 1484 1240 ut
1493 1222 1571 1241 aurea
1580 1211 1753 1248 Chrysosto-

951 1249 989 1277 mi
1007 1250 1103 1289 lingua
1113 1252 1234 1280 minatur
1245 1273 1253 1285 ‚
1265 1251 1392 1290 inquiens
1405 1263 1410 1280 :
1430 1257 1444 1286 [
1458 1252 1553 1281 Laicus
1565 1253 1648 1283 indie
1656 1254 1755 1291 judicii

952 1289 1047 1319 stolam
1057 1290 1251 1321 sacerdotalem
1260 1292 1387 1330 accipiet,
1396 1297 1423 1322 ὃς
1434 1303 1448 1321 2
1459 1294 1522 1322 Deo
1532 1293 1693 1324 Chrismate
1703 1305 1754 1324 un-

951 1340 1034 1368 getur
1046 1331 1074 1360 in
1086 1333 1268 1364 Sacerdmems
1279 1333 1408 1362 Sacerdos
1418 1344 1508 1363 autem
1518 1345 1645 1373 peccator
1655 1335 1762 1375 spolia«.

955 1371 1030 1400 bitur
1041 1373 1196 1402 Sacerdotii
1208 1374 1347 1413 dignitate
1357 1396 1364 1407 ,
1375 1374 1451 1403 hom.
1465 1378 1536 1410 40.]
1555 1377 1611 1405 FR.
1623 1377 1754 1406 Sacerdo-

950 1421 990 1440 tes
1000 1413 1063 1441 mali
1075 1414 1178 1443 lixivio
1187 1415 1287 1443 similes
1298 1436 1305 1447 ‚
1315 1425 1373 1443 can.
1385 1415 1458 1444 nihil
1471 1416 1533 1444 dist.
1548 1421 1592 1454 83.
1605 1418 1678 1446 Item
1690 1428 1754 1456 pro-

950 1451 1081 1482 hibentur
1091 1455 1253 1484 Sacerdotes
1269 1455 1320 1484 efl'e
1331 1456 1410 1484 testes
1421 1457 1449 1484 in
1460 1457 1642 1485 Notariorum
1653 1458 1754 1487 instru-

952 1494 1053 1523 mentis
1065 1516 1073 1527 ,
1093 1506 1152 1524 can.
1171 1506 1334 1534 quamquam
1344 1496 1538 1530 Sacerdomm,
1565 1508 1608 1532 14·
1620 1508 1665 1537 qu.
1677 1509 1704 1536 3.
1723 1503 1753 1528 δε

950 1532 1027 1573 seqq.
1037 1536 1332 1565 inConstitutionibus
1342 1537 1469 1574 Apostol.
1492 1539 1560 1567 Non
1580 1538 1690 1575 possunt
1700 1538 1752 1568 elle

952 1575 1064 1612 Judices
1074 1577 1103 1604 in
1112 1576 1193 1606 caufis
1207 1577 1373 1615 pecuniariis
1387 1599 1392 1608 ,
1404 1587 1461 1605 can.
1473 1577 1594 1616 denique
1607 1600 1614 1611 ,
1631 1590 1674 1615 ¹4·
1684 1590 1711 1618 q.
1727 1590 1752 1616 5.

953 1616 1045 1649 [Non
1055 1618 1164 1655 pofliint
1182 1619 1299 1646 aliorum
1319 1616 1492 1656 poss'effiones
1511 1619 1664 1648 conducere
1676 1641 1683 1653 ‚
1705 1619 1753 1649 seu

950 1653 1120 1686 saeculan'um
1132 1658 1313 1687 dominorum
1323 1657 1458 1696 suscipere
1470 1680 1477 1691 ,
1488 1661 1563 1698 quod
1574 1660 1672 1689 Italice
1681 1661 1754 1690 dici-

952 1705 996 1724 tur
1006 1702 1064 1726 Far
1081 1699 1106 1726 xl
1116 1701 1220 1736 Mastro
1236 1701 1266 1728 di
1277 1701 1342 1737 casa
1354 1721 1362 1732 ,
1381 1710 1438 1728 can.
1457 1701 1586 1738 pervenit
1599 1723 1607 1734 ,
1628 1701 1691 1730 dist.
1703 1706 1749 1730 86.

951 1738 1037 1766 Ratio
1047 1739 1192 1768 dubitandi
1202 1741 1339 1779 praebetur
1351 1740 1379 1768 in
1390 1751 1447 1768 can.
1458 1741 1604 1777 Presbyter
1613 1763 1621 1774 ‚
1634 1743 1679 1771 vel
1691 1743 1752 1781 qui-

951 1777 1018 1806 libet
1026 1779 1166 1814 Sacerdos,
1179 1792 1205 1809 2.
1216 1792 1243 1818 q.
1261 1792 1283 1809 i.
1298 1783 1343 1809 An
1353 1781 1462 1810 differat
1475 1783 1620 1818 Presbyter
1631 1793 1645 1811 a
1657 1783 1750 1812 Sacer-

949 1818 1037 1850 dote3
1059 1819 1106 1848 scd
1115 1821 1158 1849 dic
1169 1843 1177 1854 ‚
1195 1822 1270 1860 quod
1280 1822 1410 1860 particula
1422 1843 1430 1854 ,
1452 1822 1509 1855 Vel,
1530 1823 1580 1851 stat
1592 1823 1654 1851 loco
1663 1845 1672 1856 ,
1693 1829 1732 1853 Et
1741 1847 1750 1858 ‚

950 1859 1122 1899 proindeque
1131 1860 1294 1897 synonyma.
1302 1861 1365 1890 sunt
1376 1863 1522 1898 Presbyter
1532 1885 1540 1896 ‚
1562 1874 1590 1892 ac
1603 1864 1748 1896 Sacerdos,-

947 1900 1013 1928 licet
1032 1901 1110 1940 largo
1128 1903 1211 1930 modo
1222 1913 1269 1940 per
1280 1903 1454 1932 Szcerdotem
1477 1904 1651 1943 intelligatur
1668 1906 1752 1934 etiam

948 1939 1089 1969 Diaconus
1099 1963 1107 1974 ‚
1127 1946 1154 1971 δ(
1167 1943 1359 1971 Subdiaconus'
1369 1944 1396 1971 in
1407 1944 1545 1973 Decretal.
1558 1945 1593 1973 de
1602 1944 1749 1975 cohabitat.

947 1981 1027 2010 Clcr.
1038 1986 1065 2010 δε
1075 1985 1109 2012 Μ
1117 1983 1204 2016 ulier,
1225 1994 1283 2021 cap.
1297 1995 1322 2012 2.
1341 1996 1347 2011 :
1362 1987 1378 2019 Η
1393 1996 1400 2011 :
1420 1986 1494 2013 Item
1514 1995 1562 2023 per
1573 1986 1750 2016 Sacerdotem

945 2022 1094 2060 aliquando
1106 2024 1276 2063 intelligitur
1285 2023 1433 2063 Episcopus
1446 2038 1452 2053 :
1475 2026 1694 2065 [Comperimus
1703 2038 1749 2056 au-

945 2064 1089 2101 tem,quod
1098 2063 1191 2092 charta
1203 2065 1327 2103 quaedam
1340 2066 1467 2094 mandata
1479 2066 1512 2095 fit
1524 2088 1533 2100 ‚
1553 2068 1584 2095 in
1595 2078 1647 2106 qua
1658 2069 1750 2097 Sacer-

945 2103 1024 2131 dotes
1051 2103 1213 2133 subscribere
1234 2105 1319 2134 coaevi
1339 2104 1402 2134 sunt
1421 2117 1519 2135 contra
1538 2117 1645 2137 tomum
1657 2111 1748 2139 Beatae

943 2145 1085 2172 memoriae
1096 2147 1194 2174 Leonis
1204 2166 1211 2173 .
1223 2148 1305 2184 Joan.
1315 2147 1394 2184 epist.
1407 2159 1434 2183 4.
1445 2148 1479 2176 ad
1492 2149 1642 2178 Constant.
1655 2151 1746 2188 Imp.]

942 2187 977 2213 Et
987 2185 1083 2213 clarius
1093 2187 1122 2214 in
1133 2187 1189 2215 vita
1200 2185 1390 2225 S.Porphyrii‚
1401 2188 1446 2216 ubi
1459 2189 1524 2217 dum
1535 2191 1625 2228 agitur
1637 2191 1670 2219 de
1683 2192 1750 2226 Epi-

938 2225 1012 2263 sco'pi
1023 2228 1106 2255 Gazae
1119 2227 1401 2261 eiectionessabcntur
1411 2227 1471 2257 hec
1485 2231 1564 2259 verba
1574 2231 1645 2268 apud
1655 2233 1747 2260 Meta-

939 2266 1083 2304 phrassem:
1099 2273 1111 2301 [
1124 2268 1175 2295 Ilia
1188 2278 1255 2296 vcro
1267 2269 1348 2297 noste
1357 2268 1465 2298 acceslit
1478 2272 1574 2299 Beatus
1585 2273 1704 2308 Josnnes
1713 2273 1747 2301 ad

938 2309 1066 2340 Gazaeos,
1080 2311 1107 2336 δε
1119 2308 1191 2336 dixit
1201 2310 1239 2337 eis
1253 2320 1259 2337 ε
1281 2310 1368 2338 Parati
1379 2310 1457 2339 eritis
1466 2311 1498 2339 :id
1512 2312 1617 2340 exitum
1627 2333 1635 2344 ,
1660 2311 1748 2342 hodie

936 2347 1011 2375 enim
1023 2347 1161 2386 accipietis
1173 2349 1349 2379 Sacerdotem
1360 2352 1461 2384 virum,
1472 2362 1553 2390 quem
1564 2352 1685 2381 ostendit
1697 2364 1748 2382 vo—

936 2386 974 2417 bis
982 2389 1130 2418 Dominus·
1141 2390 1217 2420 Cum
1228 2389 1315 2421 suisset
1331 2400 1422 2422 autem
1431 2401 1521 2428 mane,
1535 2393 1672 2433 rapientes
1682 2395 1746 2424 Bea-

1636 2443 1696 2463 tum
