1866 2526
156 47 232 94 562
492 36 524 80 P
558 37 601 79 U

1291 35 1399 79 PU

136 109 235 139 inagna
254 97 342 127 vestra
361 97 484 126 mercede
503 93 702 124 adhortatione
721 92 856 137 pulsamus
873 98 882 125 ,'
904 99 934 119 nt
950 94 1071 122 Pvitco.
1093 95 1150 123 PR.
1169 92 1255 127 idest,
1274 95 1384 132 abjuro.
1402 93 1495 123 Glofi'a
1513 93 1543 125 in
1560 93 1610 123 lib.
1632 102 1657 132 5.
1675 94 1719 125 tit.
1738 106 1752 135 3
1759 99 1787 131 4·,

139 149 310 179 congregare
319 137 457 174 synodum
467 135 581 172 jubeatis
589 157 599 169 ,
607 135 656 164 lib.
667 146 695 171 9.
706 134 783 173 epist.
796 134 868 176 331]
879 134 936 160 FR.
991 134 1131 162 Decretal.
1143 144 1202 171 cap.
1217 145 1258 163 to.
1270 136 1296 166 §.
1305 135 1408 171 abjuret
1418 155 1425 162 .
1701 153 1704 155 Α

141 180 286 218 usurpatur
306 180 388 207 etiam
398 177 451 205 hoc
465 178 578 206 verbum
586 186 638 216 pro
655 175 808 204 convenire
819 174 937 211 aliquem
951 175 1154 203 PumpmAno
1175 175 1207 202 Β,
1217 175 1256 204 Μ,
1267 177 1302 204 V⁸
1320 176 1394 205 Vide
1414 177 1561 211 eandem,
1585 175 1722 211 Collega,
1732 183 1787 215 Hy-

138 221 283 256 injudicio
292 242 299 248 .
321 217 406 248 Gloss'.
420 219 448 245 in
458 218 476 246 1.
486 218 530 247 de·
539 216 701 256 possessione
714 237 721 248 ,
739 215 773 243 de
783 213 935 252 praescript.

988 222 1075 252 panta
1085 235 1093 242 .

139 262 228 291 Unde
239 263 269 290 in
278 259 357 288 sacris
367 259 451 288 etiam
474 259 634 288 Canonibus
644 267 701 284 non
711 266 771 283 raro
781 254 865 282 citare
878 275 885 286 ,
900 263 937 297 ‘ac
951 257 1154 284 Pmuncmm
1165 256 1290 285 CAucts
1303 276 1310 284 .
1323 255 1396 287 Vide
1403 257 1521 296 Perfusio
1529 279 1537 286 .

138 313 240 331 vexare
252 300 384 341 fignificat
393 322 401 333 ,
421 310 451 327 ut
460 310 493 327 ex
502 298 676 337 sequentibus
684 295 773 334 liquet
785 295 919 332 exemplis
930 303 936 320 :
953 297 1215 325 Punir1CAToRtuM
1227 318 1235 329 ‚
1255 297 1402 326 linteolum
1413 319 1422 331 ‚
1443 308 1498 336 quo
1509 298 1592 328 Calix
1602 297 1721 338 tergitur
1729 319 1736 332 ,
1758 302 1788 328 δε.

142 349 157 378 [
168 343 194 372 Si
207 343 266 380 quis
280 341 398 370 vestrum
409 337 524 378 pulsatus
535 339 615 367 fuerit
625 339 654 366 in
664 337 753 374 aliqua
762 335 936 366 adverfitate,

139 384 259 412 licenter
270 381 340 410 hanc
348 380 487 413 sacratam,
497 384 525 408 δι
536 378 726 416 Apostolicam
737 377 834 405 Scdem
847 374 939 412 appel-

141 425 181 452 let
190 445 199 457 ‚
211 436 237 452 2.
250 434 294 462 qu.
306 429 332 451 6.
343 432 402 450 can.
414 432 440 458 3.
452 422 559 449 Omnes
571 417 718 457 Episcopi,
731 417 778 455 qui
790 417 820 444 in
830 413 938 454 quibus-

141 464 204 493 dam
225 463 396 502 gravioribus
406 460 546 498 pulsantur
558 481 564 491 ,
586 460 631 487 vel
649 457 830 487 criminantur
839 456 919 485 causis
931 476 938 487 ,

142 505 252 545 quoties
260 502 361 533 necess'e
373 501 453 530 fucrit
463 522 471 533 ,
494 501 576 529 libere
586 500 777 538 Apostolicam
787 498 883 526 Sedem
895 506 938 534 ap—

993 335 1166 374 purificatur,
1186 337 1262 374 quod
1272 337 1396 366 benedici
1408 339 1521 376 nequit.
1532 339 1605 368 Suar.
1617 348 1644 377 3.
1664 339 1725 368 dist.
1741 343 1788 367 81.

993 375 1057 405 sest.
1069 381 1094 404 8.
1117 378 1191 406 Nam
1200 377 1352 416 antiquitus
1369 388 1428 407 non
1439 387 1496 407 erat
1505 379 1534 408 in
1545 379 1593 409 usu
1603 401 1611 413 ,
1631 390 1694 409 cum
1704 379 1788 408 mani.

993 417 1071 455 pulus
1080 417 1113 444 ad
1122 416 1175 446 hoc
1185 417 1333 447 inserviret
1341 429 1351 449 ς
1370 418 1435 447 ideo
1445 417 1543 448 linteus
1554 429 1611 449 erat
1620 441 1628 452 ,
1651 431 1680 449 ac
1692 418 1791 458 praeci—

993 467 1046 495 pue
1056 456 1124 486 illud
1134 480 1141 491 ,
1151 459 1226 496 quod
1238 458 1421 487 Subdiaaonus
1429 459 1548 497 gestabat
1558 480 1564 488 .
1585 462 1621 490 In
1632 461 1790 499 purificato-

992 497 1028 526 rii
1039 497 1132 526 medio
1154 498 1225 527 solet
1236 499 1316 528 Crux
1327 509 1375 528 acu
1383 499 1521 538 defignari
1530 522 1538 533 ‚
1557 509 1587 528 ut
1599 511 1615 529 a
1623 501 1727 530 caeteris
1737 501 1790 530 lin-

142 546 251 585 pellent
262 567 269 578 ‚
283 557 308 573 2.
319 554 363 581 qu.
374 551 400 571 6⁴
411 553 468 570 can.
480 552 507 576 4.
521 543 532 572 ]
557 541 639 569 Idem
650 539 763 568 habetur
774 539 803 566 in
812 549 871 567 can-
882 537 949 575 pul-.
994 537 1074 566 teolis
1084 548 1135 576 pro
1143 538 1272 568 sacrificio
1282 540 1439 578 praeparatis
1449 539 1634 578 distinguatur
1643 562 1651 570 .

142 586 214 616 satus
226 608 232 619 ,
246 597 271 623 3.
284 594 328 622 qu.
342 590 367 611 6.
382 589 393 618 [
406 582 529 619 Quilibet
541 581 654 610 fratrum
664 579 781 619 pulsatus
791 601 799 612 ‚
818 588 900 618 arque
911 577 940 605 ab
953 580 1047 608 Pinum
1058 599 1066 607 .
1079 581 1137 608 PR.
1148 578 1305 610 hebraicum
1315 580 1491 614 vocabulum,
1502 580 1792 620 siguificatjejunium.

142 627 193 656 hac
205 627 298 655 saneta
319 624 386 652 Sede
399 631 509 651 vocatus
518 626 571 650 ἃς.
591 633 650 650 can.
660 622 776 659 quilibet
787 642 794 652 ,
821 625 845 648 8.
856 629 900 658 qu.
916 628 939 653 ς.

992 622 1091 649 Bai-on.
1101 629 1145 648 an.
1159 631 1206 658 34.
1218 631 1294 650 num.
1310 628 1374 656 156.

142 670 219 697 Cum
237 664 343 694 constet
360 674 422 692 cum
431 685 439 696 ,
462 664 508 702 qui
521 663 661 691 coelestem
672 662 790 690 militem
809 661 877 693 (hoc
886 660 921 695 est
932 680 939 691 ‚
952 661 1163 690 Puapnzsrmm
1175 682 1183 694 ‚
1195 661 1311 690 intrufio
1322 682 1329 689 .
1344 661 1552 700 [Inquinantur
1563 672 1621 701 quae
1631 661 1722 692 afiarta
1733 684 1742 696 ‚
1763 666 1792 691 &

145 708 285 737 clericum
297 704 406 743 )pulsat
417 726 424 737 ,
436 703 546 732 nonnisi
558 705 614 738 ejus
626 703 715 730 forum
727 702 824 730 debere
833 698 940 731 sectari,

145 759 205 777 can.
215 746 384 776 Christianis
395 767 403 778 ‚
422 755 430 772 ι
442 755 462 772 1.
473 754 517 782 qu.
532 755 554 771 1:
568 744 716 772 Haeredum
727 746 782 778 ejus
791 739 939 780 oppressio-

144 799 182 818 ne
194 786 295 826 pulsari
305 809 312 820 ‚
324 796 384 814 can.
395 784 533 820 Sylvester
542 805 550 816 ‚
570 784 627 812 ead.
644 794 653 811 1
665 795 688 812 ι.
699 783 793 821 qua-st.
810 793 836 810 1.
857 782 901 811 Ut
912 781 940 808 in

993 700 1172 738 purpresturae
1184 703 1258 730 iactae
1270 701 1374 730 suntin
1386 701 1471 730 boscis
1480 703 1565 741 Regis
1578 723 1586 731 .
1597 702 1696 732 Matth.
1709 702 1793 732 Paris.

994 742 1025 769 in
1036 740 1093 770 vita
1104 741 1194 774 Abu]
1207 742 1357 771 Derivatur
1366 753 1400 771 ex
1410 743 1509 781 gallica
1517 743 1639 772 dictione
1646 747 1772 782 Pourpris
1783 762 1793 776 ,

996 791 1056 819 quae
1069 791 1289 821 praeoccupatum
1300 782 1434 821 fignificat
1444 803 1453 811 .

144 829 227 858 caufis
242 850 249 860 ,
262 829 291 856 in
301 827 395 865 quibus
407 825 535 863 quaelibet
547 824 723 853 Ecclesiastici
732 823 820 851 officii
829 821 943 860 persona
957 825 1097 852 Pomona
1109 842 1116 849 .
1127 824 1184 852 FR.
1194 831 1326 861 quatenus
1338 823 1441 851 vestem
1451 822 1586 862 fignificat
1596 844 1605 857 ,
1625 833 1681 852 erat
1690 823 1794 852 habitus

145 871 210 899 loco
232 868 361 906 petitoris
384 866 477 894 existit
487 888 494 899 ,
511 874 675 904 quemquam
691 865 790 893 laicum
808 861 943 901 pulsatura

144 910 218 949 apud
229 908 282 938 suae
293 907 448 937 Provinciae
459 906 587 944 Judicem
595 905 651 933 suas
662 914 817 943 proponere
826 903 943 932 actiones

148 962 208 980 non
217 949 322 978 deserat
332 969 339 976 .
349 950 385 977 In
396 946 438 975 his
450 957 517 976 vero
529 945 662 985 negotiis,
674 946 703 973 in
713 946 808 984 quibus
818 942 943 973 Ecclefia-

148 992 211 1021 stici
219 990 307 1019 officii
316 987 432 1027 persona
444 988 574 1025 pulsatur,
587 986 671 1015 totius
681 985 806 1014 submoto
816 983 945 1023 pulsatio-

149 1032 193 1061 nis
204 1031 342 1060 obstaculo
353 1051 361 1062 ‚
383 1027 558 1064 adjudicium
577 1025 704 1065 Episcopi
715 1031 767 1055 &c.
786 1037 845 1055 can.
857 1028 946 1062 Expe-

147 1072 258 1100 rientiae
269 1092 277 1104 ‚
299 1070 356 1098 ead.
376 1079 422 1108 qu.
437 1079 459 1096 i.
473 1070 485 1099 ]
505 1078 534 1096 ac
548 1067 621 1095 idem
638 1067 668 1095 in
686 1077 744 1094 can.
754 1065 927 1105 sequentibus
939 1084 946 1092 .

149 1111 265 1142 Fortass'e
276 1112 313 1139 ita
323 1111 426 1139 dietum
435 1109 519 1136 suerat
529 1129 537 1141 ‚
556 1108 619 1146 quia
630 1107 738 1147 quando
747 1107 878 1136 citabatur
899 1105 946 1134 ali-

151 1153 211 1192 quis
222 1175 230 1185 ,
242 1154 296 1187 ejus
304 1154 383 1187 janua
394 1147 548 1188 pulsabatur
557 1168 564 1176 .

101 1196 360 1227 (Porvzmncmsi,
373 1189 467 1219 tributi
477 1188 577 1227 species
586 1209 593 1216 .
606 1195 618 1224 [
629 1189 672 1218 Ut
683 1187 772 1216 nullus
783 1186 869 1216 homo
880 1196 947 1225 prae-

152 1234 239 1262 sumat
252 1233 374 1260 telonem
386 1241 433 1270 per
442 1230 500 1258 vias
509 1251 517 1262 ‚
527 1230 573 1257 vel
582 1238 630 1267 per
642 1229 718 1257 villas
729 1228 893 1260 rodaticum,
903 1227 948 1256 vel

151 1273 354 1313 pulveraticum
375 1270 496 1309 recipere
506 1290 513 1297 .
535 1271 571 1299 In
588 1270 700 1308 capitul.
715 1270 812 1298 Caroli
833 1268 928 1307 Magni
940 1289 947 1299 ,

152 1315 200 1344 lib.
214 1321 240 1343 6.
253 1324 311 1352 cap.
323 1314 414 1349 219.]
437 1311 513 1340 Licet
523 1310 554 1338 in
565 1309 701 1339 Tlieodos.
712 1310 786 1339 Cod.
796 1309 843 1338 lib.
860 1315 904 1337 16.
915 1308 948 1336 dc

153 1359 260 1391 Tyron.
278 1354 412 1393 fignificet
424 1361 563 1379 monetam
583 1351 720 1389 duplicem
729 1349 848 1378 solidum
859 1348 949 1376 conti-

155 1405 269 1425 nentem
281 1415 288 1427 ,
310 1404 370 1432 quae
381 1391 466 1421 servis
475 1391 585 1419 dabatur
596 1412 604 1424 ‚
621 1391 731 1429 quando
741 1390 775 1419 ad
785 1389 913 1418 militIam
922 1387 949 1416 se

154 1436 302 1465 offerebant
314 1455 322 1461 .
343 1436 401 1462 FR.
412 1435 458 1462 An
470 1432 502 1460 stt
519 1432 717 1469 pulveraticum
727 1430 860 1459 tributum
878 1429 950 1458 idem

154 1487 216 1505 cum
244 1474 375 1514 cispatico
391 1493 400 1501 .
423 1473 498 1501 Vide
519 1473 724 1510 Cispataticum
743 1493 751 1504 ‚
782 1475 811 1500 ὃ(
830 1471 951 1508 Cispati-

159 1528 221 1545 cum
231 1537 238 1544 ι

117 1560 302 1588 ΡυωἛιυ-ιο,
313 1555 343 1584 in
352 1554 493 1592 pulverem
503 1552 612 1581 reduco.
625 1558 638 1589 [
650 1553 676 1582 Si
686 1561 775 1581 autem
785 1561 827 1580 me
837 1550 953 1579 vilifica-

157 1607 225 1626 vero
236 1620 242 1630 ,
254 1601 281 1625 ὅ(
290 1597 322 1624 ad
335 1594 453 1623 nihilum
463 1595 594 1632 redegero
605 1615 613 1627 ‚
626 1604 707 1633 atque
718 1593 784 1622 ficut
796 1592 853 1620 sum
863 1612 871 1624 ,
895 1591 953 1629 pul-

155 1638 329 1668 verizavero.
338 1634 458 1665 Thomas
468 1645 481 1663 a
489 1636 610 1672 Kempis‚
620 1634 695 1672 lib.3.
706 1634 740 1662 de
751 1633 856 1662 Imitat.
867 1631 954 1661 Chri-

157 1678 191 1708 sti
203 1700 211 1712 ‚
221 1688 279 1716 cap.
293 1679 340 1709 8.]
362 1679 402 1704 Ex
414 1675 466 1703 hoc
485 1685 573 1703 autem
586 1675 668 1704 verbo
678 1673 879 1703 Constantinus
901 1673 955 1700 Ca-

154 1722 260 1755 jctanus
268 1718 299 1746 in
309 1717 430 1749 tractatu,
440 1725 522 1755 quem
533 1715 567 1743 de
576 1714 682 1744 ‘thoma
692 1726 706 1743 a
717 1713 826 1751 Kcmpis
837 1711 956 1741 conscri-

157 1760 208 1798 pfit
219 1781 226 1792 ,
248 1759 341 1796 probat
351 1757 466 1785 eundem
475 1755 611 1791 'rhomam
631 1756 733 1784 Italum
743 1753 817 1783 fuiss'e
828 1774 836 1787 ,
858 1757 886 1782 &
899 1764 955 1782 non

157 1800 270 1838 Belgam
281 1819 289 1832 ‚
300 1807 330 1826 ut
340 1797 525 1826 communiter
532 1795 698 1834 supponitur
706 1815 713 1822 .

123 1842 289 1870 Pummus
305 1863 309 1870 ,
328 1841 355 1866 ὅ(
368 1838 507 1866 Pulvmar
519 1857 526 1864 .
536 1837 609 1865 Vide
619 1836 790 1865 Auriculare
799 1855 808 1867 ,
820 1834 935 1872 Casinus
948 1856 955 1866 ,

159 1881 346 1908 Embrtmium
360 1900 366 1910 ,
376 1879 570 1906 Palmaticum
579 1897 587 1905 .

121 1923 290 1949 ramerum
302 1940 309 1950 ,
319 1919 401 1947 dolor
411 1919 441 1947 in
451 1927 568 1955 corpore
579 1937 586 1944 .
608 1916 681 1946 Vide
691 1918 769 1945 Fic‘Ia
780 1935 786 1943 .

120 1963 279 1989 Pvnonm
291 1961 444 1988 ermmus
456 1978 464 1986 .
486 1958 559 1986 Vide
569 1958 702 1986 Duellum
713 1977 721 1984 .

121 2002 316 2029 punem-ivus
326 2020 333 2027 .
357 1999 430 2028 Vide
437 1999 622 2027 Cathartccus
631 2017 639 2024 .

124 2042 292 2069 PunGAToR
303 2060 310 2067 .
321 2042 377 2069 FR.
387 2039 477 2077 Judex
488 2039 628 2076 delegatus
637 2047 687 2076 pro
697 2037 786 2076 aliqua
797 2035 959 2074 purgatione

163 2082 295 2109 canonica
306 2102 314 2113 ,
333 2081 368 2108 de
377 2090 428 2118 qua
439 2080 468 2107 in
479 2080 563 2108 Dect.
574 2079 619 2107 lib.
633 2088 657 2113 5.
670 2079 714 2106 tit.
727 2088 774 2115 34.
793 2076 956 2114 Reperieba-

162 2130 207 2148 tut
216 2122 298 2149 etiam
311 2121 363 2149 alia
374 2120 500 2158 purgatio
511 2120 639 2157 vulgaris,
650 2119 683 2146 de
692 2128 743 2156 qua
754 2127 784 2144 in
795 2117 892 2145 eodem
902 2117 958 2146 De—

166 2162 260 2188 creml.
271 2161 316 2188 tit.
328 2172 340 2198 3
350 2171 374 2195 5.
394 2162 462 2188 Haec
473 2159 546 2188 enim
559 2162 585 2186 δ(
604 2158 740 2187 saecularis
750 2157 888 2185 dicebatur
899 2178 906 2189 ,
929 2158 958 2185 in

165 2201 223 2229 Sac.
233 2201 343 2228 Canon.
354 2200 493 2238 prohibita
503 2219 511 2227 .
535 2200 609 2228 Vide
620 2199 753 2227 Duellum
766 2218 773 2230 ‚
788 2197 916 2230 ,Educere
929 2200 959 2235 se

160 2248 208 2277 per
216 2251 326 2272 ancum,
338 2241 543 2276 Mtssasua'icii,
553 2240 694 2268 edaldum.
706 2237 792 2268 Aliud
800 2247 885 2276 genus
896 2247 958 2275 pur-

166 2280 286 2318 gntionis
296 2300 305 2312 ,
315 2280 388 2308 Vide
398 2281 526 2309 moneare
537 2302 545 2313 ‚
553 2282 624 2308 Tenz'
638 2300 645 2307 .

128 2322 318 2350 Punonrouu
335 2323 448 2349 Annus
459 2341 466 2353 ‚
487 2321 627 2358 quomodo
650 2320 682 2348 in
692 2319 767 2348 Miss'a
776 2317 900 2351 dicatum
921 2323 960 2349 Ne

169 2362 310 2399 absorbeat
317 2371 366 2391 uas
374 2365 514 2390 Tartarus
522 2380 532 2389 .
543 2361 617 2390 Vide
625 2362 800 2398 offertorium
810 2378 821 2387 .

996 861 1148 891 senatorius
1157 883 1165 895 ‚
1176 867 1204 891 δε
1214 863 1373 901 magistralis
1383 884 1389 891 .
1402 870 1415 899 [
1426 863 1517 899 Byss'us
1528 885 1536 897 ‚
1547 868 1575 893 ὁ(
1587 873 1703 902 purpura
1713 864 1795 892 indu·

999 911 1123 932 mentum
1132 905 1188 938 ejus
1199 906 1250 932 &a
1260 903 1370 941 quando
1378 903 1479 932 sederit
1490 914 1551 933 cum
1560 904 1728 933 senatoribus
1741 914 1796 932 ter-

999 953 1036 971 rae
1048 963 1056 970 .
1074 943 1204 973 Proverb.
1216 954 1229 982 3
1241 954 1262 971 1.
1273 945 1286 974 ]
1309 943 1424 982 Signum
1433 945 1508 972 enim
1519 945 1646 983 gubernii
1657 966 1664 978 ‚
1685 955 1714 973 ac
1723 955 1794 973 curae

1000 993 1057 1012 erat
1069 993 1184 1022 purpura
1196 995 1202 1012 :
1221 993 1305 1022 quare
1315 983 1406 1022 inquit
1417 983 1501 1013 Philo
1512 985 1541 1012 in
1553 985 1599 1013 lib.
1620 985 1653 1013 de
1666 985 1794 1013 somniis:

1003 1025 1157 1059 [Tunicam
1175 1023 1243 1053 hanc
1263 1023 1354 1054 Moses
1372 1024 1463 1053 induit
1482 1025 1641 1054 naturaliter
1670 1024 1798 1053 infe&am

1001 1064 1149 1103 sanguine:
1171 1064 1301 1103 quoniam
1312 1074 1369 1093 tota
1385 1065 1442 1093 vita
1460 1065 1665 1103 Rempublicant
1677 1065 1796 1093 admini-

1003 1104 1112 1133 strantis
1122 1107 1326 1134 contaminatur
1338 1127 1345 1139 ‚
1353 1105 1419 1134 dum
1428 1106 1530 1134 bellum
1538 1115 1582 1134 aut
1592 1105 1711 1134 infertur
1722 1127 1730 1139 ,
1753 1115 1799 1133 aut

1004 1145 1178 1184 propulsatur
1189 1167 1197 1179 ‚
1217 1146 1406 1175 infestantibus
1424 1145 1537 1175 subinde
1547 1147 1606 1175 aliis
1618 1168 1625 1178 ,
1643 1157 1722 1184 atque
1741 1145 1800 1174 aliis

1002 1187 1157 1224 improvisis
1173 1187 1270 1215 casibus
1281 1207 1288 1214 .
1300 1189 1312 1218 ]
1336 1187 1396 1220 Qua
1407 1197 1524 1225 purpura
1546 1187 1707 1215 induebatur
1716 1186 1801 1215 etiam

1004 1229 1194 1256 Romanorum
1205 1228 1314 1256 Senatus
1326 1249 1333 1260 ‚
1352 1232 1379 1255 δ(
1390 1227 1566 1266 Magistratus
1577 1251 1583 1256 .
1604 1228 1662 1256 Dio
1673 1250 1680 1261 ‚
1690 1228 1736 1256 lib.
1750 1238 1799 1262 49.

1004 1266 1177 1302 h1st.1³01yd.
1189 1269 1269 1306 Virg.
1286 1268 1333 1296 lib.
1346 1278 1372 1304 3.
1383 1267 1416 1296 de
1436 1269 1545 1296 invent.
1555 1278 1606 1296 rer.
1621 1278 1676 1306 cap.
1690 1274 1716 1297 6.
1738 1266 1799 1296 Ali-

1003 1308 1050 1344 qui
1059 1309 1284 1336 tamenAut‘tores
1292 1308 1406 1336 eandem
1415 1307 1466 1336 este
1477 1308 1640 1340 asti-utint,ae
1652 1308 1799 1339 TrabeamJ
1814 1329 1820 1332 .

1005 1347 1053 1376 alii
1066 1358 1131 1376 vero
1140 1347 1325 1376 diversificant
1337 1358 1343 1376 ;
1356 1348 1507 1382 Dionylius
1518 1348 1594 1376 enim
1603 1348 1694 1376 Halic.
1708 1348 1735 1375 in
1746 1347 1800 1384 pti-

1006 1386 1056 1415 mis
1068 1386 1174 1425 semper
1191 1387 1305 1416 eandem
1316 1387 1367 1415 ess'c
1377 1387 1451 1416 dixit
1464 1398 1470 1415 :
1492 1394 1504 1423 [
1516 1391 1549 1416 Et
1562 1397 1639 1426 togas
1658 1387 1743 1416 fibulis
1754 1387 1800 1415 ad-

1005 1428 1106 1456 stristas
1116 1449 1123 1460 ,
1145 1438 1259 1465 purpura
1269 1437 1416 1465 praeteXtas
1429 1449 1436 1459 ,
1457 1427 1574 1465 puniceo
1589 1429 1682 1456 colore
1691 1428 1800 1455 alternis

1006 1468 1159 1496 intertexto
1170 1489 1178 1500 ,
1198 1477 1260 1505 quas
1272 1477 1369 1496 vocant
1380 1468 1480 1495 trabeas
1489 1489 1498 1500 ‚
1520 1468 1568 1496 lib.
1581 1480 1606 1497 7..
1619 1471 1702 1497 Rom.
1712 1468 1800 1506 antiq.

1006 1510 1141 1536 Praeterea.
1152 1518 1166 1536 e
1175 1517 1229 1535 tam
1241 1508 1334 1536 multis
1343 1508 1424 1546 regiis
1435 1507 1560 1546 insigniis
1571 1529 1578 1541 ,
1589 1507 1608 1535 fi
1620 1518 1671 1546 qua
1680 1507 1742 1536 sunt
1759 1509 1802 1535 in-

1008 1548 1114 1577 vidiosa
1132 1549 1236 1586 populo
1247 1569 1255 1580 ‚
1274 1548 1374 1586 partim
1384 1548 1507 1576 miranda
1520 1569 1528 1580 ,
1550 1548 1650 1587 partim
1660 1549 1739 1586 plane
1750 1549 1803 1575 tol-

1009 1589 1091 1618 lenda
1099 1589 1193 1625 judico
1206 1599 1212 1620 ἱ
1223 1587 1329 1626 sceptra
1338 1588 1387 1616 ista
1396 1588 1458 1617 dico
1469 1611 1477 1622 ‚
1487 1592 1514 1616 δε
1524 1598 1640 1617 coronas
1649 1598 1736 1617 aureas
1748 1609 1755 1621 ‚
1776 1593 1803 1617 ἃς

1009 1640 1154 1668 purpureas
1173 1640 1236 1657 auro
1247 1630 1367 1657 intextas
1377 1629 1478 1657 trabeas
1488 1640 1495 1659 ς
1517 1629 1567 1657 nui
1578 1629 1651 1657 statis
1663 1627 1733 1657 festis
1746 1649 1754 1661 ,
1776 1633 1803 1657 δε

1010 1672 1039 1698 in
1048 1670 1155 1708 pompis
1166 1669 1373 1707 triumplialibus
1383 1669 1544 1698 ass'umantur
1555 1669 1671 1697 honoris
1681 1671 1804 1698 Deorum

1008 1710 1096 1749 gratia
1108 1730 1114 1737 .
1125 1711 1203 1738 Idem
1214 1711 1260 1738 lib.
1273 1722 1299 1745 4.
1311 1711 1395 1749 Togis
1406 1710 1545 1748 purpureis
1555 1731 1562 1742 ‚
1572 1714 1599 1738 ὅ(
1611 1709 1718 1746 punicei
1731 1709 1807 1737 coio-

1013 1752 1048 1779 ris
1059 1750 1198 1779 materiam
1209 1760 1372 1789 praetextam
1382 1750 1540 1779 habentibus
1551 1749 1642 1778 induti
1652 1771 1660 1781 ,
1680 1759 1743 1788 quas
1756 1759 1805 1777 vo-

1011 1802 1072 1819 cant
1094 1792 1194 1819 trabeas
1206 1812 1212 1818 .
1236 1791 1314 1819 Idem
1325 1791 1370 1820 lib.
1382 1799 1407 1819 (ι.
1422 1793 1432 1822 ]
1456 1794 1548 1829 Atque
1565 1790 1673 1818 Servius
1683 1790 1712 1818 in
1721 1789 1767 1819 lib.
1779 1801 1806 1821 7.

1011 1832 1131 1862 AEneid.
1146 1832 1225 1869 Virg.
1238 1832 1373 1867 [Secund.
1383 1831 1480 1860 trabeae
1491 1841 1574 1868 genus
1584 1841 1598 1859 e
1608 1839 1805 1868 purpuraaerau

1013 1882 1065 1911 que
1075 1873 1148 1910 pacis
1160 1872 1264 1909 infigite
1275 1894 1281 1899 .
1293 1874 1304 1902 ]
1317 1872 1448 1910 Idemque
1457 1870 1611 1906 symbolum
1623 1871 1650 1898 in
1662 1880 1694 1898 eo
1705 1880 1807 1908 purpu-

1011 1923 1047 1941 rae
1058 1922 1157 1950 genere
1168 1913 1203 1940 D.
1218 1914 1260 1949 Jo:
1271 1910 1417 1947 chrysost.
1427 1912 1521 1944 tradit,
1534 1910 1599 1938 hom
1621 1922 1648 1946 4.
1660 1911 1687 1939 in
1698 1910 1807 1948 epist-z.

1012 1953 1046 1982 ad
1057 1952 1181 1982 Tiinoth.
1193 1953 1227 1980 de
1238 1955 1353 1981 Nerone
1362 1954 1433 1990 Imp.
1445 1962 1541 1990 agens:
1555 1957 1565 1986 [
1577 1953 1610 1980 In
1620 1961 1682 1989 pace
1692 1951 1808 1980 trabeam

1014 1994 1092 2032 regni
1101 1994 1208 2031 infigne
1218 1992 1334 2021 ferebat.
1349 1995 1360 2024 ]
1374 1996 1412 2022 At
1421 1993 1526 2021 Plinius
1538 1991 1733 2021 diversificavit
1745 2000 1809 2029 pur-

1013 2043 1106 2072 puram
1119 2044 1132 2061 a
1143 2034 1230 2062 trabea
1242 2055 1248 2065 ,
1260 2034 1324 2062 duni
1336 2033 1445 2071 inquit.-
1462 2038 1473 2067 [
1485 2034 1610 2071 Purpuize
1623 2030 1698 2060 usum
1711 2034 1809 2060 Romae

1013 2073 1117 2112 semper
1135 2072 1208 2102 fuisti:
1220 2074 1320 2104 vide05
1339 2073 1386 2102 sed
1406 2074 1528 2103 Romulo
1547 2083 1576 2100 in
1597 2072 1685 2100 tribea
1698 2093 1705 2105 ,
1725 2072 1769 2100 lib.
1780 2082 1808 2107 9.

1014 2125 1071 2152 cap.
1082 2116 1144 2152 39.]
1158 2125 1186 2142 ac
1197 2115 1286 2142 trabea
1294 2123 1422 2142 ornatum
1434 2112 1507 2142 fuifle
1518 2113 1667 2142 Romulum
1679 2112 1810 2141 testantur

1013 2155 1151 2184 Plutarch.
1174 2156 1202 2182 in
1213 2155 1335 2184 Romulo
1345 2176 1352 2187 ,
1372 2158 1398 2183 ὃ(
1410 2154 1503 2183 Livius
1515 2173 1522 2180 .
1544 2156 1630 2192 Greg.
1642 2154 1682 2181 11.
1702 2160 1810 2189 quoque

1015 2195 1093 2232 epist.
1105 2207 1130 2223 z.
1152 2195 1183 2223 ad
1195 2196 1316 2224 Leonem
1337 2194 1418 2223 Isaur.
1439 2194 1548 2222 videtur
1566 2204 1608 2222 eas
1625 2192 1810 2227 distinguere,-

1016 2245 1078 2264 nani
1097 2235 1131 2264 sic
1142 2234 1297 2273 scripserat.-
1322 2241 1333 2270 [
1347 2235 1374 2264 Si
1386 2235 1447 2274 quis
1465 2245 1478 2263 a
1488 2243 1515 2262 te
1537 2233 1610 2272 regia
1630 2230 1790 2259 indumenta
1800 2251 1810 2263 ,

1016 2286 1161 2315 purpuram
1174 2298 1181 2309 ,
1204 2275 1329 2304 diadema
1339 2276 1436 2314 capitis
1446 2296 1454 2307 ,
1464 2275 1580 2303 trabeam
1590 2271 1728 2300 abstulerit
1739 2292 1746 2304 ‚
1756 2275 1809 2300 &c-

1017 2317 1089 2355 apud
1115 2317 1214 2345 Baton.
1234 2327 1297 2345 ann.
1318 2318 1410 2349 γεω]
1441 2315 1538 2344 Trabea
1557 2312 1628 2342 dista
1652 2310 1703 2340 fuit
1714 2333 1722 2344 ‚
1746 2310 1809 2349 quia

1015 2357 1170 2387 Transbeat
1187 2356 1316 2387 homines
1326 2376 1334 2385 .
1352 2356 1416 2386 lfid.
1428 2360 1456 2385 δε
1465 2351 1537 2392 Lips.
1549 2353 1582 2382 de
1593 2352 1770 2420 Magi¹l·{³P·
1784 2355 1809 2378 ἓ·

1731 2399 1770 2419 rat
