1866 2526
477 10 577 52 NI

124 83 159 103 ex
171 72 310 104 Cassnensi
318 70 549 109 Congtegatione
557 69 620 97 osto
639 66 762 95 Summos
773 63 919 96 Pontifices

125 125 228 154 praeter
244 114 310 144 alios
319 120 434 150 quatuor
445 120 477 138 cx
490 109 551 138 :iliis
561 106 680 145 ejusdem
703 107 792 138 Sansti
805 104 920 136 Benedi—

125 155 163 184 ἂι
173 151 445 194 congregationibus
457 162 464 181 ς
488 151 556 179 item
566 151 621 179 duo
642 149 728 177 millia
739 147 901 177 Cardinalcs
913 167 919 178 ‚

125 196 228 235 septem
240 193 326 223 millia
338 190 569 230 Arcuit-piscopos
579 213 586 224 ‚
609 195 636 219 ὃ(
649 190 796 228 Episcopos
807 188 921 227 quinde-

126 237 178 264 cim
189 235 275 264 millia
284 254 291 262 .
316 235 373 262 FR.
383 234 456 262 Item
474 231 628 261 Catinensis
650 233 843 271 Congrcgatio
855 239 907 267 prx

127 286 170 306 ter
179 278 248 305 bona
260 274 360 304 stabilia
369 295 378 307 ‚
401 277 427 302 ὃ(
438 274 576 302 Civitates·
588 293 596 306 ,
607 283 635 300 ac
646 282 728 300 terras
738 292 746 303 ,
767 280 830 308 quas
842 267 921 307 poffi-

125 317 172 346 det
194 318 223 345 in
235 314 360 354 praesenti
372 337 378 347 ‚
401 315 464 342 alias
476 314 684 342 innumerabiles
705 321 765 340 cum
779 320 855 338 inei-o
866 331 874 342 ‚
895 312 920 336 ἃ

127 358 216 386 mixto
227 356 346 396 imperio
357 353 482 393 possedit,
494 364 556 392 quas
565 354 652 382 oculis
663 352 775 392 quisque
787 360 922 388 percurre—

127 409 154 427 re
167 398 253 436 potest
265 408 293 425 in
307 396 426 425 Bullario
437 394 576 423 Catinensi
588 395 688 423 duobus
699 392 782 421 tomis
800 400 922 419 recenter

125 439 156 467 ab
168 437 357 467 Eruditiffimo
367 457 374 468 ,
399 439 425 464 ὃ(
439 436 468 463 in
479 436 568 464 studio
577 434 770 472 antiquitatum
783 430 908 461 Consum

125 477 271 507 matissimo
290 478 360 507 Vito
372 497 379 508 ‚
403 480 430 505 ὃς
452 487 465 505 a
479 486 521 504 me
539 473 745 504 Colendislimo
767 473 866 502 Amico
886 474 920 500 R.

127 520 197 548 Abb.
217 521 247 548 P.
259 520 295 547 D.
305 515 442 547 Cornelio
453 516 608 555 Margatino
626 515 657 543 in
667 515 755 543 lucem
764 513 843 556 edito
866 523 872 539 :
886 513 900 554 Η
913 523 918 538 :

127 560 289 588 Mirificavit
308 559 385 586 enim
395 557 587 587 Benediffinos
605 556 680 584 Deus
691 555 720 583 in
733 563 812 583 terris
824 575 831 585 ,
854 555 881 580 ἃ
894 562 920 595 iu

126 601 217 629 Cot-lis
228 622 236 633 ,
254 600 297 629 ubi
310 599 386 627 nobis
396 597 503 636 cogniti
514 607 545 626 ex
558 595 610 624 hoc
622 596 721 624 ordine
731 593 872 623 aeternales
883 602 919 619 ei-

127 651 173 669 ves
185 662 192 673 ,
215 652 246 669 ex
258 640 373 679 quodam
385 641 423 666 M.
434 638 458 666 S.
481 637 596 675 antiquo
605 645 787 665 monumento
799 636 827 663 iu
840 635 915 676 Mon:

127 691 153 709 te
164 681 267 709 Casino
277 679 408 709 asservato
422 677 640 706 manifestantur:
666 677 776 712 [Sancti
787 672 916 704 Monaclii

126 721 173 750 iub
185 722 276 759 regula
295 719 385 748 Sancti
398 718 483 747 Patris
494 717 551 746 noll
557 717 579 745 ri
599 717 741 746 Benedic‘ti
759 715 918 744 canonizati

126 761 188 789 suut
201 770 316 788 numero
335 758 512 797 quadraginta
522 768 641 796 quatuor
650 757 737 785 millia
748 779 754 790 ,
777 761 804 786 ὃς
817 757 918 793 vigint]

124 801 179 829 duo
191 823 198 832 ‚
220 810 335 838 quorum
346 809 467 838 quinque
479 799 567 827 millia
589 798 788 837 quinquaginta
798 805 920 839 quinque

125 840 236 870 fuerunt
256 840 387 869 Monachi
406 840 494 868 Sanffi
506 839 645 868 Benediffl
667 838 825 867 Monasterii
844 838 919 863 cnr

123 881 212 917 nensis
223 903 231 914 ι
255 882 409 919 ibidemque
421 879 520 918 sepulti
530 900 537 906 -
551 882 562 910 ]
589 881 651 908 Imo
669 878 848 909 Tamburinus
860 877 909 904 San

123 923 180 951 &os
190 922 368 950 canonizatos
395 931 406 956 5
416 931 498 955 5700.
510 930 633 948 numerat
644 943 650 948 .
676 922 733 949 PR.
743 918 788 947 sed
800 920 919 955 joannes

125 964 193 1000 Papa
202 963 293 990 XXII.
311 960 495 990 diversimode
505 960 617 988 calculat
627 980 637 996 ‚
659 960 692 989 sic
704 959 838 988 scribens:
866 959 920 991 [E-

123 1013 161 1040 go
171 1003 291 1040 Joannes
303 1004 394 1031 XXII.
417 1000 522 1030 extrahi
534 1000 584 1028 feci
596 1001 630 1028 tle
641 1001 798 1029 sannorum
810 998 906 1027 Catalo

125 1053 163 1082 go
173 1053 268 1071 omnes
288 1043 414 1074 Sanftos‚
436 1046 463 1070 ὃ(
475 1042 602 1069 Ρηεὶτιῐος
615 1063 622 1074 ,
647 1040 866 1077 Monasteri.1que
888 1036 921 1064 dc

123 1083 240 1113 Ordine
251 1081 413 1111 Sanftiffimi
425 1081 568 1110 Benedicti
579 1102 587 1114 ‚
607 1081 654 1119 qui
665 1082 694 1109 ab
705 1082 786 1120 ipsius
796 1086 921 1116 tempore

126 1123 210 1162 usque
221 1123 253 1151 ad
264 1123 353 1151 nostra
377 1123 484 1150 fuerunt
495 1131 618 1160 tempora
630 1142 637 1149 .
659 1121 822 1150 Invenimus
832 1127 919 1160 autem

124 1175 159 1193 ex
170 1162 340 1192 Sant‘tissimo
362 1162 435 1191 illius
445 1162 558 1191 Ordine
581 1163 704 1191 Summos
722 1160 870 1190 Pontifices
880 1167 917 1185 vl>

127 1205 203 1244 giuti
221 1213 353 1242 quatuor:
376 1202 537 1231 cardinales
555 1203 687 1231 ducentos
697 1225 704 1236 ‚
727 1208 739 1237 (
752 1205 850 1239 corrige
870 1201 921 1228 duo

125 1245 241 1276 millia)
264 1241 492 1281 Archiepiscopos
510 1241 614 1281 septem
636 1243 724 1271 millia
734 1265 742 1276 ,
774 1241 921 1280 episcopos

124 1284 284 1324 quindecim
295 1283 381 1312 millia
392 1305 400 1316 ‚
424 1283 536 1312 Abbates
547 1284 704 1322 quindecim
714 1283 802 1311 millia
814 1304 820 1314 ,
843 1285 869 1309 δε
880 1279 919 1308 se-

123 1325 266 1364 ptuaginta
285 1334 399 1363 quatuor
411 1345 418 1356 ‚
441 1334 557 1362 quotum
575 1324 750 1352 confirmatio
768 1322 868 1361 spet‘lat
883 1319 921 1364 *ad

124 1369 228 1404 Papam
238 1386 245 1393 .
267 1366 377 1394 Sanetos
396 1365 574 1393 canonizatos
592 1365 714 1403 quinque
732 1365 820 1392 millia
842 1371 921 1401 quin-

124 1416 223 1447 gentos
233 1427 244 1442 ,
265 1410 292 1434 ὅ(
313 1404 510 1444 quinquaginta
522 1406 644 1443 quinque
655 1427 662 1438 ‚
685 1404 805 1443 exceptis
815 1405 920 1437 Marty-

125 1448 196 1476 ribus
209 1468 216 1479 ‚
228 1457 260 1474 ex
273 1455 388 1484 quorum
400 1455 515 1473 numero
528 1446 569 1474 isti
581 1447 655 1483 pauci
666 1446 812 1474 admodum
823 1442 922 1472 desti-i-

126 1488 228 1516 buntur
238 1507 244 1514 .
267 1486 374 1515 Sanetus
388 1485 509 1513 Placidus
522 1486 607 1514 Abbas
619 1507 626 1518 ‚
650 1496 678 1513 ac
689 1484 852 1513 Santstis'simi
875 1485 922 1512 Be·

126 1526 231 1555 nediffl
258 1525 403 1562 discipulus
412 1535 472 1553 cum
494 1526 610 1564 triginta
622 1525 703 1554 tribus
716 1523 858 1554 monachis
879 1523 924 1551 sub

129 1569 252 1595 Mamuci
262 1566 339 1593 Duce
350 1566 485 1600 martyrio
496 1576 642 1594 coronatur
652 1586 658 1593 .
669 1567 779 1594 Sanetus
788 1564 921 1594 Rei-tarius

127 1607 215 1636 Abbas
226 1606 328 1634 Montis
339 1605 434 1634 Casini
445 1627 452 1638 ,
474 1616 534 1634 cum
547 1606 667 1644 pluribus
678 1628 686 1639 ,
709 1616 831 1645 peneque
843 1606 924 1633 innu-

127 1646 296 1676 merabilibus
318 1645 462 1674 Monathis
482 1657 528 1684 pei·
545 1647 709 1682 martyrium
729 1657 789 1675 cnm
807 1645 923 1674 Christo

126 1688 247 1726 gaudent
260 1687 287 1714 in
298 1697 429 1714 xternum
439 1706 446 1714 .
469 1688 670 1726 Quampluriini
683 1698 813 1725 preterea
826 1688 918 1714 Mona·

127 1728 173 1756 chi
186 1750 193 1761 ,
205 1732 232 1756 δε
243 1727 312 1766 quasi
326 1727 396 1755 infin
410 1737 430 1755 ti
442 1727 471 1755 in
482 1729 571 1756 &cilia
581 1740 594 1756 a
606 1729 744 1758 Saracenis
757 1750 763 1760 ,
785 1726 851 1756 &in
864 1728 923 1754 Mo-

128 1768 246 1797 nasterio
267 1769 468 1796 Nonantulano
486 1778 499 1796 a
516 1770 634 1797 Barbam
645 1790 652 1800 ,
675 1773 701 1797 ὃ(
715 1769 744 1796 ιιι
756 1767 923 1796 monasterio

131 1809 222 1836 Sancti
235 1808 380 1836 Vincentii
391 1808 462 1846 apud
472 1810 597 1837 Montem
607 1809 737 1837 Casinum
747 1820 761 1837 a
771 1809 840 1837 stod
849 1822 855 1834 l-
867 1810 922 1836 Re-

127 1858 161 1886 ge
174 1847 280 1877 Christi
291 1850 425 1882 Martyres
437 1848 497 1877 sunt
508 1848 593 1878 effesti
605 1870 612 1877 .
623 1851 712 1878 Sansti
722 1848 851 1877 Monachi
861 1847 922 1876 mil-

129 1889 165 1921 le,
176 1892 202 1917 ὅ(
214 1887 396 1927 septingenti,
409 1893 436 1917 ὃ(
447 1887 584 1918 sexdecim
595 1901 610 1918 a
621 1893 700 1928 Rege
710 1888 839 1928 Josaphat
849 1899 922 1917 moi·—

130 1930 180 1962 tui‚
193 1938 239 1966 per
250 1929 410 1964 martyrium
419 1931 519 1958 coelum
528 1930 706 1959 ascenderunt
718 1950 724 1957 .
734 1931 842 1959 sauctus
856 1932 922 1958 Por—

128 1970 214 1997 carius
228 1970 312 1998 Abbas
321 1990 330 2002 ‚
339 1980 398 1998 cum
409 1980 570 2009 quingentis
581 1971 722 2000 Monachis
733 1971 858 2006 martyrii
868 1971 922 2008 pal-

128 2020 199 2038 mam
208 2009 245 2038 est
257 2010 367 2048 adeptus
376 2030 383 2037 .
405 2011 493 2039 Sanc'ti
514 2011 643 2040 Monachi
661 2012 739 2040 omni
751 2011 919 2049 perfectione

129 2050 206 2089 pleni
224 2050 394 2089 noningenti
414 2050 443 2079 in
461 2052 626 2080 Monasterio
645 2051 829 2082 Benchorcnsi
841 2051 920 2079 truci-

128 2092 185 2120 dati
198 2111 204 2118 .
228 2093 381 2126 Martyrum
390 2091 522 2130 Collegio
532 2091 593 2120 sunt
603 2092 712 2131 ascripti
723 2093 811 2121 Sane‘ti
825 2093 919 2120 Mona-

129 2132 175 2160 chi
186 2142 297 2160 centum
312 2154 319 2165 ‚
342 2131 515 2160 &sexdecim
527 2143 576 2170 pro
586 2133 695 2162 Christi
714 2133 767 2161 fide
778 2134 807 2160 in
823 2134 905 2161 Mona

129 2172 212 2201 sterio
230 2173 371 2201 Turonico
389 2174 562 2208 martyrizati
580 2172 644 2202 sunt
653 2194 660 2201 .
683 2174 793 2202 Sanetus
812 2174 918 2212 Aygul-

128 2211 197 2250 phus
211 2213 298 2241 Abbas
317 2223 377 2241 cum
389 2213 514 2251 plurimis
523 2213 603 2242 sociis
612 2212 666 2242 suis
677 2235 684 2247 ,
707 2217 733 2242 δ(
749 2213 820 2252 quasi
841 2213 920 2241 innu-

129 2253 299 2282 merabilibus
308 2253 454 2283 Monachis
465 2254 495 2282 in
506 2254 587 2283 India
598 2276 605 2287 ,
616 2255 646 2283 in
657 2256 809 2292 Menteque
821 2255 918 2287 Tabor,

127 2297 156 2323 ὅ(
165 2293 195 2321 in
206 2294 373 2323 Monasterio
384 2294 519 2324 Lirinensi
531 2295 644 2323 diversis
654 2297 813 2329 tormentis,
824 2297 851 2323 ὃ(
862 2305 921 2323 cru—

1286 9 1335 52 N
1366 7 1387 50 1
1642 22 1724 64 457

977 63 1123 101 trucidati,
1142 69 1216 98 coelo
1228 67 1302 96 inter
1312 67 1447 103 Martyres
1457 65 1624 96 suntdonati
1635 88 1642 95 .
1665 69 1726 98 Hos
1742 65 1778 96 de

975 107 1069 135 multis
1081 117 1208 147 tanquam
1219 107 1365 138 Rosarium
1377 119 1384 139 i
1394 107 1506 136 rimitiae
1517 106 1642 145 eligimus
1653 119 1660 136 :
1683 106 1778 137 (και-ἰ

976 156 1044 177 vero
1054 158 1108 186 pne
1131 148 1310 178 multitudine
1331 159 1345 176 a
1365 147 1481 177 Christo
1499 147 1560 176 solo
1581 157 1758 178 numerantur
1768 167 1778 175 .

976 189 1142 218 Monalleria
1156 199 1222 218 vero
1232 189 1354 219 Ordinis
1365 187 1485 226 ejusdem
1495 187 1554 216 liaec
1573 187 1686 216 inventa
1696 188 1759 217 sunt
1770 194 1782 215 .·

978 228 1155 258 Abbatiarum
1166 230 1282 268 triginta
1293 229 1344 258 tria
1355 228 1577 267 millia,1‘raeposi
1583 237 1704 257 turarum
1713 239 1778 267 qua-

979 270 1133 298 tuordecim
1141 271 1230 299 millia
1241 292 1250 304 ,
1268 269 1365 308 absque
1386 269 1532 297 mulierum
1542 269 1689 298 Coenobiis
1701 289 1708 296 .
1731 268 1778 297 Ut

979 319 1070 338 aurem
1089 311 1167 340 brevi
1185 312 1281 340 cuneta
1299 309 1426 338 sermone
1448 310 1610 338 concludam
1623 331 1630 342 ‚
1649 313 1779 340 Romana

979 351 1096 379 Ecclesia
1114 362 1163 390 per
1171 352 1340 391 quingentos
1350 360 1436 379 annos
1446 350 1477 378 ab
1496 351 1547 379 isto
1557 349 1724 379 sanctissimo
1736 359 1780 377 rc-

978 391 1019 419 sta
1028 391 1066 419 cst
1074 392 1187 421 Ordine
1195 412 1203 420 .
1227 392 1282 422 Hic
1291 401 1382 420 autem
1395 391 1444 419 ista
1455 390 1592 429 posuimus
1611 391 1645 419 ad
1655 390 1710 420 Dei
1721 391 1779 419 lau-

979 431 1042 459 dem
1056 454 1064 465 ,
1087 437 1114 461 δ(
1124 433 1241 471 gloriam
1252 455 1258 465 ,
1269 432 1302 461 ad
1314 431 1504 469 honoremque
1514 430 1679 461 Sanftiffimi
1690 433 1779 460 Bene-

975 471 1044 500 disti
1055 494 1062 505 ,
1073 472 1183 511 ejusque
1193 472 1369 502 Sanctissimae
1382 472 1541 511 Religionis
1552 494 1559 505 ‚
1571 476 1599 502 ὃ(
1610 469 1779 501 coniblatio-

978 522 1041 540 nem
1051 512 1097 541 sub
1107 517 1161 548 ejus
1172 512 1340 542 sanstiffimo
1352 512 1510 552 magisterio
1521 513 1702 542 militantium
1714 533 1723 545 ‚
1747 521 1778 540 ut

976 551 1142 590 supradistos
1162 555 1273 583 Sanetus
1285 564 1334 592 pro
1344 552 1562 582 intercessoribus
1577 554 1610 582 ad
1621 552 1779 582 Dominum

976 592 1108 622 habentes
1120 616 1128 627 ,
1150 596 1184 623 ad
1195 604 1288 623 eorum
1298 596 1453 623 animentur
1465 594 1598 623 imitanda
1609 593 1734 632 vestigia,
1745 601 1776 620 ut

977 633 1088 662 deinum
1098 635 1129 662 ad
1139 635 1249 664 illorum
1260 635 1318 673 post
1329 645 1447 663 mortem
1459 644 1615 664 mereantur
1628 633 1778 673 pervenire

978 673 1147 704 consortium
1157 697 1165 708 ,
1188 679 1214 704 ἃ
1226 676 1343 715 gloriam
1355 688 1361 707 5
1383 676 1426 704 ubi
1438 685 1567 704 aeternani
1579 686 1639 704 cum
1652 675 1724 703 illius
1734 684 1778 701 re-

976 714 1039 753 quie
1049 715 1172 744 fruantur
1183 737 1190 748 ,
1213 726 1441 754 permaneantque
1453 717 1481 744 in
1493 715 1589 744 secula
1599 715 1758 744 seculorum
1769 735 1777 742 .

979 759 1071 784 Amen
1082 777 1089 784 .
1100 757 1202 785 Bullar.
1213 757 1305 785 Calin.
1318 767 1386 785 toni.
1403 768 1425 785 i.
1438 756 1648 791 const-41.]:j{:
1662 755 1778 793 Insuper

977 796 1132 825 Catinensis
1144 798 1229 825 Abbas
1242 796 1420 836 infrascriptis
1430 797 1519 825 titulis
1528 796 1681 830 srue'mtur,
1702 805 1731 823 ut
1742 805 1777 823 ex

977 837 1090 874 epistola
1101 838 1280 875 Imperatoris
1291 838 1433 876 colligitur
1443 860 1450 871 ,
1463 847 1560 875 nempe
1573 849 1578 864 .-
1603 835 1773 873 [Lotharius

976 877 1030 905 Dei
1051 878 1138 916 gratia
1149 881 1338 907 Romanorum
1361 881 1518 917 Imperator
1540 878 1676 917 Augustus
1695 876 1776 906 Dile·

977 916 1095 946 etiffiino
1105 918 1181 947 fideli
1191 919 1240 947 suo
1259 919 1399 948 Giubaldo
1408 918 1549 948 Casineusi
1559 916 1704 948 Gerarchre
1720 938 1726 949 ι
1750 919 1778 944 ὅ(

981 959 1063 986 Rom.
1076 959 1191 997 Imperii
1202 960 1380 989 Cancellario
1392 982 1399 993 ,
1412 964 1438 989 ὅ(
1451 958 1584 998 Magistro
1593 958 1778 997 CappeHano,

976 998 1099 1037 Principi
1119 1000 1210 1028 Pacis.
1231 999 1341 1029 Chron.
1361 1001 1490 1029 Casinen.
1510 1000 1556 1028 lib.
1566 1012 1593 1035 4.
1610 1010 1668 1038 cap.
1684 1010 1715 1027 ιι
1726 1009 1746 1026 ι.
1760 999 1774 1028 ]

978 1038 1064 1068 Unde
1081 1051 1138 1067 non
1149 1040 1287 1069 immerito
1308 1052 1336 1069 ea
1355 1041 1477 1080 dignitas
1498 1041 1598 1068 nedum
1614 1041 1645 1068 ab
1657 1037 1779 1077 ipsismet

977 1080 1166 1108 Cardinali'bus
1176 1082 1355 1119 exoptabatur
1365 1103 1373 1114 ‚
1398 1092 1492 1109 verum
1505 1081 1586 1109 etiam
1598 1081 1712 1109 Abbites
1723 1080 1778 1108 Ca—

977 1120 1093 1148 liuenses
1111 1122 1143 1149 ad
1154 1120 1230 1150 suum
1242 1121 1420 1150 Pontificatus
1439 1122 1544 1160 apicem
1567 1121 1690 1159 perdusti
1702 1119 1778 1158 prio-

976 1170 1033 1188 rem
1045 1161 1156 1190 titulum
1166 1163 1284 1191 retinere
1297 1163 1444 1191 volucrunt
1459 1182 1465 1189 .
1486 1164 1585 1191 Baron.
1594 1172 1637 1190 an.
1653 1171 1734 1196 1057.
1748 1170 1778 1189 n.

981 1210 990 1227 1
1000 1212 1025 1228 ι.
1037 1202 1112 1236 Quin
1123 1206 1150 1230 ὀ(
1163 1206 1184 1231 Λ
1190 1203 1248 1231 bbas
1259 1203 1414 1232 Casincnsis
1424 1202 1628 1231 consecrabatur
1637 1202 1668 1230 ab
1679 1201 1779 1230 eodem

977 1242 1115 1271 Pontifice
1128 1253 1184 1271 non
1194 1254 1256 1277 raro
1267 1265 1275 1276 ,
1288 1254 1314 1272 ac
1327 1254 1354 1271 in
1368 1246 1457 1272 Conc-
1470 1246 1599 1273 Romano
1611 1241 1657 1271 sub
1667 1241 1777 1271 Pascha-

976 1281 1048 1311 1¹11.
1061 1283 1094 1311 de
1105 1293 1168 1311 anti.
1183 1291 1267 1313 1116.
1278 1285 1364 1313 Abbis
1377 1285 1510 1313 Abbatum
1531 1283 1720 1313 Casinensium
1729 1283 1786 1311 Su*

979 1324 1071 1360 perior
1082 1324 1231 1353 declaratus
1243 1324 1292 1353 fuit
1306 1349 1310 1353 .
1326 1325 1394 1361 Quae
1406 1325 1496 1353 omnia
1506 1324 1638 1363 siquidem
1649 1323 1778 1362 spiritua-

976 1364 1012 1392 lia
1022 1385 1030 1397 ,
1053 1368 1080 1393 ὅ(
1093 1366 1253 1403 temporalia
1265 1388 1272 1399 ,
1286 1377 1298 1394 a
1309 1366 1371 1394 Deo
1380 1388 1387 1398 ‚
1411 1370 1437 1394 δι
1447 1365 1605 1394 hominibus
1624 1365 1686 1393 huic
1697 1364 1778 1394 Reli-

977 1404 1057 1443 gioni
1071 1415 1127 1433 non
1136 1406 1190 1434 alia
1199 1406 1234 1434 de
1253 1405 1328 1434 causa
1338 1407 1474 1435 cumulata
1486 1428 1494 1439 ,
1519 1406 1569 1434 nisi
1580 1417 1611 1434 ex
1623 1405 1779 1434 Sant‘titatis

976 1445 1071 1478 odore,
1083 1447 1305 1484 quaesua-vi-ter
1313 1449 1370 1475 olet
1385 1469 1391 1478 ,
1404 1450 1495 1475 exacta
1507 1447 1635 1474 nimirum
1647 1445 1782 1478 obedien-⁴

980 1487 1018 1514 tia
1028 1507 1036 1519 ,
1050 1486 1203 1515 inconcuss‘a
1215 1487 1388 1516 observantia
1402 1510 1408 1520 ,
1421 1497 1501 1525 atque
1510 1485 1697 1525 profusissimis
1706 1486 1778 1514 elee-

979 1525 1101 1561 mosynis
1112 1549 1120 1559 ,
1143 1538 1193 1566 qua
1207 1528 1354 1567 fragrantia
1373 1529 1479 1556 aurach
1492 1528 1600 1564 ipsimet
1618 1530 1707 1565 Reges
1718 1548 1725 1559 ,
1748 1537 1778 1555 ac

978 1569 1160 1605 Imperatores
1171 1567 1284 1607 sceptra,
1296 1580 1322 1597 :ic
1333 1569 1484 1596 diademata
1493 1569 1673 1606 deponentes,
1686 1566 1780 1605 super-

979 1608 1069 1636 stitem
1091 1609 1156 1637 vitae
1168 1608 1273 1637 cursum
1286 1609 1316 1637 in
1333 1609 1385 1638 hoc
1404 1609 1552 1637 mon-:illico
1572 1608 1702 1636 instituto
1713 1607 1757 1645 pie
1767 1629 1778 1642 ,

977 1647 1121 1687 sansteque
1132 1650 1234 1677 duxere
1246 1671 1252 1676 .
1264 1651 1356 1688 Igitur
1367 1650 1458 1678 eadem
1472 1649 1631 1678 devotionis
1641 1647 1718 1679 causa
1725 1646 1778 1677 sse-

979 1689 1078 1717 iulares
1087 1690 1191 1718 Clerici
1205 1711 1212 1722 ‚
1223 1700 1251 1718 ut
1261 1690 1442 1728 supradic‘tum
1455 1691 1491 1718 est
1504 1713 1510 1723 ‚
1534 1690 1644 1728 nigrum
1654 1688 1777 1718 habitum

979 1728 1152 1768 susceperunt
1163 1751 1169 1757 .
1194 1731 1285 1766 Qiare
1296 1729 1354 1759 haec
1365 1730 1527 1759 fimftzffima
1537 1730 1652 1768 Religio
1671 1739 1757 1759 mater
1766 1752 1775 1764 ‚

979 1780 1007 1798 ac
1018 1770 1144 1809 magistra
1163 1770 1330 1800 diversarum
1351 1773 1531 1800 claustralium
1542 1793 1550 1803 ,
1574 1781 1602 1799 ac
1613 1770 1776 1800 militarium

979 1811 1108 1839 ordinum
1130 1811 1182 1839 fuit
1194 1833 1202 1843 ,
1222 1822 1302 1850 atque
1315 1813 1400 1849 prima
1419 1811 1540 1840 noscitur
1558 1812 1588 1840 in
1598 1811 1777 1840 Occidente.

981 1857 993 1886 [
1006 1851 1205 1880 Monasterium
1225 1853 1362 1890 quoddam
1375 1864 1403 1880 in
1425 1855 1552 1881 Francia:
1576 1861 1632 1880 erat
1641 1861 1729 1880 autem
1740 1852 1776 1881 de

978 1892 1078 1920 ordine
1090 1892 1231 1931 nigrorum
1242 1913 1248 1920 .
1273 1892 1372 1922 Caesai'.
1384 1894 1428 1921 lib.
1439 1905 1465 1928 4.
1477 1904 1534 1930 cap.
1551 1904 1593 1921 12.
1618 1892 1704 1921 Abbas
1715 1894 1775 1931 qui-

978 1933 1040 1960 dam
1054 1932 1128 1971 nigri
1141 1933 1255 1961 ordinis.
1266 1934 1343 1962 Idem
1354 1944 1410 1971 cap.
1428 1941 1470 1962 io.
1482 1936 1493 1964 ]
1506 1933 1660 1971 Eademque
1669 1932 1702 1961 de
1714 1944 1776 1961 cau-

977 1972 1004 2001 sa
1020 1973 1158 2001 dicebatur
1179 1975 1357 2002 (Es-:bratteas
1380 1976 1413 2002 Bc
1419 1975 1622 2003 nedictinorum
1647 1972 1752 2002 habitus
1763 1996 1773 2008 ‚

979 2013 1208 2052 quemadmodum
1226 2015 1255 2042 in
1275 2024 1331 2042 viti
1352 2016 1376 2043 S.
1388 2015 1510 2044 Bercorii
1529 2015 1640 2043 Abbatis
1652 2013 1752 2053 legitur
1764 2037 1773 2048 ,

982 2054 1047 2083 idest
1059 2066 1066 2084 ς
1079 2047 1279 2092 [Nequaquam
1293 2054 1374 2093 pass‘us
1386 2055 1423 2083 est
1435 2055 1612 2084 umbraticum
1623 2054 1774 2084 Monachos

977 2095 1111 2134 gestantes
1131 2094 1252 2123 habitum
1263 2117 1270 2128 ‚
1297 2094 1403 2134 absqiie'j
1413 2097 1503 2134 aliqua
1524 2096 1635 2125 ulterius
1652 2096 1772 2125 aberrare

978 2136 1102 2164 doeirnm
1113 2155 1119 2161 .
1131 2137 1142 2166 ]
1165 2139 1265 2164 Eorum
1276 2136 1430 2165 Civitatem
1440 2157 1447 2164 .
1468 2137 1541 2166 Vide
1554 2137 1774 2175 Eulogimenopo-

976 2177 1012 2205 lis
1023 2197 1030 2204 .
1049 2176 1184 2204 Officuim
1195 2178 1224 2204 B.
1242 2178 1279 2204 M.
1291 2177 1401 2214 quando
1410 2199 1419 2211 ‚
1429 2181 1456 2206 &
1466 2189 1480 2206 a
1491 2188 1547 2216 quo
1554 2178 1593 2205 cis
1605 2177 1711 2205 recitari
1720 2177 1774 2213 jus-

977 2215 1036 2245 sum
1047 2216 1097 2244 suit
1109 2237 1115 2244 .
1140 2217 1176 2244 Vi
1187 2219 1214 2245 le
1232 2217 1357 2254 Officium
1376 2223 1408 2247 B.
1427 2224 1470 2248 M.
1489 2224 1557 2257 Virg.
1576 2213 1696 2256 Reliqua
1711 2218 1775 2257 spe,

978 2257 1078 2286 ftantia
1087 2257 1120 2285 ad
1137 2256 1209 2285 hunc
1220 2257 1346 2286 ordinem
1358 2279 1364 2286 .
1388 2259 1461 2288 Vide
1471 2260 1567 2297 Siphon
1577 2281 1584 2292 ,
1602 2261 1752 2297 Sympaffes
1764 2281 1772 2292 ,

979 2298 1106 2331 Tabula,
1125 2297 1257 2335 Officialis
1271 2319 1278 2331 ‚
1298 2304 1335 2328 Te
1354 2304 1447 2329 Deum
1465 2301 1617 2330 laudamus
1630 2321 1638 2333 ,
1660 2305 1773 2339 Tempo-

86 2357 91 2362 .
129 2333 237 2363 ciatibus
249 2345 262 2363 a
281 2335 437 2370 Saracenis,
458 2334 622 2375 Turcisque,
646 2346 674 2365 :ic
694 2334 824 2375 Josapliat
842 2337 920 2375 Rege
936 2342 956 2361 s
981 2341 1039 2367 rius
1051 2358 1059 2365 .

1683 2382 1741 2412 Nx-
