1866 2526
128 49 210 88 742

120 134 176 162 nel.
188 144 202 162 a
213 133 317 173 Lapide
326 154 335 165 ,
344 135 372 161 ὅ(
383 135 419 162 R.
432 131 564 162 Salomon
575 151 582 160 .

212 216 280 245 Ex
321 213 528 245 LIBRO
569 197 791 242 ExoDI.

86 297 212 330 (ΖΑΗ).
228 307 253 325 v.
269 307 311 329 ¹7·
323 302 335 331 [
347 299 415 325 Ecce
426 294 575 333 percutiam
598 294 675 333 virga
686 315 694 326 ‚
715 303 775 332 quae
795 294 826 321 in
844 301 926 321 manu

121 348 181 366 mea
207 337 245 366 est
256 358 263 369 ,
283 347 379 375 aquam
397 336 519 365 fluminis
532 357 539 368 ,
560 339 588 364 ὅ(
609 344 732 364 vertetur
759 335 789 362 in
816 333 925 372 sangui-

121 389 184 407 nem
195 398 202 406 .
214 380 226 409 ]
239 381 274 406 Et
286 387 378 406 tamen
388 388 414 407 v.
430 389 475 413 19.
487 375 606 412 ejusdem
618 375 713 413 capitis
725 378 804 405 Aron
820 373 925 412 percus-

121 420 154 448 sit
165 429 244 457 aquas
253 440 262 453 ‚
278 422 307 447 ὃ(
317 429 376 446 non
387 416 497 452 Moyses
507 437 513 444 .
536 416 658 451 [Diead
669 418 748 445 Aron
759 437 766 448 ,
787 417 856 444 tolle
868 416 925 444 vir-

120 470 183 499 gam
192 469 276 491 tuam,
287 464 315 488 ὃ(
324 459 442 488 extende
451 466 564 486 manum
576 467 650 486 tuam
659 455 738 495 super
746 467 832 494 aquas.
839 455 921 491 [Res-

120 501 250 540 ponde0‚
269 500 362 534 Moysi
374 509 541 537 praeceptum
552 499 604 527 suit
614 520 622 531 ,
641 506 670 526 ut
682 498 781 527 Nilum
800 507 922 536 percute-

121 551 182 573 ret5
202 541 294 570 Aroni
306 551 372 568 vero
385 562 392 573 ,
409 550 440 568 ut
449 540 569 579 reliquos
582 549 674 568 amnes
684 560 692 572 ,
704 543 732 567 ὃ(
743 539 818 567 rivos
828 549 923 576 percu-

122 592 212 611 teret:
234 582 271 609 ita
281 580 352 610 Isaac
366 581 521 610 Abravanel
532 602 540 613 ,
560 580 607 618 qui
627 591 661 608 ex
672 579 734 617 ipsis
752 580 840 608 verbis
851 580 921 608 Scri—

121 633 207 662 Pturae
220 621 283 651 saxis
292 632 414 661 congrue
427 621 537 660 colligit
549 620 620 649 lianc
630 620 856 648 conciliationem
866 641 872 648 .

80 665 152 703 Cap.
163 675 191 699 9.
204 673 230 692 v.
241 669 266 691 6.
281 665 469 700 [Mortuaque
478 661 541 690 sunt
552 662 645 690 omnia
663 660 813 689 animantia
824 661 922 699 AEgy—

120 704 252 744 ptiorum.
266 707 278 738 ]
291 705 354 734 Hoc
365 714 422 731 non
432 703 543 731 videtur
552 702 719 731 concordare
730 711 791 729 cum
801 702 923 740 eo‚quod

122 755 245 774 narratur
255 744 351 773 eodem
361 744 461 782 capite,
473 755 500 772 v.
512 755 540 780 9.
555 749 566 778 [
578 747 665 772 Erunt
673 743 747 770 enim
760 744 790 772 in
801 742 922 772 homini-

616 23 990 74 Contradiffiones
1011 42 1268 85 apparentes

122 93 193 131 persi
201 91 265 121 sunt
273 113 282 125 ,
303 99 334 120 ut
343 91 477 130 populum
487 88 517 119 in
527 89 588 129 lege
598 87 766 119 instruerent
775 112 784 124 ‚
804 89 844 120 ita
853 90 928 119 Cor-

978 88 1022 116 bat
1052 89 1156 127 populo
1186 89 1317 118 mufitata
1344 89 1411 120 :inni
1442 92 1625 132 praecedentis
1652 98 1779 132 fertilita.

979 138 1025 159 te-

939 170 1010 208 Cap.
1026 180 1069 199 12.
1080 179 1107 199 v.
1121 181 1168 206 4m
1189 176 1202 206 [
1217 169 1362 200 Habitatio
1373 181 1462 203 autem
1479 175 1599 207 filiorum
1610 180 1692 212 Isarel
1704 204 1713 217 ,
1731 193 1783 223 qua

984 211 1144 240 manserunt
1153 212 1183 240 in
1192 211 1340 251 AEgypm,
1351 211 1403 242 fuit
1412 215 1656 254 quadrigentorum
1667 223 1782 263 triginta

980 254 1139 283 annorum]
1149 253 1267 281 Certum
1278 263 1371 282 tamen
1379 253 1417 282 est
1426 253 1499 283 filios
1510 257 1591 288 Israel
1600 272 1660 292 non
1671 263 1784 294 manfis.

980 291 1008 320 se
1022 302 1102 322 tanto
1114 303 1238 332 tempore
1247 295 1278 323 in
1289 294 1425 334 AEgypto
1435 315 1442 322 .
1465 296 1526 325 Nec
1537 303 1623 336 potest
1631 303 1700 332 sumi
1714 315 1781 334 tem·

979 343 1027 371 pus
1037 333 1091 362 hoc
1101 344 1115 362 a
1129 335 1354 373 peregrinatione
1367 333 1518 365 Abrahami
1537 339 1568 369 in
1578 341 1710 382 AEgypto
1722 368 1730 379 ‚
1752 350 1780 375 ὃ(

977 374 1149 404 cananitide
1158 395 1165 403 .
1186 376 1286 405 Obstat
1304 376 1380 404 enim
1389 379 1470 406 Text.
1492 380 1565 408 Gen.
1591 392 1600 409 1
1610 392 1635 417 ς.
1653 386 1696 413 uhi
1706 388 1782 415 Deus

979 414 1120 453 promittit
1141 415 1298 446 Abraliamo
1319 417 1442 455 posteros
1458 420 1512 454 ejus
1534 424 1694 461 peregrinos
1710 426 1781 455 sores

978 465 1066 485 annos
1076 468 1142 491 400.
1155 456 1322 495 Respondeo
1331 458 1420 497 igitur
1430 459 1461 488 ab
1471 459 1520 488 illa
1530 464 1726 499 praedicatione
1740 467 1782 496 us-

978 507 1031 536 que
1041 499 1071 526 ab
1080 497 1241 526 ablactatum
1251 498 1324 528 Isaac
1335 521 1342 532 ‚
1354 499 1459 528 fluxisse
1469 510 1555 530 annos
1567 503 1693 543 triginta,
1702 510 1730 535 δ(
1741 506 1781 536 in-

977 541 1011 568 de
1021 539 1054 567 ad
1064 539 1195 576 egressum
1207 540 1329 569 filiorum
1339 539 1421 570 Israel
1438 542 1469 570 ab
1477 541 1612 582 AEgyvpto
1621 557 1705 576 annos
1715 558 1783 583 400.

977 580 1025 619 qui
1036 579 1114 608 simul
1123 580 1277 609 conficiunt
1285 591 1373 610 annos
1384 593 1417 619 43
1424 593 1450 610 0.
1460 583 1650 616 confirmatur
1661 588 1783 617 testimo-

977 621 1025 650 nio
1036 621 1142 650 S-Pauli
1152 621 1185 649 ad
1194 623 1316 660 Gai.3.v.
1325 634 1332 650 ι
1341 634 1366 654 7-
1378 623 1424 654 ubi
1435 623 1475 651 ait
1486 626 1588 664 Legem
1597 628 1658 665 post
1670 628 1784 657 tertium

978 659 1101 690 mensem
1111 662 1142 691 ab
1154 662 1256 700 egressil
1266 663 1388 692 filiorum
1399 664 1484 693 Ili-:tel
1495 665 1587 695 datam
1597 679 1610 696 a
1622 669 1696 702 Deo,
1707 669 1784 698 fuisse

977 702 1180 773 ξτὲἔωιιῐςαιωη
1192 705 1271 732 annis
1283 714 1350 741 430.
1368 703 1428 743 post
1442 707 1652 743 promissionem
1664 709 1782 740 Abmhae

988 754 1001 772 a
1031 753 1072 771 am
1082 762 1090 771 .

121 787 167 815 bus
178 808 186 818 ,
205 785 374 821 &jumentis
383 785 491 820 ulcera]
513 788 540 813 δε
553 794 578 813 ν.
587 795 630 821 19.
642 783 787 812 invenitur
796 784 847 813 alia
856 795 922 812 con-
937 782 1009 822 Cap.
1026 793 1035 810 i
1045 794 1152 820 2..v.47..
1163 790 1176 820 [
1188 786 1256 814 Nox
1267 784 1314 814 ista
1324 784 1362 813 est
1372 785 1549 816 observabilis
1562 789 1782 831 Domini,quan-

119 827 265 856 tradistio:
288 828 590 865 [Congregajumenta
609 827 677 856 tua]
699 824 717 852 si
728 834 812 854 omne
821 825 923 854 animal

119 876 260 897 mortuum
280 867 366 896 fuerat
378 889 385 900 ,
408 867 549 905 quomodo
567 865 647 903 super
663 868 786 899 jumenta
806 866 922 896 immisit

120 909 196 937 Deus
205 909 296 939 ulcera
308 930 312 937 .
325 912 352 937 ὅ(
361 908 453 946 postea
464 907 630 947 grandines?
642 905 923 945 Respondeo‚anima-

119 950 157 979 lia
167 949 256 978 solum
266 950 296 977 in
306 949 377 987 agris
388 958 495 977 mortua
504 948 567 976 sunt
586 947 615 975 in
627 948 711 986 priori
722 948 801 986 plaga
811 971 818 981 ,
838 949 876 976 im
886 951 923 977 R.

121 991 256 1020 Salomon
266 1011 273 1023 ,
294 993 322 1018 δε
334 993 369 1019 R.
380 990 453 1019 Isaac
467 989 622 1019 Abi-avane!
635 1009 643 1021 ‚
662 990 709 1026 qui
721 990 836 1027 probant
852 989 927 1017 hanc*

119 1030 323 1070 expositionem
334 1042 367 1058 ex
381 1031 468 1059 verbis
487 1029 610 1066 ejusdem
628 1030 722 1066 capitis
744 1041 770 1059 v.
792 1041 817 1067 3.
829 1030 923 1068 quibus

119 1072 301 1101 denunciatur
310 1070 445 1100 Pharaoni
455 1072 559 1110 plagas
571 1073 638 1098 Ecce
649 1081 742 1099 manus
753 1081 811 1099 mea
821 1071 872 1098 erit
882 1070 924 1098 su-

121 1124 170 1152 per
181 1123 260 1152 agros
271 1123 340 1141 tuos.
352 1114 364 1145 ]
376 1113 476 1141 Dicere
487 1113 569 1141 etiarn
580 1112 675 1140 licebit
684 1122 814 1140 externos
825 1122 925 1140 merca-

119 1163 192 1183 tores
210 1163 332 1183 armenta
350 1152 492 1192 asportasse
510 1153 540 1181 in
559 1153 745 1192 AEgyptum‚
767 1164 796 1181 ac
821 1152 921 1181 vendi-

119 1194 184 1224 difle
194 1216 200 1227 ε

80 1236 150 1276 Cap.
168 1247 248 1266 12.v.
261 1248 286 1265 2.
309 1237 433 1271 [Mensis
454 1236 502 1264 iste
514 1234 591 1265 vobis
603 1235 771 1275 principium
791 1235 922 1264 mensium

121 1278 226 1317 primus
237 1278 289 1305 erit
298 1278 328 1305 in
337 1277 469 1306 mensibus
480 1277 563 1305 anni.
583 1279 595 1308 ]
618 1277 671 1305 Iste
684 1277 784 1306 Mensis
806 1286 860 1304 erat
871 1276 923 1305 Ni-

119 1318 168 1349 san
177 1341 184 1352 ‚
199 1318 247 1357 qui
259 1317 362 1346 Martio
372 1317 569 1355 correspondet
580 1329 586 1348 3
598 1327 693 1346 contra
708 1328 776 1346 vero
787 1317 902 1357 legimus
914 1338 921 1350 ‚

118 1370 143 1388 c.
157 1370 203 1396 23.
218 1370 244 1387 v.
259 1365 302 1386 16.
323 1359 555 1393 [Solemnitatern
567 1369 675 1396 quoque
694 1358 725 1386 in
735 1359 810 1387 exitu
831 1359 896 1386 anni
910 1379 917 1390 ,

978 826 1016 854 do
1026 824 1122 854 eduxit
1134 836 1179 854 eos
1189 826 1222 854 de
1234 835 1305 854 terra
1316 825 1443 864 AEgypti
1454 846 1461 853 ·
1482 831 1493 860 ]
1516 829 1619 859 Eodem
1630 843 1697 861 vero
1708 833 1783 870 capi*

979 876 1007 895 tc
1018 887 1026 899 ‚
1037 875 1115 901 v.51.
1129 870 1189 902 [Et
1201 866 1295 895 eadem
1305 866 1350 894 die
1359 867 1455 896 eduxit
1466 869 1608 899 Dominus
1617 872 1689 901 filios
1698 872 1782 902 Israel

979 908 1013 936 de
1023 917 1093 936 terra
1103 907 1221 947 AEgypti
1233 927 1240 934 .
1259 910 1271 939 ]
1298 911 1331 936 Et
1342 908 1427 937 Deut.
1445 916 1488 938 16.
1509 921 1536 939 ν.
1550 917 1576 940 6.
1601 913 1782 948 [Immolabis

980 947 1067 978 Phase
1077 948 1190 988 vespere
1199 948 1232 977 ad
1242 948 1312 978 Solis
1323 948 1455 982 occasum,
1467 952 1575 988 quando
1586 953 1701 992 egressus
1711 965 1737 982 es
1748 964 1782 982 ex

979 990 1116 1028 AEgypto
1127 1010 1133 1017 .
1145 992 1157 1021 ]
1172 989 1217 1018 Ad
1227 989 1432 1018 concordandas
1441 990 1488 1019 has
1498 991 1618 1022 diversas
1628 993 1783 1032 scripturas,

981 1030 1195 1069 supponendum
1205 1030 1253 1062 est,
1265 1031 1295 1059 in
1306 1029 1383 1058 sacris
1394 1031 1502 1070 paginis
1513 1034 1592 1063 verba
1603 1045 1660 1064 non
1670 1035 1740 1064 sumi
1751 1035 1782 1064 in

980 1073 1038 1100 astu
1048 1071 1168 1110 persefto
1179 1093 1186 1104 ‚
1206 1071 1295 1100 sedin
1305 1071 1365 1099 fieri
1374 1093 1381 1104 ,
1402 1073 1447 1101 vel
1458 1073 1517 1102 ειξὶιι
1529 1076 1693 1105 continuato
1704 1097 1712 1108 ,
1736 1076 1783 1104 vel

977 1112 1067 1141 solum
1092 1112 1223 1141 inchoato
1233 1133 1240 1140 .
1262 1113 1349 1142 Unde
1366 1113 1474 1150 quando
1502 1115 1631 1145 dicuntur
1648 1117 1781 1146 Israelitae

979 1153 1075 1192 egressi
1090 1153 1201 1192 vespere
1211 1176 1218 1186 ‚
1228 1154 1351 1193 loquitur
1362 1162 1451 1182 textus
1460 1155 1494 1183 de
1505 1157 1643 1195 principio
1653 1156 1784 1197 egreffio-

982 1195 1026 1223 nis
1037 1216 1045 1228 ‚
1064 1205 1124 1223 cum
1135 1195 1311 1224 immolarunt
1324 1216 1331 1227 ‚
1350 1204 1380 1222 ac
1391 1196 1570 1226 comederunt
1588 1209 1688 1237 agnum
1701 1219 1708 1230 ‚
1725 1197 1782 1225 sua-

980 1246 1032 1274 que
1042 1235 1238 1268 convasarunm
1262 1237 1343 1266 ηοξὶιι
1355 1245 1422 1264 vero
1432 1237 1718 1277 caefisAEg-yptiorum
1729 1238 1785 1276 pri-

979 1277 1127 1316 mogenitis
1139 1287 1300 1316 :tcceperunt
1311 1289 1324 1306 a
1335 1275 1476 1305 Pharaone
1487 1279 1596 1307 veniam
1606 1300 1614 1311 ,
1634 1280 1690 1307 imo
1704 1289 1781 1308 man-

978 1318 1201 1347 datum-exeundi
1212 1340 1219 1350 ‚
1230 1323 1257 1347 6<
1268 1319 1362 1347 itineri
1371 1316 1398 1344 se
1408 1318 1586 1347 accinxerunt
1595 1339 1602 1348 .
1615 1322 1695 1349 Mane
1704 1320 1782 1349 deui-

979 1369 1030 1396 que
1042 1358 1136 1397 reipsa
1146 1358 1244 1397 egressi
1256 1358 1318 1387 sunt
1329 1380 1335 1387 .

119 1399 230 1439 quando
239 1400 450 1437 congregaveris
458 1409 553 1428 omnes
565 1400 654 1437 fruges
663 1408 719 1427 tuas
730 1399 764 1427 de
773 1398 922 1438 agr0.]1ste
937 1399 1008 1437 Cap.
1023 1410 1065 1437 13.
1078 1410 1105 1427 v.
1119 1406 1145 1428 6.
1165 1406 1176 1435 [
1188 1401 1296 1438 Septem
1308 1399 1400 1428 diebus
1411 1398 1524 1427 vesceris
1533 1381 1656 1434 azymis.
1679 1402 1690 1431 J
1716 1403 1778 1429 Hoc

119 1451 188 1470 vero
199 1440 298 1469 mensis
307 1449 362 1468 erat
371 1440 544 1479 Thisrin,qui
555 1440 648 1468 nostro
658 1440 810 1478 Septembri
820 1438 922 1468 corres-

119 1480 361 1520 pondet-Dubium
371 1481 457 1520 igitur
468 1481 711 1519 oi-itui-,quomodo
723 1492 793 1510 nunc
807 1480 921 1518 siligna-

119 1532 164 1550 tur
174 1522 289 1551 Martius
301 1543 309 1554 ,
322 1533 392 1550 nunc
401 1523 559 1560 September
569 1532 619 1560 pro
629 1523 695 1550 anni
707 1523 814 1560 capite?
837 1521 920 1559 Resp.

119 1563 220 1592 Mensis
231 1561 321 1591 Nisan
339 1573 394 1591 erat
404 1563 570 1602 principium
581 1562 646 1591 anni
666 1561 733 1590 sacri
743 1585 750 1596 ‚
773 1562 921 1591 secundum

118 1613 199 1643 quem
209 1603 374 1633 Neomeniae
384 1604 448 1633 festa
458 1625 465 1636 ,
483 1615 512 1633 ac
524 1604 630 1643 reliqua
640 1603 735 1632 omnia
745 1605 821 1632 Sacra
835 1604 921 1632 totius

118 1645 467 1683 annicomponidebebant
479 1667 486 1679 ‚
499 1656 527 1674 ac
540 1644 687 1674 secuudum
696 1644 920 1682 supputationem

118 1687 228 1724 Regum
239 1685 323 1715 Israel
343 1706 350 1713 .
361 1687 518 1725 September
529 1696 596 1715 vero
607 1696 664 1714 erat
678 1685 845 1724 principium
855 1685 920 1713 anni

119 1726 213 1754 ciV1lis
222 1727 293 1766 apud
305 1728 436 1756 Hebraeos
447 1728 530 1756 etiam
546 1737 610 1756 ante
620 1726 676 1755 Dei
686 1736 853 1765 praeceptum
866 1747 874 1758 ‚
894 1729 921 1754 &

118 1769 196 1803 juxm
207 1766 339 1797 calculum
350 1767 430 1804 hujus
439 1769 506 1797 anni
515 1768 605 1796 civilis
615 1768 709 1795 omnia
728 1768 839 1806 negotia
851 1767 922 1804 poli-

119 1808 173 1836 tica
188 1830 194 1840 ,
213 1812 241 1836 ὃ(
251 1819 316 1837 cont
322 1809 406 1836 faetus
417 1809 621 1848 dirigebantur.
640 1810 703 1838 Imo
712 1818 796 1836 annus
806 1807 921 1837 Sabbati-

976 1449 1148 1477 praeceptum
1158 1441 1220 1468 alibi
1234 1440 1334 1477 repetit
1344 1440 1482 1468 Dominus
1493 1461 1500 1471 ,
1518 1441 1561 1468 cui
1584 1450 1675 1469 tamen
1695 1441 1782 1469 obstat

981 1490 1004 1508 c.
1023 1487 1065 1509 16.
1076 1482 1161 1509 Deut.
1173 1491 1199 1509 v.
1213 1486 1235 1509 8.
1249 1481 1323 1516 [Sex
1338 1480 1430 1508 diebus
1441 1481 1568 1509 comedes
1579 1491 1676 1516 azyma
1687 1501 1694 1513 ,
1704 1484 1717 1513 ]
1729 1481 1782 1510 Sed

977 1520 1063 1549 facilis
1074 1521 1110 1549 est
1119 1521 1280 1550 conciliatio
1289 1520 1388 1549 horum
1399 1531 1602 1554 textuummam
1613 1521 1658 1550 hic
1672 1522 1700 1550 in
1709 1523 1783 1550 Dcu-

977 1562 1134 1590 teronomio
1157 1562 1339 1600 praescribitur
1359 1561 1492 1590 Israelitis
1510 1563 1656 1591 celebratio
1673 1562 1780 1591 Pascha:

978 1602 1183 1639 Hierosolymis
1194 1613 1301 1631 tantum
1313 1602 1436 1631 facienda
1445 1624 1452 1636 ‚
1475 1607 1502 1632 ὅ(
1513 1613 1571 1630 non
1581 1603 1782 1632 alibi.Sccundo
1797 1636 1799 1638 ¹

979 1653 1047 1671 vero
1067 1644 1112 1672 die
1141 1643 1325 1682 unusquisque
1351 1653 1457 1682 poterat
1485 1644 1589 1672 reverti
1617 1643 1647 1671 in
1669 1643 1783 1671 domum

978 1683 1069 1712 suam.
1090 1687 1159 1714 Non
1169 1685 1253 1723 igitur
1264 1685 1293 1712 in
1310 1684 1352 1712 his
1363 1684 1408 1713 sex
1427 1684 1519 1713 diebus
1537 1683 1783 1722 comprehenditur

977 1725 1035 1753 dies
1044 1735 1205 1760 azymorum
1217 1736 1224 1756 ς
1234 1724 1281 1753 sed
1291 1723 1336 1752 sex
1348 1724 1492 1764 sequentes
1503 1725 1562 1763 post
1574 1723 1713 1753 discessiim
1726 1746 1731 1755 ,
1753 1733 1784 1752 ut

977 1766 1049 1794 clare
1058 1766 1199 1805 colligitur
1208 1777 1240 1795 ex
1252 1766 1341 1796 verbis
1350 1766 1446 1805 capitis
1458 1787 1465 1798 ‚
1486 1769 1513 1794 &
1533 1766 1643 1794 notavit
1655 1767 1690 1794 R.
1704 1764 1781 1793 Isaac

978 1807 1176 1835 Abi-avanellus
1187 1828 1194 1835 .

118 1852 202 1880 cuz&
214 1849 321 1886 Jubilaei
332 1848 436 1878 etiamsi
445 1848 511 1879 sacri
520 1849 605 1879 ess'ent
615 1871 623 1884 ,
644 1849 705 1888 quia
719 1858 812 1877 tamen
822 1848 923 1876 multos
939 1847 1007 1885 Cap.
1026 1859 1034 1875 1
1043 1860 1069 1882 4.
1082 1858 1107 1875 v.
1122 1860 1166 1877 20.
1180 1847 1282 1883 [Stetit
1295 1847 1366 1876 inter
1377 1848 1457 1876 castra
1468 1846 1676 1886 AEgyptiorum
1689 1868 1697 1879 ,
1707 1850 1734 1874 ὃ(
1743 1856 1785 1874 ca—

118 1890 274 1918 commatis
284 1889 380 1918 civiles
391 1890 563 1920 venditionis
576 1912 583 1923 ,
593 1890 739 1919 locationis
750 1912 757 1923 ,
768 1889 872 1921 mutui,
896 1892 923 1916 ὃ(

119 1930 187 1958 alios
198 1930 298 1959 similes
308 1931 485 1960 continebant
494 1954 502 1965 ‚
523 1943 535 1959 a
547 1930 641 1960 Mense
651 1932 803 1970 Septembri
813 1929 924 1958 inchoa—

119 1972 215 1999 bantur
225 1993 231 2004 ,
242 1981 271 1999 ut
283 1971 397 2000 asserunt
411 1972 544 2011 josephus
556 1994 562 2004 ‚
573 1972 655 2001 Philo
668 1994 675 2004 ,
689 1977 716 2001 ὅ(
729 1972 777 2000 alii
787 1970 903 2000 Rabbini
916 1981 920 1996 :

119 2014 148 2039 &
157 2011 217 2039 sane
227 2012 245 2040 fi
257 2023 270 2040 a
282 2023 345 2041 vere
355 2012 553 2042 inchoarentur
563 2012 605 2042 isti
616 2014 679 2041 anni
691 2035 698 2046 ‚
719 2023 780 2040 curn
789 2012 922 2040 abstinen-

118 2052 183 2080 dum
197 2062 260 2080 tunc
272 2052 337 2081 esset
348 2054 377 2082 ab
386 2053 464 2082 omni
474 2053 583 2082 satione
591 2075 599 2087 ,
618 2057 645 2081 ὅ(
656 2053 735 2082 meffe
746 2075 752 2085 ,
763 2053 864 2081 duobus
875 2062 921 2080 an-

119 2093 164 2121 nis
193 2093 334 2121 continuis
362 2094 406 2123 sua
429 2094 508 2123 messe
529 2093 673 2123 caruifl'ent
701 2095 815 2122 Hebraei
829 2105 836 2123 3
861 2102 921 2120 nam

118 2132 251 2162 inchoato
279 2144 351 2162 anno
372 2135 510 2164 Sabbatico
541 2146 557 2163 a
575 2135 681 2164 Martio
701 2134 789 2163 meffis
811 2135 841 2162 in
858 2143 922 2171 agro

119 2173 300 2212 relinquenda
323 2175 403 2206 css‘et3
427 2176 555 2214 proximo
584 2186 693 2214 quoque
721 2185 852 2204 autumno
879 2174 920 2201 ab<

118 2213 276 2242 stinendum
296 2225 354 2244 crat
372 2228 386 2244 a
405 2216 511 2246 satione
523 2237 531 2249 ‚
554 2226 634 2254 atque
651 2217 692 2244 ita
711 2215 834 2255 sequenti
855 2224 921 2252 quo-

981 1888 1031 1916 stra
1042 1887 1127 1916 Israel
1139 1910 1146 1921 ,
1169 1892 1265 1917 &erat
1284 1889 1364 1917 nubes
1385 1887 1546 1917 tenebrosa.
1558 1890 1572 1918 J
1591 1887 1693 1916 Statim
1713 1896 1781 1916 vero

979 1928 1104 1957 additur.-
1132 1933 1192 1964 [Et
1215 1929 1376 1957 illuminans
1396 1930 1503 1958 noc'bem
1516 1931 1545 1960 .]
1567 1929 1638 1965 Quae
1658 1926 1784 1966 proposi-

979 1970 1070 1998 tiones
1088 1969 1149 1998 sunt
1168 1970 1285 1998 omnino
1303 1971 1454 2008 opposite.
1478 1968 1647 2007 Respondeo
1659 1990 1667 2002 ‚
1690 1968 1784 1997 Nubes

979 2009 1038 2039 haec
1049 2011 1135 2048 posita
1144 2011 1216 2039 inter
1227 2012 1326 2039 Hebrx
1333 2021 1359 2038 as
1369 2033 1376 2043 ‚
1390 2016 1416 2040 ὃ(
1429 2011 1587 2050 AEgyptios
1597 2008 1784 2046 insequentes,

979 2062 1012 2080 ex
1022 2063 1050 2080 ea
1063 2061 1149 2089 parte,
1160 2061 1219 2091 qux
1230 2051 1389 2089 respiciebat
1401 2052 1560 2090 Aigyptios
1570 2072 1577 2083 ,
1588 2059 1643 2078 erat
1654 2049 1764 2077 densior
1773 2067 1783 2080 ,

980 2101 1061 2130 atque
1080 2092 1145 2120 ideo
1165 2092 1323 2124 tenebrosa,
1353 2092 1505 2130 impediens
1525 2090 1652 2119 accessum
1670 2090 1701 2117 ad
1725 2090 1782 2117 He-

980 2134 1065 2161 braeos
1078 2154 1085 2165 ‚
1109 2132 1203 2161 versus
1222 2143 1289 2171 quos
1308 2142 1365 2161 erat
1384 2133 1472 2161 lucida
1490 2132 1578 2160 radios
1598 2131 1728 2159 emittens
1740 2127 1784 2156 us-

981 2184 1033 2212 que
1063 2173 1096 2202 ad
1123 2174 1241 2212 primam
1274 2174 1456 2202 Hebraeorum
1475 2172 1580 2206 aciem,
1603 2172 1642 2200 ita
1663 2169 1737 2199 Tost.
1758 2171 1787 2197 δε

980 2216 1069 2243 Perer.

118 2264 170 2291 que
191 2266 266 2284 anno
289 2257 364 2285 nulla
388 2256 474 2286 suisset
496 2257 603 2285 meffis.
635 2260 675 2286 At
706 2255 869 2296 incipiendo
892 2256 921 2282 ab
939 2257 1010 2293 Cap.
1025 2264 1168 2292 16.v.31.
1190 2255 1371 2294 [Gustusquc
1381 2258 1436 2292 ejus
1458 2254 1529 2293 quali
1539 2252 1634 2282 fimilae
1644 2247 1782 2278 cummel-

119 2303 251 2324 autumno
282 2307 334 2325 una
357 2307 463 2326 tantum
485 2296 574 2326 messis
608 2297 712 2335 peribat
732 2319 740 2330 ,
773 2305 920 2334 numquam

118 2334 178 2377 duae
199 2356 207 2368 ‚
237 2336 285 2365 nisi
310 2348 393 2370 annus
415 2338 566 2367 Sabbaticus
588 2348 662 2367 :inno
684 2338 794 2376 Jubilaei
824 2336 921 2365 imme—

118 2374 192 2403 diate
222 2378 383 2416 jungeretur
402 2400 409 2408 .,
448 2382 523 2409 Tunc
564 2388 655 2408 autem
684 2380 759 2409 Deus
796 2376 921 2407 consule-

983 2298 1007 2324 ic
1021 2317 1027 2323 -
1039 2298 1049 2327 ]
1062 2296 1197 2334 Loquitur
1207 2295 1279 2325 sacer
1289 2306 1380 2325 textus
1390 2297 1423 2325 de
1434 2305 1540 2324 mannae
1550 2293 1653 2331 sapore,
1663 2290 1707 2319 cui
1715 2298 1782 2317 ⁶0¹¹·

979 2337 1091 2364 tmdmir
1102 2346 1160 2375 cap.
1178 2348 1185 2365 ι
1198 2349 1206 2365 ῐ
1214 2358 1220 2364 .
1234 2339 1320 2366 Num.
1334 2348 1359 2365 v.
1381 2342 1405 2366 8.
1429 2340 1484 2371 [Et
1495 2334 1573 2363 facies
1592 2343 1625 2361 ex
1643 2343 1676 2361 eo
1694 2337 1781 2358 tonu-

980 2378 1020 2406 las
1028 2377 1132 2416 saporis
1141 2378 1218 2417 panis
1229 2378 1313 2407 oleati
1324 2398 1331 2406 .
1342 2380 1359 2410 ]>
1367 2376 1464 2415 Aliqui
1474 2374 1650 2415 respondent,
1660 2371 1782 2408 saporem

1663 2420 1740 2442 mnn-
