1866 2526
215 49 263 89 16
548 49 586 88 A
615 44 655 87 C

197 104 240 133 &a
257 101 553 133 excommunicationis
574 113 656 142 poena
683 114 742 132 non
762 101 992 144 obsequentibus.

153 145 249 177 ACTA
263 167 271 179 ‚
283 144 361 173 littus
376 144 455 174 maris
467 145 610 174 arenosum
621 166 628 173 .
641 152 654 182 [
666 146 734 181 Qua:
746 156 805 174 non
817 147 846 174 in
856 148 911 175 acts
920 166 929 178 ‚
941 154 991 172 nec

197 187 229 216 in
238 185 379 215 littoribus
388 207 396 219 ,
416 185 463 214 sed
474 186 504 214 in
515 187 658 216 Atlantici
667 185 751 216 maris
772 187 941 225 profundum
953 185 991 213 fe-

196 237 294 256 runtur
305 247 313 254 .
334 227 361 255 S.
373 225 500 255 Ambros.
511 227 558 256 lib.
572 237 596 263 ς.
605 231 734 257 Examer.
745 237 804 267 cap.
820 239 829 256 1
841 238 863 256 1.
876 230 887 259 ]
901 226 946 255 ubi
956 226 991 254 de

195 266 372 298 monstruosis
383 267 451 296 cetis
462 267 606 306 loquitur5
627 276 717 307 graece
726 269 801 299 enim
811 266 884 299 durii
894 294 900 306 ‚
910 267 991 299 littus

197 308 334 348 fignificat
345 329 352 336 .
365 308 423 337 PR.
434 308 540 348 Virgil.
551 309 649 339 Eneid.
664 319 689 345 ς.

196 351 234 379 In
244 348 300 378 sola
309 347 418 377 secretae
429 350 548 378 Troades
559 351 615 379 aeta

196 389 331 420 Amissum
341 388 484 419 Anchisen
494 391 604 419 flebant.
615 391 723 420 Servius
733 413 740 424 ,
752 389 818 419 ibid.

158 431 247 461 Unde
258 434 363 460 Attica
372 453 380 464 ‚
400 429 446 459 seu
468 432 569 460 Atthis
581 432 659 471 regio
678 432 709 460 ab
729 429 801 461 οἶκτῆ
809 452 816 464 ‚
837 429 905 460 idest
915 451 923 463 ,
942 430 989 459 lit-

199 481 261 500 tore
272 471 343 499 dieta
354 471 405 500 fuit
419 483 424 499 :
442 471 536 500 scribit
546 473 621 501 enim
636 472 682 500 lib.
703 479 730 501 6.
743 472 839 500 Strabo
858 471 928 500 hanc
946 464 999 501 re-'

194 512 310 557 gionem
329 523 427 552 magna
448 523 481 541 ex
492 522 569 551 parte
586 513 740 542 littoralem
760 511 811 541 este
822 535 829 545 ,
848 512 923 553 quod
934 489 999 549 Pii-l

195 563 257 582 nius
267 553 350 582 etiam
362 554 408 582 lib.
422 565 448 588 4.
460 563 518 591 cap.
528 565 553 587 7.
564 554 598 582 sic
608 554 755 583 confirmat
767 565 774 581 .·
786 558 801 589 ἱ
813 555 848 582 In
861 565 892 583 ea
901 555 989 594 prima

195 594 291 623 Attica
299 595 452 633 antiquitus
464 596 533 623 Aera
545 605 641 624 vocata
652 614 659 622 .
671 597 683 626 ]

158 639 261 666 Aeno
270 645 373 664 ΜιεεΑε
383 657 391 668 ,
402 636 505 664 Canon
514 635 598 664 Mifl'ae
611 659 618 669 ,
630 638 656 665 S.
668 634 821 671 Dionysius
833 634 868 663 de
878 635 986 665 Hierar.

195 678 268 705 Eccl.
279 686 336 714 cap.
353 688 376 704 1.
398 676 462 704 inde
475 676 554 715 Infra
563 679 697 706 abbonem
716 677 818 704 dicitur
839 686 929 705 totum
939 677 967 706 id
978 699 986 710 ,

193 718 270 755 quod
279 716 349 745 infra
359 727 495 747 canonem
507 717 545 744 est
555 740 563 750 ‚
582 721 654 754 cujus
666 726 753 755 partes
774 717 987 754 explicabuntur
999 720 1093 747 Anam
1102 739 1108 746 .
1132 718 1205 748 Viae
1226 721 1329 749 Ambro

195 757 304 787 minute
314 757 344 785 in
352 757 406 786 suis
417 758 482 786 locis
494 779 500 785 .
515 759 587 786 Vide
600 764 693 787 Canon
704 758 786 795 Miffae
797 777 805 784 .

154 797 369 828 Aca‘ioNAuius
380 820 388 831 ,
401 799 517 827 Exastor
528 821 535 832 ‚
555 803 583 828 ὃ(
592 799 739 828 Usurarius
748 819 754 826 .
778 804 789 833 [
800 798 844 827 Ab
854 799 985 828 Aetiona—

194 839 243 868 riis
261 839 374 878 publicis
394 850 490 868 mutuo
501 840 656 879 accipiunt,
676 843 703 868 ὃ(
725 841 820 879 gravia
839 840 983 869 commoda

196 890 248 919 pro
258 879 356 909 eodem
366 880 500 910 beneficio
511 881 674 919 persolvunt
685 901 692 908 .
703 882 727 909 S.
739 884 824 920 Greg.
835 882 865 909 in
876 882 981 920 Regist.

197 921 246 950 lib.
262 932 284 950 1.
295 931 352 959 cap.
364 932 411 956 4²·
423 924 435 953 ]
460 924 517 950 PR.
527 921 629 950 Differt
640 932 730 951 autem
742 925 943 951 Auc'h'onarius
952 923 982 950 ab

199 964 361 993 Adionario
374 973 380 993 5
401 972 464 990 nam
484 963 585 1000 primus
595 962 744 992 usurarium
757 985 764 995 ,
784 966 810 991 ὃ(
824 964 991 1002 negotiat0-t

196 1013 254 1032 rem
264 1004 378 1032 denotat
390 1015 397 1034 5
419 1002 550 1032 secundus
561 1014 627 1033 vero
639 1026 646 1036 ,
665 1004 699 1032 de
708 1014 762 1043 quo
775 1003 802 1031 in
813 1005 915 1034 Bullar.
926 1005 982 1033 Ca-

198 1044 285 1073 finen.
297 1053 365 1073 tom.
379 1044 525 1074 bennun.
540 1056 565 1073 ι.
592 1056 633 1073 ιο.
657 1053 699 1073 12.
716 1055 757 1082 ¹3·
775 1053 818 1079 ις.
839 1049 867 1074 ὃ(
885 1045 981 1073 clarius

199 1086 264 1114 ibid.
276 1084 363 1114 const.
374 1096 401 1122 3.
411 1080 424 1113 ‘J
433 1097 459 1118 7.
473 1096 517 1113 20.
528 1085 662 1124 fignificat
672 1086 790 1113 astorem
804 1107 809 1117 ,
829 1096 959 1125 agentem
972 1107 980 1118 ‚

198 1136 227 1154 ac
238 1127 416 1165 negotiorum
423 1126 572 1165 gestorem.
583 1128 685 1154 Locum
695 1127 782 1165 igitue
790 1127 828 1154 D.
837 1129 924 1165 Greg.
937 1125 981 1154 su-

197 1176 244 1205 pra
256 1170 428 1197 AssYionariis
442 1188 448 1199 ‚
467 1166 513 1197 alii
525 1166 670 1205 corrigunt
682 1169 874 1195 Auctionartis
894 1168 924 1194 ab
934 1177 980 1195 au-

196 1208 290 1246 gendo
301 1219 309 1239 ‚-
322 1207 360 1235 ita
370 1208 444 1235 enim
454 1207 566 1237 usurarii
575 1205 757 1235 dicendisunt
769 1228 777 1241 ,
799 1207 860 1246 quia
877 1206 980 1236 sortem

197 1248 383 1287 principalem
392 1248 524 1277 lucrando
533 1258 635 1287 augent
644 1269 651 1276 .

156 1293 285 1323 Acron,
309 1289 384 1317 idem
407 1299 435 1317 ac
446 1289 639 1323 Aetiomrius,
657 1288 736 1326 supra
758 1288 786 1317 in
803 1288 926 1317 secunda
947 1289 979 1318 fi-

196 1330 379 1370 gnificatione
390 1352 397 1362 ,
419 1335 430 1364 [
443 1329 540 1368 Siquis
557 1340 621 1369 erga
633 1329 798 1368 Episcopum
810 1351 817 1362 ‚
838 1329 883 1357 vel
894 1330 980 1357 Αξὲο-

196 1381 255 1399 rem
266 1371 390 1405 Ecclesiae
410 1371 560 1409 quemlibet
578 1372 718 1410 querelam
739 1370 836 1399 habere
856 1370 981 1399 credide-

198 1412 234 1440 rit
245 1432 252 1440 .
266 1415 277 1443 ]
298 1414 336 1442 -In
346 1412 471 1450 capitul.
482 1412 616 1441 Ludovici
628 1414 700 1451 Imp.
711 1422 768 1450 cap.
785 1422 829 1441 ιι.

153 1455 298 1491 ῪΑιῑῑρκεε
321 1457 449 1484 Tenum.
473 1453 547 1481 Vide
565 1455 724 1490 Exorasta.

158 1495 305 1524 Acruosn
318 1516 324 1527 ‚
349 1493 512 1532 Epithetum
524 1494 648 1522 Ecclesia:
669 1494 699 1522 ab
711 1493 854 1523 Ambrosio
865 1492 980 1521 attribu-

201 1545 260 1563 tum
270 1557 278 1568 ,
299 1536 332 1564 dc
345 1534 486 1573 interpell.
497 1535 600 1564 David.
614 1536 669 1563 FR-
682 1535 831 1572 Calepinus
850 1543 940 1562 autem
950 1534 980 1561 in

196 1576 265 1604 di&-
292 1578 378 1605 Ac‘tin
391 1597 398 1608 ‚
428 1575 496 1604 idest
507 1598 514 1609 ,
545 1576 632 1604 radius
660 1573 742 1608 solis,
770 1576 903 1611 Acsshnosa
930 1584 980 1612 pro

199 1618 326 1654 astuosa,
353 1617 468 1647 citatum
496 1617 587 1645 locum
606 1616 743 1644 Ambrofii
769 1616 777 1643 l
816 1616 839 1643 it
867 1615 897 1643 in
926 1614 980 1643 hoc

198 1656 297 1690 sensu,
320 1659 453 1694 Ac'hnosa
479 1657 595 1686 Ecclesia
621 1656 711 1690 dista,
740 1627 828 1689 ideis,
856 1656 979 1689 radiata,

197 1696 245 1728 seu
264 1698 420 1727 illuminata
438 1698 547 1736 potius,
568 1707 649 1737 quam
669 1696 823 1729 luminosa,
844 1707 874 1725 ut
894 1696 979 1726 frater

199 1748 275 1768 meus
303 1737 484 1776 expresserat,
511 1750 572 1768 cum
592 1737 707 1777 ipsemet
733 1739 817 1766 etiam
843 1738 978 1771 fateatur,

199 1778 269 1807 hanc
280 1779 431 1808 di&ionem
440 1781 470 1809 ab
488 1779 565 1811 οὲκγιν
586 1779 719 1808 vocabulo
730 1780 896 1816 provenire:
913 1789 980 1817 crgo

202 1830 259 1848 non
271 1822 382 1857 astuosa
394 1842 400 1853 ,
418 1819 467 1849 sed
476 1822 598 1857 afh'nosa
617 1820 735 1848 dicenda
751 1830 812 1847 cum
824 1820 963 1858 Calepino
973 1840 979 1847 .

200 1861 298 1894 Nota,
317 1861 392 1900 quod
411 1862 449 1889 D.
462 1860 589 1890 Ambros.
608 1861 638 1888 in
656 1860 792 1889 Psalmum
812 1872 860 1896 41.
878 1861 911 1889 fic
923 1860 979 1888 ait:

203 1906 264 1930 Hac
286 1904 322 1939 est
344 1903 486 1939 ac't‘inosa‚
510 1913 564 1940 qua
587 1906 674 1930 Grace
704 1899 827 1935 afrani&
846 1902 954 1930 dicitur
975 1922 983 1933 ,

200 1943 271 1979 quod
284 1942 342 1979 fide
362 1943 535 1980 opertbusque
557 1942 726 1980 resplendeas
747 1941 780 1974 &2
799 1961 806 1968 .

160 1983 348 2014 ACUANJTAE.
374 1985 430 2013 FR.
453 1983 596 2017 haererici,
618 1991 734 2021 quorum
754 1981 880 2009 seduc‘tor
899 1984 985 2011 Acuas

201 2023 321 2052 Manetis
347 2022 495 2062 discipulus
521 2024 607 2053 fuerat
627 2034 636 2054 ς
660 2023 707 2062 qui
733 2032 794 2050 cum
824 2022 985 2051 Manichaeis

200 2063 423 2093 conveniebant.
451 2066 549 2093 Baron.
571 2076 634 2094 ann.
660 2074 724 2096 277·
748 2073 823 2091 num.
847 2075 894 2098 42.

162 2106 352 2137 ΑευΡιετηε
365 2126 373 2136 ,
397 2104 552 2144 Phrygium
570 2116 637 2147 opus
649 2126 656 2137 ‚
678 2103 751 2143 quod
771 2113 819 2131 acu
839 2104 985 2142 pingitur,

202 2145 302 2174 Italice
311 2148 426 2175 Ricamo
436 2146 537 2174 dicmu-
547 2169 555 2180 ‚
578 2148 607 2174 in
619 2148 691 2184 Iege
706 2147 869 2172 Francorum
883 2145 947 2176 ‚11b.
961 2154 985 2177 5.

203 2195 261 2223 cap.
274 2196 322 2221 75.
342 2186 385 2213 ubi
405 2187 538 2215 mendose
558 2187 713 2216 Acuhtcule
726 2206 732 2217 ,
756 2188 782 2213 ἃ·
803 2185 933 2213 Meurlius
945 2189 987 2213 A·

204 2227 332 2254 cubitula
353 2236 367 2253 a
388 2237 471 2265 greco
491 2224 613 2263 dixsissmr
634 2225 750 2264 punxit.
774 2225 825 2253 Sed
843 2227 986 2262 Ampzc'i‘i-

203 2268 228 2296 le
239 2266 406 2300 dicendum,
428 2277 457 2294 ut
470 2278 501 2294 ex
513 2278 604 2295 textus
614 2267 692 2295 sensu
711 2266 782 2293 clare
791 2275 902 2303 apparet
915 2286 922 2298 ‚
943 2265 987 2292 ubi

204 2307 239 2336 sic
256 2305 385 2336 habetur:
413 2313 423 2342 [
448 2309 578 2336 Foeminae
609 2309 638 2336 in
665 2308 710 2335 die
728 2306 877 2334 Dominica
905 2315 987 2344 opera

206 2348 317 2376 textilia
328 2359 386 2376 non
397 2348 496 2376 faciant
507 2370 514 2381 ‚
528 2360 576 2377 nec
588 2350 715 2386 capulent
727 2347 839 2376 vestitus
850 2367 858 2379 ,
871 2346 916 2375 vel
926 2356 987 2375 acu-

207 2389 302 2430 pietile
313 2388 379 2418 fiat.
403 2391 414 2422 ]
439 2391 601 2420 lR-(oiuxa
620 2389 689 2418 hanc
707 2389 797 2430 legem
816 2387 918 2426 militat
929 2389 985 2420 Re-

1310 48 1429 93 AD

1049 102 1207 135 centiorum
1228 104 1346 145 opinio,
1369 110 1417 148 qui
1438 117 1534 139 tenent
1556 107 1709 149 penicillo}
1730 114 1758 144 δε
1777 113 1827 145 aed

1047 147 1162 185 pingere
1185 147 1216 176 in
1237 148 1284 176 die
1306 149 1374 179 festo
1397 161 1456 179 non
1476 148 1527 180 efle
1546 151 1740 191 prohibitum.

995 189 1105 231 1Acus.
1129 190 1185 217 FR.
1204 198 1315 227 portam
1333 190 1535 221 intellexerunt
1552 192 1655 234 aliqui,
1673 194 1827 225 ubi‘ChriA

994 245 999 282 Ι
1043 228 1096 258 stus
1106 228 1234 258 Matthaei
1246 241 1295 267 79.
1307 236 1334 261 δε
1344 234 1357 261 1
1367 242 1422 261 ucae
1440 244 1448 260 1
1458 237 1483 261 8.
1502 233 1610 263 dixerat
1620 256 1629 268 ‚
1652 240 1665 271 [
1678 230 1826 265 Camelum

1040 269 1148 298 facilius
1167 270 1217 298 esse
1245 279 1293 308 per
1311 272 1435 303 foramen
1453 284 1512 302 acus
1532 276 1646 305 transire
1663 279 1741 309 δια]
1770 278 1826 305 Pro

1042 313 1117 346 cujus
1135 310 1176 338 rei
1192 311 1356 343 difficultate
1376 314 1505 343 nonnulli
1531 314 1654 344 foramen
1670 328 1729 346 acus
1749 317 1828 345 dixe-

1045 361 1110 380 runt
1121 351 1284 389 posterulam
1295 354 1370 383 suifl'e
1390 356 1420 384 in
1431 355 1600 394 Jerusalem.
1620 358 1665 385 Ita
1674 356 1833 387 Paschasius

1043 391 1212 421 Rathbertus
1223 414 1230 426 ‚
1243 394 1289 422 [ib.
1301 399 1326 423 8.
1339 395 1370 424 in
1380 406 1403 424 c.
1420 408 1463 433 19.
1475 396 1577 425 Matth.
1590 397 1664 427 Vide
1676 398 1806 427 Came-lus
1816 417 1824 425 .

1003 435 1069 464 Aee
1076 443 1131 467 1us
1142 455 1150 467 ‚
1160 434 1252 462 clavus
1264 456 1272 467 ,
1291 435 1396 464 aculeus
1410 458 1417 469 ‚
1435 435 1481 466 seu
1492 437 1562 477 ligni
1573 437 1679 476 cuspiS.
1700 437 1826 477 Colligi-

1045 476 1090 502 tur
1099 485 1131 503 ex
1144 475 1261 503 Palladii
1272 476 1377 504 verbis:
1401 478 1510 511 [Sicuti
1529 478 1698 517 impossibile
1717 479 1757 508 est
1778 488 1826 506 na-

1045 514 1103 544 vim
1125 514 1250 544 fabricari
1272 517 1327 546 fine
1350 517 1451 551 acutis,
1475 517 1523 546 lib.
1548 529 1573 554 5.
1595 529 1671 548 num.
1696 524 1744 555 48.

994 551 1219 589 *Aornoiooiffi
1243 567 1299 586 vox
1321 568 1410 597 graeca
1430 555 1618 597 αἰκυρολογία,
1641 558 1826 599 impropriam

1042 596 1214 626 locutionem
1227 598 1361 637 fignificat
1373 610 1380 629 ς
1407 604 1419 634 [
1431 598 1589 628 Istiusmodi
1600 610 1678 639 nugis
1691 623 1698 634 ‚
1721 604 1750 629 δε
1760 610 1825 636 acy-

1042 637 1158 676 rologiis
1179 639 1271 667 omnis
1291 642 1347 675 ejus
1375 639 1462 668 scatet
1493 640 1584 669 oratio
1605 661 1612 668 .

1042 677 1089 706 lib.
1115 691 1140 707 2.
1163 678 1269 707 advers.
1292 680 1359 709 Ruf.

1349 742 1355 749 .
1379 724 1513 751 Cinerum
1533 723 1591 752 dies
1600 742 1607 750 .
1628 728 1804 751 Formentum
1816 744 1826 756 ‚

1039 760 1168 798 Golgotha
1181 780 1188 787 .
1201 763 1347 790 Inconcilio
1358 782 1366 790 .
1387 768 1524 800 Innuptus
1536 784 1542 792 .
1563 763 1673 793 Kabala
1684 783 1690 790 .
1702 763 1763 797 Qua
1774 763 1827 792 ho-

1040 810 1068 828 ra
1086 810 1193 829 creatus
1213 801 1313 830 fuerit.
1338 802 1411 832 Vide
1433 809 1506 832 Hora
1520 807 1658 833 Canonica
1672 825 1679 837 ,
1700 804 1726 835 ξ.
1739 805 1827 840 sexta

1042 852 1107 870 vero
1116 842 1182 870 hora
1192 862 1199 869 .
1222 844 1296 871 Item
1307 843 1371 871 vide
1383 845 1567 882 Arstoplastus
1579 865 1586 871 .
1609 846 1645 872 In
1655 854 1710 882 quo
1721 843 1827 873 hebdo-

1039 882 1124 911 madae
1136 882 1181 911 die
1201 884 1374 922 peccaverit.
1398 885 1471 913 Vide
1490 885 1618 921 Psalmus
1631 905 1638 912 .
1657 887 1720 920 Ejus
1739 895 1827 924 gene-

1036 923 1156 959 rationes
1167 944 1173 951 .
1198 924 1272 952 Vide
1300 926 1452 954 sabbatum
1481 927 1589 954 Henach
1599 945 1606 952 .
1629 925 1750 961 Quando
1770 928 1826 961 ejus

1037 962 1141 1003 lapsum
1172 965 1290 993 celebrat
1321 965 1436 994 Ecclesia
1455 985 1461 992 .
1494 966 1568 995 Vide
1598 965 1796 1003 Septuageslma
1816 986 1824 994 .

1036 1006 1142 1034 Primus
1166 1006 1363 1042 praevaricator
1373 1027 1380 1033 .
1404 1005 1481 1035 Vide
1502 1009 1704 1035 Pravaricator
1716 1026 1723 1033 .

997 1046 1201 1075 Ananmmms
1212 1068 1219 1079 ‚
1242 1047 1277 1075 fic
1296 1047 1445 1084 appellatus
1465 1045 1515 1074 fuit
1534 1047 1675 1085 Origenes
1687 1068 1694 1079 ,
1715 1047 1750 1074 ob
1769 1050 1828 1085 ejus

1036 1095 1196 1125 argumenta
1208 1108 1216 1120 ‚
1228 1097 1258 1115 ut
1269 1087 1361 1116 scribit
1372 1087 1486 1116 Photius
1497 1088 1527 1115 in
1539 1086 1674 1116 Biblioth.
1685 1090 1758 1121 cujus
1767 1087 1827 1116 haec

1035 1126 1099 1155 sunt
1112 1128 1192 1155 verba
1205 1138 1211 1154 :
1233 1133 1245 1162 [
1256 1128 1414 1166 Origenem
1437 1127 1637 1156 Adamantium
1646 1129 1828 1166 cognomina-

1036 1176 1095 1198 tum
1105 1177 1139 1194 ex
1150 1177 1184 1195 eo
1195 1168 1308 1196 tradunt
1319 1188 1325 1199 ,
1336 1168 1411 1205 quod
1422 1167 1540 1196 rationes
1552 1190 1558 1200 ,
1580 1179 1644 1206 quas
1653 1169 1804 1207 collegerat
1816 1190 1827 1202 ,

1036 1207 1219 1237 adamantinis
1229 1206 1388 1246 quibusdam
1397 1207 1469 1247 quasi
1490 1209 1608 1236 vinculis
1618 1218 1675 1236 non
1687 1209 1823 1237 absimiles

1035 1248 1198 1276 viderentur
1208 1269 1215 1276 .
1228 1250 1240 1280 ]
1255 1249 1324 1277 Inde
1335 1246 1442 1287 sumpta
1451 1248 1590 1279 occasione
1603 1249 1689 1287 aliqui
1701 1251 1825 1287 Scripto-

1037 1298 1077 1316 res
1088 1289 1263 1316 crediderunt
1276 1311 1282 1321 ,
1302 1289 1369 1318 duos
1389 1288 1462 1317 fuine
1480 1290 1621 1328 Origenes
1632 1303 1638 1318 :
1661 1291 1728 1318 tales
1750 1290 1827 1319 fuere

1035 1330 1072 1358 D.
1096 1329 1210 1367 August.
1231 1328 1400 1367 Sophronias
1419 1327 1669 1367 Jerofolymitanus
1689 1329 1780 1369 Episc.
1799 1331 1828 1360 S.

1035 1368 1223 1408 Epiphanium
1232 1368 1334 1398 secuti.
1358 1372 1414 1399 FR-
1426 1369 1577 1408 Sophronii
1596 1372 1694 1410 opinio
1715 1371 1827 1399 adduci-

1037 1420 1080 1438 tur
1092 1421 1106 1438 α.
1123 1409 1226 1439 Photio
1238 1411 1267 1439 in
1279 1414 1333 1447 ejus
1345 1410 1458 1439 Bibliot.
1469 1412 1513 1439 tit.
1535 1422 1567 1448 23
1578 1422 1600 1440 1.
1623 1414 1680 1446 ml:
1700 1415 1740 1440 At
1751 1411 1828 1440 Pho-

1035 1452 1087 1480 tius
1106 1449 1212 1480 causam
1231 1452 1459 1490 aequivocationis
1478 1451 1599 1479 ostendit
1611 1464 1617 1483 ς
1639 1451 1769 1480 nimii-um
1791 1462 1827 1480 ex

1035 1491 1123 1520 verbis
1132 1492 1446 1531 ‚Constantinopolitani
1468 1491 1594 1521 Concilii
1617 1495 1652 1521 V.
1673 1491 1827 1530 appellati,

1034 1543 1057 1561 c.
1069 1544 1097 1569 9.
1107 1532 1151 1560 ubi
1161 1533 1361 1561 condemnatur
1372 1533 1513 1572 Origenes
1524 1532 1565 1560 his
1578 1534 1685 1567 notis:{
1701 1531 1827 1560 Anathe-

1036 1583 1078 1602 ma
1088 1577 1115 1601 ὃ(
1126 1573 1247 1612 Origeni
1260 1595 1266 1607 ,
1277 1574 1324 1613 qui
1336 1573 1517 1604 Adamantius
1526 1576 1558 1604 0]
1572 1577 1611 1602 Ex
1624 1583 1679 1612 quo
1690 1572 1807 1601 infertur
1818 1593 1827 1605 ‚

1035 1616 1128 1643 Patres
1139 1613 1168 1642 in
1181 1615 1230 1643 ulo
1240 1615 1372 1646 Concilio
1385 1636 1392 1647 ,
1403 1624 1506 1652 praeter
1515 1614 1712 1643 Adamantium
1723 1635 1731 1646 ‚
1742 1614 1830 1641 alium

1036 1655 1195 1694 Origeneni
1207 1655 1387 1684 Catholicum
1398 1653 1576 1693 cognovisse.

1642 642 1680 671 D.
1703 641 1825 671 Hieron.

996 1698 1185 1725 ADAMATICA
1197 1698 1301 1725 Annon
1313 1717 1321 1729 ,
1332 1695 1435 1724 scilicet
1448 1696 1493 1724 illa
1504 1717 1512 1728 ‚
1524 1706 1583 1734 quae
1595 1696 1624 1724 in
1636 1694 1756 1723 terrestri
1775 1696 1827 1722 Pa-

1037 1733 1126 1764 radiso
1136 1746 1205 1769 erat,
1217 1740 1290 1771 cujus
1301 1736 1399 1764 frustus
1410 1737 1500 1765 Adam
1510 1746 1606 1764 contra
1616 1735 1744 1764 divinum
1757 1744 1827 1772 prae-

1036 1786 1147 1815 ceptum
1157 1777 1314 1815 gustaverat
1323 1797 1330 1804 .
1351 1782 1364 1811 [
1378 1780 1453 1806 Ante
1465 1776 1596 1805 Zachaeus
1615 1775 1736 1804 ascendit
1747 1775 1827 1803 arbo-

1038 1828 1105 1850 rem,
1116 1828 1196 1856 quam
1205 1828 1312 1846 crucem
1322 1817 1492 1845 Dominator
1503 1815 1660 1845 ascenderet
1672 1815 1754 1843 :hinc
1767 1815 1804 1843 est
1818 1837 1828 1849 ,

1040 1859 1114 1897 quod
1123 1858 1226 1888 dicitur
1237 1859 1263 1888 ci
1273 1880 1281 1891 ,
1302 1857 1428 1885 festinans
1441 1856 1592 1887 descendcq
1614 1857 1632 1885 si
1645 1855 1714 1894 sapis
1726 1878 1733 1888 ‚
1754 1855 1827 1884 festi-

1038 1910 1104 1928 nans
1115 1898 1247 1928 descende
1259 1908 1321 1926 ante
1332 1898 1488 1927 Dominum
1499 1899 1532 1926 de
1547 1897 1705 1926 Adummim
1714 1897 1808 1925 arbore
1818 1919 1827 1930 ,

1038 1950 1068 1969 ut
1081 1940 1138 1978 post
1148 1940 1267 1972 Crucem
1287 1939 1445 1967 Dominicae
1457 1937 1584 1977 paffionis
1599 1937 1723 1967 ascendas
1734 1957 1740 1967 ,
1751 1939 1827 1965 Petr.

1039 1979 1174 2017 Chrysol.
1185 1979 1263 2008 sei-m.
1279 1989 1323 2015 54.
1336 1982 1347 2010 ]

1000 2026 1163 2053 ΑοΑΜιΑΝι
1176 2042 1183 2053 ,
1203 2020 1337 2048 Haeretici
1348 2039 1355 2047 .
1377 2022 1432 2050 FR.
1445 2020 1483 2048 ita
1496 2018 1646 2058 appellati,
1657 2017 1719 2056 quia
1731 2022 1742 2051 [
1756 2017 1826 2046 Adz

1040 2063 1195 2090 nuditatem
1205 2062 1351 2089 imitantur
1363 2081 1370 2088 .
1382 2061 1470 2094 Unde
1481 2064 1507 2089 ὃ(
1520 2061 1587 2088 nudi
1596 2068 1674 2088 crant
1687 2080 1693 2089 ‚
1705 2057 1772 2088 nudi
1784 2058 1829 2087 in-

1042 2113 1085 2131 ter
1094 2101 1121 2130 se
1132 2112 1217 2129 mares
1228 2122 1236 2133 ,
1256 2105 1282 2129 δε
1295 2101 1416 2129 foeminae
1427 2102 1621 2136 conveniunt,
1642 2098 1707 2127 nudi
1731 2098 1829 2128 lectio-

1040 2152 1086 2172 nes
1096 2143 1209 2171 audiunt
1221 2163 1229 2174 ‚
1241 2145 1269 2170 ὃ(
1281 2143 1419 2170 celebrant
1430 2142 1595 2171 sacramenta
1605 2162 1613 2173 ‚
1633 2143 1660 2167 ὃ(
1672 2148 1705 2166 ex
1717 2137 1769 2165 hoc
1782 2149 1830 2177 pa-

1040 2182 1157 2212 radisum
1166 2182 1332 2210 arbitrantur
1343 2183 1498 2216 Ecclesiam,
1512 2194 1558 2219 2-4·
1568 2179 1659 2219 quaest.
1671 2189 1697 2216 3.
1710 2189 1767 2222 can.
1778 2190 1832 2216 39.

1042 2225 1115 2253 &D
1136 2223 1252 2262 August.
1272 2223 1306 2251 de
1318 2224 1409 2252 Civit.
1421 2223 1566 2260 Dei‚cap.
1588 2231 1635 2258 23.
1653 2222 1680 2247 δε
1699 2219 1746 2246 lib.
1763 2229 1785 2246 1.
1797 2219 1827 2247 in

1043 2268 1117 2294 Gen.
1128 2274 1225 2292 contra
1236 2263 1355 2292 Msnich.
1369 2266 1381 2295 ]

998 2308 1110 2341 ADAR.
1143 2307 1198 2334 FR-
1227 2304 1406 2332 duodecimus
1425 2304 1607 2332 Hebraeorum
1637 2298 1733 2334 mensis
1753 2297 1829 2327 Vide

1041 2347 1175 2375 Auclzores
1194 2344 1292 2374 citatos
1312 2345 1343 2373 in
1361 2345 1427 2381 dist.
1451 2345 1534 2373 Elul.

1003 2389 1197 2418 Annii-:scm
1217 2406 1225 2415 .
1258 2387 1316 2426 PR.
1346 2385 1433 2421 distic
1466 2381 1646 2425 Longobarda
1665 2402 1673 2416 ,
1710 2388 1769 2421 quaej
1793 2377 1829 2411 fis

1720 2422 1785 2464 ’ἕως

1578 2512 1611 2526 Q
