1866 2526
440 49 540 95 VI

86 118 130 139 rat
139 129 149 142 ,
171 118 230 149 que
238 108 352 148 epistola
360 119 435 138 extat
446 111 475 139 in
489 121 556 139 tom.
568 106 764 139 Conciliorurn
776 130 783 137 .
795 106 886 137 Idem-

88 159 143 188 que
150 149 309 188 expreflerat
320 161 368 189 per
378 152 538 180 vocabulum
550 153 758 180 communionis
770 150 799 178 in
807 149 888 178 Con-

90 189 157 219 cilio
169 190 306 220 Martinus
315 193 384 229 Papa
395 213 402 224 ,
426 193 553 230 inquiens
565 204 571 220 :
596 191 717 230 [Siquis
731 189 888 218 voluntarie

87 229 270 259 homicidium
281 230 377 260 fecerit
387 254 396 265 ,
419 233 452 260 ad
463 235 572 269 januam
581 232 706 260 Eccleliae
725 229 831 269 semper
849 232 886 266 ja-

87 279 163 303 cett.
184 274 448 301 &communionem
466 274 496 302 in
516 273 593 302 exitu
602 273 671 302 vitoe
683 271 737 300 suae
757 271 888 309 recipiat,

84 309 173 339 tan-fi
191 311 253 349 quis
272 313 427 341 voluntarie
438 335 447 347 ‚
469 313 530 342 dist.
545 324 588 349 50.
602 315 614 345 1
638 316 677 342 Ac
689 313 762 341 idem
776 311 888 340 habetur

85 350 118 379 in
127 353 275 391 can-liqna
284 351 415 382 foemina.
439 354 510 382 Ibid.
533 358 561 383 δι
582 354 672 383 can-si
690 353 751 391 quis
769 352 804 381 de
826 362 886 380 cor-

86 400 154 429 pore
166 412 174 423 ‚
195 402 255 420 cum
266 391 438 431 sequentibus
449 415 458 428 ‚
483 402 529 423 26.
539 395 601 424 dist.
612 401 639 423 ⁶.
652 398 686 423 Et
698 394 837 432 lignanter
856 393 887 421 in

84 441 145 460 can.
157 432 201 469 qui
213 434 342 462 recedunt
352 454 360 462 .
383 435 454 463 Ibid.
463 434 613 464 declaratur
624 457 632 468 ‚
654 434 729 472 quod
740 433 888 470 dupliciter

85 472 277 502 reconciliatio
286 474 458 514 intelligatur
470 497 478 508 ,
502 475 569 504 idest
579 497 587 509 ,
598 475 705 514 publica
716 496 724 508 ‚
735 473 867 502 solemnis
878 494 886 506 ‚

85 513 251 551 &legitima
291 516 521 545 &reconciliatio
541 526 588 554 per
597 515 835 545 Communionem
858 514 887 541 in

85 562 184 581 mortis
194 554 316 592 periculo
326 576 334 587 ‚
355 556 399 584 ubi
419 555 453 584 fic
463 555 575 586 habetur
584 570 594 585 .-
618 557 696 592 [Qui
706 555 836 584 recedunt
853 555 887 582 de

85 603 202 632 corpore
212 595 378 633 panitentia
389 606 496 634 accepta
508 619 516 630 ‚
538 597 640 635 placuit
651 597 707 625 fine
724 595 885 624 reconcilia-

89 643 162 662 toria
182 645 274 664 manns
302 636 480 674 impofitione
500 643 513 672 (
531 638 598 666 ide?
625 637 803 666 teramom‘alt
816 657 824 668 ,
855 635 890 667 ό·

80 675 196 712 publ-ica
203 679 217 708 )
227 677 266 705 eis
275 677 474 707 communicari
484 697 492 709 ,
514 679 588 716 quod
597 679 776 707 morientium
787 676 888 705 sufficit

87 713 291 752 consolationi,
312 717 459 746 secundum
479 717 672 748 definitionem
690 721 818 750 Panum,
842 715 889 754 qui

89 755 246 803 liujusmodi
262 759 487 786 communionem
499 759 672 788 sufficienter
690 759 821 788 viaticum
840 767 890 785 no-

89 797 248 826 minarunt.
271 801 284 830 ]
304 802 377 836 Ergo
396 797 494 832 bibes,
520 801 594 839 quod
612 801 771 829 Benedic‘fio
783 821 790 833 ,
812 803 891 827 Com-

85 840 198 870 munio,
219 840 416 868 Reconctlmtio
427 860 435 872 ‚
457 843 485 872 ὅ(
506 845 643 870 mancum
665 862 673 873 ‚
696 840 769 869 idern
790 840 823 869 fit
842 848 890 866 no-

86 886 151 906 meii
162 899 169 911 ,
190 889 252 908 cum
261 881 352 919 agitur
361 879 396 908 de
406 880 438 908 iis
448 901 455 911 ,
479 882 525 920 qui
538 882 566 910 in
577 882 695 910 articulo
713 881 809 909 mortis
822 889 888 908 con—

85 918 247 957 stitutifunt
259 943 265 952 ,
288 921 376 952 idest,
400 919 574 950 Eucharistiae
592 921 746 960 susceptio.
771 925 803 950 Et
812 929 888 948 extra

84 959 140 987 tale
152 961 302 997 periculum
311 961 408 989 ultima
425 963 625 998 poenitentiiim
644 961 833 992 reconciliatio
852 959 889 987 est

86 1003 287 1030 &conciliatio
306 1002 421 1031 Altaria·
432 1023 440 1034 ‚
471 1002 517 1031 seu
529 1008 613 1032 Sacra
633 1006 750 1041 Synaxis
764 1024 771 1035 ‚
803 1001 870 1030 'idest
883 1021 890 1032 ι

86 1045 252 1071 Communis
263 1064 269 1074 ,
294 1043 451 1071 Benedictio
463 1064 470 1075 ,
491 1048 519 1072 ὃ(
529 1045 692 1072 Sacramenti
702 1042 794 1072 :iliaris
804 1041 891 1070 susce—

86 1082 147 1121 ptio
157 1102 164 1109 .
177 1085 214 1117 .-Η;
226 1082 342 1121 Insuper
352 1082 404 1111 hoc
419 1083 557 1113 Viaticum
569 1085 718 1123 antiquitus
729 1083 788 1122 post
799 1092 890 1111 extre-

87 1132 159 1151 mam
168 1124 326 1152 unffionem
336 1124 463 1152 dabatur:
488 1131 500 1160 [
515 1125 650 1154 Fratribus
660 1125 818 1154 convocatis
828 1146 835 1157 ,
845 1133 890 1152 ex—

89 1172 183 1192 trema:
197 1164 333 1193 unctionis
344 1166 543 1194 Sacramentum
554 1166 698 1195 humiliter
709 1188 716 1198 ,
738 1169 765 1194 8<
785 1165 886 1194 devote

87 1204 223 1243 suscepit5
246 1216 279 1234 eo
299 1215 431 1244 percepto
440 1227 448 1238 ,
471 1206 556 1236 etiam
571 1208 678 1236 Sacram
697 1205 891 1236 Eucharistiam

87 1246 133 1274 fibi
145 1245 250 1284 porrigi
264 1244 406 1275 initanriffi
413 1256 454 1275 me
466 1247 616 1286 postulavit
630 1269 638 1280 ‚
661 1257 691 1276 ut
709 1256 786 1276 tanto
805 1246 891 1275 itine-

87 1287 124 1315 ris
133 1286 201 1314 duce
211 1288 330 1315 munitus
341 1309 349 1319 ‚
372 1287 458 1324 pollet
479 1288 585 1317 securus
595 1287 716 1317 hostium
727 1298 828 1316 cuneos
847 1296 893 1323 pe-

85 1335 212 1355 netrare.
234 1327 325 1356 Surius
343 1328 374 1356 in
397 1328 463 1357 Vita
482 1329 508 1358 S.
525 1329 659 1356 Gulielmi
681 1328 812 1365 Archiep.
833 1328 845 1357 ]
866 1329 892 1354 ὅ(

87 1368 159 1406 apud
169 1367 286 1396 eundem
296 1369 326 1396 in
344 1369 400 1395 vita
409 1369 435 1396 S.
447 1368 541 1408 Steph.
553 1369 640 1409 Regis
650 1369 683 1398 de
693 1371 749 1403 cius
759 1377 850 1397 morte
859 1367 893 1396 iic

87 1407 218 1437 habetur:
241 1413 254 1443 t
266 1410 327 1438 Rex
340 1407 369 1436 in
379 1409 472 1439 medio
481 1413 572 1446 jacens
581 1432 590 1443 ‚
608 1410 707 1440 sacram
716 1410 834 1450 percipit
843 1420 892 1439 un—

87 1448 225 1480 aionem,
248 1447 420 1489 sanctamque
434 1451 553 1480 animam
571 1452 712 1491 corporis,
734 1456 762 1481 δι
783 1451 891 1490 sangui-

86 1488 131 1516 nis
141 1487 248 1516 Christi
266 1499 415 1519 recreatam
434 1492 534 1521 viatico
553 1495 629 1525 &c.]
651 1494 802 1522 Ponebatur
823 1503 891 1519 non-

88 1537 228 1566 nunquam
248 1530 416 1560 Eucharistia
435 1532 514 1571 supra
533 1532 657 1563 fidelium
674 1534 822 1565 cadavera,
845 1532 890 1571 qui

90 1568 183 1597 abusus
194 1569 351 1607 prohibitus
363 1573 415 1601 fuit
424 1573 454 1602 in
467 1575 524 1603 111.
534 1575 648 1603 concii.
659 1573 871 1613 Carthagincnli
882 1594 890 1605 ‚

89 1620 149 1647 cap.
168 1616 251 1638 16.ut
272 1611 303 1638 in
313 1612 380 1641 dici.
402 1616 712 1646 Communiodiximus-
735 1616 778 1644 De
797 1615 890 1643 Sanfto

87 1650 188 1679 Balilio
197 1651 300 1688 legitur
314 1663 320 1679 :
334 1658 347 1687 [
358 1653 509 1694 Unamque
519 1678 526 1688 ,
539 1659 628 1694 (idest
639 1680 646 1691 ,
661 1656 821 1696 particulam
831 1666 890 1683 con-

82 1692 249 1735 secratam)
271 1691 424 1731 sumpsisse,
446 1696 559 1726 alteram
580 1697 738 1730 reservass'e,
760 1706 790 1725 ut
801 1695 890 1724 secum

86 1729 267 1776 sepeliretur3
292 1735 402 1762 tertiam
416 1746 483 1765 vero
496 1737 523 1767 in
533 1739 670 1769 Columba
679 1749 757 1769 aurea
767 1736 889 1774 penden-

89 1780 116 1799 te
125 1771 270 1815 reposuifle
280 1793 287 1800 .
310 1775 400 1804 Surius
412 1798 420 1809 ,
443 1787 510 1807 tom.
528 1790 550 1808 i.
562 1781 575 1811 ]
589 1780 657 1809 idest
669 1803 676 1814 ,
700 1781 728 1809 in
738 1777 872 1808 Custodia
885 1799 892 1810 ‚

88 1812 290 1856 utindietione
309 1817 453 1846 ciborium
471 1820 611 1852 diximum
632 1819 679 1850 sed
697 1821 810 1850 Latini-15
820 1819 880 1847 1-3ῐί

88 1861 150 1880 mus
161 1852 386 1896 diligentiffimus
407 1861 646 1890 Ecclesiasticarum
661 1871 750 1890 rerum
769 1859 892 1889 observa-

87 1902 131 1937 tor
142 1914 150 1925 ‚
173 1902 288 1937 mltilme
297 1897 465 1929 existimavit
475 1902 600 1930 Sinc'kum
615 1901 714 1930 Virum
735 1899 890 1935 hujusmodi

90 1933 254 1964 indecentia
275 1937 362 1966 astum
383 1941 541 1971 commifiss'e
552 1964 560 1975 ,
583 1953 613 1971 ut
639 1941 668 1971 se
683 1953 745 1971 cum
765 1940 892 1980 particula

88 1973 243 2004 consecrat-i
259 1976 369 2020 sepeliri
378 1979 489 2016 juffillet
501 2005 508 2016 ‚
528 1983 759 2022 quemadmodum
777 1982 892 2011 insinua-

88 2026 117 2059 re
125 2015 256 2059 videntur
266 2019 313 2046 illa
322 2021 416 2049 verba:
437 2027 474 2052 Ut
480 2025 574 2061 serum
580 2025 762 2062 sepeliretur.
779 2023 831 2051 Sed
846 2031 893 2059 po-

89 2067 143 2085 tius
152 2058 370 2097 intelligendum
379 2063 417 2090 est
433 2085 441 2096 ‚
455 2064 530 2101 quod
540 2075 601 2092 cum
613 2065 717 2092 viatico
728 2064 758 2092 in
768 2072 894 2094 extremo

90 2107 156 2126 vitae
168 2097 279 2143 sumpto
288 2098 398 2139 sepeliri
408 2104 525 2142 cupierit
535 2125 541 2131 .
557 2105 589 2133 Id
600 2106 673 2133 enim
687 2105 765 2133 verba
774 2127 780 2137 ,
794 2103 893 2142 quaein

87 2142 144 2174 ejus
155 2148 213 2167 vita
232 2140 384 2176 habentur,
406 2142 468 2172 satis
489 2145 629 2173 declarant
643 2167 650 2178 ,
675 2155 791 2183 nempe:
817 2148 892 2179 [At—

84 2189 140 2225 que
150 2180 261 2209 tertiam
269 2180 347 2209 illam
356 2185 561 2213 communionis
571 2186 730 2223 portionem
741 2197 753 2214 :i
765 2186 892 2214 Domino

85 2225 135 2258 ³F¹¹
154 2220 243 2250 datam
255 2243 263 2265 ,¹
285 2232 346 2250 cum
364 2234 415 2262 qua
436 2224 581 2263 sepulture
602 2226 671 2254 tradi
694 2226 785 2254 voluit
795 2247 803 2258 ,
826 2224 890 2255 :issii-

87 2271 163 2289 iiicns
181 2287 185 2291 ,
207 2266 235 2291 δε
252 2272 282 2290 in
299 2264 371 2293 let—“to
390 2268 548 2294 recumbens
564 2267 664 2304 gratias
694 2267 752 2305 egit
772 2266 853 2295 Deo.
877 2269 889 2298 ]

87 2303 170 2346 Quod
180 2303 294 2330 ulterius
304 2314 336 2332 ex
347 2308 403 2340 ejus
414 2307 503 2344 patrio
512 2308 567 2335 ritu
576 2317 669 2346 graeco
688 2305 885 2340 confirmatur,

79 2354 131 2381 qui
141 2353 171 2371 iii
182 2341 229 2371 usu
239 2345 310 2382 apud
320 2345 432 2375 eosdem
443 2349 554 2376 Graecos
572 2346 660 2376 adhuc
678 2357 771 2381 manet
783 2369 791 2381 ,
817 2357 848 2376 ut
859 2348 889 2377 in

77 2385 141 2413 sidu
151 2382 328 2414 consecrandi
338 2386 487 2428 Episcopus
500 2389 688 2419 Sacerdotibus
699 2398 765 2418 tunc
776 2388 886 2419 ordina-

120 2425 312 2458 Hierolcxieon
327 2433 421 2458 Macri

1260 47 1301 86 V
1332 45 1353 88 1
1609 58 1688 98 705

943 104 979 135 tis
987 104 1102 145 lingulas
1119 104 1262 145 particulas
1273 103 1441 134 consecratas
1460 105 1604 143 consignet
1616 127 1624 138 ,
1646 115 1676 136 ut
1695 106 1743 145 ipfi

942 156 994 185 pro
1005 147 1108 175 viatico
1117 149 1146 175 in
1155 156 1281 176 extremo
1291 154 1386 174 eorum
1397 146 1460 174 vita:
1472 157 1585 176 utantur
1595 168 1602 175 .
1622 148 1678 178 PR.
1689 148 1742 177 Sed

941 187 988 216 bic
996 187 1079 215 etiarn
1089 188 1143 217 erit
1162 197 1238 217 error
1248 190 1329 225 pejor
1344 185 1454 224 priore5
1479 198 1542 216 nam
1561 190 1742 217 diuturnitate

942 228 1075 266 temporis
1085 239 1117 257 ea
1135 228 1268 267 particula
1277 236 1420 264 corrupta,
1440 238 1497 256 non
1517 230 1667 258 remanebit
1687 239 1744 258 ain-

941 269 1012 307 plius
1031 268 1185 298 consecrata
1197 290 1203 301 ,
1234 278 1286 306 qua
1315 267 1548 306 corruptibilitate
1566 271 1742 298 moribundus

940 310 1028 339 astum
1037 309 1202 339 idololatrix
1215 318 1403 339 committeret
1416 330 1422 340 .
1443 309 1462 338 fi
1473 320 1503 339 ea
1511 311 1725 344 communicaret
1736 334 1744 341 ,

942 350 1034 379 Potest
1043 359 1136 379 tamen
1144 349 1195 379 esse
1206 371 1214 382 ‚
1237 349 1311 388 quod
1321 348 1382 376 talis
1394 350 1509 379 traditio
1519 351 1659 390 particulae
1678 361 1745 378 con—

941 390 1049 419 secratae
1062 390 1094 419 (it
1103 400 1211 421 tantum
1220 400 1271 428 pro
1281 390 1444 418 caeremonia
1454 412 1461 422 ‚
1484 402 1513 419 ac
1535 391 1728 421 admonitione
1738 414 1746 424 ‚

942 432 1017 470 quod
1029 452 1036 463 ,
1058 431 1183 465 scilicet,
1204 431 1371 460 Sacerdosin
1381 441 1505 459 extremo
1518 433 1581 462 vine
1592 432 1645 462 sua:
1656 442 1747 461 recor·

942 474 1023 501 detur
1033 471 1108 500 refici
1120 482 1170 511 pro
1180 472 1284 501 viatico
1294 470 1462 500 Sant‘tillima
1474 473 1570 501 Hostia
1580 495 1588 506 ,
1609 484 1666 501 non
1686 472 1748 511 qui-

941 513 1005 543 dem
1015 513 1110 541 eadem
1120 534 1128 545 ‚
1149 522 1229 552 quam
1239 512 1354 542 tradidit
1364 512 1389 540 ei
1400 512 1429 541 in
1438 513 1615 543 ordinatione
1637 513 1747 551 Episco-

944 564 1010 591 pus,
1032 552 1078 581 sed
1096 553 1190 582 eadem
1203 552 1450 588 sacramentaliter,
1473 558 1501 583 &
1520 555 1595 593 quod
1605 554 1680 582 illam
1699 564 1747 592 per

944 593 1110 633 Episcopum
1121 594 1248 623 traditam
1259 593 1370 622 affirmet
1382 593 1438 632 ipse
1447 594 1574 624 Sacerdos
1583 617 1590 628 ‚
1602 604 1749 634 antequam

945 644 1136 672 corrumpatur
1147 657 1154 667 ‚
1174 635 1229 663 five
1238 634 1330 673 dignis
1342 644 1421 672 quam
1433 644 1551 672 primum
1564 637 1680 674 praebeat
1691 656 1698 662 .
1708 637 1746 669 :w

946 675 1021 704 Sicut
1033 676 1060 703 in
1071 676 1165 704 Gallia
1184 675 1267 703 moris
1287 674 1362 703 fuisse
1379 685 1466 703 narrat
1489 677 1627 706 Ptilbertus
1638 678 1746 706 Carno—

946 716 1030 744 teniis
1040 716 1189 754 Episcopus
1207 715 1285 754 epist.
1308 727 1334 747 ι.
1349 716 1425 754 quod
1442 718 1552 754 quando
1572 717 1747 746 Sacerdotem

946 757 1088 785 ordinabat
1107 757 1255 796 Episcopus
1267 777 1274 788 ,
1297 756 1417 785 tradebat
1439 757 1483 785 illi
1503 758 1531 785 in
1548 768 1630 788 manu
1648 767 1746 796 panem

947 796 1131 826 consecratum
1145 820 1152 830 ,
1175 806 1256 836 quem
1267 797 1394 825 Sacerdos
1411 797 1512 826 deinde
1529 797 1617 836 spatio
1631 798 1746 838 quadra-

946 839 1024 876 ginta
1034 838 1142 867 dierum
1158 836 1331 866 consumebat
1345 859 1352 870 ‚
1374 837 1481 866 sumens
1500 840 1626 877 quotidie
1643 850 1675 867 ex
1696 839 1747 867 illo

946 879 1093 908 frustillum
1102 901 1110 912 ,
1135 883 1162 908 ἀ
1180 879 1232 907 hoc
1244 878 1319 907 fiebat
1338 879 1367 907 iri
1388 879 1548 907 memoriam
1568 880 1748 918 quadraginta

946 921 1052 949 dieram
1064 942 1070 953 ,
1092 920 1121 950 in
1131 921 1225 958 quibus
1235 917 1364 947 Christus
1374 919 1514 949 Dominus
1524 931 1585 949 cum
1595 921 1658 949 Dis<
1666 921 1748 958 ipulis

945 960 999 989 sitis
1009 960 1143 989 mansei-at
1153 959 1212 998 post
1223 958 1450 989 resurrectionem
1461 982 1467 988 .
1480 962 1622 991 Caeterum
1632 961 1747 1000 permit-

945 1002 1049 1030 tebatur
1060 1002 1090 1029 iti
1102 1000 1323 1039 persecutionum
1334 1000 1439 1030 saeculis
1450 1023 1457 1033 ‚
1480 1012 1509 1030 tit
1522 1003 1599 1031 domi
1610 1004 1748 1031 detinere-

946 1052 990 1071 tur
1001 1041 1089 1071 hostia
1097 1041 1254 1071 consectata
1266 1061 1274 1073 ‚
1294 1041 1476 1070 consumenda
1487 1052 1578 1072 tamen
1595 1053 1658 1072 ante
1669 1053 1749 1081 quam

945 1092 1165 1121 corrumperetur
1175 1104 1182 1116 ‚
1205 1092 1234 1111 ut
1246 1084 1274 1110 iii
1285 1083 1381 1111 mortis
1389 1084 1512 1120 periculo
1526 1105 1533 1116 ‚
1557 1087 1584 1112 δε
1602 1093 1666 1112 ante
1677 1094 1746 1112 mar-

946 1124 1050 1159 tyrium
1061 1122 1168 1161 pollent
1179 1134 1209 1151 ea
1227 1133 1276 1161 per
1294 1123 1407 1152 moduni
1427 1124 1522 1153 viatici
1532 1125 1729 1153 communicari
1742 1149 1750 1162 ‚

946 1165 980 1192 de
990 1175 1045 1203 quo
1057 1163 1103 1192 usu
1124 1165 1218 1193 crebro
1229 1165 1317 1193 Sant‘ii
1329 1167 1421 1194 Patres
1440 1165 1591 1196 testantun
1614 1177 1641 1194 :ic
1653 1167 1750 1194 Mona-

947 1205 1062 1233 cliorum
1072 1205 1183 1244 antiqua
1194 1207 1223 1233 in
1233 1204 1341 1234 deserto
1353 1206 1510 1244 simplicitas
1519 1207 1654 1234 retinebat
1665 1216 1747 1244 peries·

947 1244 974 1273 sc
985 1246 1111 1275 Hostiam
1122 1244 1306 1275 consecratam
1315 1268 1324 1278 ‚
1347 1256 1377 1273 ut
1386 1247 1412 1274 S.
1424 1247 1535 1275 Balilius
1548 1246 1629 1275 refert
1643 1269 1650 1280 ‚
1673 1251 1701 1276 δ(
1713 1248 1747 1275 ob

947 1287 1095 1313 carentiam
1106 1285 1281 1314 Sacerdotum
1293 1286 1410 1325 propriis
1428 1288 1551 1316 manibus
1568 1287 1751 1326 spiritualiter

947 1324 974 1354 se
993 1325 1149 1355 reficiebant
1168 1348 1175 1358 ,
1198 1327 1244 1366 qui
1266 1326 1358 1356 abusus
1377 1326 1407 1356 iii
1427 1328 1607 1357 Occidentali
1630 1328 1747 1358 Ecclelia

948 1378 1072 1408 tempore
1083 1366 1240 1397 Hormisdae
1258 1370 1337 1408 Papae
1351 1368 1378 1396 in
1389 1370 1523 1398 Concilio
1533 1369 1749 1407 Caestzraugusta·

947 1421 985 1439 no
1000 1435 1004 1441 .
1027 1422 1086 1439 can.
1097 1421 1123 1448 3.
1136 1410 1291 1449 prohibitus
1303 1410 1374 1440 suin
1396 1408 1443 1438 sed
1463 1410 1490 1436 in
1502 1410 1624 1439 Oriente
1643 1409 1749 1438 drutius

947 1452 1043 1481 mansit
1054 1473 1060 1480 .
1080 1451 1216 1480 Similiter
1225 1451 1393 1490 temporibus
1412 1451 1526 1479 vetustis
1545 1450 1752 1489 peregrinando

946 1492 1038 1523 fideles
1049 1492 1137 1521 secum
1152 1490 1348 1521 Eucharistiam
1367 1491 1542 1525 deferebant,
1565 1500 1594 1519 ut
1605 1492 1639 1520 de
1650 1492 1750 1526 Satyro

946 1534 984 1561 D.
999 1533 1153 1562 Ambrosius
1163 1536 1218 1568 ejus
1229 1532 1312 1561 frater
1321 1532 1405 1561 refert
1416 1554 1423 1564 ,
1446 1536 1473 1560 δι
1483 1532 1517 1560 de
1527 1533 1552 1560 S.
1565 1533 1688 1561 Maximo
1697 1533 1751 1566 Sy-

946 1573 1075 1603 racusano
1088 1571 1223 1612 Episcopo
1231 1574 1271 1601 D.
1289 1573 1442 1612 Gregorius
1454 1575 1543 1610 Papa5
1562 1573 1637 1610 quod
1655 1582 1749 1601 tamen

948 1613 1080 1643 faciebant
1091 1637 1098 1647 ,
1120 1625 1150 1643 ut
1170 1615 1200 1642 in
1210 1624 1244 1642 eo
1255 1613 1354 1642 itinere
1366 1614 1462 1642 mortis
1473 1614 1594 1651 periculo
1603 1613 1750 1642 succeden-

949 1665 974 1683 te
985 1677 992 1687 ‚
1015 1664 1175 1693 promptum
1193 1654 1325 1683 haberent
1346 1655 1495 1685 viaticum5
1520 1654 1549 1682 id
1571 1655 1645 1682 enim
1664 1654 1748 1682 hodic

947 1695 1055 1724 licitum
1068 1696 1105 1725 cst
1116 1694 1181 1724 solis
1190 1696 1370 1724 Pontificibus
1379 1695 1512 1725 Romanis
1523 1715 1534 1730 ,
1543 1695 1638 1732 quibus
1650 1696 1678 1723 in
1690 1696 1750 1723 lon-

948 1737 1212 1775 ginquisssitineribus
1229 1736 1308 1774 supra
1317 1737 1404 1765 album
1424 1745 1555 1764 mannum
1572 1736 1695 1774 undique
1704 1746 1751 1764 or-

949 1787 1042 1806 natum
1059 1783 1072 1811 (
1091 1778 1137 1816 qui
1157 1777 1242 1816 vulgo
1253 1777 1361 1805 Chinea
1379 1777 1555 1815 appellatur)
1575 1786 1622 1814 per
1639 1777 1750 1804 brevem

948 1817 1270 1857 diaetam'praecedentem
1283 1842 1288 1850 ,
1313 1819 1390 1846 Sacra
1403 1817 1566 1846 Eucharistin
1576 1817 1699 1845 defertur
1710 1818 1751 1846 lu-

949 1860 1066 1887 minibus
1077 1858 1235 1887 circundata
1248 1879 1255 1890 ,
1278 1868 1357 1896 atque
1375 1857 1545 1887 nobilillinio
1555 1858 1690 1894 comitatu
1705 1858 1750 1886 ob.

949 1900 1083 1938 sequente
1093 1921 1099 1931 ,
1121 1909 1201 1937 quarn
1213 1900 1404 1927 caeremoniam
1416 1897 1632 1936 antiquissimam
1653 1897 1704 1927 effe
1714 1909 1750 1927 ex

949 1952 983 1970 co
991 1940 1097 1968 constat
1108 1961 1114 1972 ,
1137 1939 1213 1977 quod
1221 1938 1371 1977 Stephanus
1381 1942 1450 1977 Papa
1470 1940 1528 1967 111.
1547 1949 1606 1968 eam
1624 1939 1753 1968 observa-

949 1991 992 2010 vit
1004 2003 1010 2013 ,
1034 1980 1146 2018 quando
1163 1980 1197 2008 ad
1216 1982 1324 2018 Regem
1346 1980 1499 2009 Galliarum
1518 1981 1659 2018 perrexi15
1689 1991 1753 2009 nam

949 2023 1055 2057 ‹lbrasto
1072 2025 1173 2057 pre-vio
1191 2020 1265 2048 hunc
1285 2021 1449 2049 Pontificem
1468 2020 1648 2059 pei'egririalie
1668 2021 1752 2049 resti-t

950 2059 1341 2092 AnastasiusBibliotliecamus
1353 2062 1380 2088 iii
1393 2062 1465 2089 illius
1480 2071 1552 2089 vita.
1573 2064 1627 2091 PR.
1648 2063 1682 2090 de
1701 2061 1751 2089 hac

946 2102 1113 2132 caercnionia
1143 2102 1286 2129 metatum
1313 2102 1402 2130 edidit
1421 2101 1545 2139 Angelus
1562 2103 1656 2130 Rocca
1683 2103 1753 2130 olim

947 2143 1092 2173 pontificii
1102 2142 1199 2171 Sacelli
1209 2142 1320 2170 sacrista
1331 2164 1337 2174 ,
1359 2145 1433 2177 cujus
1444 2142 1539 2170 titulus
1549 2143 1603 2170 est:
1628 2144 1672 2170 De
1686 2144 1750 2170 Via-

948 2185 1007 2212 tico
1017 2185 1120 2213 Summi
1134 2183 1282 2211 l’ontificis
1293 2203 1300 2209 .
1312 2183 1433 2212 Infirmis
1444 2205 1451 2216 ,
1475 2184 1502 2211 in
1513 2184 1607 2221 quibu>
1619 2183 1687 2210 inest
1701 2182 1752 2210 im-

947 2225 1072 2264 potentia
1084 2222 1249 2260 suscipiendi
1261 2223 1393 2252 viaticum
1406 2246 1412 2256 ,
1436 2234 1492 2252 non
1504 2224 1568 2251 licet
1579 2222 1688 2251 deferre
1700 2227 1753 2252 Eu-

946 2265 1101 2293 cliaristiarn
1115 2263 1274 2293 devotionis
1283 2264 1369 2302 gratia
1378 2265 1412 2293 ad
1421 2264 1496 2292 illam
1507 2264 1670 2292 adorandam
1679 2283 1687 2291 .
1707 2266 1752 2293 Ita

946 2317 960 2335 a
971 2306 1056 2337 B.Pio
1065 2307 1132 2343 Papa
1144 2305 1288 2333 V.cautum
1298 2304 1358 2333 fitit.
1369 2305 1496 2342 Reliqua.
1511 2305 1584 2333 Vide
1597 2305 1753 2333 Renedrc'z‘io

944 2348 1053 2376 beatam
1064 2366 1070 2373 .
1094 2350 1255 2375 Communia
1265 2366 1272 2373 .
1292 2347 1437 2383 Ephodion.
1457 2346 1633 2381 Eucharistta
1643 2366 1650 2373 .
1679 2346 1752 2373 Item

949 2387 1095 2417 Viaticiim
1109 2386 1245 2425 fignificat
1258 2387 1387 2427 portatile
1398 2386 1554 2454 altYa'riolum
1566 2406 1574 2414 .
1585 2388 1620 2415 V.
1629 2386 1734 2455 algare
1745 2405 1754 2414 .

1462 2436 1482 2461 y
1686 2435 1709 2454 1-
