1866 2526
487 57 616 100 MU

87 120 231 150 Murtuu
241 138 250 152 ‚
259 113 434 153 cylindracea
443 137 452 149 ‚
461 114 635 146 semimsnica
644 114 780 152 hyemalis
788 114 823 145 ed
831 125 924 146 manus

126 156 322 190 calefacienda
331 177 340 190 .
350 155 441 185 italice
450 161 597 187 Manizza
606 178 615 190 ‚
637 155 681 184 seii
692 159 774 185 Mani
777 165 848 185 cotto
857 156 925 186 dici-

1267 55 1317 98 Μ
1349 57 1393 100 U
1652 37 1734 112 4453

982 118 1029 150 84.
1039 119 1067 146 &
1087 124 1155 144 tom.
1167 126 1194 144 2.
1206 120 1253 153 38.
1267 119 1312 144 80.
1325 118 1372 152 ⁸4·
1383 118 1429 150 89.
1441 125 1489 150 90.
1502 120 1551 150 9⁶·
1566 126 1629 144 120.
1649 120 1678 146 ὁ(
1688 115 1785 155 paffim

980 155 1082 184 ibidem
1093 175 1101 184 .
1125 155 1200 185 Vide
1211 155 1422 194 Mamburgium
1433 174 1440 183 .

127 210 190 230 tur.
213 198 322 235 [Abbas
332 196 476 236 provideat
487 219 495 230 ,
517 207 546 226 ut
567 196 752 235 unusquisque
772 197 926 226 Monacho-
940 197 1066 225 Muumo
1079 217 1087 224 .
1110 196 1189 226 Idem
1200 206 1230 224 :ic
1239 195 1422 225 Mundualdus
1434 216 1441 228 ,
1454 194 1490 224 de
1499 205 1554 234 quo
1566 195 1651 225 infra.
1751 238 1757 243 ῃ

126 249 186 271 rum
201 238 294 267 habeat
315 247 432 267 vuantos
443 238 473 266 in
483 238 574 267 aestate
587 259 594 271 ,
617 241 644 267 &
655 235 775 266 muffulas
785 237 815 267 in
825 237 926 274 hyeme
940 238 1091 266 Μυκυιυκ
1101 257 1109 264 .
1130 239 1186 267 FR.
1197 239 1240 273 jus
1250 237 1326 276 quod
1339 235 1420 265 habet
1430 237 1553 265 Curator
1563 258 1570 269 ,
1593 237 1639 266 vel
1652 238 1740 266 Tutor
1750 249 1781 268 in

126 278 329 313 vervecinss‚in
338 278 437 307 Addit.
448 288 504 317 cap.
521 289 528 307 i
539 291 564 308 ι.
576 277 700 308 Constit.
709 278 806 307 Caroli
816 279 925 324 Magni.

85 323 237 353 Μυιεεοο
249 342 256 353 ,
276 319 398 348 melodia
409 341 416 352 ‚
427 318 571 348 harmonia
584 340 591 347 .
615 318 726 354 [Culto
735 319 844 357 perasto
855 321 927 359 vigi-

87 358 97 365 *
125 362 224 391 lini-um
235 383 242 394 ,
253 370 317 398 quas
327 359 495 388 alternantes
505 359 661 388 mulcedine
673 381 679 391 ,
692 358 826 389 Monachi
837 381 845 393 ,
859 362 925 390 Cle-

980 276 1124 316 personnm
1135 299 1142 311 ,
1152 282 1180 307 ὅ(
1189 278 1260 306 bonet
1272 277 1346 306 illius
1358 298 1366 310 ‚
1377 277 1426 316 qui
1435 275 1482 306 sub
1492 279 1549 312 ejus
1556 287 1618 306 cut-2
1631 298 1639 310 ‚
1654 278 1700 306 vel
1711 287 1782 310 tute-

981 318 1006 347 la
1015 318 1117 356 politus
1127 317 1198 352 est‚l.
1207 318 1226 347 fi
1238 317 1291 347 vir.
1303 317 1337 346 de
1347 327 1427 357 raptu
1439 317 1574 351 mulieris,
1585 322 1613 348 &
1625 318 1643 348 l.
1653 317 1673 348 fi
1684 327 1763 358 pater
1772 343 1782 356 ,

980 358 1015 387 de
1027 357 1194 397 sponsalibus
1203 379 1210 386 .

123 401 227 440 ricique
245 399 417 441 psalmicines
425 401 688 429 concelebraverant
698 420 706 427 .
730 400 825 428 Sidon.
837 401 884 430 lib.
899 400 1147 437 5.'Munou.¹ti.i>us
1157 419 1164 427 .
1183 401 1239 429 PR.
1249 402 1338 428 'Iutot
1346 420 1356 433 ,
1379 399 1501 429 curator
1511 421 1520 433 ‚
1542 399 1689 436 Fidejussbr
1699 421 1707 433 ‚
1732 401 1751 429 l.
1761 402 1783 433 st

123 442 202 482 epist.
217 453 259 475 17·

82 486 212 515 Murco,
235 482 362 511 destruo.-
385 480 554 511 Anthelmus
584 480 618 510 de
635 478 738 519 septem
767 480 927 519 capitalibus

123 534 202 554 vitiis
211 544 218 551 .

165 563 295 602 Denique
307 562 326 592 si
337 561 427 600 potuit
438 563 502 591 coeli
514 562 630 591 multare
639 570 758 590 catervas
768 581 776 589 .

82 606 271 634 ΜυιιειυτΑς
283 625 292 637 ,
313 603 497 631 muliebritas:
512 609 524 638 [
538 605 659 631 Verrunt
669 602 798 645 cepillum
810 624 818 636 ‚
838 602 867 631 in
877 613 923 631 :icu

981 438 1043 468 Vir.
1064 440 1098 469 de
1115 450 1195 478 raptu
1216 440 1332 468 mulier.
1355 439 1507 469 Bullatium
1523 439 1655 469 casinen.
1674 450 1740 470 tom.
1754 455 1784 472 ι,

980 480 1066 509 const.
1080 485 1125 519 83.
1137 484 1209 509 &11
1219 489 1244 516 5.

941 522 1069 550 MUNERA
1080 541 1088 548 .
1111 521 1186 550 Vide
1197 522 1357 559 Epicombia
1369 543 1376 553 ,
1388 527 1460 559 Roga
1469 543 1477 555 ‚
1488 527 1587 551 strena
1597 542 1604 550 .
1616 523 1707 557 Quare
1717 534 1782 562 pro-

980 560 1068 590 hibita
1079 562 1108 590 in
1126 562 1154 591 C
1155 560 1346 590 ircumcifione
1356 562 1477 591 Domini
1489 585 1496 593 .
1519 563 1592 592 Vide
1603 565 1782 603 Circumcisa'o

979 606 1093 630 Domini
1104 622 1111 629 .

121 645 268 674 lasciviore
279 666 287 677 ,
309 653 414 672 comam
432 643 477 672 fibi
496 643 621 671 inferunt
632 664 641 675 ‚
661 642 780 671 crinibus
798 653 811 671 :i
831 643 922 672 fronte
939 643 1132 671 Mutumtnon
1144 663 1151 670 .
1176 644 1233 672 FR.
1243 645 1389 678 Tyrannus
1401 664 1409 675 ,
1431 643 1478 682 qui
1489 644 1624 679 Martyres
1634 645 1718 678 morti
1729 652 1785 675 tra·

123 686 218 715 divisis
230 707 239 718 ,
255 693 376 724 apertam
395 683 518 722 proferre
528 683 726 712 mulieritatem
736 703 744 711 .
763 685 879 714 Tertull.
889 685 922 713 de

123 728 204 766 Virg.
217 726 314 754 Velan.
325 734 383 762 cap.
398 734 440 752 ιι.

81 769 280 796 Mummi-„mn
290 785 298 794 .
322 766 379 794 FR-
389 763 599 794 molendinum.
622 764 694 795 Bull.
704 764 796 794 Casiri.
811 775 879 795 tom.
893 777 919 795 z.

121 807 208 836 const.
218 817 251 843 73
258 826 264 832 .

977 682 1006 710 di
1017 683 1107 719 jubet:
1129 684 1246 721 [Igitur
1264 693 1379 721 urgente
1400 694 1605 713 muneratorum
1624 686 1737 715 decreto
1755 687 1783 716 S·

978 725 1116 759 Martyres
1135 724 1165 752 in
1175 723 1254 752 Circi
1273 723 1426 761 spectaculo
1438 725 1558 753 terdenis
1578 736 1706 764 cuparum
1715 737 1781 766 gre-

978 764 1041 792 miis
1060 765 1224 793 traduntur.
1244 765 1405 798 Aideimus,
1422 765 1456 795 dc
1469 765 1616 805 Virg.c2p.
1633 770 1702 804 i9.]
1732 768 1784 797 Vi-'

976 804 1011 833 de
1019 809 1125 834 Munus
1136 826 1144 834 .
1662 807 1672 815 ⁰

81 849 191 876 Mun-A
203 868 211 880 ,
233 845 344 885 quando
361 845 394 874 ab
415 846 553 886 Antiquis
569 845 724 886 prolatum.
745 846 819 875 Vide
837 849 920 887 Kyrie
936 845 1115 875 Mummxs.
1137 847 1193 875 FR.
1204 846 1386 875 adornabilis.
1407 846 1556 883 [Porticus
1575 848 1714 880 columnis
1734 849 1779 878 in-

119 888 216 925 elenson
225 906 234 914 .

977 885 1083 915 vidiosa
1094 887 1270 916 munibilibus
1283 908 1289 915 .
1307 888 1403 917 Sidon.
1415 888 1460 917 lib.
1472 900 1498 917 z.
1508 888 1586 927 epist.
1599 901 1625 918 ι.

79 929 265 958 Marinum
277 949 284 955 .
308 929 365 957 FR-
377 931 481 961 Mulier
491 950 499 962 ‚
518 938 577 968 qiu:
591 928 683 957 multis
695 927 761 956 viris
771 926 917 966 nupserat:
937 928 1082 956 MUNIMEN
1094 950 1101 961 ‚
1123 928 1178 956 five
1187 932 1330 957 Monimen
1342 950 1348 957 .
1375 930 1430 958 PR.
1439 929 1621 969 privilegium
1631 951 1640 964 ‚
1655 929 1702 960 seu
1710 941 1779 961 atte-

116 969 202 998 refert
213 970 251 998 D.
264 967 453 1006 Hieronymus
463 971 491 1000 in
501 970 580 1008 epist.
596 979 605 997 i
617 981 639 997 i.
649 969 681 997 :id
695 968 833 1008 Ageruch.
845 969 920 1007 quod

978 967 1057 996 statio
1067 988 1074 995 .
1096 969 1197 997 Bullar.
1208 969 1340 998 Cafin'cn.
1351 980 1420 999 tom.
1432 982 1458 998 2.
1468 971 1555 999 const.
1566 977 1614 999 61.

117 1019 178 1038 cum
193 1008 250 1048 ipse
261 1011 359 1038 Romae
376 1019 530 1041 moraretur
540 1032 547 1043 ,
568 1011 645 1049 Papa:
656 1008 774 1038 Damaso
786 1010 814 1038 iri
825 1010 921 1038 officio
936 1009 1126 1038 ΜυΝιΜεΝτΑ
1139 1029 1146 1036 .
1170 1011 1228 1038 PR.
1245 1011 1381 1039 cumulum
1410 1011 1604 1048 probationum
1625 1012 1759 1051 fignificat
1770 1035 1781 1046 ,

119 1050 282 1079 Subdiaconi
294 1049 447 1081 inserviens
458 1075 465 1086 ‚
488 1052 672 1089 reperiebatur
682 1051 721 1079 ibi
733 1051 844 1088 quidam
857 1051 900 1079 vir
912 1073 918 1082 ‚

119 1091 166 1129 qui
189 1091 293 1130 viginti
311 1092 438 1122 mulieres
457 1091 619 1132 sepelient,
642 1101 671 1120 :ic
688 1091 772 1119 etiam
793 1091 919 1130 quaedain

118 1132 220 1160 mulier
231 1153 239 1164 ,
263 1141 322 1170 qua:
336 1132 440 1172 viginti
458 1133 525 1162 duos
546 1132 659 1161 maritos
671 1132 827 1170 ploraverat
842 1154 848 1164 ,
872 1131 918 1171 qui

116 1172 195 1201 timul
208 1173 236 1200 in
246 1174 425 1203 nutriuionio
436 1174 575 1211 conjunt‘ti
586 1172 648 1201 sunt
664 1184 670 1203 ς
683 1182 850 1211 quapropter
861 1175 920 1202 Ro-

119 1223 211 1241 manus
232 1213 347 1251 populiis
366 1214 528 1253 impatienti
559 1214 733 1247 curiofitate,
755 1214 868 1252 quinem
889 1214 918 1242 in

117 1253 170 1282 lioc
189 1253 322 1292 conjugio
341 1255 443 1292 primus
455 1265 544 1284 morte
564 1254 752 1283 dissbcisretur
765 1275 773 1287 ,
791 1255 917 1282 attende-

113 1295 179 1323 bat.
203 1296 278 1323 Mors
296 1295 408 1324 tandem
429 1307 480 1334 pro
499 1296 590 1324 mariti
613 1295 728 1323 viftoria
750 1295 916 1326 inclinavit5

114 1345 196 1374 quare
206 1335 280 1363 idem
302 1335 411 1365 santius
422 1337 530 1366 1)οᾶοτ
551 1336 653 1365 ibidem
666 1334 856 1374 prosequitur,
879 1336 921 1366 in.

975 1048 1005 1077 in
1015 1060 1070 1087 quo
1092 1049 1220 1079 fundatur
1242 1051 1354 1090 ligantis
1366 1051 1488 1080 intentio
1497 1074 1504 1084 ,
1530 1057 1543 1087 [
1555 1052 1783 1091 Comparuei-unt.

975 1099 1166 1128 procuratores
1175 1091 1257 1119 vestri
1269 1102 1276 1122 ς
1299 1090 1345 1120 sed
1358 1093 1421 1131 quia
1432 1103 1489 1120 non
1508 1093 1659 1122 attulerunt
1670 1094 1779 1133 deposi-

976 1132 1067 1159 tiones
1077 1131 1189 1160 testium
1201 1153 1209 1165 ,
1227 1136 1254 1160 5<
1265 1132 1317 1160 alia
1328 1133 1499 1161 munimenta
1511 1155 1520 1166 ‚
1543 1133 1707 1163 dilationem
1717 1145 1779 1164 cum

975 1171 1108 1200 instantia
1127 1172 1299 1210 postularunt
1309 1196 1317 1205 ‚
1340 1174 1386 1202 lib.
1404 1184 1426 1201 i.
1444 1174 1572 1202 decretal.
1582 1174 1616 1202 de
1635 1176 1664 1203 in
1674 1176 1780 1215 integr.

975 1212 1060 1240 restit.
1071 1223 1129 1252 cap.
1139 1223 1231 1242 coram
1240 1212 1328 1242 felicis
1339 1217 1369 1245 .]
1394 1214 1452 1243 Ubi
1462 1213 1570 1244 Gloss‘a:
1595 1221 1608 1251 [
1620 1216 1778 1246 Munimen-

975 1263 1001 1280 ta
1011 1252 1141 1282 dicuntur
1151 1275 1158 1286 ,
1181 1254 1276 1292 quibus
1286 1253 1359 1282 causa
1371 1255 1505 1288 munitur,
1515 1258 1542 1284 ὅ(
1553 1255 1706 1285 instituitur
1717 1280 1726 1291 ,
1748 1269 1777 1287 ut

975 1294 1054 1322 testes
1065 1316 1073 1327 ,
1084 1295 1262 1324 instrumenta
1273 1317 1280 1328 ‚
1291 1294 1473 1325 confeffiones
1485 1318 1493 1329 ,
1505 1299 1533 1325 ὃ(
1543 1296 1681 1337 quidquid
1689 1299 1774 1332 aliud.

976 1334 1052 1372 quod
1064 1336 1176 1372 adjuvet
1188 1335 1292 1364 causam
1304 1358 1311 1365 .

118 1376 230 1415 quiens:
245 1375 345 1410 [Vicit
359 1378 474 1406 Maritus
484 1400 492 1411 ,
502 1382 528 1407 δ(
543 1387 627 1406 totius
637 1376 721 1405 Urbis
731 1377 836 1415 populo
849 1387 903 1405 con
934 1375 1039 1403 Mus-us
1049 1396 1056 1403 .
1080 1378 1136 1406 FR-
1149 1387 1199 1415 pro
1210 1378 1345 1413 martyrio
1354 1398 1362 1406 .
1388 1378 1575 1414 [Coniunfto
1592 1377 1684 1418 itaque
1695 1379 1776 1409 unito

113 1418 217 1446 fluente
235 1427 381 1446 coronatus
393 1440 400 1450 ,
420 1422 447 1447 δε
458 1419 578 1456 palmam
598 1427 695 1445 tenens
706 1439 713 1448 ,
737 1417 917 1456 adoreamque

114 1467 161 1495 per
171 1457 291 1495 singulos
298 1457 347 1486 fibi
356 1459 534 1487 acclsimntes
545 1480 552 1491 ,
573 1458 664 1487 uxoris
674 1458 835 1486 multinubae
849 1457 916 1486 sere-

116 1506 189 1525 trum
199 1498 368 1534 praecedebat
379 1518 386 1525 .
410 1500 485 1535 Quid
498 1500 616 1528 dicemus
634 1498 679 1526 tali
690 1498 819 1526 mulieri?
839 1509 917 1526 nem-

116 1546 150 1574 pe
162 1557 170 1568 ,
195 1537 263 1565 illud
273 1538 347 1575 quod
358 1538 497 1567 Dominus
513 1540 686 1568 Samaritana:
700 1552 707 1566 :
733 1538 837 1576 viginti
848 1540 915 1568 duos

113 1576 231 1605 habuisti
249 1577 379 1611 maritos,
407 1582 435 1607 δε
455 1579 502 1608 ille
520 1601 528 1614 ,
547 1591 560 1609 a
588 1590 642 1619 quo
670 1577 809 1617 sepelieris
827 1600 835 1613 ,
857 1590 915 1609 non

116 1617 154 1645 cst
165 1627 225 1646 tuus
235 1638 242 1645 .

77 1658 185 1687 Munnt
195 1679 203 1686 .
224 1658 299 1687 Vidc
311 1660 459 1688 Gabbara-

73 1698 166 1727 ΜυΝΛ
178 1720 186 1731 ,
209 1699 314 1728 oblatio
327 1722 334 1732 ,
364 1710 478 1729 munus.
504 1702 719 1741 [Apportabsnt
741 1702 774 1730 ad
793 1700 913 1741 sepultu-

115 1749 170 1767 ram
183 1738 255 1768 suam
266 1751 346 1769 unam
357 1751 467 1769 mutiam
478 1762 485 1769 .
509 1744 545 1771 In
556 1744 613 1772 vita
624 1746 654 1773 B.
668 1743 801 1772 Ambrosii
812 1745 912 1772 Senen.

973 1416 1076 1455 gemitu
1086 1417 1119 1445 ad
1138 1418 1295 1446 Dominum
1315 1419 1470 1447 orationem
1483 1419 1612 1447 fuderunt
1623 1440 1632 1452 ‚
1650 1430 1713 1448 ante
1721 1431 1779 1449 ter-

973 1458 1043 1485 tium
1052 1457 1126 1486 diem
1138 1460 1257 1487 muneris
1267 1480 1274 1487 .
1298 1461 1332 1488 In
1345 1460 1406 1497 pass.
1421 1460 1445 1488 S.
1458 1462 1599 1497 Perpetua:
1611 1482 1618 1492 ,
1641 1464 1668 1489 δε
1681 1461 1778 1490 Felici-

974 1499 1037 1526 tatis
1058 1509 1106 1537 per
1117 1501 1216 1528 Lucam
1237 1500 1416 1528 Holstenium
1433 1500 1508 1528 edita
1517 1521 1523 1527 .
1548 1501 1688 1536 Quoniam
1707 1512 1775 1541 ergo

972 1539 1094 1576 permisit
1107 1563 1114 1569 ,
1137 1544 1164 1568 ὅ(
1175 1541 1364 1578 permittendo
1377 1541 1465 1569 voluit
1486 1541 1601 1578 Spiritus
1612 1542 1723 1570 Sanstue
1732 1554 1779 1571 or.

971 1580 1066 1608 dinem
1078 1580 1158 1618 ipsius
1170 1591 1288 1609 muneris
1299 1580 1432 1610 conscribi
1443 1602 1450 1608 .
1470 1582 1577 1610 Ibidem
1589 1603 1595 1609 .
1620 1583 1708 1620 Iplius
1717 1593 1776 1612 mu-

971 1620 1044 1648 neris
1056 1622 1144 1649 astum
1164 1622 1183 1650 si
1193 1622 1253 1660 quis
1264 1622 1382 1650 voluerit
1395 1643 1403 1655 ,
1426 1621 1542 1651 scribat.
1565 1623 1672 1651 Ibidem
1682 1644 1690 1651 .
1715 1629 1728 1659 [
1741 1627 1777 1654 Et

969 1660 1104 1690 inferius:
1131 1667 1143 1696 [
1156 1663 1282 1691 Venator
1291 1663 1381 1700 potius
1393 1684 1400 1695 ,
1423 1664 1470 1702 qui
1481 1663 1559 1692 illum
1579 1673 1646 1701 apro
1654 1662 1775 1704 subliga-

969 1711 1063 1736 νει-αι,
1082 1701 1210 1731 subselliis
1228 1703 1259 1731 :ib
1278 1704 1372 1732 eadem
1390 1704 1472 1732 bestia
1493 1703 1553 1742 post
1573 1704 1631 1734 dies
1653 1706 1775 1738 muneris

967 1742 1036 1771 obiit
1045 1763 1052 1770 .
1065 1745 1078 1775 1
1090 1743 1162 1771 Vide
1173 1749 1340 1773 Munerator
1349 1765 1356 1772 .

72 1778 185 1808 12:11an
192 1791 235 1809 tii
243 1790 276 1809 eit
287 1803 295 1814 ‚
309 1791 367 1810 tutc
377 1804 384 1815 ,
410 1788 421 1817 [
434 1783 577 1813 Advocate
589 1784 712 1823 Angelos
723 1784 755 1812 ad
763 1784 912 1814 custodiam
929 1784 1099 1812 Mummium
1110 1803 1116 1810 .
1141 1786 1198 1814 PR.
1211 1785 1352 1822 impositio
1362 1795 1411 1824 pro
1431 1783 1609 1814 resarciendis
1627 1786 1714 1815 miii-is
1723 1797 1773 1826 pu-

116 1821 245 1856 puritatis
255 1822 350 1850 vcstrae
362 1844 370 1855 ,
391 1823 453 1861 quia
464 1822 521 1861 ipsa
533 1825 562 1853 in
582 1835 674 1853 tenera
684 1823 756 1852 sorte
777 1826 913 1855 mundali-

114 1869 157 1887 ter
168 1861 255 1898 posita
271 1872 332 1890 cum
345 1865 455 1901 Regin:
469 1863 589 1902 ipsorum
611 1866 695 1894 etiam
716 1865 806 1893 futura
822 1864 912 1895 secum

112 1911 207 1928 eorum
218 1900 342 1941 stiffi-agia
350 1901 441 1932 sedula
449 1906 575 1935 oratione
583 1905 761 1935 contrahebat
772 1926 779 1933 .
793 1907 911 1936 Fulbert.

112 1939 191 1969 serm.
203 1942 236 1970 dc
248 1943 315 1971 Ort.
327 1946 359 1972 Β.
371 1945 450 1984 Virg.

71 1982 287 2011 §lurtum-imum
296 2005 304 2016 ,
315 1985 554 2015 Muna'eburdium
564 2007 572 2020 ‚
581 1991 610 2016 ὅ(
619 1987 821 2016 Mundeburdts
831 2010 838 2017 .
860 1990 911 2017 Vi-

110 2022 144 2050 cie
155 2024 391 2052 Mundtburdium
401 2045 408 2052 .

71 2063 245 2092 Murcointis
259 2086 265 2096 ‚
277 2065 435 2093 mundanus.
451 2067 525 2102 [Sed
536 2077 564 2096 tu
574 2069 623 2096 flos
632 2067 823 2101 sacerdotum,
837 2080 911 2108 gem<

928 1947 1078 1976 ΜυκΛ-Πο
1088 1967 1096 1974 .
1117 1949 1173 1977 FR.
1184 1950 1217 1977 1³2

969 1824 1045 1853 blicis
1057 1844 1064 1851 .
1088 1830 1100 1859 [
1123 1824 1152 1853 Si
1169 1827 1231 1854 Rex
1252 1825 1412 1854 conccss'erit
1431 1826 1553 1855 Civitati
1564 1849 1571 1859 ,
1594 1828 1637 1855 vel
1658 1829 1750 1867 Burgo
1763 1851 1772 1862 ‚

967 1868 1043 1903 quod
1053 1863 1135 1903 poffit
1144 1866 1265 1905 accipere
1277 1867 1431 1907 muragium
1440 1886 1448 1894 .
1461 1867 1566 1896 Matth.
1577 1866 1660 1896 Paris.
1670 1868 1701 1897 in
1710 1870 1771 1899 Ad-

968 1906 1055 1934 ditam
1066 1927 1073 1934 .

1220 1959 1268 1987 gus
1279 1970 1287 1982 ,
1309 1948 1365 1977 five
1376 1948 1427 1977 alia
1445 1948 1592 1978 domorum
1612 1950 1754 1988 copulatio
1764 1973 1772 1979 .

970 1993 981 2022 [
995 1988 1162 2017 Murationes
1175 2011 1182 2022 ‚
1206 1993 1233 2017 ὃ(
1245 1989 1339 2018 Castra
1356 1988 1482 2027 insuper,
1504 2001 1564 2029 quae
1583 1989 1691 2030 semper
1701 2003 1771 2020 con-

968 2027 1116 2057 sueverunt
1127 2039 1176 2067 per
1195 2030 1349 2059 Monachos
1358 2029 1488 2058 custodiri
1498 2035 1551 2060 διε.
1573 2032 1717 2060 Laicorum
1725 2044 1771 2061 cu-

967 2068 1062 2098 stodiae
1072 2070 1229 2098 commisisti
1241 2091 1248 2098 .
1270 2072 1369 2099 Bullar.
1379 2070 1474 2100 Calin.
1484 2082 1551 2100 torn.
1564 2083 1591 2100 2.
1601 2073 1688 2101 const.
1702 2085 1769 2112 230.

109 2113 152 2131 ma
160 2104 328 2133 Pontificum
342 2127 348 2137 ,
367 2104 480 2136 scicntia
492 2107 571 2136 fortis
581 2129 588 2139 ,
613 2108 714 2137 fortior
723 2107 892 2139 conscientia
904 2133 911 2143 ,
928 2109 1037 2139 Mutuo
1049 2132 1055 2142 ,
1068 2112 1218 2139 Murdator
1227 2133 1234 2144 ‚
1247 2114 1274 2139 ὅ(
1288 2112 1441 2140 Murdarus
1451 2132 1458 2139 .
1472 2113 1546 2141 Vide
1559 2115 1731 2142 Martridum
1741 2135 1748 2141 .

107 2144 196 2173 minas
205 2168 212 2178 ‚
223 2145 362 2184 undasque
375 2148 555 2177 mundialium
567 2148 664 2187 sperne
675 2149 831 2178 nimborum
843 2171 850 2178 .
871 2152 910 2180 Si-

107 2185 174 2213 don.
193 2186 238 2214 lib.
252 2198 280 2221 9.
299 2186 377 2224 epist.
388 2199 415 2222 4.
427 2187 474 2217 sub
497 2199 553 2228 quo
566 2191 683 2228 linguam
700 2188 776 2218 fuisse
785 2192 910 2220 mundia-

105 2226 144 2254 les
162 2225 288 2254 historici
300 2227 484 2266 prodiderunt
496 2250 504 2257 .
523 2230 620 2268 Sulpit.
632 2231 662 2258 in
679 2229 742 2258 hist.
761 2229 814 2259 sac.
825 2231 871 2263 lib.
885 2245 909 2261 τ..

62 2276 311 2337 Mtscggixixliimvn
322 2329 329 2336 .
343 2309 400 2339 PR.
413 2312 626 2340 Mundburdum
638 2332 646 2344 ‚
656 2312 907 2347 Mmzdeburdium,

100 2349 130 2375 &
140 2349 283 2377 Mundebu
289 2350 346 2379 rdit
357 2372 364 2383 ,
378 2350 500 2381 defensio
514 2374 522 2385 ,
534 2351 714 2391 privilegium
725 2374 732 2384 ,
753 2351 799 2381 seu
810 2354 907 2383 tutela-

928 2149 1064 2179 Munmwe
1075 2173 1082 2183 ,
1104 2160 1263 2180 ornamenta
1274 2151 1387 2190 pensilia
1398 2152 1427 2180 iri
1447 2155 1562 2183 Ecclefia
1575 2154 1698 2182 adinstar
1708 2165 1768 2183 mu-

966 2201 1038 2219 renae
1051 2213 1059 2223 ‚
1080 2198 1091 2227 [
1103 2193 1229 2221 Mnrenas
1239 2193 1383 2230 pralinales
1401 2193 1604 2231 pretiosissimas
1625 2194 1690 2223 duas
1699 2215 1706 2223 .
1728 2199 1767 2225 A·

966 2232 1032 2260 nast.
1045 2232 1075 2260 in
1085 2233 1178 2261 Leone
1188 2234 1246 2261 111.

923 2272 1116 2301 Munzsum.
1142 2275 1198 2302 PR„
1220 2275 1347 2311 Inaurcs.
1379 2275 1562 2310 [Murenulas
1580 2286 1669 2304 aureas
1689 2275 1769 2305 sacie-

964 2322 1024 2342 mus
1035 2314 1085 2342 tibi
1095 2317 1147 2342 &c-
1170 2314 1288 2343 Cantica
1297 2325 1355 2353 cap.
1370 2326 1393 2344 i.
1404 2316 1550 2345 Dextralia
1561 2339 1568 2350 ‚
1589 2327 1617 2345 ac
1637 2327 1766 2346 murenu-

962 2354 1000 2382 las
1012 2376 1019 2387 ,
1040 2364 1116 2382 num.
1127 2365 1139 2392 3
1152 2365 1174 2383 i.

61 2388 66 2392 ’
100 2387 165 2417 laris
175 2390 291 2426 potestas
301 2410 309 2417 .
333 2391 433 2419 Bullar.
447 2393 540 2434 Casiri.
551 2402 618 2423 tom·
632 2403 656 2424 i·
668 2393 780 2431 constit.
799 2399 848 2430 48·
858 2402 905 2434 63.
922 2395 1137 2435 Μυιυιεςυιυε
1152 2415 1158 2425 .
1184 2397 1241 2427 PR.
1261 2395 1485 2434 conchyliatum
1501 2397 1620 2437 piscator
1632 2419 1639 2432 ,
1663 2399 1692 2426 in
1703 2400 1766 2437 qui-

132 2430 326 2462 Hittotem'con
345 2436 441 2463 Macri
451 2453 460 2463 .

405 2479 411 2494 Ι

1448 2440 1466 2468 1²
1478 2437 1494 2468 f
1675 2440 1721 2468 bus
