1866 2526
70 101 191 134 derivari
203 100 302 132 volunt
316 121 323 128 .
343 100 403 130 FR-
412 99 447 128 dc
458 108 509 137 qua
519 95 692 136 etymologia
702 95 811 136 prolixe
833 93 862 124 in

74 145 139 174 dist.
149 149 252 182 Sagana
261 140 352 180 scripsi
363 161 371 168 .

31 187 172 215 Visun.
191 185 247 213 FR-
267 181 364 220 capitis
374 178 530 208 summitas:
556 180 684 215 [Vertex
705 177 817 218 proprie
827 176 865 205 est

73 226 120 254 illa
133 232 190 262 pars
197 222 294 260 capitis
306 243 314 255 ,
335 222 365 250 in
376 231 427 259 qua
437 220 530 258 capilli
539 221 711 260 colliguntur
720 242 728 253 ‚
739 218 805 248 &in
815 227 867 256 qua

73 263 190 293 caesari'es
211 263 329 291 vertitur
339 283 346 294 ,
365 260 514 290 secundum
534 260 690 299 Papiensem
700 281 707 288 .
729 256 815 289 Oion]
837 258 867 286 in

73 314 132 332 tan.
149 304 279 340 pervenit
290 324 297 335 ,
322 312 366 340 30.
387 300 479 340 quaest.
504 312 526 329 i.
538 303 550 333 ]
576 301 647 330 Vide
669 304 748 338 Apex
769 320 776 327 .
799 299 867 335 Qiae

74 353 132 382 pars
143 344 171 371 in
179 343 346 381 baptizando
355 342 435 371 debet
446 340 609 370 Chrjsmate
628 341 697 380 ungi
716 351 730 368 a
741 339 868 369 Sacerdo-

72 392 118 416 te,
141 383 283 422 postquam
302 383 418 422 protulit
438 383 551 412 formam
568 387 622 419 Ego
642 391 668 410 te
686 382 800 418 baptizo
811 379 869 413 &c-

73 423 117 451 Sic
128 423 158 451 in
168 423 277 453 Rituali
287 426 370 454 Rom.
384 424 414 452 in
424 424 540 454 Rubi-ica
550 422 584 450 de
595 420 736 460 baptismo
746 421 868 451 habetur,

74 473 173 502 nempe
184 469 196 499 t
207 464 318 493 Deinde
331 464 460 493 Sacerdos
471 462 590 502 intingit
599 462 728 490 dextrum
739 461 870 499 pollicem

74 503 105 532 iu
114 503 216 532 sacrum
225 503 343 533 chrisma
356 526 363 537 ,
384 508 412 533 δε
431 504 560 544 perungit
578 503 711 532 verticem
731 502 818 530 Eieffi
840 510 869 528 in

74 544 188 572 modum
200 545 316 576 Crucis3
339 545 448 575 dicem
472 547 546 574 Deus
567 543 747 580 omnipotens
759 563 767 574 ‚
790 543 869 570 Pater

74 584 193 613 Domini
212 585 296 613 nostri
306 584 369 623 Jcsu
380 584 487 614 Christi
500 606 507 617 ,
530 584 576 622 qui
596 593 623 612 te
639 582 815 622 regeneravit
836 591 868 609 ex

74 635 140 663 aqua
151 628 228 657 &c.]
253 625 305 654 Sed
322 626 386 654 oleo
403 624 661 654 catechumenorum
682 622 797 662 ungitur
809 622 869 650 Ele-

73 670 129 692 ctus
140 675 204 694 ante
214 664 377 704 baPtismum
387 676 444 694 non
457 666 486 694 in
497 665 601 693 vertice
611 685 619 696 ,
642 674 737 692 verum
748 684 756 695 ,
779 673 807 690 ut
827 672 869 690 ea-

78 705 141 748 dem
151 705 255 734 rubrica
272 705 375 734 ibidem
394 705 534 743 disponit,
559 705 680 743 primurn
700 705 728 733 in
739 704 850 742 pestere
862 724 868 735 ,

75 744 176 773 deinde
188 746 260 789 inter
268 744 401 789 scapulas:
415 749 515 781 [Tunc
526 747 652 775 Sacerdos
663 746 792 782 pollicem
804 744 869 771 dcx-

75 795 124 813 trae
134 794 224 813 manus
235 785 352 824 intingit
364 786 392 814 in
403 787 465 815 oleo
475 786 569 815 saneto
591 785 849 814 catechumenorum
863 806 868 815 ‚

73 828 102 854 δ(
120 825 199 863 ungit
217 826 334 855 electum
345 825 465 864 primum
485 826 514 855 in
524 827 632 866 peStore
647 847 654 859 ,
677 826 780 854 deinde
798 825 870 852 inier

74 863 192 902 scapulas
211 865 240 894 in
260 867 373 895 modum
391 867 490 896 Crucis
501 888 509 900 ‚
531 867 625 896 dicens
644 878 651 894 :
678 870 738 905 Ego
752 876 778 894 te
802 864 871 894 linio

75 905 140 934 oleo
155 905 247 935 salutis
259 911 310 936 &c-
322 909 334 938 ]
359 907 427 939 Quae
439 908 610 937 caeremoniae
630 905 737 938 inserta:
757 905 819 935 sunt
844 905 872 933 in

75 955 133 989 ειη.
146 946 256 975 Deinde
268 969 274 979 ,
297 947 331 975 de
341 947 493 976 consecrat.
513 948 576 977 dist.
587 960 613 983 4.
625 951 653 976 «Sc
663 957 720 986 cap.
740 947 814 975 Cum
825 956 870 975 ve-

76 986 155 1014 niilet
166 1008 173 1018 ,
197 987 230 1014 de
241 986 289 1015 sac.
301 988 425 1016 unc‘tion.
439 989 510 1017 Vide
522 990 691 1026 Baptismus.
704 988 834 1024 chrisma
844 1006 851 1014 .

36 1023 240 1071 vnn-*mamm
250 1049 258 1060 ,
282 1027 352 1056 fusus
362 1050 370 1062 ‚
393 1039 448 1068 quo
456 1030 598 1058 obturatur
608 1029 678 1058 dolii
690 1051 698 1062 ‚
708 1028 753 1057 seu
764 1027 872 1056 alterius

78 1071 144 1109 valis
155 1065 340 1105 syphunculus
351 1089 358 1100 ,
381 1080 415 1098 nc
426 1069 576 1099 effiindatur
588 1080 654 1108 :iqua
666 1091 672 1102 ‚
683 1069 728 1098 seu
737 1070 803 1098 alius
813 1067 872 1107 qui<

77 1105 162 1144 spiain
174 1109 282 1146 liquor.
309 1109 509 1144 [Obedientiae
532 1113 639 1139 flamma
658 1110 783 1141 fervens,
806 1109 872 1137 obli·

78 1156 120 1174 tus
131 1148 168 1176 est
179 1149 354 1186 epistomium
371 1151 508 1179 obstruere
520 1173 527 1184 ‚
553 1151 660 1189 pernici
671 1149 747 1178 cursu
770 1150 803 1178 ad
815 1150 873 1177 bea-

79 1197 135 1231 tum
149 1199 238 1217 virum
250 1191 410 1228 properavit
423 1213 430 1223 ,
452 1192 616 1220 vertibulum
627 1201 705 1220 manu
715 1200 809 1220 tenens
819 1210 825 1217 .
836 1191 872 1218 In

80 1237 139 1256 Vita
149 1229 174 1257 S.
188 1230 354 1273 Columbani
365 1253 371 1259 .
385 1233 396 1262 ]
423 1231 480 1260 Ubi
493 1231 583 1270 :igitur
593 1233 626 1261 de
637 1231 768 1260 miraculo
779 1253 787 1264 ‚
799 1230 874 1269 quod

80 1268 188 1297 Sanftus
209 1270 258 1298 ille
273 1281 397 1308 operatus
420 1271 458 1299 est
481 1273 584 1300 virtute
605 1272 768 1301 obcdienriae
777 1283 787 1302 ς
811 1280 874 1298 nam

77 1318 190 1353 propter
201 1310 285 1353 ‘illius
305 1321 458 1350 promptam
480 1313 673 1341 executionem
690 1313 790 1341 oblitus
817 1320 874 1340 erat

79 1350 253 1393 epistomium
275 1352 401 1380 obturare
424 1352 491 1381 valis
514 1353 588 1381 illius
598 1375 607 1387 ‚
635 1353 665 1381 in
686 1363 741 1390 quo
763 1351 876 1380 cervisia

77 1391 290 1434 continebatur,
313 1395 384 1427 cujus
407 1403 441 1420 ne
463 1393 574 1431 quidem
592 1403 668 1432 gutta
680 1392 792 1422 interim
803 1402 874 1420 ema-

82 1439 161 1458 navit
174 1451 181 1458 .
720 1434 725 1435 ⁷

39 1471 182 1498 vrimoo
192 1472 323 1500 (ἶΑΡιτις
336 1492 342 1498 .
359 1471 431 1500 Vide
441 1474 561 1502 Helucus
574 1495 580 1501 .
590 1476 786 1502 scotomaticus
799 1494 806 1501 .
818 1478 875 1502 Sco-

81 1519 156 1537 toma
168 1530 174 1537 .

41 1552 185 1594 Veni-⁷11⁴,
207 1551 327 1595 βερᾷπι,
348 1552 397 1580 tcli
417 1563 501 1591 genus
514 1576 522 1587 ,
544 1554 577 1583 de
599 1565 653 1592 quo
675 1553 707 1583 in
728 1553 876 1584 Constitu—

81 1600 158 1619 tione
180 1593 280 1620 Leonis
304 1594 484 1632 Imperatoris
506 1595 537 1624 fit
560 1595 666 1624 mentio
689 1615 697 1622 .
728 1595 802 1624 Vide
833 1600 876 1623 Ve—

80 1642 182 1660 ruina·

42 1675 202 1703 Ventum.
226 1674 280 1716 PR.
295 1684 439 1709 verutum,
462 1675 495 1704 de
517 1675 709 1714 qquellius‚
728 1675 775 1704 lib.
792 1686 834 1704 io.
852 1685 875 1703 c.

82 1721 129 1747 ις.
154 1714 299 1748 [Vertiina
308 1714 346 1743 est
356 1726 440 1754 genus
459 1717 540 1752 jaculi
551 1717 665 1756 longum
676 1738 685 1750 ,
707 1717 782 1754 quod
791 1715 874 1753 aliqui

80 1762 208 1797 verutum
229 1764 328 1783 vocant
340 1777 347 1788 ‚
371 1756 436 1784 sicut
454 1757 566 1785 Galbius
583 1756 670 1787 Bassiis
687 1757 726 1785 ait
747 1757 776 1785 in
786 1757 875 1791 Satyr-

80 1793 203 1836 Yeruina
211 1794 400 1837 confodiendo
421 1808 479 1825 non
489 1807 516 1825 te
528 1797 604 1826 nauci
617 1797 685 1826 facio
695 1800 748 1825 δεῖ.
765 1797 875 1826 Plautus

82 1832 259 1875 inVBacclnde
268 1836 321 1864 ait:
345 1837 365 1866 sl
386 1837 435 1866 tibi
446 1837 578 1866 machaera
587 1838 625 1866 est
635 1837 718 1870 ioris,
740 1836 809 1865 mihi
829 1847 875 1865 vc-

81 1883 160 1901 ruina
170 1874 207 1902 est
218 1875 294 1918 domi
303 1879 356 1904 διε.
369 1879 528 1916 Fulgentius
547 1879 582 1907 de
600 1879 687 1907 vocib.
698 1878 784 1916 antiq.
796 1878 808 1908 ]
833 1882 875 1907 Ve-

80 1922 197 1957 rutum,
221 1916 330 1952 pilum,
353 1917 439 1952 idest,
461 1919 563 1947 telum.
587 1919 692 1947 Festus.

41 1955 160 1986 VESC‘),
184 1964 213 1983 in
234 1954 313 1986 sensu
334 1959 447 1990 activo,
470 1958 539 1988 idest
557 1980 565 1993 ,
583 1958 678 1998 pasco.
704 1964 716 1994 [
735 1956 804 1994 Quis
824 1968 875 1987 nos

83 1993 177 2022 vescet
187 2000 287 2026 carne?
307 2000 424 2028 Tertull.
435 1999 468 2027 de
477 2002 563 2036 jejun.

43 2037 204 2080 Vnone-„3
227 2037 313 2066 officii
324 2039 416 2068 divini
425 2049 501 2078 pars,
525 2051 554 2069 ac
573 2051 626 2069 una
637 2051 671 2068 cx
686 2037 790 2078 septem
800 2039 876 2068 horis

79 2085 236 2120 canonica,
258 2077 390 2108 diurnalis
407 2080 554 2114 recitatio,
577 2091 637 2119 quae
661 2081 725 2109 ideo
748 2079 875 2119 Vesperae

80 2117 205 2146 dicitura
217 2119 305 2156 Vesper
314 2141 323 2152 ‚
345 2120 407 2159 quia
419 2121 478 2159 post
486 2120 610 2150 occasum
628 2119 693 2149 solis
706 2120 876 2160 persolveba-

87 2167 150 2192 tur;
174 2159 247 2188 unde
255 2161 472 2195 Lucernalium,
493 2166 520 2191 &
541 2162 701 2191 Lucernalis
723 2162 876 2191 dicebatur.

82 2202 140 2233 [Et
158 2198 281 2230 definere
299 2201 334 2230 ad
347 2203 584 2240 complementum
602 2202 764 2235 lucernarii,
787 2202 856 2231 idest
869 2223 877 2235 ,
894 2221 899 2224 -

82 2238 234 2278 vespertini
244 2242 333 2271 officii
344 2243 503 2272 Doniiriicze
515 2264 522 2271 .
546 2243 690 2272 Balsamon
711 2244 741 2271 in
758 2253 816 2271 can.
828 2248 876 2280 91.

79 2280 164 2309 sextae
177 2281 311 2326 Synodi]
335 2283 442 2312 Eodem
459 2284 592 2313 vocabulo
611 2285 647 2312 D.
659 2282 826 2322 Augustinus
848 2284 878 2312 in

78 2326 135 2368 ejus
146 2322 247 2360 regulis
258 2321 319 2353 usus
326 2324 365 2358 est
375 2324 521 2364 inquiens:
543 2331 555 2360 [
566 2325 710 2363 Postquam
720 2323 876 2358 refecerint,

22 2390 38 2400 χ
76 2370 173 2394 nvein
184 2361 288 2399 horto,
312 2365 369 2395 five
380 2366 535 2405 ubicunque
545 2364 668 2400 suerint,
693 2364 793 2396 faciant
811 2374 879 2404 opus

1227 36 1267 77 V
1299 35 1336 76 E
1585 46 1664 84 701

916 90 999 133 usque
1010 91 1043 122 ad
1054 92 1152 122 horam
1161 92 1320 122 Lucernarii
1331 111 1339 119 .
1361 93 1432 129 Reg.
1446 91 1494 122 2-]
1517 93 1550 120 Et
1560 89 1712 121 Caffianus,

918 134 965 163 lib.
977 145 1003 172 3.
1015 134 1140 163 Institut.
1149 143 1206 172 cap.
1217 144 1244 171 3.
1258 133 1364 171 inquit:
1379 131 1448 168 [Ad
1462 140 1618 160 extremum
1629 129 1715 159 unde-

918 175 988 205 cima
999 195 1007 207 ,
1027 175 1056 203 in
1065 183 1116 212 qua
1130 173 1272 202 lucernalis
1284 172 1350 201 hora
1361 173 1481 211 signatur
1491 173 1520 202 .]
1544 171 1657 200 Dicitur
1677 180 1720 198 ct-

920 217 974 246 iam
986 219 1060 244 Hora
1069 215 1230 243 Lucernalis
1242 214 1272 242 in
1283 211 1501 243 hist.Rhcmenli
1513 211 1657 239 Flodoard.
1670 211 1716 239 lib.

922 269 949 293 4.
959 264 1016 293 cap.
1028 265 1076 293 43.
1087 256 1142 283 FR.
1163 256 1198 283 In
1211 253 1366 283 Monasticis
1377 253 1492 291 Regulis
1510 251 1613 289 legitur
1623 256 1723 279 Lucer-

923 300 1008 326 naria
1019 295 1049 324 in
1058 295 1211 324 ioeminino
1219 305 1321 333 genere
1332 316 1339 327 ‚
1352 300 1364 329 [
1376 293 1476 323 Psalmi
1488 291 1647 321 lucernariae
1658 300 1721 318 cuin

926 334 1098 373 Antiphonis
1108 334 1185 373 psalli
1194 335 1316 366 debent]
1342 338 1370 363 δε
1391 334 1420 363 in
1432 332 1555 371 Liturgia
1567 329 1723 370 praesansti-

925 378 1004 406 ficata
1013 375 1228 404 denominantur
1248 380 1344 404 Preces
1355 378 1538 404 Lucernariis
1562 373 1628 401 ficut
1639 371 1726 399 ctiam

925 429 940 446 a
949 417 1048 446 saneto
1060 415 1158 445 Bafilio
1170 437 1176 448 ,
1199 417 1245 444 lib.
1257 416 1292 444 de
1305 415 1409 453 Spiritu
1419 415 1518 443 sancto
1528 434 1535 445 ‚
1558 423 1614 451 cap.
1628 423 1675 448 29.
1693 414 1724 439 δε

926 469 939 486 a
949 458 1048 487 Sancto
1059 456 1199 495 Gregorio
1211 455 1337 492 Nyss'eno
1347 456 1376 484 in
1388 455 1444 483 vita
1454 452 1613 483 &manime
1624 457 1724 480 Lucer-

925 499 1167 535 nalisgrariarum
1178 500 1249 526 aetio
1258 496 1360 525 dicitur
1371 515 1378 523 .
1398 496 1436 530 εΗε
1447 496 1543 533 Itaque
1555 491 1661 531 prorsus
1680 502 1724 520 ei·-

906 548 909 549 ’
926 548 985 567 rant
996 559 1004 570 ,
1027 537 1214 576 quidixerunt
1225 536 1421 566 Lucci-narium
1441 532 1670 572 Completorium
1681 532 1724 559 in-

925 577 1035 616 telligi5
1060 588 1120 606 nam
1137 589 1169 606 ex
1192 578 1280 606 verbis
1295 579 1407 606 Parrum
1427 575 1547 604 add-‚istis
1557 571 1726 604 contrarium

925 628 1000 658 patet
1021 617 1169 647 evidenter
1179 639 1185 645 .
1209 620 1271 647 Iino
1291 616 1459 656 Epiphanius
1475 641 1481 649 ,
1504 616 1549 644 lib.
1569 627 1596 653 3.
1618 612 1725 642 advers.

927 658 1032 688 Heres.
1046 658 1178 697 Vesperas
1188 659 1350 688 Lucernales
1364 658 1485 693 Psalmos
1505 653 1657 695 appellavit
1667 675 1675 686 ,
1697 656 1726 681 ὃ(

925 699 1072 730 Turrianus
1091 699 1118 727 in
1131 696 1521 735 constitutionib.Apostolicis
1542 697 1629 724 utitur
1640 694 1726 722 verbo

926 750 1018 779 graeco
1029 736 1185 778 ε’πίλυχνης
1197 739 1233 767 ita
1245 739 1327 767 etiam
1339 738 1504 767 Prudentius
1517 759 1524 769 ,
1533 746 1594 765 cum
1603 734 1726 770 hymnos

927 792 978 820 pro
988 779 1100 818 lingulis
1119 780 1194 808 horis
1204 779 1341 808 canonicis
1363 777 1553 817 composuisset
1565 799 1572 809 ‚
1595 775 1726 814 quintum

927 821 1106 860 Vesperarum
1117 822 1167 850 Ad
1175 820 1357 857 accensionem
1367 825 1491 848 Lucerna
1510 814 1705 846 denominavit
1716 836 1725 847 ,

929 862 987 901 post
997 870 1078 900 quem
1087 859 1208 899 sequitui·
1218 862 1284 889 :ilius
1295 859 1415 895 hymnus
1436 860 1467 888 :ib
1477 869 1511 887 eo
1521 859 1570 887 Ad
1582 858 1727 894 somnium

927 903 1076 941 appellatus
1089 923 1095 933 ,
1119 902 1187 930 idest
1204 923 1211 934 ,
1230 901 1263 929 ad
1282 901 1508 938 completorium
1526 919 1534 926 .
1554 897 1627 927 Vide
1647 899 1728 923 Com—

919 945 1071 982 pletormm
1082 962 1089 968 .
1114 944 1170 972 FR.
1191 943 1231 970 Ita
1252 941 1336 970 etiam
1354 942 1379 969 S.
1391 940 1555 971 Aurelianus
1575 938 1605 966 in
1624 935 1727 965 ordine

927 983 1084 1023 psalmodia:
1104 983 1183 1022 ponit
1200 982 1296 1011 horam
1315 981 1505 1011 duodecimam
1523 978 1615 1014 (idest
1634 979 1728 1007 Com-

929 1024 1093 1063 pletorium‚
1119 1033 1148 1052 ut
1159 1023 1219 1051 alibi
1230 1023 1372 1055 diximus)
1394 1022 1454 1061 post
1470 1020 1665 1051 Lucernarium
1676 1018 1726 1052 .;Η;

927 1064 1091 1094 Concilium
1101 1067 1241 1093 Turonen.
1258 1064 1298 1092 11.
1309 1074 1367 1092 can.
1383 1074 1425 1098 ¹4·
1439 1061 1589 1101 appellavit
1602 1058 1728 1096 vesperas

929 1111 1034 1134 Horam
1051 1105 1258 1137 duodecimam,
1280 1103 1343 1142 quia
1354 1126 1360 1137 ,
1381 1114 1410 1132 iit
1421 1104 1526 1132 diftum
1537 1101 1573 1130 est
1585 1122 1592 1134 ,
1616 1098 1726 1128 rccimri

928 1145 1030 1174 solebat
1046 1144 1075 1173 in
1087 1145 1182 1174 ultima
1192 1145 1247 1174 diei
1258 1144 1342 1173 hora:
1366 1144 1403 1173 ita
1413 1144 1496 1172 etiam
1506 1152 1519 1172 a
1529 1144 1568 1172 D.
1581 1139 1727 1170 Ambrosio

929 1193 1003 1215 Hora
1013 1186 1175 1214 duodecima
1184 1185 1311 1223 Vespere
1323 1185 1495 1224 appellantur
1506 1195 1514 1215 ς
1528 1183 1592 1212 licet
1605 1182 1729 1217 Smarag-

929 1227 978 1255 dus
991 1226 1077 1256 Abbas
1095 1225 1125 1254 in
1138 1226 1323 1264 explicatione
1343 1226 1459 1265 Regulae
1476 1231 1518 1253 16.
1539 1225 1564 1252 S.
1585 1219 1729 1251 Benedic'ti

929 1266 1052 1296 assere'oat
1063 1276 1110 1304 per
1121 1277 1223 1296 nomen
1235 1266 1288 1296 hoc
1301 1265 1422 1305 intelligi
1432 1263 1670 1304 completorium
1682 1259 1729 1289 sed

929 1308 986 1336 haec
999 1307 1066 1336 hora
1076 1306 1238 1337 recitabatur
1257 1307 1316 1345 post
1335 1317 1444 1335 coenam
1456 1328 1464 1339 ,
1487 1305 1554 1334 idest
1566 1326 1574 1337 ,
1597 1303 1657 1341 post
1676 1301 1728 1330 ho-

930 1359 987 1377 ram
998 1348 1114 1386 primam
1125 1349 1213 1378 noctis
1224 1370 1232 1381 ,
1253 1351 1332 1384 juxta
1350 1346 1540 1376 monachalem
1551 1346 1635 1374 ritum
1655 1343 1728 1372 illius

931 1389 1037 1427 antiqui
1051 1389 1200 1427 temporis:
1219 1398 1314 1418 omnes
1323 1387 1399 1417 enim
1412 1387 1502 1417 Smffi
1512 1390 1604 1416 Patres
1616 1385 1649 1412 de
1658 1393 1729 1421 ριξ-

930 1431 1002 1458 dicta
1019 1435 1094 1458 Hora
1104 1431 1267 1458 duodecima
1287 1438 1415 1468 agentes,
1437 1427 1568 1455 testantur
1579 1445 1589 1462 ‚
1607 1424 1682 1464 quod
1699 1423 1730 1451 in

930 1470 1089 1498 memoriam
1100 1470 1229 1499 sacrificii
1239 1469 1392 1507 vespertini
1402 1467 1520 1506 antiquae
1541 1467 1611 1505 legis
1630 1465 1729 1493 recita-

931 1512 1009 1540 batur
1019 1531 1027 1538 .
1047 1511 1169 1540 1fid.11b.
1186 1522 1208 1539 i.
1220 1511 1254 1539 de
1266 1510 1339 1539 Eccl.
1349 1509 1407 1539 Off.
1417 1519 1475 1546 cap.
1487 1520 1533 1537 ιο.
1551 1508 1616 1536 Sive
1633 1506 1663 1534 in
1673 1515 1736 1533 mc-

932 1552 1049 1580 moriam
1069 1552 1174 1580 ultimae
1191 1552 1291 1580 Coenae
1305 1572 1313 1583 ‚
1336 1551 1366 1579 in
1385 1560 1436 1588 qua
1455 1548 1583 1578 Christus
1593 1545 1731 1575 Dominus

932 1590 1132 1621 Sanffiffimum
1144 1591 1318 1621 Eucharistiae
1330 1592 1533 1620 Sacramentum
1552 1587 1710 1616 instituerat
1719 1605 1728 1612 .

931 1634 1136 1665 Nazianzenus,
1147 1633 1280 1667 Orat-42..
1290 1632 1339 1660 Seu
1348 1632 1410 1670 quia
1421 1632 1450 1659 in
1461 1630 1555 1658 eadem
1564 1628 1631 1656 hora
1643 1625 1731 1657 Chri-

935 1674 989 1702 stus
1005 1674 1040 1702 de
1051 1675 1143 1702 Cruce
1154 1673 1288 1711 depositus
1301 1672 1404 1701 fuerat.
1427 1669 1521 1700 Gloss'a
1543 1670 1572 1698 in
1581 1678 1639 1707 cap.
1655 1679 1677 1697 i.
1696 1667 1732 1695 de

930 1715 1054 1743 celebrat.
1067 1713 1139 1744 Missss
1150 1718 1177 1742 ἃ
1190 1712 1372 1742 Durand.1ib.
1386 1723 1410 1748 ς.
1421 1721 1478 1750 cap.
1489 1721 1518 1746 9.
1531 1714 1566 1739 Et
1577 1709 1640 1738 ideo
1651 1708 1732 1747 quin-

933 1766 988 1796 que
998 1755 1099 1785 Psalmi
1109 1755 1139 1783 in
1152 1755 1313 1784 memoriam
1335 1754 1457 1792 quinque
1465 1751 1574 1780 Christi
1586 1750 1734 1778 vulnerum

931 1797 1080 1825 recitantur
1097 1796 1131 1825 ad
1142 1795 1272 1833 Vesperas
1283 1814 1291 1821 .
1312 1794 1424 1823 Gemin.
1445 1793 1491 1821 lib.
1506 1804 1530 1821 2.
1543 1801 1599 1830 cap.
1611 1797 1657 1819 62.
1679 1790 1730 1818 Seu

930 1836 1060 1869 tandem,
1083 1846 1114 1864 ut
1125 1835 1241 1865 Christo
1250 1834 1351 1874 sponso
1369 1835 1403 1863 ad
1422 1833 1631 1863 fimilitudinem
1649 1830 1732 1869 quin-

929 1887 982 1916 que
992 1877 1159 1915 prudentum
1168 1875 1319 1914 Virginurn
1336 1874 1454 1903 lucernis
1472 1881 1640 1901 occurramus
1652 1890 1660 1898 .
1682 1871 1733 1899 In-

930 1917 1010 1956 super
1021 1917 1130 1945 clariori
1142 1916 1284 1945 evidentia
1297 1916 1434 1954 probatum
1446 1923 1508 1943 nam
1520 1912 1608 1942 adhuc
1619 1912 1650 1940 in
1662 1913 1732 1940 Am-

928 1959 1052 1987 brofiano
1062 1958 1118 1986 ritu
1127 1959 1331 1986 Lucernarium
1343 1956 1495 1994 appellatur
1503 1952 1656 1993 antiphona
1664 1951 1711 1980 illa
1721 1971 1732 1985 ,

931 2009 991 2038 quae
1004 1998 1104 2027 ibidem
1115 1998 1144 2026 in
1154 1997 1292 2036 principio
1305 1996 1486 2033 Vesperarum
1494 1995 1602 2024 canitur
1612 2014 1620 2021 .
1642 1993 1678 2022 In
1689 1991 1732 2021 vi-

933 2050 961 2068 ta
979 2040 1004 2068 S.
1026 2038 1115 2067 Forsei
1134 2038 1324 2076 vespertinalis
1340 2037 1500 2075 psalmodia
1515 2033 1732 2064 denominantur

932 2079 1059 2118 Vespcrae
1073 2100 1079 2107 .
1099 2079 1150 2107 Sed
1161 2079 1253 2117 postea
1271 2079 1301 2106 ab
1311 2077 1427 2106 Ecclesia
1437 2077 1584 2115 anticipata
1601 2074 1653 2103 fuit
1674 2076 1732 2102 Ve-

932 2120 1070 2159 sper-arum
1081 2119 1206 2148 recitatio
1216 2119 1274 2158 post
1285 2120 1396 2147 Nonam
1408 2139 1417 2151 ,
1427 2117 1461 2147 ad
1473 2116 1646 2157 praebendam
1655 2124 1732 2142 corn—

932 2161 1096 2190 moditatem
1106 2160 1221 2198 Populis
1231 2181 1240 2193 ‚
1259 2169 1289 2188 ut
1299 2159 1470 2188 intervenire
1478 2157 1583 2197 poss'ent
1593 2179 1601 2191 ,
1620 2164 1682 2183 cum
1692 2154 1732 2182 fe-

933 2202 1004 2232 stum
1014 2201 1188 2239 intelligatur
1199 2199 1328 2229 inchoare
1337 2210 1351 2228 a
1360 2199 1455 2238 primis
1467 2197 1604 2237 Vesperis.
1618 2197 1674 2224 FR.
1683 2193 1731 2225 seu

933 2243 1024 2281 potius
1036 2242 1068 2270 ad
1077 2241 1233 2270 auferendas
1243 2239 1385 2279 utriusque
1393 2240 1471 2269 sexus
1480 2235 1646 2267 scandalosas
1654 2246 1732 2265 occa—

935 2285 1023 2312 fioncs
1033 2304 1040 2315 ,
1064 2292 1125 2310 cum
1133 2281 1240 2320 semper
1249 2281 1426 2310 Ecclefiassici
1438 2278 1568 2309 Praesules
1585 2277 1735 2306 nosti-imas

936 2324 1060 2353 Eccleliae
1075 2323 1230 2352 fiinffiones
1240 2333 1271 2351 ea
1281 2322 1327 2351 die
1336 2320 1411 2350 causa
1422 2319 1584 2350 reverentiae
1597 2317 1660 2347 zelo
1670 2326 1736 2355 pro-

935 2363 1030 2394 hibere
1037 2362 1144 2393 soleant
1153 2384 1160 2392 .
1183 2365 1220 2393 In
1228 2362 1365 2403 Hispania
1373 2371 1465 2392 tamen
1475 2382 1483 2395 ‚
1506 2371 1535 2390 ac
1545 2358 1671 2427 Meffimff
1685 2358 1736 2388 ad-

1666 2408 1699 2428 uc
