1866 2526
439 39 560 88 'AN

1211 40 1334 85 AN
1622 55 1676 96 57

88 100 226 135 ⁴‘desimffis
233 102 367 142 poss‘emus
376 102 499 142 experiri
518 103 623 137 majora
634 100 735 132 auxilia
747 122 755 134 ,
777 100 872 130 &sub-
895 102 1120 131 Aunsrit'oi’iiou
1131 121 1140 134 ,
1162 97 1296 144 αἰαςροφῇ
1308 121 1318 132 ‚
1341 98 1466 128 inversio
1479 120 1487 132 ,
1511 101 1652 130 revolutio
1663 122 1672 134 ‚
1693 102 1724 128 δι

90 145 250 184 Εάὴφιιω
269 153 318 182 per
338 143 424 173 Miss'ae
445 142 615 174 Sacrificium
627 163 634 170 .
659 143 877 185 FR.Aaaph0rf⁸

92 183 216 230 rigorose
223 185 395 229 oblationem
415 184 550 230 fignificat
563 203 571 210 .
595 185 704 228 [Porro
719 184 748 212 in
759 181 879 221 pra-fatis

92 223 879 304 {22331‘05310530{¹¹5¹“0ssi2s503535‘0‘0{25:2¹¹sssssffl

935 139 1072 182 fignificat
1096 140 1212 179 proprie
1230 138 1338 179 periodi
1359 139 1586 171 translationem3
1611 141 1722 179 quando

935 182 1038 211 ultimo
1048 181 1110 210 loco
1119 181 1222 210 dicitur
1234 181 1263 210 id
1273 201 1282 213 ‚
1300 181 1376 220 quod
1384 181 1526 210 deberetur
1537 181 1567 209 in
1580 182 1723 219 principio

937 222 1113 262 pronunciari
1128 233 1135 253 ς
1161 223 1217 258 [U
1220 233 1230 251 t
1244 221 1431 260 anastrophen
1447 222 1571 251 locorum
1584 220 1660 249 causa
1682 221 1723 250 se-

934 261 1079 302 quentium
1092 262 1191 291 faftuin
1204 283 1211 291 .
1235 264 1271 291 In
1282 261 1339 291 vita
1351 264 1376 292 S.
1386 263 1498 291 Deicol.
1512 263 1580 292 Abb.

91 307 184 336 bertus
194 307 352 336 Cardinalis
374 307 404 335 in
417 305 580 345 Appendicc
603 314 670 334 toiri.
682 307 732 334 xi.
745 303 857 334 Baronii
870 323 877 331 .
895 307 1066 334 ΑκΑτΗεΜΑ
1078 324 1086 336 ,
1109 303 1227 333 Oblatio
1237 303 1301 332 Diis
1320 303 1387 332 sada
1399 325 1407 336 ,
1429 312 1489 342 quae
1507 302 1721 341 suspendebatur

53 348 236 376 Anne-iios:
259 346 385 385 Α”ναρχος
406 346 462 375 fine
483 346 638 385 principio.
663 345 777 382 [Dedit
795 344 879 373 etiam

93 397 228 417 creaturae
248 387 457 419 infirmitatem,
482 397 517 415 ne
538 386 695 419 anarchon,
717 397 752 414 ne
773 385 878 413 increa-

92 437 152 456 tum
171 450 180 462 ,
211 431 239 458 &
261 428 366 457 divinae
388 427 547 456 consortem
572 426 723 455 substantiae
754 425 878 454 credere-

49 483 54 485 ·
91 478 167 502 mus,
191 470 217 498 S.
239 465 366 498 Ambros.
388 468 435 497 lib.
463 479 485 496 i.
510 469 628 496 Hexam.
649 476 709 506 cap.
731 477 758 504 3.

51 511 215 540 Artaxerxi
231 530 238 542 ,
262 505 398 548 ἐνείρ>υροι
410 530 417 541 ,
438 507 549 546 Absque
558 516 689 546 argento,
702 504 831 536 aoraecis
841 505 876 534 ita

95 550 227 589 appellati
239 549 302 578 sunt
313 549 404 577 Sancti
415 548 517 578 Cosma
528 552 555 577 ὅ(
567 548 719 577 Damianus
730 568 738 580 ‚
759 547 823 585 quia
832 546 875 574 :ib-

91 601 146 630 que
166 600 285 629 argento
298 611 305 622 ,
329 599 358 618 :ic
380 589 434 618 ulla
445 589 586 622 mercede,
608 587 656 616 sed
677 587 734 616 sola
755 587 876 616 charita-

93 642 122 661 te
144 641 232 663 moti,
255 630 401 659 medebam
423 629 566 660 infirmos;
588 628 656 668 quin
678 632 707 657 δε
727 628 774 656 alii
785 628 875 657 Sancti

94 672 215 704 Medici,
239 681 302 700 cum
322 669 376 698 hoc
399 670 482 698 titulo
503 669 655 698 enc'omiati
677 669 708 698 in
729 670 755 698 S.
777 669 874 703 Chry-

91 711 206 741 sostomi
231 712 356 750 Liturgia
377 720 646 746 qommemorantur.

52 754 300 784 Amsnsismvs,
322 748 514 788 αἶ’κςασισμδς
533 773 541 785 ,
563 751 622 779 dics
643 747 850 779 resurrectionis
867 769 874 776 .

93 793 166 822 Vide
186 796 355 821 Dominica.

52 837 224 864 Asuvius
236 854 243 865 ,
262 830 394 867 οἱνάςασις
404 854 412 866 ,
435 832 612 863 Resurreetio
623 854 630 861 .
643 837 656 868 [
668 831 804 862 Anastasis
814 831 875 859 Do-

92 874 194 902 minica
221 872 496 911 chirographatur:]
534 874 645 912 Scripsit
668 873 820 904 Adclmus,
842 871 876 898 de

92 913 289 943 resiirrectione
304 913 425 943 Domini
451 914 584 953 loquens.
608 916 665 943 FR.
689 913 820 943 Batonius
842 912 875 939 ad

91 966 156 984 ann.
173 955 302 991 159.:iit,
325 956 400 994 quod
415 955 512 984 &Pius
522 958 593 994 Papa
605 957 628 983 Ι.
651 953 812 982 decreverat
832 963 876 980 ce-

92 996 191 1024 lebrari
201 995 302 1024 Pascha
320 996 366 1024 die
376 996 547 1030 Dominko,
569 996 644 1034 quod
656 995 755 1023 fecerat
771 994 805 1022 :id
815 1004 877 1021 cor-

93 1036 220 1074 rigendas
230 1035 332 1073 aliquas
344 1037 472 1065 Ecclefias
483 1058 490 1069 ,
514 1047 574 1074 quae
583 1036 776 1071 judaizabant,
799 1043 829 1062 ut
842 1043 886 1073 exi

96 1074 213 1104 Eusebio
237 1075 267 1103 in
287 1075 454 1105 Chronicon
471 1077 599 1115 colligit:
621 1075 669 1103 sed
689 1077 752 1114 quia
773 1075 877 1104 Aiiftor

94 1115 142 1144 hic
156 1115 292 1145 :iGelasio
303 1116 376 1144 inter
394 1116 557 1154 apocriphos
575 1125 733 1154 reputatur,
758 1115 877 1153 suspec‘ta

92 1157 146 1184 erit
166 1159 222 1192 ejus
238 1156 396 1188 attestatio,
419 1161 445 1185 δε
465 1167 498 1184 eo
518 1166 622 1195 magis,
646 1157 710 1194 quia
730 1156 803 1184 idem
814 1156 877 1184 Pius

93 1197 122 1225 in
141 1207 201 1225 can.
220 1194 302 1224 nosse.
322 1196 357 1224 de
374 1195 524 1225 consecrat.
545 1197 610 1224 dict.
631 1207 657 1234 3.
679 1197 796 1225 affirmet
820 1206 877 1223 non

93 1236 168 1266 fuisse
189 1236 378 1264 institutorem
387 1235 468 1273 hujus
476 1236 660 1265 solemnitatis
679 1238 709 1265 in
720 1238 767 1266 dic
777 1236 877 1266 Domi-

94 1278 176 1310 nico,
199 1287 260 1305 mm
278 1277 317 1305 ait
336 1277 395 1306 ibi?
418 1278 551 1313 [Omnes
571 1278 667 1306 eadem
678 1277 785 1306 servare
795 1278 878 1306 debe-

94 1329 125 1346 re
135 1339 143 1350 ,
154 1318 218 1356 quia
229 1321 256 1346 ὅ(
266 1328 316 1346 nos
325 1317 462 1347 servamus
473 1341 482 1352 ,
504 1329 555 1348 nec
565 1318 671 1347 debetis
681 1330 695 1347 a
709 1319 798 1357 capite
809 1329 878 1358 quo-

91 1358 233 1398 quomodo
254 1358 434 1390 discedere.]
459 1363 499 1388 Ex
521 1370 576 1398 quo
594 1359 792 1393 confirmatur,
814 1370 879 1388 :inte

92 1400 171 1429 Pium
182 1401 279 1428 Romx
290 1398 397 1438 semper
407 1400 453 1428 die
463 1401 618 1429 Dominico
629 1399 730 1429 Pascha
750 1400 877 1429 obser-fa-

92 1439 115 1468 ri
133 1438 246 1468 solitum
267 1438 358 1468 suiss'e.
384 1441 428 1469 Ad
438 1441 550 1469 dubium
568 1451 635 1470 vcro
646 1442 759 1470 Batonii
781 1441 815 1470 de
826 1442 877 1469 mi-

91 1480 184 1507 raculo
194 1480 337 1508 Hermetis
354 1481 397 1509 Pii
418 1481 506 1509 fratris
517 1503 525 1514 ‚
549 1482 642 1520 quod,
663 1480 773 1510 scilicet
785 1504 793 1515 ‚
818 1486 877 1511 An-

92 1521 169 1561 gelus
190 1521 281 1548 eidem
293 1522 422 1549 Hermcti
442 1532 621 1560 apparuerat,
644 1533 672 1551 ac
691 1522 874 1556 instruxerat,

94 1569 123 1587 ut
133 1560 177 1587 die
187 1560 340 1588 Dominico
351 1561 453 1590 Pascha
461 1562 588 1590 celebrari
607 1561 737 1591 debuifl'ct
746 1585 754 1596 ‚
777 1563 812 1592 de
821 1573 876 1601 quo

96 1600 169 1628 idem
179 1600 337 1628 Car-finalis
349 1601 460 1630 videtur
479 1603 602 1631 dubitare
616 1625 622 1635 ,
647 1613 710 1631 iiam
720 1602 820 1632 Pascha
830 1604 875 1632 die

94 1641 248 1668 Dominico
278 1651 342 1668 ante
364 1644 444 1670 Pium
463 1664 471 1676 ‚
495 1653 638 1682 tempore,
661 1642 786 1677 scilieet,
809 1645 876 1674 Cle-

93 1681 196 1709 mentis
215 1682 416 1710 celebrabatur.
438 1683 652 1722 Rcsponderur,
675 1685 750 1723 quod
759 1685 822 1714 Pius
845 1686 875 1713 in

94 1721 121 1749 d.
133 1732 192 1749 can.
204 1732 260 1750 non
273 1732 362 1750 narrat
373 1722 443 1751 hanc
454 1725 588 1752 vifionem
599 1725 628 1752 in
640 1728 695 1760 ejus
703 1725 872 1754 Pontificatu

96 1762 223 1790 Hermeti
231 1761 354 1790 accidiss'e
365 1784 372 1796 ,
384 1762 431 1791 scd
440 1774 564 1803 tempore
573 1764 717 1798 transacto,
728 1767 856 1805 inquiens
867 1779 872 1793 .·

97 1802 183 1844 [litis
203 1803 279 1831 enim
297 1805 464 1841 temporibus
487 1807 603 1835 Hermes
615 1807 723 1835 Doftor
741 1807 824 1840 fidei,
847 1811 874 1835 ὃ(

96 1842 240 1881 Scripturae
251 1843 348 1872 effulsit
367 1854 440 1872 inter
461 1848 552 1877 nos.]
576 1850 670 1885 Atque
681 1845 812 1876 Clemens
833 1848 874 1875 vi-

96 1892 172 1910 xerat
191 1883 220 1910 in
236 1884 402 1913 Pontificatu
423 1885 508 1924 usquc
525 1887 558 1915 ad
576 1898 620 1915 an.
643 1898 705 1916 102.
724 1889 788 1917 Pius
809 1899 875 1917 vero

96 1923 243 1961 Eccleiiam
255 1934 360 1953 rexerat
371 1927 402 1954 ab
412 1937 487 1954 anno
499 1932 560 1962 ¹58·
584 1938 676 1967 itaque
687 1939 751 1956 anni
766 1935 812 1963 56.
832 1929 875 1957 in—

96 1963 285 1997 tercetlerant,
307 1976 387 2004 quare
397 1978 454 1995 non
463 1970 501 1995 est
521 1968 622 1996 mirum
634 1991 641 2001 ‚
664 1968 683 1997 si
705 1971 768 1997 Pius
787 1969 876 1998 fratris

95 2007 150 2036 eius
163 2005 321 2034 miraculum
331 2017 422 2035 narret
433 2029 441 2040 ,
463 2009 538 2046 quod
549 2008 658 2037 fortasse
668 2019 792 2049 tempore
803 2011 869 2040 Cle-

96 2045 366 2088 mentis-acciderat.
390 2047 475 2078 Ratio
497 2059 565 2088 ergo
577 2049 682 2078 decreti
703 2062 717 2079 a
737 2054 788 2080 Pio
809 2061 872 2089 pro-

97 2087 211 2125 mulgati
225 2096 282 2130 non
292 2096 403 2130 propter
421 2089 592 2125 judaizantes
610 2090 661 2118 suit
673 2113 681 2124 ‚
703 2090 751 2120 sed
761 2101 873 2130 propter

97 2137 161 2159 eos,
186 2136 232 2164 qui
257 2136 287 2154 in
310 2129 377 2156 leria
390 2131 426 2158 V.
437 2131 536 2158 Coenz
547 2131 667 2159 Domini
679 2131 780 2160 Pascha
801 2134 872 2162 cele-

96 2166 173 2195 brare
195 2166 318 2195 solebant
331 2189 339 2200 ‚
362 2168 398 2197 ita
408 2168 501 2198 Gloisa.
522 2171 554 2199 in
574 2172 601 2200 d.
612 2182 672 2200 can.
685 2172 756 2200 nolle
768 2194 775 2200 .
800 2174 873 2202 Vide

95 2205 141 2235 hic
152 2212 267 2236 Hermes
278 2229 285 2240 ‚
307 2208 351 2236 ubi
361 2208 497 2238 dubimtur
507 2232 516 2244 ‚
538 2221 573 2239 an
584 2211 666 2240 suerit
677 2213 721 2241 Pii
732 2213 813 2242 frater
826 2237 833 2247 ‚
845 2219 873 2243 ὃ(

95 2251 123 2275 Et
145 2247 179 2274 ad
199 2247 441 2278 confirmationem
461 2249 697 2289 suffridi-storum,
723 2254 796 2282 Vide
818 2260 876 2283 Do—

93 2298 200 2316 mintca
219 2298 295 2317 nova
307 2309 314 2316 .

53 2331 268 2372 Ait-Annius..
293 2331 349 2359 PR.
372 2330 461 2359 filium
483 2330 688 2362 resurrectionis
719 2334 874 2373 fignificat.

93 2369 169 2399 Petra
179 2369 307 2398 Damian-
318 2371 404 2401 Serm.
415 2371 486 2407 des.
497 2373 593 2409 Anast-
601 2374 742 2404 monacho
753 2379 782 2405 ὅ(
791 2377 874 2405 Mart.

878 2153 886 2388 Ι

935 345 965 372 in
974 343 1093 382 Templo
1103 366 1111 377 ,
1124 354 1180 372 vox
1191 354 1280 383 graeca
1293 365 1300 376 ,
1319 343 1456 380 ἀνάθημα
1465 365 1471 371 .
1496 350 1507 380 [
1519 343 1677 373 Aiuthema
1687 342 1718 372 id

934 385 1038 413 dicitur
1046 405 1055 417 ,
1077 384 1154 423 quod
1164 385 1229 413 Deo
1239 385 1277 413 est
1290 384 1411 413 dicatum
1422 406 1430 417 ,
1442 394 1522 423 atque
1533 385 1699 414 destinatum
1709 404 1720 417 ,

933 429 959 454 8<
980 426 1011 453 in
1028 435 1203 453 communem
1219 424 1296 454 usum
1315 426 1431 463 amplius
1450 436 1510 454 non
1525 425 1720 454 convertitur.

931 466 999 504 Just.
1012 467 1129 500 Martyr.
1141 466 1173 493 ad
1185 476 1232 504 qu.
1249 477 1280 494 12
1291 477 1312 494 ι.
1326 467 1338 496 ]
1362 467 1398 494 In
1407 465 1459 494 hoc
1469 465 1547 496 sensu
1557 466 1661 505 legitur
1670 467 1720 503 Ju-

932 505 995 534 dith
1014 504 1101 544 spolia
1121 506 1285 535 Holofernis
1301 505 1433 535 dedicass'e
1447 527 1454 534 .
1479 513 1491 543 [
1510 510 1599 537 Porro
1617 505 1718 544 Judith

932 546 1059 575 universa
1071 545 1133 575 vasa
1143 547 1242 575 bellica
1252 547 1416 576 Holofernis
1425 569 1433 580 ‚
1451 557 1511 587 quat:
1522 548 1602 577 dedit
1612 547 1655 575 illi
1667 557 1718 585 po—

933 587 1030 625 puius,
1052 591 1253 627 &eonopaeum
1264 609 1272 620 ,
1293 588 1367 626 quod
1387 588 1444 627 ipsa
1462 587 1605 617 sustulerat
1623 588 1658 616 de
1667 598 1714 616 cu-

930 627 978 655 bili
988 627 1068 664 ipsius
1079 649 1086 660 ‚
1109 628 1209 657 obtulit
1219 629 1249 656 in
1259 628 1405 657 anathema
1415 628 1568 658 oblivionis
1580 649 1587 656 .
1607 639 1630 656 c.
1647 635 1690 657 16.
1701 630 1715 659 1

933 669 990 696 PR.
1003 669 1028 696 S.
1039 669 1082 705 Jo.
1093 667 1241 704 Chrysost.
1251 668 1327 697 hom.
1343 676 1386 697 16.
1409 669 1438 698 in
1448 669 1527 708 epist.
1539 671 1573 698 ad
1583 671 1666 699 Rom.
1686 673 1715 698 δε

931 709 956 738 5.
969 708 1093 736 Andre2s
1103 708 1236 738 Caesareae
1247 709 1433 748 Cappadociae
1445 709 1535 748 Episc.
1546 721 1575 739 in
1595 720 1652 748 cap.
1666 721 1680 738 2
1690 720 1714 737 i.

930 749 1111 787 Apocalyplis
1123 771 1131 782 ‚
1154 750 1258 778 docent
1275 760 1378 779 nomen
1391 752 1593 780 Anathematis
1603 750 1713 780 intelli-

931 789 960 828 gi
972 790 1002 817 in
1011 790 1113 818 bonum
1125 811 1133 823 ,
1145 794 1173 819 &
1183 791 1283 818 malum
1293 785 1401 820 sensum
1412 813 1421 824 ,
1431 801 1461 820 ut
1471 791 1591 819 dicemus
1603 791 1632 818 in
1646 791 1715 819 dist.

930 835 1168 859 Devotamentum
1181 851 1188 857 .
1211 831 1302 859 Divus
1321 841 1412 860 aurem
1434 832 1587 870 Gregorius
1606 831 1653 859 lib.
1667 841 1715 859 21.

931 871 1026 899 moral.
1039 881 1062 899 c.
1074 883 1101 906 4.
1114 881 1144 899 in
1163 881 1186 898 c.
1197 882 1210 909 3
1222 882 1244 899 i.
1255 872 1308 909 Job
1330 872 1422 910 inquit
1432 894 1440 904 ,
1463 872 1538 911 quod
1548 872 1715 901 Anatbema

931 911 962 940 fit
984 911 1057 940 idem
1078 922 1107 940 ac
1129 911 1258 940 alienatio
1269 933 1276 940 .
1299 913 1412 941 Nicaera
1432 913 1478 941 lib.
1498 924 1544 941 20.
1563 912 1714 951 fragment.

931 951 1061 981 Thesauri
1071 952 1238 982 Orthodoxi
1248 974 1256 985 ,
1278 954 1488 991 Anashematis
1484 964 1560 981 mum
1578 962 1659 981 vocat
1669 953 1713 981 ab·

929 993 1096 1028 jurationem
1108 993 1185 1022 illam
1198 993 1379 1022 Hebrceorum
1389 1015 1397 1027 ,
1421 1004 1480 1032 quae
1503 994 1534 1022 ab
1541 994 1579 1022 eis
1592 993 1713 1022 Chorma

931 1034 1049 1062 dicitur:
1075 1040 1087 1069 [
1101 1038 1135 1062 Et
1147 1033 1330 1072 pereuss‘eriint
1341 1034 1418 1062 simul
1428 1033 1620 1063 Chananaeum
1629 1055 1638 1066 ,
1662 1033 1712 1072 qui

930 1074 1068 1103 habitabat
1088 1076 1118 1103 in
1129 1074 1230 1113 Sephat
1241 1096 1249 1107 ‚
1272 1073 1450 1103 &interfecit
1466 1085 1546 1108 cum,
1571 1083 1714 1103 vocatum-

932 1125 984 1153 que
1003 1115 1041 1143 est
1054 1126 1154 1143 nomen
1167 1115 1251 1144 Urbis
1260 1114 1385 1144 Chorma
1395 1137 1404 1148 ‚
1426 1115 1495 1143 idest
1505 1137 1514 1148 ‚
1536 1114 1693 1151 Anathema
1704 1135 1714 1142 .

932 1155 1022 1193 Judic.
1037 1158 1082 1187 i.]
1107 1155 1231 1184 Consule
1243 1155 1412 1184 Abulenseni
1423 1156 1453 1183 in
1464 1155 1509 1183 lib.
1525 1166 1548 1183 i.
1558 1158 1630 1194 Reg.
1641 1155 1710 1184 &in

930 1197 1047 1225 Numer.
1058 1206 1115 1234 cap.
1131 1207 1153 1224 i.
1168 1197 1202 1230 ll:
1226 1197 1324 1234 Itaque
1343 1207 1376 1224 cx
1389 1206 1422 1224 eo
1431 1195 1495 1235 quia
1514 1196 1588 1224 nefas
1598 1206 1655 1224 erat
1664 1195 1713 1224 ob-

933 1237 1066 1265 lationem
1077 1237 1153 1265 illam
1166 1246 1278 1276 tangere
1288 1259 1295 1269 ‚
1314 1236 1359 1266 seu
1369 1237 1398 1264 in
1410 1237 1485 1265 aliud
1495 1234 1616 1275 usurpari
1626 1247 1635 1268 5
1647 1237 1714 1264 inde

932 1278 1182 1306 excommunicatus
1195 1279 1357 1306 Anathema
1367 1278 1452 1306 dictus
1472 1277 1523 1306 fuit
1534 1299 1542 1310 ‚
1564 1287 1627 1306 cuin
1644 1277 1677 1307 fit
1695 1287 1710 1307 a

932 1318 1055 1346 fidelibus
1065 1319 1210 1347 evitandus
1221 1340 1228 1351 ,
1252 1323 1279 1347 ἃ
1289 1319 1485 1347 abominandus
1495 1329 1504 1349 5
1528 1317 1574 1347 seu
1587 1319 1653 1347 ficut
1664 1318 1714 1347 ob-

931 1359 1048 1387 lationes
1066 1360 1120 1388 illae
1139 1357 1371 1398 suspendebantur
1391 1359 1420 1387 in
1429 1360 1548 1396 Templo
1560 1381 1568 1393 ,
1591 1359 1630 1387 ita
1641 1359 1714 1396 pari-

930 1410 989 1432 ter,
1012 1401 1060 1439 qui
1079 1401 1188 1428 vitandi
1207 1410 1304 1434 erant,
1327 1401 1557 1429 eorum-nomina
1576 1400 1606 1428 in
1615 1399 1714 1429 tabella

931 1440 1032 1479 scripta
1053 1451 1130 1469 erant
1141 1441 1173 1469 :td
1184 1442 1309 1470 Ecclefiae
1320 1442 1459 1469 columnas
1470 1463 1477 1474 ,
1500 1441 1545 1469 seu
1556 1441 1588 1469 ad
1598 1441 1649 1469 alia
1659 1451 1710 1478 pu-

931 1482 999 1510 blica
1009 1481 1068 1510 loca
1079 1480 1204 1519 suspensa
1213 1501 1221 1508 .
1246 1483 1305 1511 Alii
1316 1493 1408 1512 tamen
1417 1483 1514 1510 melius
1535 1480 1604 1510 hanc
1617 1491 1715 1510 vocem

929 1522 1069 1550 deducunt
1079 1533 1093 1550 a
1102 1523 1225 1551 dictione
1236 1533 1325 1561 graeca
1343 1522 1467 1560 ἀνάθεμα
1482 1533 1530 1561 per
1540 1534 1550 1552 ε
1561 1544 1568 1555 ,
1591 1521 1692 1560 scripta
1704 1544 1712 1554 ,

931 1573 990 1601 qux
1000 1563 1209 1592 abominabilem
1220 1585 1228 1596 ‚
1251 1564 1488 1602 execrandumque
1507 1563 1641 1602 significat
1652 1585 1659 1595 ,
1682 1563 1714 1590 in

931 1614 986 1642 quo
996 1602 1074 1632 sensu
1092 1602 1154 1633 sunt
1167 1605 1293 1642 Apostoli
1305 1605 1385 1633 verba
1396 1617 1401 1631 :
1428 1612 1439 1640 [
1451 1604 1545 1641 Cupio
1556 1603 1713 1632 Anathema

933 1643 984 1672 cfl'e
1004 1654 1054 1682 pro
1076 1644 1200 1673 fratribus
1221 1645 1309 1676 meis]
1332 1647 1388 1674 FR.
1409 1643 1495 1674 Gloss'.
1516 1644 1544 1671 in
1555 1653 1662 1673 extrav.
1679 1643 1714 1672 de

930 1683 998 1713 sent.
1010 1695 1117 1713 excom.
1129 1697 1152 1713 c.
1167 1697 1175 1713 i
1183 1706 1190 1712 .
1201 1686 1240 1713 ait
1252 1686 1283 1714 ab
1292 1689 1360 1714 Ana
1372 1707 1380 1718 ,
1398 1689 1424 1714 ἃ
1435 1686 1540 1714 Thema
1551 1683 1601 1712 else
1611 1684 1714 1714 difflo-

932 1736 994 1754 nem
1004 1725 1074 1754 hanc
1086 1726 1441 1764 compofimin.Anathema
1450 1726 1488 1753 est
1499 1729 1586 1760 major
1599 1735 1711 1753 excom-

931 1767 1083 1795 municario
1093 1786 1100 1793 .
1118 1768 1189 1795 Caii.
1202 1766 1400 1806 Eiigeltiudam
1410 1787 1417 1794 .
1437 1773 1473 1804 3:
1483 1765 1576 1804 quaest.
1589 1778 1615 1802 4.
1636 1770 1663 1794 &-
1674 1766 1712 1795 ibi

931 1806 1024 1836 Giofl'a
1035 1829 1042 1840 ‚
1065 1811 1093 1835 ὃ(
1102 1818 1159 1835 can.
1172 1809 1265 1836 Nemo
1277 1806 1478 1845 Episcoporum
1487 1827 1493 1833 .
1516 1817 1525 1834 i
1537 1817 1559 1834 i.
1579 1806 1674 1845 qu-xst.
1684 1817 1712 1844 3.

932 1854 944 1883 [
956 1850 1029 1877 Cum
1042 1848 1198 1876 Portueniis
1208 1847 1358 1887 Episcopus
1379 1847 1426 1876 sub
1447 1847 1713 1876 excommunicatio-

930 1899 966 1917 ne
976 1888 1030 1917 hoc
1043 1888 1215 1926 prohibuerit
1225 1911 1232 1922 ,
1255 1893 1282 1917 ἃ
1294 1889 1361 1916 alter
1370 1887 1416 1917 sub
1433 1898 1514 1926 poena
1533 1887 1714 1916 anathematis·

929 1930 1004 1958 idem
1013 1930 1167 1958 decreverit
1177 1929 1378 1958 observandum
1389 1951 1395 1957 .
1419 1939 1462 1956 tit.
1473 1929 1506 1956 de
1516 1928 1596 1957 locat.
1607 1933 1633 1957 ὃ(
1643 1928 1711 1958 eon—

929 1970 1011 1998 dufto
1021 1990 1028 1997 .
1046 1981 1103 2008 cap.
1131 1981 1153 1998 i.
1174 1970 1331 1999 Anaihcim
1353 1969 1425 1997 nihil
1456 1969 1530 1997 aliud
1556 1969 1692 2008 significat
1703 1992 1713 2004 ‚

929 2021 1010 2049 quam
1032 2022 1044 2038 a
1057 2012 1120 2039 Deo
1143 2010 1344 2049 separationem
1360 2031 1366 2037 .
1388 2021 1448 2038 can.
1469 2020 1574 2038 certum
1584 2010 1622 2039 cst
1631 2031 1639 2039 .
1661 2023 1708 2046 24.

928 2062 974 2090 qu.
987 2053 1036 2089 3.]
1060 2053 1224 2080 Anatbema
1236 2074 1243 2083 ,
1267 2055 1293 2079 ἃ
1307 2051 1443 2079 Cathema
1454 2071 1463 2084 ,
1486 2051 1561 2079 idem
1579 2050 1617 2079 est
1627 2072 1634 2079 .
1658 2052 1711 2081 Vi-

928 2093 962 2120 de
984 2093 1157 2120 Catathema
1167 2113 1175 2120 .
1199 2091 1370 2120 Marantha.

887 2134 900 2147 ’“
924 2134 1161 2161 ANATHEMATA'.
1183 2133 1358 2161 Ornamenta
1368 2131 1547 2161 Ecclefiarum
1558 2152 1565 2160 .
1590 2133 1645 2162 Etsi
1657 2144 1713 2162 vox

929 2173 988 2201 haec
999 2173 1151 2201 anathema
1162 2183 1190 2200 ut
1201 2173 1349 2209 plurimum
1359 2171 1487 2202 homines
1498 2183 1545 2211 pei·
1554 2184 1715 2203 excommu-

930 2214 1103 2242 nicationem
1112 2223 1126 2241 a
1137 2223 1212 2240 (σιω
1222 2213 1344 2241 fidelium
1364 2212 1502 2252 separatos
1519 2219 1545 2243 δ(
1557 2213 1714 2254 segregatos

931 2254 1067 2293 significet
1077 2275 1085 2287 ,
1110 2253 1249 2281 interdum
1260 2263 1353 2282 tamen
1362 2254 1480 2283 denotat
1498 2266 1541 2283 res
1557 2265 1640 2283 etiam
1649 2258 1713 2285 Deo

929 2295 1004 2323 datas
1016 2317 1023 2327 ‚
1045 2292 1156 2332 ejusque
1167 2294 1270 2323 honori
1282 2305 1310 2323 ac
1324 2295 1409 2323 cultui
1420 2295 1521 2324 dicatas
1531 2317 1538 2324 .
1562 2297 1626 2331 Quo
1634 2294 1713 2325 sensu

930 2335 1022 2363 omnia
1034 2334 1095 2363 vasa
1106 2334 1178 2363 sacra
1188 2356 1196 2368 ‚
1217 2339 1245 2364 δε
1256 2335 1435 2364 instrumenta
1446 2337 1571 2365 Eccleliae
1584 2357 1592 2370 ,
1615 2340 1643 2364 ὃ(
1651 2346 1712 2364 om-

932 2376 978 2404 nia
999 2375 1114 2405 donaria
1135 2385 1216 2415 atque
1236 2386 1416 2417 ornamenta!
1437 2377 1471 2407 ad
1481 2377 1558 2406 iilam
1564 2376 1713 2417 pertinen—

1453 2434 1457 2438 .
1613 2426 1653 2449 'tia
1661 2438 1672 2452 ,
