1866 2526
171 63 250 91 222
479 46 518 88 C
551 47 592 88 R

154 106 292 136 thesauros
302 104 448 136 invenerat
456 126 464 138 ,
475 106 542 134 dum
550 103 643 132 delere
649 100 758 138 jusserat
772 110 826 129 tres
835 101 938 129 Cruces

153 149 186 177 in
195 156 266 177 terra
273 146 371 186 pofitas
381 168 390 179 ‚
412 146 445 174 de
456 156 509 184 qua.
518 155 547 174 re
558 146 657 173 Baron.
666 153 728 171 ann.
746 151 758 178 5
767 146 814 170 ὃν..
824 150 898 169 num.
911 150 937 171 7.

155 188 258 224 ιΗεΜος
266 197 358 216 autem
365 186 475 219 ferendi
483 187 513 214 in
522 183 736 224 processionibus
748 184 867 211 Crucem
878 188 938 207 cum

154 229 300 258 luminibus
308 228 426 257 accensis
433 228 465 256 ab
483 226 615 264 aliquibus
631 224 670 252 D.
681 226 725 262 Jo.
736 221 939 257 Chrysostomo

153 270 283 298 tribuitur
293 267 307 302 ,ι’
324 279 405 306 quem
414 277 506 297 tzimcn
517 276 602 295 ritum
617 268 748 294 Barcinus
769 262 858 290 multo
880 269 957 296 riute⁸

156 309 232 339 fiu'ffe
251 311 386 339 affirmuts
412 309 442 337 in
460 308 554 348 quibus
574 304 786 344 proceslionibus
804 301 941 331 Crucifixi

157 351 249 388 imago
261 350 343 378 rdebet
352 359 428 387 terga
439 359 553 387 vergere
563 348 597 375 :id
606 348 726 375 clerums
749 343 797 371 sed
808 353 867 380 qux
879 350 942 370 ante
956 350 957 353 ¹

157 390 323 419 Pontificem
337 411 345 426 ‚
364 394 391 418 St
401 388 633 426 Arellio-piscopos
643 385 781 416 defertur,
792 384 870 411 debet
882 385 942 411 An-

157 431 276 460 tistitem
294 430 427 469 respicere
440 451 448 462 ,
482 430 548 456 licet
576 426 716 455 Canonici
744 423 943 452 inter-medien-

155 482 198 500 tiir
210 493 217 499 .
239 472 320 500 Ritus
347 482 415 499 vero
442 468 584 498 deferendi
616 468 736 495 Crucem
764 475 777 492 :i
799 464 943 493 Subdjaco-

162 523 199 540 no
211 522 275 541 ante
285 512 449 540 Pontificem
459 507 660 548 antiquiffinms
670 507 717 535 est.
729 509 910 539 Retron-am&
920 513 944 538 ς.

160 553 204 582 ubi
215 553 248 581 de
260 555 354 582 Leone
365 553 417 580 IV.
429 551 550 588 loquitur
563 570 569 576 .
593 548 676 583 Quod
687 546 866 585 privrlegium
878 546 944 574 Sau-

157 594 202 622 ἂο
211 592 351 632 Stephano
361 594 557 629 Hungamrum
569 590 642 627 Regi
655 587 785 617 Sili-ester
794 584 945 615 ILconces-

159 633 232 661 serat
241 655 249 666 ‚
273 634 336 671 qnia
347 633 419 660 illius
430 631 549 659 tutionis
562 629 708 668 Apostolus
720 627 806 656 suerat
815 647 825 654 .
845 630 944 656 Baron.

161 684 204 701 an.
221 685 301 702 iooo.
314 673 504 707 Hieronymus
514 671 609 699 Fabrus
623 669 652 698 in
664 671 719 697 Sac.
730 670 946 697 Mem-Ravenn.

160 724 274 753 pag.50.
290 715 363 742 illius
374 713 500 742 Ecclefix
513 710 762 749 Archiepiscopum
771 709 800 737 in
811 709 946 737 visitatio-

162 755 239 783 nibus
249 755 354 783 deferre
366 754 477 782 solitum
492 751 565 780 suxss‘e
577 762 640 780 ante
651 750 677 778 se
687 752 808 778 Crucem
819 770 826 781 ,
839 752 867 777 δ(
878 759 947 777 cam-

163 796 291 833 panulum
301 795 383 823 refert
395 815 402 821 .
425 794 578 833 Regulares
588 793 690 822 nudam
707 792 826 818 Crucem
845 790 872 817 in
885 799 948 827 pro-

163 835 323 864 temonibus
333 836 402 864 ferre
413 822 681 873 nequeuntssed'cum
692 833 755 860 velo
765 831 875 870 quidem
886 841 950 868 pen-

164 877 242 905 denti
255 898 264 904 .
286 878 343 906 Sat.
353 877 413 906 Rit.
425 877 597 914 Congregat.
613 885 656 909 14.
666 874 776 910 Januar.
791 884 799 900 1
808 873 952 903 617.Item

164 920 239 953 juxta
249 917 359 946 Miilhlis
369 916 516 945 Rubi-icam
527 914 632 953 semper
645 914 756 942 locanda
773 913 811 941 est
821 913 901 941 Crux
911 910 952 939 su-

164 968 213 996 per
224 959 321 987 Altare
331 980 339 991 ,
362 957 472 996 quando
484 957 634 985 celebratur
646 955 676 982 in
686 954 846 992 memoriani
855 951 952 991 pallio-

166 999 228 1029 nis;
252 1009 284 1026 ex
296 997 373 1035 hujus
384 1007 474 1025 tamen
484 995 632 1025 omiffione
644 1007 699 1023 non
720 994 952 1032 committigrave

166 1049 307 1077 peccatum
314 1040 416 1068 docent
426 1040 575 1067 Sum-stom.
588 1048 614 1075 3.
626 1036 694 1075 disp.
710 1041 722 1064 8
733 1047 754 1063 ι.
774 1034 837 1063 secr.
850 1042 878 1062 6.
889 1032 953 1062 Vns-

164 1091 234 1118 qucz
245 1102 252 1114 ,
275 1090 344 1108 tom.
368 1090 393 1117 3.
405 1079 474 1117 disp.
490 1089 556 1116 233.
567 1088 624 1115 cap.
636 1089 662 1115 3.
683 1087 756 1106 num.
783 1083 825 1104 16.
839 1074 954 1103 Facund.

166 1124 184 1149 l.
196 1132 221 1158 3.
233 1132 255 1149 c.
271 1133 284 1150 2.
295 1132 317 1149 ι.
331 1132 356 1148 n.
369 1131 416 1158 32.
431 1122 491 1149 Nec
503 1120 569 1157 poni
583 1119 662 1147 debet
673 1140 680 1150 ,
694 1119 713 1147 fi
725 1119 754 1145 in
766 1117 859 1145 Altari
867 1125 952 1153 expo-

165 1162 245 1190 situm
260 1162 292 1190 sit
302 1163 503 1190 Sacramentum
517 1173 523 1188 :
536 1164 563 1189 ὅ(
574 1160 685 1197 quando
697 1159 728 1186 in
736 1157 908 1186 tabernaculo
917 1156 955 1184 cst

167 1203 495 1234 Sacramentiiin‚tenetur
504 1201 631 1230 Sacerdos
641 1200 824 1239 genuflectere
836 1198 865 1225 in
875 1197 951 1235 prin-

170 1243 246 1282 cipio
258 1266 265 1277 ‚
292 1248 319 1272 ἃ
341 1244 369 1270 ιιι
392 1243 446 1270 fine
466 1241 551 1270 Missle
564 1262 572 1268 .
592 1239 712 1269 Ministri
731 1237 954 1277 quotiescumque

169 1284 310 1312 transeunt
322 1294 386 1312 anie
398 1284 493 1311 Airai-e
505 1305 513 1315 ‚
540 1283 625 1311 Cruci
635 1281 818 1319 genufleclere
837 1279 935 1306 debent
947 1298 954 1304 .

169 1325 314 1360 Presbyter
326 1334 392 1353 vero
403 1345 411 1355 ,
422 1324 488 1352 sicut
498 1327 526 1352 δ(
535 1323 630 1351 ceteri
640 1332 670 1350 in
680 1320 843 1349 adoratione
855 1318 953 1347 Crucis

170 1367 361 1404 genuflec‘tunt
379 1365 408 1391 in
426 1364 471 1392 die
490 1364 607 1392 Veneris
629 1363 717 1391 Ξαιιξίι
727 1383 736 1394 ‚
756 1362 791 1389 ob
809 1359 953 1388 siliitii‘erae

172 1406 373 1445 redemptionis
390 1405 551 1433 memoris-m
574 1404 603 1431 in
621 1413 652 1431 ca
669 1403 715 1431 die
736 1402 849 1440 perastae
862 1422 870 1433 ,
894 1409 952 1438 quae

172 1449 253 1476 Crux
265 1448 328 1475 velo
340 1458 352 1475 :i
363 1446 457 1485 primis
468 1444 590 1483 vesperis
599 1443 759 1473 Dominicae
770 1440 902 1470 Passionis
913 1450 952 1468 te-
969 1456 971 1479 j

171 1488 247 1526 gitur
258 1510 267 1521 ‚
289 1489 351 1526 quia
371 1497 436 1515 tunc
449 1486 576 1516 Christus
596 1485 624 1513 se
634 1484 798 1512 abscondere
817 1491 937 1521 coeperat
948 1501 955 1512 ,

173 1531 247 1567 Rup.
258 1529 276 1556 l.
292 1538 317 1563 5.
336 1539 393 1566 cap.
410 1539 432 1556 ι.
444 1531 471 1556 ὅ(
482 1527 512 1554 ιιι
523 1527 618 1555 eadem
636 1524 702 1554 feria
711 1526 763 1553 VI.
784 1524 814 1551 in
823 1523 955 1552 Calvario

172 1579 268 1597 monte
277 1578 466 1606 comparuerat
476 1568 625 1596 denudatus
637 1588 645 1599 ‚
663 1577 719 1604 quo
736 1566 797 1593 ac'tu
805 1564 882 1592 nobis
892 1563 957 1591 fide-

181 1610 249 1638 libus
258 1613 312 1647 ejus
324 1610 422 1638 divina
431 1608 558 1644 mysteria
569 1608 739 1636 revelaverat
752 1627 759 1639 ,
779 1615 839 1644 quae
852 1603 957 1632 hebrai-

174 1661 207 1678 co
218 1651 321 1689 populo
333 1661 411 1679 erant
419 1649 574 1679 abscondita
584 1669 594 1676 .
602 1649 679 1677 Idem
690 1650 806 1686 Rupert.
818 1646 865 1674 l.6.
876 1656 899 1673 c.
912 1656 956 1672 ιο.

173 1692 306 1720 Paulatim
316 1702 382 1720 tunc
393 1693 470 1720 Crux
481 1691 621 1729 detegitur
631 1711 640 1721 ‚
661 1689 791 1727 quianon
801 1687 834 1714 de
845 1695 958 1724 repente

175 1731 304 1763 Christus
322 1733 349 1761 se
361 1732 599 1761 manifestaveram
617 1730 681 1758 ideo
699 1729 822 1757 ostendit
831 1736 904 1766 prius
915 1728 958 1755 Sa<

174 1773 268 1801 cerdos
289 1772 429 1803 brachium
437 1774 539 1802 Crucis
554 1772 588 1800 :id
604 1781 690 1799 cornu
700 1769 821 1808 epistolae
833 1789 842 1801 ‚
861 1769 906 1796 ubi
919 1766 959 1796 Is-

176 1814 314 1843 meliticus
333 1816 449 1853 populus
469 1814 662 1852 designantur,
691 1821 723 1839 ut
738 1810 843 1839 dictum
862 1808 913 1837 fuit
930 1809 959 1836 in

175 1855 241 1882 diet.
251 1857 354 1884 Altare
364 1876 372 1887 ,
387 1856 430 1883 cui
441 1855 546 1893 populo
557 1852 659 1881 Mess'iae
681 1852 813 1880 adventus
832 1860 960 1888 praenun—

176 1895 264 1924 ciatus
275 1896 347 1927 suits
367 1896 466 1924 deinde
477 1897 595 1924 alterum
603 1893 701 1922 Crucis
713 1893 779 1919 latiis
802 1890 943 1929 detegitur
954 1912 960 1922 ,

177 1947 205 1964 at
217 1938 331 1965 tandem
349 1937 441 1966 velum
451 1936 558 1975 penitus
570 1935 601 1963 in
613 1934 708 1962 medio
718 1933 823 1961 Altaris
834 1932 961 1960 Sacerdos

178 1978 279 2013 politus
301 1989 314 2006 :i
333 1979 423 2007 Cruce
442 1975 562 2005 detrahit
572 1998 580 2009 ,
608 1975 642 2003 ad
661 1974 844 2003 denotandam
865 1972 964 2000 Crucis

179 2019 403 2054 praedicationem
414 2019 444 2047 in
459 2027 520 2046 toto
528 2017 593 2045 orbe
602 2014 724 2044 di'ffiisam
735 2036 742 2047 ,
752 2019 779 2043 ὅ(
791 2013 866 2053 quod
877 2013 963 2041 Chri-

178 2059 231 2086 ssiis
242 2069 276 2085 ex
286 2060 379 2087 eadem
391 2060 481 2088 Cruce
503 2067 629 2097 operatus
648 2057 686 2085 est
695 2055 810 2084 salutem
831 2054 861 2082 in
872 2053 963 2081 medio

181 2108 261 2127 terrae
272 2119 279 2126 .
302 2099 390 2128 Unde
410 2099 469 2128 haec
489 2098 654 2128 caeremonia
667 2095 795 2125 habuisset
807 2095 946 2134 originem
956 2113 962 2120 .

180 2140 255 2167 Vide
266 2141 364 2168 Baron.
376 2151 417 2168 an.
429 2152 497 2178 397.
510 2152 537 2170 n.
553 2151 562 2168 1
574 2151 595 2167 1.
606 2143 635 2167 δ(
652 2149 694 2166 12.
717 2134 914 2166 cistercienses
926 2145 963 2162 ta-

179 2189 245 2208 men
252 2181 371 2208 Crucem
381 2190 480 2219 tegunt
500 2192 513 2209 a
530 2181 619 2219 prima
629 2178 781 2208 Doniiiiica
796 2176 965 2216 quadragen-

180 2230 231 2249 rnae
242 2219 325 2258 usque
336 2221 368 2249 ad
380 2223 593 2259 completorium
606 2220 680 2255 feriae
693 2221 731 2248 V-
740 2219 769 2246 in
778 2228 856 2246 coena
868 2217 967 2246 Domi·
982 2217 983 2246 j

180 2261 228 2294 ni,
247 2260 425 2300 subsequente
435 2262 605 2300 processione
615 2283 621 2289 .
634 2262 670 2289 In
677 2258 968 2296 Constantinopolita-

181 2312 209 2331 τι
219 2301 335 2331 Ecclesia
345 2324 353 2335 ‚
376 2301 435 2330 haec
446 2304 545 2331 Crucis
557 2302 681 2331 adoratio
690 2310 738 2339 per
747 2300 868 2328 triduum
887 2301 970 2335 majo-

182 2344 218 2372 ris
227 2342 406 2372 hebdomadae:
418 2343 477 2371 fieri
499 2343 601 2372 solebat
612 2355 619 2374 5
643 2343 688 2371 ubi
709 2342 757 2369 illa.
776 2350 840 2369 vera
857 2340 971 2377 reliquia

179 2384 377 2423 exponebatur,
389 2394 470 2424 quam
481 2384 622 2414 Heraclius
633 2385 786 2422 Imperator
796 2382 826 2410 in
837 2379 971 2411 Hieroso-

1277 41 1392 83 CR

994 95 1131 132 lymitano
1143 97 1286 138 triumpho
1294 98 1452 138 acquisierat
1461 118 1470 131 ,
1481 101 1508 127 ὃ(
1518 98 1552 128 ad
1563 96 1665 128 8³11&ae
1676 97 1790 137 Sophiae

995 139 1141 177 Templum
1152 138 1334 168 collocaverat
1345 150 1352 170 5
1376 139 1406 167 in
1417 149 1472 178 quo
1482 139 1576 168 triduo
1586 142 1639 176 ejus
1651 140 1792 168 adoratio·

996 179 1037 206 nis
1046 179 1116 207 ordo
1127 180 1162 209 fic
1173 190 1231 209 erat
1239 202 1247 214 ,
1260 190 1362 219 nempe
1372 200 1379 211 ‚
1400 180 1429 208 in
1441 180 1530 217 primo
1541 180 1588 209 die
1595 180 1722 209 adorabat
1731 181 1788 209 Im-

996 229 1106 257 perator
1124 230 1186 248 cuni
1201 222 1311 249 <ceteris
1327 220 1421 251 laici55
1444 221 1474 249 in
1495 220 1612 249 secundo
1622 220 1789 259 Imperatrix

997 269 1058 287 cum
1066 262 1121 296 ejus
1131 259 1207 291 sexu3
1219 262 1246 288 in
1257 260 1342 289 tertio
1351 260 1508 289 Patriarcha
1516 271 1578 290 cum
1587 262 1671 290 clero.
1682 263 1718 290 In
1727 261 1788 300 qui,-

997 300 1042 328 bus
1059 300 1243 338 expolitionis
1259 302 1353 330 diebus
1371 300 1504 340 fragranti
1521 303 1607 331 odore
1629 300 1790 330 niiriculose

997 341 1151 378 replebatur
1161 341 1292 370 Ecclefia:
1317 352 1351 370 ex
1363 340 1415 369 hoc
1426 341 1499 370 sacro
1511 342 1579 371 item
1590 343 1668 382 ligno
1678 364 1687 375 ,
1705 352 1788 380 :itque

998 391 1031 408 ex
1044 383 1099 417 ejus
1111 382 1192 410 nodis
1204 380 1407 419 pretiosissimus
1417 382 1508 421 liquor
1518 385 1668 417 emanabat,
1681 394 1737 422 quo
1748 385 1791 411 in-

999 421 1142 450 firmitates
1161 422 1243 451 ναι-ιε
1262 422 1439 451 curabantur.
1460 426 1561 452 Baton,
1577 435 1644 452 ann..
1659 431 1729 462 633.
1746 424 1791 451 De

1004 474 1060 501 quo
1072 464 1109 491 D.
1121 463 1273 502 Gregorius
1283 462 1458 491 mentionem
1466 462 1528 491 facit
1539 486 1547 497 ,
1557 464 1621 493 dum
1630 464 1750 495 Leontio
1762 464 1794 492 in

1000 503 1075 542 epist.
1088 513 1135 540 34.
1147 503 1193 531 lib.
1213 504 1282 536 7.de
1293 503 1426 531 talidono
1443 505 1548 542 gratias
1562 505 1638 543 agit,
1659 515 1740 544 quem
1759 504 1793 533 li-

1000 553 1116 583 quorem
1125 544 1224 572 Oleum
1235 546 1335 572 Crucis*
1355 551 1434 572 vocat
1445 563 1457 571 .-
1474 544 1556 573 Idem
1573 545 1684 575 testatur
1702 546 1772 575 Beda
1784 567 1791 577 ‚

1000 584 1078 622 epist.
1089 584 1122 612 de
1134 584 1186 613 loc.
1196 584 1278 613 sanct.
1288 595 1313 612 c.
1323 583 1627 623 20-1idemqueGraeci
1644 595 1746 625 praeter
1755 586 1794 614 fe-

1003 626 1073 654 stum
1082 626 1181 653 Crucis
1192 625 1358 664 Septembris
1369 646 1377 657 ,
1399 624 1475 654 alind
1491 625 1593 655 habent
1610 627 1643 655 ad
1662 627 1794 657 Kalendas

1002 670 1078 704 Aug.
1090 667 1164 704 quod
1174 665 1214 693 his
1227 666 1314 695 verbis
1325 666 1356 693 in
1366 667 1530 705 Menologio
1541 675 1667 696 notatur:
1680 669 1795 703 [Primo

1003 707 1047 734 die
1061 706 1211 746 progreffio
1223 706 1443 735 venerandorum
1451 708 1591 746 lignorum
1601 708 1727 746 pretiosae
1738 729 1747 741 ,
1767 712 1795 737 δε

1006 747 1126 776 vivii-Its:
1138 748 1236 776 Crucis
1247 749 1276 779 .]
1290 749 1362 776 Item
1375 747 1405 774 in
1415 749 1565 777 Dominica
1576 749 1866 788 Quadragefimae-ae·

1005 789 1087 817 aliam
1095 787 1318 817 solemnissimam
1328 789 1425 817 Crucis
1435 789 1627 818 adorationem
1635 791 1773 818 celebrant
1787 811 1795 822 .

1006 839 1065 856 tuni
1075 839 1107 857 cx
1117 830 1224 857 ratione
1237 829 1267 857 in
1280 828 1397 858 Triodio
1416 830 1527 858 addueh
1538 853 1546 864 ‚
1569 841 1599 859 ut
1611 853 1618 863 ,
1643 831 1776 859 nimirum
1790 851 1798 861 ,

1005 869 1097 897 fideles
1107 869 1136 897 ab
1147 869 1259 908 incepto
1268 871 1437 907 jcjiinioiem
1445 870 1504 899 laffi
1513 891 1521 903 ,
1543 875 1572 900 δ(
1589 870 1682 900 defeffi
1704 872 1733 900 in
1753 870 1804 899 vi-

1006 909 1081 938 sione
1092 910 1164 937 illius
1181 909 1305 948 pretiosae
1325 910 1447 949 reliquize
1459 933 1466 944 ‚
1489 911 1523 939 ad
1541 912 1611 942 illud
1632 911 1801 950 prosequen-

1007 951 1072 978 dum
1082 950 1278 978 confortentur
1287 972 1294 982 ‚
1318 961 1378 979 tum
1393 954 1476 980 etiam
1495 961 1524 980 ut
1537 953 1574 981 D.
1583 952 1800 987 chrysostomus

1008 991 1101 1029 inqiut
1112 1011 1119 1018 .
1131 991 1392 1026 [Quemadmodum
1403 992 1434 1019 in
1442 992 1595 1022 solitudine
1607 994 1666 1025 illi,
1678 994 1725 1031 qui
1737 994 1799 1022 vul-

1008 1032 1095 1059 nerati
1106 1040 1181 1060 erant
1193 1042 1201 1063 ς
1223 1030 1419 1070 sspestoaeneo
1429 1032 1555 1070 serpente
1565 1044 1579 1061 ο.
1599 1043 1689 1061 morte
1706 1033 1803 1061 libera-

1008 1073 1123 1103 bantur)
1147 1072 1180 1101 sic
1190 1076 1219 1101 ὃ(
1230 1082 1302 1100 nunc
1312 1072 1354 1101 illi
1368 1095 1375 1105 ,
1399 1074 1449 1112 qui
1459 1073 1686 1112 inediumjejunii
1695 1073 1802 1105 cursum

1010 1112 1187 1142 confecerunt
1197 1135 1206 1146 ‚
1227 1111 1305 1150 hujus
1316 1116 1443 1143 contaetu
1454 1137 1462 1148 ‚
1485 1113 1643 1153 serpentem
1655 1137 1663 1148 ,
1685 1115 1732 1154 qui
1744 1115 1803 1143 ani-

1010 1164 1055 1182 mo
1073 1154 1215 1187 cernitur,
1236 1154 1367 1183 occidunt
1380 1175 1388 1187 ‚
1411 1155 1550 1194 iidemque
1567 1157 1804 1184 immortalitatem

1008 1194 1210 1234 consequuntur
1219 1215 1229 1222 .
1239 1195 1352 1224 Homil.
1360 1196 1397 1224 de
1405 1207 1517 1226 venerat
1528 1218 1536 1224 .
1547 1198 1645 1226 Crucis
1655 1218 1661 1224 .
1673 1200 1685 1229 ]
1701 1196 1805 1225 Hiero-

1009 1234 1126 1279 solymis
1136 1244 1230 1263 tamen
1241 1245 1283 1263 ter
1295 1236 1327 1263 in
1335 1246 1409 1265 anno
1418 1237 1451 1265 in
1459 1238 1595 1267 eminenti
1607 1238 1669 1266 loco
1680 1247 1729 1275 per
1739 1237 1806 1274 Epi-

1010 1274 1086 1314 scopi
1095 1285 1188 1304 manus
1200 1276 1386 1313 exponebatur
1399 1300 1405 1310 ‚
1417 1277 1491 1315 quod
1503 1279 1635 1315 Γερατεῖίσν
1645 1299 1653 1310 ‚
1665 1278 1733 1306 idest
1743 1299 1751 1310 ‚
1764 1276 1812 1304 ss-

1010 1317 1124 1344 crarium
1135 1316 1273 1344 dicebatur
1284 1337 1295 1343 .-
1314 1320 1401 1346 Erant
1410 1318 1548 1355 praedic‘tae
1566 1318 1751 1356 expolitiones
1772 1317 1803 1345 in

1010 1357 1266 1386 eademDominicu
1277 1359 1361 1385 tertia.
1371 1380 1378 1390 ,
1402 1359 1433 1386 in
1442 1358 1487 1386 die
1498 1357 1606 1386 Paschae
1619 1380 1626 1390 ‚
1649 1362 1678 1386 &c
1688 1359 1717 1386 in
1737 1357 1806 1386 festo

1010 1398 1194 1427 Exultationis
1204 1419 1215 1431 „
1235 1398 1265 1425 in
1277 1408 1331 1436 quo
1351 1398 1568 1428 die-Antiochiae
1580 1409 1673 1427 manus
1684 1401 1807 1427 Praecur-

1010 1439 1078 1467 soris
1089 1438 1197 1467 Christi
1207 1438 1397 1467 ostendebatur
1410 1462 1418 1473 ‚
1441 1450 1471 1467 ut
1483 1440 1511 1467 in
1520 1441 1586 1468 dici.
1597 1438 1750 1477 Agnifems
1762 1439 1811 1467 tli-

1011 1482 1084 1508 ctum
1096 1479 1147 1507 fuit
1156 1499 1168 1506 .
1187 1479 1316 1508 Vetustus
1335 1490 1393 1508 mos
1414 1480 1540 1508 Ecclesiae
1564 1480 1602 1507 est
1615 1480 1646 1507 in
1666 1479 1808 1517 principio

1011 1520 1138 1549 canonis
1148 1518 1231 1547 Miss'ae
1244 1521 1363 1548 Crucem
1372 1520 1514 1550 efformare
1525 1541 1531 1548 .
1544 1522 1625 1548 Gem.
1638 1519 1656 1547 l.
1668 1531 1696 1548 ι.
1705 1530 1728 1547 c.
1743 1530 1812 1557 103.

1014 1561 1127 1597 Quin&
1140 1560 1255 1598 primam
1267 1560 1389 1596 ejusdem
1404 1562 1529 1590 Curionis
1548 1561 1674 1589 litteram
1690 1562 1722 1589 T.
1732 1560 1807 1588 Cru-

1012 1611 1072 1629 cem
1083 1602 1256 1640 praefigurate
1268 1603 1449 1630 Innocentius
1459 1603 1517 1630 III.
1527 1601 1575 1630 lib.
1586 1612 1613 1639 3.
1622 1611 1678 1639 cap.
1690 1611 1715 1638 3.
1727 1611 1807 1629 nota-

1014 1644 1055 1672 vit
1067 1662 1078 1669 ..
1097 1642 1140 1670 Sic
1150 1643 1235 1670 etiam
1243 1642 1387 1671 Ecclesiam
1397 1653 1456 1671 turn
1465 1652 1581 1681 graecam
1595 1663 1602 1674 ‚
1624 1651 1682 1669 tum
1695 1641 1809 1670 latinam

1014 1696 1027 1713 a
1041 1693 1165 1720 tempore
1177 1684 1207 1711 S-
1214 1683 1298 1710 Marci
1309 1685 1388 1721 Papae
1399 1684 1428 1711 in
1436 1682 1517 1711 saci-is
1529 1683 1644 1711 vestibus
1665 1680 1808 1710 efformare

1014 1723 1181 1754 consiievisse
1193 1722 1275 1751 refert
1286 1726 1390 1752 Baron,
1397 1734 1439 1752 :m-
1450 1730 1517 1761 336.
1528 1723 1614 1762 fitque
1626 1721 1713 1750 hodie
1721 1722 1809 1750 latino

1016 1766 1071 1794 ritu
1083 1764 1113 1792 in
1124 1764 1226 1792 amictu
1235 1784 1243 1796 ,
1266 1764 1406 1802 manipulo
1418 1785 1426 1796 ,
1450 1763 1532 1796 stola,
1546 1767 1573 1792 ὃ(
1582 1761 1667 1791 casula
1680 1773 1688 1793 5
1701 1761 1748 1791 sed
1757 1761 1806 1790 hac

1017 1806 1115 1835 ultima
1128 1816 1191 1834 raro¹
1200 1803 1284 1832 hodie
1294 1826 1302 1836 ‚
1325 1815 1384 1842 quae
1397 1814 1489 1832 tamen
1501 1825 1507 1836 ‚
1529 1802 1642 1842 quando
1659 1803 1698 1831 cis
1717 1802 1811 1830 indui-

1017 1857 1062 1876 tur
1075 1850 1102 1875 ὅ(
1114 1846 1224 1874 exuitur
1234 1845 1378 1878 Sacerdos,
1401 1845 1482 1874 debet
1491 1844 1607 1873 osculari
1618 1865 1625 1876 ,
1648 1852 1727 1881 atque
1738 1844 1809 1871 Cru-

1021 1898 1052 1916 ce
1061 1888 1135 1916 idem
1143 1886 1281 1924 sefigiiari
1291 1886 1372 1914 debet
1382 1896 1443 1914 :inte
1456 1885 1659 1923 impositionem
1679 1884 1790 1913 amiflzus
1800 1888 1816 1916 ‚'

1018 1929 1093 1967 quod
1103 1929 1210 1966 lignum
1221 1926 1371 1964 antiquitus
1394 1936 1436 1955 ter
1445 1927 1574 1964 figebatur
1585 1947 1593 1958 ‚
1617 1926 1713 1954 Sever.v
1728 1923 1812 1953 Alex.

1020 1972 1053 1998 dc
1065 1969 1126 1997 ord.
1136 1969 1220 1996 oblat.
1231 1977 1288 1994 non
1301 1977 1367 1995 vero
1380 1977 1441 1995 cum
1451 1967 1551 1995 amictu
1569 1967 1599 1995 in
1618 1972 1715 1996 manis,
1737 1962 1814 2001 quod

1019 2011 1058 2040 est
1069 2009 1249 2048 quorumdam
1259 2006 1349 2036 abusus
1361 2028 1372 2035 .
1391 2008 1474 2036 Circa
1483 2006 1554 2047 signi
1565 2007 1662 2036 Crucis
1681 2004 1814 2032 munitio-

1020 2061 1083 2080 nem
1097 2051 1127 2078 in
1138 2060 1187 2078 nos
1197 2050 1271 2089 ipsos
1284 2048 1441 2081 fritiendrim',
1453 2048 1607 2077 latinoritu
1619 2046 1748 2075 formatur
1758 2055 1814 2073 ms·

1022 2103 1058 2121 nu
1069 2092 1166 2119 dextra
1174 2098 1267 2130 aperta
1278 2100 1292 2117 τι
1303 2089 1394 2117 fronte
1405 2089 1439 2118 ad
1448 2090 1538 2127 pestus
1548 2109 1556 2120 ,
1578 2086 1680 2116 deinde
1688 2096 1703 2114 a
1712 2087 1768 2113 latu
1779 2086 1811 2114 li-

1022 2133 1110 2161 nistro
1120 2132 1150 2159 ad
1160 2132 1286 2160 dextrum
1298 2131 1327 2158 in
1338 2130 1446 2169 signum
1456 2151 1464 2163 ‚
1486 2128 1560 2168 quod
1571 2139 1585 2156 a
1595 2125 1710 2156 miseriis
1723 2126 1757 2154 ad
1776 2125 1814 2154 fe-

1020 2174 1157 2202 licitatem
1166 2173 1306 2201 transimus
1314 2182 1328 2202 ᾖ
1342 2169 1390 2199 scd
1400 2169 1583 2199 Innocentius
1593 2169 1652 2197 111.
1661 2167 1746 2195 alium
1755 2176 1814 2194 mo-

1023 2216 1088 2244 dum
1099 2214 1179 2242 docet
1189 2236 1199 2247 ‚
1221 2222 1321 2250 nempe
1333 2233 1340 2244 ,
1352 2222 1367 2240 a
1380 2221 1456 2250 parte
1466 2211 1561 2239 dextra
1574 2208 1610 2238 ad
1619 2207 1768 2240 sinistram,
1778 2206 1814 2235 ad

1024 2254 1234 2295 significandum
1245 2253 1450 2292 praedicationis
1469 2250 1619 2281 Salvatoris
1638 2248 1669 2277 ab
1692 2247 1820 2277 Hebraeis

1024 2298 1056 2326 ad
1067 2296 1195 2326 Gentiles
1207 2294 1350 2324 transitum
1363 2304 1371 2324 ς
1393 2293 1425 2322 fit
1434 2301 1527 2321 autem
1536 2292 1620 2320 tribus
1637 2288 1734 2327 digitis
1747 2287 1815 2315 dex-

1025 2348 1074 2367 trae
1091 2347 1185 2365 manus
1194 2336 1279 2364 unitis
1289 2357 1297 2369 ‚
1316 2335 1390 2374 quod
1399 2334 1543 2363 Trinitatis
1552 2333 1590 2361 est
1598 2329 1753 2366 symb⁰l¹³¹¹¹
1765 2338 1772 2357 ⁵
1785 2327 1815 2355 ld

1025 2379 1161 2418 signanter
1169 2376 1315 2410 observant
1323 2375 1418 2409 Greci
1426 2396 1436 2410 ,
1458 2378 1486 2405 ὁ(
1497 2369 1670 2405 Carthuliani
1683 2381 1698 2402 ι
1715 2369 1745 2396 in
1765 2367 1822 2396 lio-

1718 2418 1779 2440 run).
