<?xml version="1.0" encoding="UTF-8"?>
<!DOCTYPE html PUBLIC "-//W3C//DTD XHTML 1.0 Transitional//EN"
    "http://www.w3.org/TR/xhtml1/DTD/xhtml1-transitional.dtd">
<html xmlns="http://www.w3.org/1999/xhtml" xml:lang="en" lang="en">
 <head>
  <title>
</title>
<meta http-equiv="Content-Type" content="text/html;charset=utf-8" />
  <meta name='ocr-system' content='tesseract 3.04.00' />
  <meta name='ocr-capabilities' content='ocr_page ocr_carea ocr_par ocr_line ocrx_word'/>
</head>
<body>
  <div class='ocr_page' id='page_1' title='image "./dominicimacrimel00magr/dominicimacrimel00magr_0535.png"; bbox 0 0 1866 2526; ppageno 0'>
   <div class='ocr_carea' id='block_1_1' title="bbox 474 24 583 70">
    <p class='ocr_par' dir='ltr' id='par_1_1' title="bbox 474 24 583 70">
     <span class='ocr_line' id='line_1_1' title="bbox 474 24 583 70; baseline 0 0"><span class='ocrx_word' id='word_1_1' title='bbox 474 24 583 70; x_wconf 75' lang='grc' dir='ltr'>,ΡΑ</span> 
     </span>
    </p>
   </div>
   <div class='ocr_carea' id='block_1_2' title="bbox 112 80 922 731">
    <p class='ocr_par' dir='ltr' id='par_1_2' title="bbox 112 80 922 731">
     <span class='ocr_line' id='line_1_2' title="bbox 125 80 922 124; baseline -0.003 -10"><span class='ocrx_word' id='word_1_2' title='bbox 125 82 160 114; x_wconf 72' lang='lat' dir='ltr'>iu</span> <span class='ocrx_word' id='word_1_3' title='bbox 179 81 346 114; x_wconf 75' lang='lat' dir='ltr'>neceffimis</span> <span class='ocrx_word' id='word_1_4' title='bbox 363 83 441 112; x_wconf 82' lang='lat' dir='ltr'>casu:</span> <span class='ocrx_word' id='word_1_5' title='bbox 459 93 520 123; x_wconf 76' lang='lat' dir='ltr'>quae</span> <span class='ocrx_word' id='word_1_6' title='bbox 534 82 636 124; x_wconf 78' lang='lat' dir='ltr'>triplex</span> <span class='ocrx_word' id='word_1_7' title='bbox 654 80 796 113; x_wconf 65' lang='lat' dir='ltr'>distinctio</span> <span class='ocrx_word' id='word_1_8' title='bbox 813 92 847 113; x_wconf 82' lang='lat' dir='ltr'>ex</span> <span class='ocrx_word' id='word_1_9' title='bbox 858 83 922 114; x_wconf 86' lang='lat' dir='ltr'>Tri-</span> 
     </span>
     <span class='ocr_line' id='line_1_3' title="bbox 126 123 919 164; baseline -0.001 -10"><span class='ocrx_word' id='word_1_10' title='bbox 126 126 206 154; x_wconf 87' lang='lat' dir='ltr'>dent.</span> <span class='ocrx_word' id='word_1_11' title='bbox 217 124 334 161; x_wconf 63' lang='lat' dir='ltr'>synodo</span> <span class='ocrx_word' id='word_1_12' title='bbox 343 144 352 157; x_wconf 93' lang='lat'>,</span> <span class='ocrx_word' id='word_1_13' title='bbox 361 123 419 153; x_wconf 60' lang='lat' dir='ltr'>sesti</span> <span class='ocrx_word' id='word_1_14' title='bbox 431 129 445 153; x_wconf 70' lang='grc' dir='ltr'>ι</span> <span class='ocrx_word' id='word_1_15' title='bbox 454 134 543 163; x_wconf 61' lang='lat' dir='ltr'>neap.</span> <span class='ocrx_word' id='word_1_16' title='bbox 559 135 584 160; x_wconf 87' lang='lat'>5.</span> <span class='ocrx_word' id='word_1_17' title='bbox 607 125 652 154; x_wconf 88' lang='lat' dir='ltr'>De</span> <span class='ocrx_word' id='word_1_18' title='bbox 661 125 801 154; x_wconf 77' lang='lat' dir='ltr'>reformat.</span> <span class='ocrx_word' id='word_1_19' title='bbox 810 125 919 164; x_wconf 83' lang='lat' dir='ltr'>colligi-</span> 
     </span>
     <span class='ocr_line' id='line_1_4' title="bbox 123 163 920 204; baseline -0.004 -9"><span class='ocrx_word' id='word_1_20' title='bbox 123 175 169 195; x_wconf 82' lang='lat' dir='ltr'>tur</span> <span class='ocrx_word' id='word_1_21' title='bbox 181 187 190 200; x_wconf 90' lang='lat'>‚</span> <span class='ocrx_word' id='word_1_22' title='bbox 200 165 246 194; x_wconf 87' lang='lat' dir='ltr'>ubi</span> <span class='ocrx_word' id='word_1_23' title='bbox 254 165 289 194; x_wconf 81' lang='lat' dir='ltr'>lic</span> <span class='ocrx_word' id='word_1_24' title='bbox 298 165 354 193; x_wconf 76' lang='lat' dir='ltr'>ait:</span> <span class='ocrx_word' id='word_1_25' title='bbox 379 164 515 201; x_wconf 81' lang='lat' dir='ltr'>[Polliint</span> <span class='ocrx_word' id='word_1_26' title='bbox 533 163 661 204; x_wconf 80' lang='lat' dir='ltr'>Episcopi</span> <span class='ocrx_word' id='word_1_27' title='bbox 679 167 762 194; x_wconf 83' lang='lat' dir='ltr'>etiam</span> <span class='ocrx_word' id='word_1_28' title='bbox 784 175 920 204; x_wconf 75' lang='lat' dir='ltr'>tamquam</span> 
     </span>
     <span class='ocr_line' id='line_1_5' title="bbox 122 205 920 246; baseline -0.004 -9"><span class='ocrx_word' id='word_1_29' title='bbox 122 205 292 246; x_wconf 72' lang='lat' dir='ltr'>Apostolicoe</span> <span class='ocrx_word' id='word_1_30' title='bbox 312 205 386 234; x_wconf 83' lang='lat' dir='ltr'>Sedis</span> <span class='ocrx_word' id='word_1_31' title='bbox 404 205 525 245; x_wconf 78' lang='lat' dir='ltr'>delegati</span> <span class='ocrx_word' id='word_1_32' title='bbox 544 215 620 242; x_wconf 74' lang='lat' dir='ltr'>Juxta</span> <span class='ocrx_word' id='word_1_33' title='bbox 632 206 746 235; x_wconf 78' lang='lat' dir='ltr'>sormam</span> <span class='ocrx_word' id='word_1_34' title='bbox 755 208 823 244; x_wconf 77' lang='lat' dir='ltr'>juris</span> <span class='ocrx_word' id='word_1_35' title='bbox 831 228 840 240; x_wconf 85' lang='lat'><em>,</em></span> <span class='ocrx_word' id='word_1_36' title='bbox 863 207 920 236; x_wconf 82' lang='lat' dir='ltr'>sine</span> 
     </span>
     <span class='ocr_line' id='line_1_6' title="bbox 122 246 919 285; baseline -0.001 -9"><span class='ocrx_word' id='word_1_37' title='bbox 122 257 216 276; x_wconf 71' lang='lat' dir='ltr'>tannen</span> <span class='ocrx_word' id='word_1_38' title='bbox 227 246 391 285; x_wconf 72' lang='lat' dir='ltr'>praejudicio</span> <span class='ocrx_word' id='word_1_39' title='bbox 399 246 588 276; x_wconf 86' lang='lat' dir='ltr'>obtinentium</span> <span class='ocrx_word' id='word_1_40' title='bbox 601 269 607 279; x_wconf 82' lang='lat'>‚</span> <span class='ocrx_word' id='word_1_41' title='bbox 628 247 714 276; x_wconf 83' lang='lat' dir='ltr'>facere</span> <span class='ocrx_word' id='word_1_42' title='bbox 723 248 839 276; x_wconf 82' lang='lat' dir='ltr'>uniones</span> <span class='ocrx_word' id='word_1_43' title='bbox 858 257 919 285; x_wconf 87' lang='lat' dir='ltr'>per-</span> 
     </span>
     <span class='ocr_line' id='line_1_7' title="bbox 119 287 917 327; baseline 0 -11"><span class='ocrx_word' id='word_1_44' title='bbox 119 297 218 327; x_wconf 79' lang='lat' dir='ltr'>petuas</span> <span class='ocrx_word' id='word_1_45' title='bbox 229 296 460 325; x_wconf 77' lang='lat' dir='ltr'>quarumcumque</span> <span class='ocrx_word' id='word_1_46' title='bbox 470 289 646 316; x_wconf 74' lang='lat' dir='ltr'>Eccleiiarum</span> <span class='ocrx_word' id='word_1_47' title='bbox 656 287 917 321; x_wconf 54' lang='lat' dir='ltr'>Paroclnaliumjia-</span> 
     </span>
     <span class='ocr_line' id='line_1_8' title="bbox 119 327 915 368; baseline 0.003 -11"><span class='ocrx_word' id='word_1_48' title='bbox 119 327 290 368; x_wconf 73' lang='lat' dir='ltr'>prismalium</span> <span class='ocrx_word' id='word_1_49' title='bbox 301 348 310 360; x_wconf 91' lang='lat'>,</span> <span class='ocrx_word' id='word_1_50' title='bbox 331 327 501 366; x_wconf 76' lang='lat' dir='ltr'>aliorumque</span> <span class='ocrx_word' id='word_1_51' title='bbox 511 329 706 358; x_wconf 83' lang='lat' dir='ltr'>beneficiorum</span> <span class='ocrx_word' id='word_1_52' title='bbox 715 339 870 357; x_wconf 74' lang='lat' dir='ltr'>curatorum</span> <span class='ocrx_word' id='word_1_53' title='bbox 881 349 887 355; x_wconf 94' lang='lat'>.</span> <span class='ocrx_word' id='word_1_54' title='bbox 905 330 915 359; x_wconf 94' lang='lat'><strong>]</strong></span> 
     </span>
     <span class='ocr_line' id='line_1_9' title="bbox 126 369 916 406; baseline -0.001 -8"><span class='ocrx_word' id='word_1_55' title='bbox 126 371 183 398; x_wconf 77' lang='lat' dir='ltr'>FR-</span> <span class='ocrx_word' id='word_1_56' title='bbox 205 369 345 406; x_wconf 81' lang='lat' dir='ltr'>Regimen</span> <span class='ocrx_word' id='word_1_57' title='bbox 365 369 516 397; x_wconf 81' lang='lat' dir='ltr'>animarum</span> <span class='ocrx_word' id='word_1_58' title='bbox 532 369 634 398; x_wconf 87' lang='lat' dir='ltr'>dicitur</span> <span class='ocrx_word' id='word_1_59' title='bbox 652 373 707 398; x_wconf 79' lang='lat' dir='ltr'>Ars</span> <span class='ocrx_word' id='word_1_60' title='bbox 722 370 820 398; x_wconf 86' lang='lat' dir='ltr'>artium</span> <span class='ocrx_word' id='word_1_61' title='bbox 835 390 842 397; x_wconf 94' lang='lat'>.</span> <span class='ocrx_word' id='word_1_62' title='bbox 871 369 916 397; x_wconf 89' lang='lat' dir='ltr'>Dc</span> 
     </span>
     <span class='ocr_line' id='line_1_10' title="bbox 121 409 915 447; baseline -0.003 -8"><span class='ocrx_word' id='word_1_63' title='bbox 121 416 197 439; x_wconf 61' lang='grc' dir='ltr'>πται.</span> <span class='ocrx_word' id='word_1_64' title='bbox 205 411 233 438; x_wconf 75' lang='grc' dir='ltr'>δι</span> <span class='ocrx_word' id='word_1_65' title='bbox 244 409 340 447; x_wconf 85' lang='lat' dir='ltr'>qualit.</span> <span class='ocrx_word' id='word_1_66' title='bbox 349 410 409 436; x_wconf 88' lang='lat' dir='ltr'>ord.</span> <span class='ocrx_word' id='word_1_67' title='bbox 420 420 477 447; x_wconf 80' lang='lat' dir='ltr'>cap.</span> <span class='ocrx_word' id='word_1_68' title='bbox 494 420 537 445; x_wconf 85' lang='lat'>¹4·</span> <span class='ocrx_word' id='word_1_69' title='bbox 548 412 586 444; x_wconf 64' lang='lat' dir='ltr'>:lh</span> <span class='ocrx_word' id='word_1_70' title='bbox 598 410 733 440; x_wconf 82' lang='lat' dir='ltr'>Parochia</span> <span class='ocrx_word' id='word_1_71' title='bbox 743 419 791 447; x_wconf 89' lang='lat' dir='ltr'>per</span> <span class='ocrx_word' id='word_1_72' title='bbox 798 409 915 447; x_wconf 83' lang='lat' dir='ltr'>spatium</span> 
     </span>
     <span class='ocr_line' id='line_1_11' title="bbox 120 449 914 493; baseline -0.001 -16"><span class='ocrx_word' id='word_1_73' title='bbox 120 449 304 489; x_wconf 73' lang='lat' dir='ltr'>qnadraginta</span> <span class='ocrx_word' id='word_1_74' title='bbox 313 460 447 478; x_wconf 82' lang='lat' dir='ltr'>annorum</span> <span class='ocrx_word' id='word_1_75' title='bbox 457 450 585 480; x_wconf 66' lang='lat' dir='ltr'>derelicta</span> <span class='ocrx_word' id='word_1_76' title='bbox 596 472 604 483; x_wconf 89' lang='lat'><em>‚</em></span> <span class='ocrx_word' id='word_1_77' title='bbox 621 451 781 480; x_wconf 84' lang='lat' dir='ltr'>beneficium</span> <span class='ocrx_word' id='word_1_78' title='bbox 800 449 914 493; x_wconf 53' lang='lat' dir='ltr'>simplet</span> 
     </span>
     <span class='ocr_line' id='line_1_12' title="bbox 112 489 915 520; baseline -0.002 0"><span class='ocrx_word' id='word_1_79' title='bbox 112 490 238 520; x_wconf 69' lang='lat' dir='ltr'>efficitur</span> <span class='ocrx_word' id='word_1_80' title='bbox 249 510 255 517; x_wconf 97' lang='lat'>.</span> <span class='ocrx_word' id='word_1_81' title='bbox 275 490 402 519; x_wconf 81' lang='lat' dir='ltr'>Bellarm.</span> <span class='ocrx_word' id='word_1_82' title='bbox 415 491 444 518; x_wconf 91' lang='lat' dir='ltr'>in</span> <span class='ocrx_word' id='word_1_83' title='bbox 456 501 529 519; x_wconf 84' lang='lat' dir='ltr'>notis</span> <span class='ocrx_word' id='word_1_84' title='bbox 545 492 578 520; x_wconf 83' lang='lat' dir='ltr'>ad</span> <span class='ocrx_word' id='word_1_85' title='bbox 589 491 702 520; x_wconf 87' lang='lat' dir='ltr'>Concil.</span> <span class='ocrx_word' id='word_1_86' title='bbox 711 490 839 520; x_wconf 87' lang='lat' dir='ltr'>Trident.</span> <span class='ocrx_word' id='word_1_87' title='bbox 858 489 915 518; x_wconf 78' lang='lat' dir='ltr'>seii.</span> 
     </span>
     <span class='ocr_line' id='line_1_13' title="bbox 119 531 915 574; baseline -0.005 -13"><span class='ocrx_word' id='word_1_88' title='bbox 119 542 166 561; x_wconf 86' lang='lat'>21.</span> <span class='ocrx_word' id='word_1_89' title='bbox 176 541 234 569; x_wconf 79' lang='lat' dir='ltr'>cap.</span> <span class='ocrx_word' id='word_1_90' title='bbox 247 542 273 563; x_wconf 87' lang='lat'>7·</span> <span class='ocrx_word' id='word_1_91' title='bbox 283 531 317 558; x_wconf 92' lang='lat' dir='ltr'>de</span> <span class='ocrx_word' id='word_1_92' title='bbox 331 531 458 559; x_wconf 73' lang='lat' dir='ltr'>Reform.</span> <span class='ocrx_word' id='word_1_93' title='bbox 469 533 540 560; x_wconf 86' lang='lat' dir='ltr'>Item</span> <span class='ocrx_word' id='word_1_94' title='bbox 550 531 681 560; x_wconf 83' lang='lat' dir='ltr'>Parocliia</span> <span class='ocrx_word' id='word_1_95' title='bbox 690 531 792 559; x_wconf 88' lang='lat' dir='ltr'>dicitur</span> <span class='ocrx_word' id='word_1_96' title='bbox 801 531 915 574; x_wconf 77' lang='lat' dir='ltr'>Dioece-</span> 
     </span>
     <span class='ocr_line' id='line_1_14' title="bbox 118 570 915 610; baseline -0.003 -10"><span class='ocrx_word' id='word_1_97' title='bbox 118 572 151 601; x_wconf 81' lang='lat' dir='ltr'>fis</span> <span class='ocrx_word' id='word_1_98' title='bbox 160 570 284 600; x_wconf 78' lang='lat' dir='ltr'>Parocho</span> <span class='ocrx_word' id='word_1_99' title='bbox 295 570 426 606; x_wconf 67' lang='lat' dir='ltr'>subjecta:</span> <span class='ocrx_word' id='word_1_100' title='bbox 450 578 461 607; x_wconf 94' lang='lat'>[</span> <span class='ocrx_word' id='word_1_101' title='bbox 471 573 545 601; x_wconf 87' lang='lat' dir='ltr'>Nam</span> <span class='ocrx_word' id='word_1_102' title='bbox 554 572 700 610; x_wconf 79' lang='lat' dir='ltr'>peragi-:itis</span> <span class='ocrx_word' id='word_1_103' title='bbox 719 571 791 599; x_wconf 81' lang='lat' dir='ltr'>forte</span> <span class='ocrx_word' id='word_1_104' title='bbox 801 571 915 599; x_wconf 69' lang='lat' dir='ltr'>Dioece-</span> 
     </span>
     <span class='ocr_line' id='line_1_15' title="bbox 118 612 913 651; baseline -0.003 -11"><span class='ocrx_word' id='word_1_105' title='bbox 118 612 187 641; x_wconf 79' lang='lat' dir='ltr'>sibus</span> <span class='ocrx_word' id='word_1_106' title='bbox 199 634 207 644; x_wconf 92' lang='lat'>,</span> <span class='ocrx_word' id='word_1_107' title='bbox 216 621 278 640; x_wconf 87' lang='lat' dir='ltr'>cum</span> <span class='ocrx_word' id='word_1_108' title='bbox 287 612 399 639; x_wconf 91' lang='lat' dir='ltr'>domum</span> <span class='ocrx_word' id='word_1_109' title='bbox 409 621 476 640; x_wconf 81' lang='lat' dir='ltr'>veni</span> <span class='ocrx_word' id='word_1_110' title='bbox 487 615 539 641; x_wconf 57' lang='lat' dir='ltr'>&amp;a</span> <span class='ocrx_word' id='word_1_111' title='bbox 551 612 640 641; x_wconf 80' lang='lat' dir='ltr'>Sidon</span> <span class='ocrx_word' id='word_1_112' title='bbox 659 612 739 648; x_wconf 82' lang='lat' dir='ltr'>lib-9.</span> <span class='ocrx_word' id='word_1_113' title='bbox 748 622 790 651; x_wconf 88' lang='lat' dir='ltr'>ep.</span> <span class='ocrx_word' id='word_1_114' title='bbox 805 613 864 642; x_wconf 86' lang='lat'>16.]</span> <span class='ocrx_word' id='word_1_115' title='bbox 878 614 913 639; x_wconf 85' lang='lat' dir='ltr'>Et</span> 
     </span>
     <span class='ocr_line' id='line_1_16' title="bbox 115 651 913 692; baseline -0.003 -11"><span class='ocrx_word' id='word_1_116' title='bbox 115 663 130 682; x_wconf 90' lang='lat' dir='ltr'>e</span> <span class='ocrx_word' id='word_1_117' title='bbox 139 662 237 681; x_wconf 74' lang='lat' dir='ltr'>contra</span> <span class='ocrx_word' id='word_1_118' title='bbox 247 652 380 681; x_wconf 85' lang='lat' dir='ltr'>Parocliia</span> <span class='ocrx_word' id='word_1_119' title='bbox 390 661 441 689; x_wconf 86' lang='lat' dir='ltr'>pro</span> <span class='ocrx_word' id='word_1_120' title='bbox 450 651 579 692; x_wconf 83' lang='lat' dir='ltr'>Episcopi</span> <span class='ocrx_word' id='word_1_121' title='bbox 589 653 710 681; x_wconf 81' lang='lat' dir='ltr'>Dioecesi</span> <span class='ocrx_word' id='word_1_122' title='bbox 729 662 788 681; x_wconf 91' lang='lat' dir='ltr'>non</span> <span class='ocrx_word' id='word_1_123' title='bbox 799 662 860 680; x_wconf 79' lang='lat' dir='ltr'>raro</span> <span class='ocrx_word' id='word_1_124' title='bbox 870 662 913 679; x_wconf 79' lang='lat' dir='ltr'>ac-</span> 
     </span>
     <span class='ocr_line' id='line_1_17' title="bbox 114 691 912 731; baseline -0.003 -9"><span class='ocrx_word' id='word_1_125' title='bbox 114 693 218 731; x_wconf 77' lang='lat' dir='ltr'>cipitur</span> <span class='ocrx_word' id='word_1_126' title='bbox 229 705 235 720; x_wconf 85' lang='lat'>:</span> <span class='ocrx_word' id='word_1_127' title='bbox 250 691 469 730; x_wconf 84' lang='lat' dir='ltr'>[Unusquisque</span> <span class='ocrx_word' id='word_1_128' title='bbox 481 692 678 731; x_wconf 83' lang='lat' dir='ltr'>Episcoporum</span> <span class='ocrx_word' id='word_1_129' title='bbox 687 692 784 722; x_wconf 86' lang='lat' dir='ltr'>habeat</span> <span class='ocrx_word' id='word_1_130' title='bbox 795 692 849 721; x_wconf 80' lang='lat' dir='ltr'>suae</span> <span class='ocrx_word' id='word_1_131' title='bbox 863 695 912 721; x_wconf 64' lang='lat' dir='ltr'>Pai-</span> 
     </span>
    </p>
   </div>
   <div class='ocr_carea' id='block_1_3' title="bbox 1271 27 1716 87">
    <p class='ocr_par' dir='ltr' id='par_1_3' title="bbox 1271 27 1716 87">
     <span class='ocr_line' id='line_1_18' title="bbox 1271 27 1716 87; baseline 0.016 -18"><span class='ocrx_word' id='word_1_132' title='bbox 1271 28 1303 70; x_wconf 69' lang='grc' dir='ltr'><strong>Ρ</strong></span> <span class='ocrx_word' id='word_1_133' title='bbox 1336 27 1374 70; x_wconf 91' lang='grc' dir='ltr'><strong>Α</strong></span> <span class='ocrx_word' id='word_1_134' title='bbox 1634 45 1716 87; x_wconf 80' lang='lat'>507</span> 
     </span>
    </p>
   </div>
   <div class='ocr_carea' id='block_1_4' title="bbox 967 81 1768 728">
    <p class='ocr_par' dir='ltr' id='par_1_4' title="bbox 967 81 1768 728">
     <span class='ocr_line' id='line_1_19' title="bbox 970 81 1765 127; baseline 0.015 -16"><span class='ocrx_word' id='word_1_135' title='bbox 970 81 1044 112; x_wconf 88' lang='lat' dir='ltr'>cium</span> <span class='ocrx_word' id='word_1_136' title='bbox 1054 105 1063 117; x_wconf 96' lang='lat'><em>‚</em></span> <span class='ocrx_word' id='word_1_137' title='bbox 1074 83 1256 123; x_wconf 74' lang='lat' dir='ltr'>proeseriimsi</span> <span class='ocrx_word' id='word_1_138' title='bbox 1267 86 1383 125; x_wconf 81' lang='lat' dir='ltr'>pingues</span> <span class='ocrx_word' id='word_1_139' title='bbox 1393 85 1512 116; x_wconf 80' lang='lat' dir='ltr'>decimas</span> <span class='ocrx_word' id='word_1_140' title='bbox 1523 109 1531 121; x_wconf 85' lang='lat'>‚</span> <span class='ocrx_word' id='word_1_141' title='bbox 1541 89 1676 127; x_wconf 78' lang='lat' dir='ltr'>primitias</span> <span class='ocrx_word' id='word_1_142' title='bbox 1684 113 1692 126; x_wconf 86' lang='lat'><em>,</em></span> <span class='ocrx_word' id='word_1_143' title='bbox 1715 91 1765 123; x_wconf 70' lang='lat' dir='ltr'>sti·</span> 
     </span>
     <span class='ocr_line' id='line_1_20' title="bbox 971 123 1764 166; baseline 0.009 -15"><span class='ocrx_word' id='word_1_144' title='bbox 971 123 1056 162; x_wconf 88' lang='lat' dir='ltr'>osque</span> <span class='ocrx_word' id='word_1_145' title='bbox 1067 125 1192 155; x_wconf 86' lang='lat' dir='ltr'>redditus</span> <span class='ocrx_word' id='word_1_146' title='bbox 1203 128 1234 156; x_wconf 74' lang='lat' dir='ltr'>ab</span> <span class='ocrx_word' id='word_1_147' title='bbox 1243 127 1283 155; x_wconf 87' lang='lat' dir='ltr'>eis</span> <span class='ocrx_word' id='word_1_148' title='bbox 1291 127 1383 166; x_wconf 83' lang='lat' dir='ltr'>exigat</span> <span class='ocrx_word' id='word_1_149' title='bbox 1394 147 1402 155; x_wconf 85' lang='lat'>.</span> <span class='ocrx_word' id='word_1_150' title='bbox 1421 129 1493 156; x_wconf 88' lang='lat' dir='ltr'>Item</span> <span class='ocrx_word' id='word_1_151' title='bbox 1504 129 1638 159; x_wconf 82' lang='lat' dir='ltr'>Parochus</span> <span class='ocrx_word' id='word_1_152' title='bbox 1656 142 1715 163; x_wconf 92' lang='lat' dir='ltr'>non</span> <span class='ocrx_word' id='word_1_153' title='bbox 1724 144 1764 163; x_wconf 84' lang='lat' dir='ltr'>te.</span> 
     </span>
     <span class='ocr_line' id='line_1_21' title="bbox 972 165 1763 206; baseline 0.009 -12"><span class='ocrx_word' id='word_1_154' title='bbox 972 174 1053 194; x_wconf 86' lang='lat' dir='ltr'>netur</span> <span class='ocrx_word' id='word_1_155' title='bbox 1061 165 1265 196; x_wconf 83' lang='lat' dir='ltr'>subministrare</span> <span class='ocrx_word' id='word_1_156' title='bbox 1274 167 1463 197; x_wconf 76' lang='lat' dir='ltr'>Sacerdotibus</span> <span class='ocrx_word' id='word_1_157' title='bbox 1471 178 1559 198; x_wconf 83' lang='lat' dir='ltr'>cerain</span> <span class='ocrx_word' id='word_1_158' title='bbox 1568 169 1598 198; x_wconf 89' lang='lat' dir='ltr'>in</span> <span class='ocrx_word' id='word_1_159' title='bbox 1608 175 1664 206; x_wconf 70' lang='lat' dir='ltr'>ejus</span> <span class='ocrx_word' id='word_1_160' title='bbox 1673 176 1763 203; x_wconf 76' lang='lat' dir='ltr'>Eccle.</span> 
     </span>
     <span class='ocr_line' id='line_1_22' title="bbox 968 204 1767 251; baseline 0.009 -16"><span class='ocrx_word' id='word_1_161' title='bbox 968 204 1008 235; x_wconf 82' lang='lat' dir='ltr'>fia</span> <span class='ocrx_word' id='word_1_162' title='bbox 1016 206 1150 236; x_wconf 81' lang='lat' dir='ltr'>celebrare</span> <span class='ocrx_word' id='word_1_163' title='bbox 1160 208 1327 237; x_wconf 85' lang='lat' dir='ltr'>violentibus</span> <span class='ocrx_word' id='word_1_164' title='bbox 1338 230 1346 241; x_wconf 91' lang='lat'><em>,</em></span> <span class='ocrx_word' id='word_1_165' title='bbox 1358 219 1408 237; x_wconf 83' lang='lat' dir='ltr'>nec</span> <span class='ocrx_word' id='word_1_166' title='bbox 1419 210 1451 238; x_wconf 85' lang='lat' dir='ltr'>ad</span> <span class='ocrx_word' id='word_1_167' title='bbox 1461 208 1515 238; x_wconf 90' lang='lat' dir='ltr'>hoc</span> <span class='ocrx_word' id='word_1_168' title='bbox 1525 211 1557 239; x_wconf 75' lang='lat' dir='ltr'>ab</span> <span class='ocrx_word' id='word_1_169' title='bbox 1566 209 1702 251; x_wconf 84' lang='lat' dir='ltr'>Episcopo</span> <span class='ocrx_word' id='word_1_170' title='bbox 1720 225 1767 243; x_wconf 87' lang='lat' dir='ltr'>co-</span> 
     </span>
     <span class='ocr_line' id='line_1_23' title="bbox 970 246 1765 291; baseline 0.01 -16"><span class='ocrx_word' id='word_1_171' title='bbox 970 246 1000 285; x_wconf 88' lang='lat' dir='ltr'>gi</span> <span class='ocrx_word' id='word_1_172' title='bbox 1012 246 1092 276; x_wconf 74' lang='lat' dir='ltr'>debet</span> <span class='ocrx_word' id='word_1_173' title='bbox 1102 267 1110 275; x_wconf 91' lang='lat'>.</span> <span class='ocrx_word' id='word_1_174' title='bbox 1130 249 1185 277; x_wconf 75' lang='lat' dir='ltr'>Sne.</span> <span class='ocrx_word' id='word_1_175' title='bbox 1196 249 1258 278; x_wconf 85' lang='lat' dir='ltr'>Rit.</span> <span class='ocrx_word' id='word_1_176' title='bbox 1269 250 1413 288; x_wconf 86' lang='lat' dir='ltr'>Congreg.</span> <span class='ocrx_word' id='word_1_177' title='bbox 1433 261 1475 279; x_wconf 87' lang='grc' dir='ltr'>ιο.</span> <span class='ocrx_word' id='word_1_178' title='bbox 1486 251 1563 289; x_wconf 88' lang='lat' dir='ltr'>Junii</span> <span class='ocrx_word' id='word_1_179' title='bbox 1579 259 1662 291; x_wconf 85' lang='lat'>1603.</span> <span class='ocrx_word' id='word_1_180' title='bbox 1683 255 1765 283; x_wconf 80' lang='lat' dir='ltr'>Anti-</span> 
     </span>
     <span class='ocr_line' id='line_1_24' title="bbox 971 287 1764 330; baseline 0.011 -16"><span class='ocrx_word' id='word_1_181' title='bbox 971 287 1062 325; x_wconf 84' lang='lat' dir='ltr'>quitus</span> <span class='ocrx_word' id='word_1_182' title='bbox 1072 288 1208 318; x_wconf 78' lang='lat' dir='ltr'>Parochus</span> <span class='ocrx_word' id='word_1_183' title='bbox 1218 290 1361 319; x_wconf 81' lang='lat' dir='ltr'>tenebatur</span> <span class='ocrx_word' id='word_1_184' title='bbox 1371 291 1509 320; x_wconf 76' lang='lat' dir='ltr'>Officium</span> <span class='ocrx_word' id='word_1_185' title='bbox 1519 293 1647 321; x_wconf 85' lang='lat' dir='ltr'>divinum</span> <span class='ocrx_word' id='word_1_186' title='bbox 1667 294 1698 323; x_wconf 84' lang='lat' dir='ltr'>in</span> <span class='ocrx_word' id='word_1_187' title='bbox 1709 298 1764 330; x_wconf 74' lang='lat' dir='ltr'>ejus</span> 
     </span>
     <span class='ocr_line' id='line_1_25' title="bbox 970 329 1768 373; baseline 0.011 -18"><span class='ocrx_word' id='word_1_188' title='bbox 970 329 1086 357; x_wconf 70' lang='lat' dir='ltr'>Ecclesia</span> <span class='ocrx_word' id='word_1_189' title='bbox 1094 330 1216 362; x_wconf 75' lang='lat' dir='ltr'>recitare5</span> <span class='ocrx_word' id='word_1_190' title='bbox 1227 329 1274 359; x_wconf 85' lang='lat' dir='ltr'>sed</span> <span class='ocrx_word' id='word_1_191' title='bbox 1283 340 1317 359; x_wconf 80' lang='lat' dir='ltr'>ex</span> <span class='ocrx_word' id='word_1_192' title='bbox 1327 332 1474 365; x_wconf 80' lang='lat' dir='ltr'>contraria,</span> <span class='ocrx_word' id='word_1_193' title='bbox 1484 332 1689 373; x_wconf 77' lang='lat' dir='ltr'>universalique</span> <span class='ocrx_word' id='word_1_194' title='bbox 1699 346 1768 364; x_wconf 82' lang='lat' dir='ltr'>con-</span> 
     </span>
     <span class='ocr_line' id='line_1_26' title="bbox 969 367 1766 410; baseline 0.013 -15"><span class='ocrx_word' id='word_1_195' title='bbox 969 367 1117 398; x_wconf 88' lang='lat' dir='ltr'>suetudine</span> <span class='ocrx_word' id='word_1_196' title='bbox 1135 369 1206 399; x_wconf 74' lang='lat' dir='ltr'>hanc</span> <span class='ocrx_word' id='word_1_197' title='bbox 1215 371 1414 410; x_wconf 75' lang='lat' dir='ltr'>obligationem</span> <span class='ocrx_word' id='word_1_198' title='bbox 1425 373 1555 402; x_wconf 82' lang='lat' dir='ltr'>abolitam</span> <span class='ocrx_word' id='word_1_199' title='bbox 1579 374 1653 403; x_wconf 70' lang='lat' dir='ltr'>l‘uill&#39;e</span> <span class='ocrx_word' id='word_1_200' title='bbox 1662 375 1766 405; x_wconf 80' lang='lat' dir='ltr'>docent</span> 
     </span>
     <span class='ocr_line' id='line_1_27' title="bbox 971 409 1766 456; baseline 0.011 -20"><span class='ocrx_word' id='word_1_201' title='bbox 971 409 1043 437; x_wconf 75' lang='grc' dir='ltr'>διιπ-</span> <span class='ocrx_word' id='word_1_202' title='bbox 1052 413 1080 438; x_wconf 84' lang='lat'>&amp;</span> <span class='ocrx_word' id='word_1_203' title='bbox 1091 413 1191 439; x_wconf 79' lang='lat' dir='ltr'>Bonae.</span> <span class='ocrx_word' id='word_1_204' title='bbox 1204 413 1325 450; x_wconf 74' lang='lat' dir='ltr'>exceptis</span> <span class='ocrx_word' id='word_1_205' title='bbox 1336 422 1427 441; x_wconf 83' lang='lat' dir='ltr'>tamen</span> <span class='ocrx_word' id='word_1_206' title='bbox 1439 413 1543 443; x_wconf 81' lang='lat' dir='ltr'>festivis</span> <span class='ocrx_word' id='word_1_207' title='bbox 1553 415 1656 448; x_wconf 84' lang='lat' dir='ltr'>diebus,</span> <span class='ocrx_word' id='word_1_208' title='bbox 1667 416 1694 445; x_wconf 89' lang='lat' dir='ltr'>iu</span> <span class='ocrx_word' id='word_1_209' title='bbox 1704 416 1766 456; x_wconf 89' lang='lat' dir='ltr'>qui-</span> 
     </span>
     <span class='ocr_line' id='line_1_28' title="bbox 969 449 1764 495; baseline 0.013 -19"><span class='ocrx_word' id='word_1_210' title='bbox 969 449 1015 477; x_wconf 76' lang='lat' dir='ltr'>bus</span> <span class='ocrx_word' id='word_1_211' title='bbox 1027 450 1160 489; x_wconf 77' lang='lat' dir='ltr'>Vesperas</span> <span class='ocrx_word' id='word_1_212' title='bbox 1177 462 1274 481; x_wconf 81' lang='lat' dir='ltr'>canere</span> <span class='ocrx_word' id='word_1_213' title='bbox 1292 453 1402 482; x_wconf 82' lang='lat' dir='ltr'>deberet</span> <span class='ocrx_word' id='word_1_214' title='bbox 1413 475 1421 486; x_wconf 92' lang='lat'><em>‚</em></span> <span class='ocrx_word' id='word_1_215' title='bbox 1441 453 1460 483; x_wconf 83' lang='lat' dir='ltr'>si</span> <span class='ocrx_word' id='word_1_216' title='bbox 1474 455 1637 485; x_wconf 81' lang='lat' dir='ltr'>clericorum</span> <span class='ocrx_word' id='word_1_217' title='bbox 1654 467 1764 495; x_wconf 82' lang='lat' dir='ltr'>copiam</span> 
     </span>
     <span class='ocr_line' id='line_1_29' title="bbox 969 488 1764 529; baseline 0.013 -12"><span class='ocrx_word' id='word_1_218' title='bbox 969 488 1082 519; x_wconf 83' lang='lat' dir='ltr'>haberet</span> <span class='ocrx_word' id='word_1_219' title='bbox 1090 513 1100 524; x_wconf 83' lang='lat'><em>,</em></span> <span class='ocrx_word' id='word_1_220' title='bbox 1113 493 1157 521; x_wconf 89' lang='lat' dir='ltr'>vel</span> <span class='ocrx_word' id='word_1_221' title='bbox 1166 491 1261 521; x_wconf 83' lang='lat' dir='ltr'>saltem</span> <span class='ocrx_word' id='word_1_222' title='bbox 1274 494 1355 522; x_wconf 87' lang='lat' dir='ltr'>laicos</span> <span class='ocrx_word' id='word_1_223' title='bbox 1366 495 1398 522; x_wconf 79' lang='lat' dir='ltr'>ad</span> <span class='ocrx_word' id='word_1_224' title='bbox 1409 493 1464 523; x_wconf 86' lang='lat' dir='ltr'>hoc</span> <span class='ocrx_word' id='word_1_225' title='bbox 1473 495 1618 525; x_wconf 66' lang='lat' dir='ltr'>instrueres</span> <span class='ocrx_word' id='word_1_226' title='bbox 1631 508 1638 529; x_wconf 72' lang='lat' dir='ltr'>i</span> <span class='ocrx_word' id='word_1_227' title='bbox 1650 508 1712 526; x_wconf 82' lang='lat' dir='ltr'>nani</span> <span class='ocrx_word' id='word_1_228' title='bbox 1720 498 1764 527; x_wconf 87' lang='lat' dir='ltr'>so-</span> 
     </span>
     <span class='ocr_line' id='line_1_30' title="bbox 969 529 1768 568; baseline 0.013 -10"><span class='ocrx_word' id='word_1_229' title='bbox 969 529 1010 558; x_wconf 83' lang='lat' dir='ltr'>lus</span> <span class='ocrx_word' id='word_1_230' title='bbox 1028 541 1124 561; x_wconf 83' lang='lat' dir='ltr'>canere</span> <span class='ocrx_word' id='word_1_231' title='bbox 1143 543 1202 561; x_wconf 92' lang='lat' dir='ltr'>non</span> <span class='ocrx_word' id='word_1_232' title='bbox 1214 544 1340 563; x_wconf 87' lang='lat' dir='ltr'>tenetur.</span> <span class='ocrx_word' id='word_1_233' title='bbox 1363 536 1435 564; x_wconf 81' lang='lat' dir='ltr'>Item</span> <span class='ocrx_word' id='word_1_234' title='bbox 1446 536 1502 564; x_wconf 75' lang='lat' dir='ltr'>sac.</span> <span class='ocrx_word' id='word_1_235' title='bbox 1514 537 1628 567; x_wconf 85' lang='lat' dir='ltr'>Concil.</span> <span class='ocrx_word' id='word_1_236' title='bbox 1638 539 1768 568; x_wconf 77' lang='lat' dir='ltr'>Trident-</span> 
     </span>
     <span class='ocr_line' id='line_1_31' title="bbox 967 571 1764 617; baseline 0.014 -19"><span class='ocrx_word' id='word_1_237' title='bbox 967 571 1164 611; x_wconf 85' lang='lat' dir='ltr'>Congregatio</span> <span class='ocrx_word' id='word_1_238' title='bbox 1175 585 1230 602; x_wconf 90' lang='lat' dir='ltr'>non</span> <span class='ocrx_word' id='word_1_239' title='bbox 1239 574 1311 612; x_wconf 77' lang='lat' dir='ltr'>poll&#39;e</span> <span class='ocrx_word' id='word_1_240' title='bbox 1322 575 1474 604; x_wconf 79' lang='lat' dir='ltr'>Paroclinm</span> <span class='ocrx_word' id='word_1_241' title='bbox 1485 586 1533 614; x_wconf 88' lang='lat' dir='ltr'>per</span> <span class='ocrx_word' id='word_1_242' title='bbox 1544 577 1678 617; x_wconf 70' lang='lat' dir='ltr'>integram</span> <span class='ocrx_word' id='word_1_243' title='bbox 1698 578 1764 609; x_wconf 73' lang='lat' dir='ltr'>heb-</span> 
     </span>
     <span class='ocr_line' id='line_1_32' title="bbox 968 611 1764 659; baseline 0.014 -21"><span class='ocrx_word' id='word_1_244' title='bbox 968 611 1113 641; x_wconf 78' lang='lat' dir='ltr'>domadam</span> <span class='ocrx_word' id='word_1_245' title='bbox 1123 615 1154 642; x_wconf 82' lang='lat' dir='ltr'>ab</span> <span class='ocrx_word' id='word_1_246' title='bbox 1164 616 1220 650; x_wconf 73' lang='lat' dir='ltr'>ejus</span> <span class='ocrx_word' id='word_1_247' title='bbox 1233 615 1363 645; x_wconf 80' lang='lat' dir='ltr'>Parocliia</span> <span class='ocrx_word' id='word_1_248' title='bbox 1373 616 1508 645; x_wconf 85' lang='lat' dir='ltr'>absentari</span> <span class='ocrx_word' id='word_1_249' title='bbox 1519 618 1680 653; x_wconf 76' lang='lat' dir='ltr'>declaravit,</span> <span class='ocrx_word' id='word_1_250' title='bbox 1692 621 1764 659; x_wconf 82' lang='lat' dir='ltr'>apud</span> 
     </span>
     <span class='ocr_line' id='line_1_33' title="bbox 967 653 1765 699; baseline 0.013 -19"><span class='ocrx_word' id='word_1_251' title='bbox 967 653 1095 681; x_wconf 83' lang='lat' dir='ltr'>Bellarm.</span> <span class='ocrx_word' id='word_1_252' title='bbox 1105 654 1136 682; x_wconf 87' lang='lat' dir='ltr'>in</span> <span class='ocrx_word' id='word_1_253' title='bbox 1146 655 1232 684; x_wconf 83' lang='lat' dir='ltr'>Notis</span> <span class='ocrx_word' id='word_1_254' title='bbox 1251 658 1284 684; x_wconf 80' lang='lat' dir='ltr'>ad</span> <span class='ocrx_word' id='word_1_255' title='bbox 1293 658 1383 685; x_wconf 84' lang='lat' dir='ltr'>Cone.</span> <span class='ocrx_word' id='word_1_256' title='bbox 1395 658 1521 686; x_wconf 82' lang='lat' dir='ltr'>Trident.</span> <span class='ocrx_word' id='word_1_257' title='bbox 1532 657 1588 688; x_wconf 70' lang='lat' dir='ltr'>scili</span> <span class='ocrx_word' id='word_1_258' title='bbox 1602 671 1648 698; x_wconf 81' lang='lat'>23.</span> <span class='ocrx_word' id='word_1_259' title='bbox 1668 671 1725 699; x_wconf 80' lang='lat' dir='ltr'>cap.</span> <span class='ocrx_word' id='word_1_260' title='bbox 1741 673 1765 691; x_wconf 85' lang='lat'>1.</span> 
     </span>
     <span class='ocr_line' id='line_1_34' title="bbox 967 692 1549 728; baseline 0.012 -8"><span class='ocrx_word' id='word_1_261' title='bbox 967 692 1001 720; x_wconf 88' lang='lat' dir='ltr'>de</span> <span class='ocrx_word' id='word_1_262' title='bbox 1012 694 1139 722; x_wconf 82' lang='lat' dir='ltr'>Reform.</span> <span class='ocrx_word' id='word_1_263' title='bbox 1151 696 1224 724; x_wconf 81' lang='lat' dir='ltr'>Vide</span> <span class='ocrx_word' id='word_1_264' title='bbox 1232 697 1368 726; x_wconf 71' lang='lat' dir='ltr'>plebanus</span> <span class='ocrx_word' id='word_1_265' title='bbox 1381 719 1387 725; x_wconf 95' lang='lat'>.</span> <span class='ocrx_word' id='word_1_266' title='bbox 1400 702 1531 728; x_wconf 79' lang='lat' dir='ltr'>Decanus</span> <span class='ocrx_word' id='word_1_267' title='bbox 1542 720 1549 727; x_wconf 90' lang='lat'>.</span> 
     </span>
    </p>
   </div>
   <div class='ocr_carea' id='block_1_5' title="bbox 118 732 1763 772">
    <p class='ocr_par' dir='ltr' id='par_1_5' title="bbox 118 732 1763 772">
     <span class='ocr_line' id='line_1_35' title="bbox 118 732 1763 772; baseline 0.006 -10"><span class='ocrx_word' id='word_1_268' title='bbox 118 733 222 762; x_wconf 81' lang='lat' dir='ltr'>rocliiae</span> <span class='ocrx_word' id='word_1_269' title='bbox 234 732 406 771; x_wconf 78' lang='lat' dir='ltr'>potestatem.</span> <span class='ocrx_word' id='word_1_270' title='bbox 415 732 571 762; x_wconf 81' lang='lat' dir='ltr'>Rothland.</span> <span class='ocrx_word' id='word_1_271' title='bbox 583 744 612 762; x_wconf 89' lang='lat' dir='ltr'>in</span> <span class='ocrx_word' id='word_1_272' title='bbox 622 734 701 772; x_wconf 80' lang='lat' dir='ltr'>epist.</span> <span class='ocrx_word' id='word_1_273' title='bbox 712 734 746 762; x_wconf 72' lang='lat' dir='ltr'>aa</span> <span class='ocrx_word' id='word_1_274' title='bbox 757 734 852 764; x_wconf 86' lang='lat' dir='ltr'>Nicol-</span> <span class='ocrx_word' id='word_1_275' title='bbox 864 734 912 761; x_wconf 85' lang='lat' dir='ltr'>In-</span> <span class='ocrx_word' id='word_1_276' title='bbox 925 733 1092 763; x_wconf 63' lang='lat' dir='ltr'>PARMENSis</span> <span class='ocrx_word' id='word_1_277' title='bbox 1110 736 1177 764; x_wconf 87' lang='lat' dir='ltr'>Dux</span> <span class='ocrx_word' id='word_1_278' title='bbox 1188 737 1335 765; x_wconf 83' lang='lat' dir='ltr'>Rainutius</span> <span class='ocrx_word' id='word_1_279' title='bbox 1353 738 1498 766; x_wconf 58' lang='lat' dir='ltr'>ilici-arium</span> <span class='ocrx_word' id='word_1_280' title='bbox 1518 742 1682 770; x_wconf 66' lang='lat' dir='ltr'>(Ji-„ecorum</span> <span class='ocrx_word' id='word_1_281' title='bbox 1698 752 1763 772; x_wconf 82' lang='lat' dir='ltr'>cum</span> 
     </span>
    </p>
   </div>
   <div class='ocr_carea' id='block_1_6' title="bbox 112 772 910 844">
    <p class='ocr_par' dir='ltr' id='par_1_6' title="bbox 112 772 910 844">
     <span class='ocr_line' id='line_1_36' title="bbox 112 772 910 819; baseline 0 -18"><span class='ocrx_word' id='word_1_282' title='bbox 112 772 205 812; x_wconf 79' lang='lat' dir='ltr'>grell&#39;o</span> <span class='ocrx_word' id='word_1_283' title='bbox 223 773 316 811; x_wconf 82' lang='lat' dir='ltr'>itaque</span> <span class='ocrx_word' id='word_1_284' title='bbox 333 774 418 801; x_wconf 83' lang='lat' dir='ltr'>Beato</span> <span class='ocrx_word' id='word_1_285' title='bbox 428 773 636 812; x_wconf 69' lang='lat' dir='ltr'>Archipraesule</span> <span class='ocrx_word' id='word_1_286' title='bbox 646 775 770 819; x_wconf 82' lang='lat' dir='ltr'>Martino</span> <span class='ocrx_word' id='word_1_287' title='bbox 791 775 910 819; x_wconf 66' lang='lat' dir='ltr'>propria:</span> 
     </span>
     <span class='ocr_line' id='line_1_37' title="bbox 114 812 895 844; baseline 0.003 -3"><span class='ocrx_word' id='word_1_288' title='bbox 114 812 252 844; x_wconf 82' lang='lat' dir='ltr'>l’arochiae</span> <span class='ocrx_word' id='word_1_289' title='bbox 263 813 331 841; x_wconf 84' lang='lat' dir='ltr'>fines</span> <span class='ocrx_word' id='word_1_290' title='bbox 340 833 348 840; x_wconf 92' lang='lat'>.</span> <span class='ocrx_word' id='word_1_291' title='bbox 366 813 455 842; x_wconf 87' lang='lat' dir='ltr'>Oddo</span> <span class='ocrx_word' id='word_1_292' title='bbox 464 815 592 843; x_wconf 78' lang='lat' dir='ltr'>Cluniae.</span> <span class='ocrx_word' id='word_1_293' title='bbox 605 816 675 844; x_wconf 86' lang='lat' dir='ltr'>Abb.</span> <span class='ocrx_word' id='word_1_294' title='bbox 692 816 723 844; x_wconf 87' lang='lat' dir='ltr'>in</span> <span class='ocrx_word' id='word_1_295' title='bbox 733 825 789 844; x_wconf 72' lang='lat' dir='ltr'>Vita</span> <span class='ocrx_word' id='word_1_296' title='bbox 800 818 824 844; x_wconf 73' lang='grc' dir='ltr'>δ.</span> <span class='ocrx_word' id='word_1_297' title='bbox 836 817 895 843; x_wconf 57' lang='lat' dir='ltr'>Mr‘</span> 
     </span>
    </p>
   </div>
   <div class='ocr_carea' id='block_1_7' title="bbox 965 774 1763 847">
    <p class='ocr_par' dir='ltr' id='par_1_7' title="bbox 965 774 1763 847">
     <span class='ocr_line' id='line_1_38' title="bbox 965 774 1763 821; baseline 0.015 -20"><span class='ocrx_word' id='word_1_298' title='bbox 965 774 1060 812; x_wconf 78' lang='lat' dir='ltr'>gladio</span> <span class='ocrx_word' id='word_1_299' title='bbox 1070 776 1099 803; x_wconf 89' lang='lat' dir='ltr'>in</span> <span class='ocrx_word' id='word_1_300' title='bbox 1111 775 1228 804; x_wconf 87' lang='lat' dir='ltr'>soeniore</span> <span class='ocrx_word' id='word_1_301' title='bbox 1239 778 1400 817; x_wconf 80' lang='lat' dir='ltr'>ingrediens</span> <span class='ocrx_word' id='word_1_302' title='bbox 1410 778 1564 818; x_wconf 81' lang='lat' dir='ltr'>prohibitus</span> <span class='ocrx_word' id='word_1_303' title='bbox 1573 784 1640 820; x_wconf 89' lang='lat' dir='ltr'>quid</span> <span class='ocrx_word' id='word_1_304' title='bbox 1650 781 1763 821; x_wconf 87' lang='lat' dir='ltr'>respon-</span> 
     </span>
     <span class='ocr_line' id='line_1_39' title="bbox 967 814 1329 847; baseline 0.019 -7"><span class='ocrx_word' id='word_1_305' title='bbox 967 814 1010 842; x_wconf 87' lang='lat' dir='ltr'>dit</span> <span class='ocrx_word' id='word_1_306' title='bbox 1019 834 1028 842; x_wconf 88' lang='lat'>.</span> <span class='ocrx_word' id='word_1_307' title='bbox 1050 816 1124 845; x_wconf 82' lang='lat' dir='ltr'>Vide</span> <span class='ocrx_word' id='word_1_308' title='bbox 1147 822 1310 847; x_wconf 81' lang='lat' dir='ltr'>Sacrarium</span> <span class='ocrx_word' id='word_1_309' title='bbox 1321 838 1329 846; x_wconf 86' lang='lat'>.</span> 
     </span>
    </p>
   </div>
   <div class='ocr_carea' id='block_1_8' title="bbox 112 838 1369 895">
    <p class='ocr_par' dir='ltr' id='par_1_8' title="bbox 112 838 1369 895">
     <span class='ocr_line' id='line_1_40' title="bbox 112 838 1369 895; baseline 0.006 -13"><span class='ocrx_word' id='word_1_310' title='bbox 112 854 173 882; x_wconf 62' lang='lat' dir='ltr'>:ini</span> <span class='ocrx_word' id='word_1_311' title='bbox 185 854 251 887; x_wconf 77' lang='lat' dir='ltr'>;·lib.</span> <span class='ocrx_word' id='word_1_312' title='bbox 265 866 291 882; x_wconf 91' lang='lat'>2.</span> <span class='ocrx_word' id='word_1_313' title='bbox 302 864 359 892; x_wconf 83' lang='lat' dir='ltr'>cap.</span> <span class='ocrx_word' id='word_1_314' title='bbox 374 865 417 883; x_wconf 86' lang='lat' dir='ltr'>io.</span> <span class='ocrx_word' id='word_1_315' title='bbox 429 855 531 884; x_wconf 83' lang='lat' dir='ltr'>Nullus</span> <span class='ocrx_word' id='word_1_316' title='bbox 541 855 688 895; x_wconf 81' lang='lat' dir='ltr'>Episcopus</span> <span class='ocrx_word' id='word_1_317' title='bbox 699 856 728 884; x_wconf 92' lang='lat' dir='ltr'>in</span> <span class='ocrx_word' id='word_1_318' title='bbox 738 857 851 884; x_wconf 78' lang='lat' dir='ltr'>alterius</span> <span class='ocrx_word' id='word_1_319' title='bbox 861 838 1078 886; x_wconf 61' lang='lat' dir='ltr'>Pa-lPAuoizcia</span> <span class='ocrx_word' id='word_1_320' title='bbox 1089 877 1097 885; x_wconf 82' lang='grc'><strong>.</strong></span> <span class='ocrx_word' id='word_1_321' title='bbox 1118 859 1194 886; x_wconf 86' lang='lat' dir='ltr'>Vide</span> <span class='ocrx_word' id='word_1_322' title='bbox 1216 860 1352 888; x_wconf 75' lang='lat' dir='ltr'>Parochia</span> <span class='ocrx_word' id='word_1_323' title='bbox 1361 880 1369 888; x_wconf 88' lang='lat'>.</span> 
     </span>
    </p>
   </div>
   <div class='ocr_carea' id='block_1_9' title="bbox 106 894 909 1058">
    <p class='ocr_par' dir='ltr' id='par_1_9' title="bbox 106 894 909 1058">
     <span class='ocr_line' id='line_1_41' title="bbox 106 894 909 940; baseline 0 -16"><span class='ocrx_word' id='word_1_324' title='bbox 106 894 206 924; x_wconf 77' lang='lat' dir='ltr'>-rochia</span> <span class='ocrx_word' id='word_1_325' title='bbox 217 894 406 924; x_wconf 70' lang='lat' dir='ltr'>ordinationes</span> <span class='ocrx_word' id='word_1_326' title='bbox 415 896 516 934; x_wconf 81' lang='lat' dir='ltr'>aliquas</span> <span class='ocrx_word' id='word_1_327' title='bbox 528 896 612 926; x_wconf 70' lang='lat' dir='ltr'>facere</span> <span class='ocrx_word' id='word_1_328' title='bbox 624 918 632 930; x_wconf 87' lang='lat'><em>,</em></span> <span class='ocrx_word' id='word_1_329' title='bbox 653 898 699 926; x_wconf 84' lang='lat' dir='ltr'>vel</span> <span class='ocrx_word' id='word_1_330' title='bbox 710 898 824 935; x_wconf 75' lang='lat' dir='ltr'>negotia</span> <span class='ocrx_word' id='word_1_331' title='bbox 833 906 909 940; x_wconf 54' lang='lat' dir='ltr'>peraf</span> 
     </span>
     <span class='ocr_line' id='line_1_42' title="bbox 107 935 909 983; baseline 0.001 -19"><span class='ocrx_word' id='word_1_332' title='bbox 107 946 187 974; x_wconf 77' lang='lat' dir='ltr'>gere,</span> <span class='ocrx_word' id='word_1_333' title='bbox 197 946 256 974; x_wconf 73' lang='lat' dir='ltr'>quae</span> <span class='ocrx_word' id='word_1_334' title='bbox 268 935 302 963; x_wconf 79' lang='lat' dir='ltr'>ad</span> <span class='ocrx_word' id='word_1_335' title='bbox 311 945 374 963; x_wconf 86' lang='lat' dir='ltr'>eum</span> <span class='ocrx_word' id='word_1_336' title='bbox 385 946 443 964; x_wconf 89' lang='lat' dir='ltr'>non</span> <span class='ocrx_word' id='word_1_337' title='bbox 454 937 594 973; x_wconf 84' lang='lat' dir='ltr'>pertinent</span> <span class='ocrx_word' id='word_1_338' title='bbox 605 941 657 966; x_wconf 56' lang='lat' dir='ltr'>&amp;tu</span> <span class='ocrx_word' id='word_1_339' title='bbox 668 939 702 966; x_wconf 88' lang='lat' dir='ltr'>In</span> <span class='ocrx_word' id='word_1_340' title='bbox 713 938 909 983; x_wconf 66' lang='lat' dir='ltr'>Capit-Caroli</span> 
     </span>
     <span class='ocr_line' id='line_1_43' title="bbox 114 977 909 1014; baseline 0.004 -11"><span class='ocrx_word' id='word_1_341' title='bbox 114 977 227 1014; x_wconf 81' lang='lat' dir='ltr'>Magni,</span> <span class='ocrx_word' id='word_1_342' title='bbox 238 977 285 1004; x_wconf 82' lang='lat' dir='ltr'>lib.</span> <span class='ocrx_word' id='word_1_343' title='bbox 301 986 357 1004; x_wconf 83' lang='lat' dir='ltr'>i.c.</span> <span class='ocrx_word' id='word_1_344' title='bbox 372 987 381 1004; x_wconf 92' lang='lat' dir='ltr'>i</span> <span class='ocrx_word' id='word_1_345' title='bbox 393 988 415 1005; x_wconf 88' lang='lat'>1.</span> <span class='ocrx_word' id='word_1_346' title='bbox 429 979 441 1008; x_wconf 94' lang='lat'><em>]</em></span> <span class='ocrx_word' id='word_1_347' title='bbox 454 979 510 1006; x_wconf 73' lang='lat' dir='ltr'>FR-</span> <span class='ocrx_word' id='word_1_348' title='bbox 521 977 555 1006; x_wconf 82' lang='lat' dir='ltr'>fic</span> <span class='ocrx_word' id='word_1_349' title='bbox 567 988 650 1006; x_wconf 82' lang='lat' dir='ltr'>etiam</span> <span class='ocrx_word' id='word_1_350' title='bbox 660 977 742 1007; x_wconf 80' lang='lat' dir='ltr'>habet</span> <span class='ocrx_word' id='word_1_351' title='bbox 755 1001 762 1012; x_wconf 86' lang='lat'><em>,</em></span> <span class='ocrx_word' id='word_1_352' title='bbox 782 979 811 1006; x_wconf 91' lang='lat' dir='ltr'>in</span> <span class='ocrx_word' id='word_1_353' title='bbox 820 989 879 1007; x_wconf 83' lang='lat' dir='ltr'>can.</span> <span class='ocrx_word' id='word_1_354' title='bbox 890 980 909 1007; x_wconf 82' lang='lat' dir='ltr'>ii</span> 
     </span>
     <span class='ocr_line' id='line_1_44' title="bbox 111 1016 908 1058; baseline 0.004 -15"><span class='ocrx_word' id='word_1_355' title='bbox 111 1017 173 1054; x_wconf 88' lang='lat' dir='ltr'>quis</span> <span class='ocrx_word' id='word_1_356' title='bbox 183 1016 325 1044; x_wconf 80' lang='lat' dir='ltr'>ordinatus</span> <span class='ocrx_word' id='word_1_357' title='bbox 337 1037 345 1049; x_wconf 86' lang='lat'><em>,</em></span> <span class='ocrx_word' id='word_1_358' title='bbox 354 1016 416 1045; x_wconf 82' lang='lat' dir='ltr'>dist.</span> <span class='ocrx_word' id='word_1_359' title='bbox 427 1028 476 1053; x_wconf 74' lang='lat'>92.</span> <span class='ocrx_word' id='word_1_360' title='bbox 488 1028 548 1046; x_wconf 79' lang='lat' dir='ltr'>can.</span> <span class='ocrx_word' id='word_1_361' title='bbox 560 1018 579 1047; x_wconf 80' lang='lat' dir='ltr'>fi</span> <span class='ocrx_word' id='word_1_362' title='bbox 590 1019 650 1058; x_wconf 89' lang='lat' dir='ltr'>quis</span> <span class='ocrx_word' id='word_1_363' title='bbox 659 1019 746 1057; x_wconf 82' lang='lat' dir='ltr'>Epist.</span> <span class='ocrx_word' id='word_1_364' title='bbox 758 1020 908 1051; x_wconf 83' lang='lat' dir='ltr'>ordinatus,</span> 
     </span>
    </p>
   </div>
   <div class='ocr_carea' id='block_1_10' title="bbox 914 878 922 1039">
    <p class='ocr_par' dir='ltr' id='par_1_10' title="bbox 914 878 922 1039">
     <span class='ocr_line' id='line_1_45' title="bbox 914 878 922 1039; baseline 0 1487"><span class='ocrx_word' id='word_1_365' title='bbox 914 878 922 1039; x_wconf 95' lang='lat' dir='ltr'> </span> 
     </span>
    </p>
   </div>
   <div class='ocr_carea' id='block_1_11' title="bbox 924 896 1763 944">
    <p class='ocr_par' dir='ltr' id='par_1_11' title="bbox 924 896 1763 944">
     <span class='ocr_line' id='line_1_46' title="bbox 924 896 1763 944; baseline 0.015 -22"><span class='ocrx_word' id='word_1_366' title='bbox 924 896 1080 927; x_wconf 48' lang='lat' dir='ltr'>Panormi</span> <span class='ocrx_word' id='word_1_367' title='bbox 1092 919 1101 931; x_wconf 89' lang='lat'><em>,</em></span> <span class='ocrx_word' id='word_1_368' title='bbox 1111 897 1239 937; x_wconf 68' lang='grc' dir='ltr'>παροινία</span> <span class='ocrx_word' id='word_1_369' title='bbox 1250 921 1257 932; x_wconf 83' lang='grc'>,</span> <span class='ocrx_word' id='word_1_370' title='bbox 1270 899 1367 936; x_wconf 81' lang='lat' dir='ltr'>injuria</span> <span class='ocrx_word' id='word_1_371' title='bbox 1377 900 1480 939; x_wconf 78' lang='lat' dir='ltr'>inepte,</span> <span class='ocrx_word' id='word_1_372' title='bbox 1492 905 1520 931; x_wconf 69' lang='grc' dir='ltr'>δε</span> <span class='ocrx_word' id='word_1_373' title='bbox 1531 913 1691 944; x_wconf 80' lang='lat' dir='ltr'>arroganter</span> <span class='ocrx_word' id='word_1_374' title='bbox 1699 915 1763 944; x_wconf 86' lang='lat' dir='ltr'>pro-</span> 
     </span>
    </p>
   </div>
   <div class='ocr_carea' id='block_1_12' title="bbox 963 938 1761 1010">
    <p class='ocr_par' dir='ltr' id='par_1_12' title="bbox 963 938 1761 1010">
     <span class='ocr_line' id='line_1_47' title="bbox 963 938 1761 978; baseline 0.015 -14"><span class='ocrx_word' id='word_1_375' title='bbox 963 938 1036 970; x_wconf 71' lang='lat' dir='ltr'>lata,-</span> <span class='ocrx_word' id='word_1_376' title='bbox 1060 949 1115 977; x_wconf 89' lang='lat' dir='ltr'>quo</span> <span class='ocrx_word' id='word_1_377' title='bbox 1137 941 1272 971; x_wconf 76' lang='lat' dir='ltr'>vocabulo</span> <span class='ocrx_word' id='word_1_378' title='bbox 1290 941 1329 970; x_wconf 71' lang='lat' dir='ltr'>D.</span> <span class='ocrx_word' id='word_1_379' title='bbox 1347 941 1540 978; x_wconf 81' lang='lat' dir='ltr'>Hieronymus</span> <span class='ocrx_word' id='word_1_380' title='bbox 1557 955 1644 975; x_wconf 87' lang='lat' dir='ltr'>utitur</span> <span class='ocrx_word' id='word_1_381' title='bbox 1660 956 1761 976; x_wconf 72' lang='lat' dir='ltr'>corum</span> 
     </span>
     <span class='ocr_line' id='line_1_48' title="bbox 964 978 1256 1010; baseline 0.01 -3"><span class='ocrx_word' id='word_1_382' title='bbox 964 979 1098 1008; x_wconf 75' lang='lat' dir='ltr'>Rufinum</span> <span class='ocrx_word' id='word_1_383' title='bbox 1120 978 1256 1010; x_wconf 77' lang='lat' dir='ltr'>scribens.</span> 
     </span>
    </p>
   </div>
   <div class='ocr_carea' id='block_1_13' title="bbox 923 1019 1355 1060">
    <p class='ocr_par' dir='ltr' id='par_1_13' title="bbox 923 1019 1355 1060">
     <span class='ocr_line' id='line_1_49' title="bbox 923 1019 1355 1060; baseline 0.014 -14"><span class='ocrx_word' id='word_1_384' title='bbox 923 1019 1069 1048; x_wconf 53' lang='lat' dir='ltr'>Pauopsis</span> <span class='ocrx_word' id='word_1_385' title='bbox 1082 1042 1089 1048; x_wconf 96' lang='lat'>.</span> <span class='ocrx_word' id='word_1_386' title='bbox 1113 1022 1186 1050; x_wconf 82' lang='lat' dir='ltr'>Vide</span> <span class='ocrx_word' id='word_1_387' title='bbox 1210 1022 1336 1060; x_wconf 64' lang='lat' dir='ltr'>Parhpsis</span> <span class='ocrx_word' id='word_1_388' title='bbox 1348 1043 1355 1051; x_wconf 86' lang='lat'>.</span> 
     </span>
    </p>
   </div>
   <div class='ocr_carea' id='block_1_14' title="bbox 109 1056 1762 1105">
    <p class='ocr_par' dir='ltr' id='par_1_14' title="bbox 109 1056 1762 1105">
     <span class='ocr_line' id='line_1_50' title="bbox 109 1056 1762 1105; baseline 0.008 -20"><span class='ocrx_word' id='word_1_389' title='bbox 109 1060 140 1085; x_wconf 71' lang='grc' dir='ltr'>ὅ(</span> <span class='ocrx_word' id='word_1_390' title='bbox 152 1068 210 1085; x_wconf 87' lang='lat' dir='ltr'>can.</span> <span class='ocrx_word' id='word_1_391' title='bbox 234 1057 254 1085; x_wconf 81' lang='lat' dir='ltr'>ii</span> <span class='ocrx_word' id='word_1_392' title='bbox 266 1056 328 1095; x_wconf 76' lang='lat' dir='ltr'>quia</span> <span class='ocrx_word' id='word_1_393' title='bbox 338 1056 428 1095; x_wconf 78' lang='lat' dir='ltr'>Episc.</span> <span class='ocrx_word' id='word_1_394' title='bbox 438 1058 497 1086; x_wconf 85' lang='lat' dir='ltr'>ead.</span> <span class='ocrx_word' id='word_1_395' title='bbox 507 1059 570 1087; x_wconf 86' lang='lat' dir='ltr'>dist.</span> <span class='ocrx_word' id='word_1_396' title='bbox 593 1062 666 1088; x_wconf 87' lang='lat' dir='ltr'>Item</span> <span class='ocrx_word' id='word_1_397' title='bbox 675 1071 735 1089; x_wconf 84' lang='lat' dir='ltr'>can.</span> <span class='ocrx_word' id='word_1_398' title='bbox 747 1061 837 1089; x_wconf 88' lang='lat' dir='ltr'>nullus</span> <span class='ocrx_word' id='word_1_399' title='bbox 852 1061 909 1098; x_wconf 86' lang='lat' dir='ltr'>pri·</span> <span class='ocrx_word' id='word_1_400' title='bbox 923 1060 1138 1094; x_wconf 67' lang='lat' dir='ltr'>PAR-ricmum,</span> <span class='ocrx_word' id='word_1_401' title='bbox 1150 1063 1338 1102; x_wconf 79' lang='lat' dir='ltr'>participatm,</span> <span class='ocrx_word' id='word_1_402' title='bbox 1357 1067 1385 1094; x_wconf 74' lang='grc' dir='ltr'>δε</span> <span class='ocrx_word' id='word_1_403' title='bbox 1394 1066 1626 1097; x_wconf 76' lang='lat' dir='ltr'>communicatio:</span> <span class='ocrx_word' id='word_1_404' title='bbox 1639 1075 1652 1105; x_wconf 90' lang='lat'>[</span> <span class='ocrx_word' id='word_1_405' title='bbox 1663 1070 1707 1098; x_wconf 82' lang='lat' dir='ltr'>Ita</span> <span class='ocrx_word' id='word_1_406' title='bbox 1718 1080 1762 1098; x_wconf 83' lang='lat' dir='ltr'>er·</span> 
     </span>
    </p>
   </div>
   <div class='ocr_carea' id='block_1_15' title="bbox 108 1099 907 1420">
    <p class='ocr_par' dir='ltr' id='par_1_15' title="bbox 108 1099 907 1420">
     <span class='ocr_line' id='line_1_51' title="bbox 110 1099 907 1137; baseline 0.009 -14"><span class='ocrx_word' id='word_1_407' title='bbox 110 1107 168 1126; x_wconf 77' lang='lat' dir='ltr'>mas</span> <span class='ocrx_word' id='word_1_408' title='bbox 178 1119 187 1130; x_wconf 90' lang='lat'><em>‚</em></span> <span class='ocrx_word' id='word_1_409' title='bbox 205 1108 235 1133; x_wconf 88' lang='lat'>9.</span> <span class='ocrx_word' id='word_1_410' title='bbox 246 1108 291 1136; x_wconf 87' lang='lat' dir='ltr'>qu.</span> <span class='ocrx_word' id='word_1_411' title='bbox 304 1109 329 1125; x_wconf 83' lang='lat'>2.</span> <span class='ocrx_word' id='word_1_412' title='bbox 341 1108 400 1125; x_wconf 85' lang='lat' dir='ltr'>can.</span> <span class='ocrx_word' id='word_1_413' title='bbox 421 1099 611 1137; x_wconf 75' lang='lat' dir='ltr'>Lugdunensis</span> <span class='ocrx_word' id='word_1_414' title='bbox 620 1102 761 1130; x_wconf 85' lang='lat' dir='ltr'>Parochiae</span> <span class='ocrx_word' id='word_1_415' title='bbox 778 1102 890 1130; x_wconf 82' lang='lat' dir='ltr'>clericos</span> <span class='ocrx_word' id='word_1_416' title='bbox 899 1123 907 1134; x_wconf 90' lang='lat'><em>‚</em></span> 
     </span>
     <span class='ocr_line' id='line_1_52' title="bbox 112 1137 907 1179; baseline 0.006 -12"><span class='ocrx_word' id='word_1_417' title='bbox 112 1139 178 1168; x_wconf 85' lang='lat' dir='ltr'>ibid.</span> <span class='ocrx_word' id='word_1_418' title='bbox 188 1149 248 1166; x_wconf 88' lang='lat' dir='ltr'>can.</span> <span class='ocrx_word' id='word_1_419' title='bbox 259 1137 502 1177; x_wconf 81' lang='lat' dir='ltr'>Archiepiscopus‚</span> <span class='ocrx_word' id='word_1_420' title='bbox 512 1151 541 1176; x_wconf 92' lang='lat'>9.</span> <span class='ocrx_word' id='word_1_421' title='bbox 552 1141 676 1179; x_wconf 75' lang='lat' dir='ltr'>quaest.3.</span> <span class='ocrx_word' id='word_1_422' title='bbox 686 1142 821 1172; x_wconf 81' lang='lat' dir='ltr'>Dioecesis</span> <span class='ocrx_word' id='word_1_423' title='bbox 830 1143 907 1172; x_wconf 88' lang='lat' dir='ltr'>enim</span> 
     </span>
     <span class='ocr_line' id='line_1_53' title="bbox 108 1177 907 1221; baseline 0.005 -13"><span class='ocrx_word' id='word_1_424' title='bbox 108 1179 149 1208; x_wconf 86' lang='lat' dir='ltr'>est</span> <span class='ocrx_word' id='word_1_425' title='bbox 162 1177 293 1208; x_wconf 80' lang='lat' dir='ltr'>I&#39;arocliia</span> <span class='ocrx_word' id='word_1_426' title='bbox 304 1178 451 1217; x_wconf 88' lang='lat' dir='ltr'>Episcopi.</span> <span class='ocrx_word' id='word_1_427' title='bbox 470 1180 557 1210; x_wconf 67' lang='lat' dir='ltr'>Glossi</span> <span class='ocrx_word' id='word_1_428' title='bbox 575 1182 603 1210; x_wconf 88' lang='lat' dir='ltr'>in</span> <span class='ocrx_word' id='word_1_429' title='bbox 614 1183 756 1211; x_wconf 87' lang='lat' dir='ltr'>Clement.</span> <span class='ocrx_word' id='word_1_430' title='bbox 767 1183 801 1212; x_wconf 90' lang='lat' dir='ltr'>de</span> <span class='ocrx_word' id='word_1_431' title='bbox 813 1184 907 1221; x_wconf 79' lang='lat' dir='ltr'>privil.</span> 
     </span>
     <span class='ocr_line' id='line_1_54' title="bbox 109 1219 904 1258; baseline 0.008 -11"><span class='ocrx_word' id='word_1_432' title='bbox 109 1231 133 1248; x_wconf 89' lang='lat' dir='ltr'>c.</span> <span class='ocrx_word' id='word_1_433' title='bbox 148 1231 170 1248; x_wconf 93' lang='lat' dir='ltr'>i.</span> <span class='ocrx_word' id='word_1_434' title='bbox 183 1231 189 1247; x_wconf 91' lang='lat'>:</span> <span class='ocrx_word' id='word_1_435' title='bbox 203 1221 219 1254; x_wconf 76' lang='grc' dir='ltr'>Η</span> <span class='ocrx_word' id='word_1_436' title='bbox 233 1232 239 1247; x_wconf 92' lang='lat'>.·</span> <span class='ocrx_word' id='word_1_437' title='bbox 261 1221 336 1248; x_wconf 81' lang='lat' dir='ltr'>Item</span> <span class='ocrx_word' id='word_1_438' title='bbox 345 1219 477 1249; x_wconf 74' lang='lat' dir='ltr'>parochia</span> <span class='ocrx_word' id='word_1_439' title='bbox 487 1230 537 1258; x_wconf 84' lang='lat' dir='ltr'>pro</span> <span class='ocrx_word' id='word_1_440' title='bbox 547 1222 694 1251; x_wconf 83' lang='lat' dir='ltr'>universali</span> <span class='ocrx_word' id='word_1_441' title='bbox 704 1224 820 1253; x_wconf 69' lang='lat' dir='ltr'>Ecclesia</span> <span class='ocrx_word' id='word_1_442' title='bbox 833 1235 904 1253; x_wconf 72' lang='lat' dir='ltr'>non—</span> 
     </span>
     <span class='ocr_line' id='line_1_55' title="bbox 110 1259 905 1299; baseline 0.006 -9"><span class='ocrx_word' id='word_1_443' title='bbox 110 1270 253 1299; x_wconf 79' lang='lat' dir='ltr'>nunquam</span> <span class='ocrx_word' id='word_1_444' title='bbox 272 1259 415 1298; x_wconf 86' lang='lat' dir='ltr'>usurpatui·</span> <span class='ocrx_word' id='word_1_445' title='bbox 424 1280 430 1287; x_wconf 93' lang='lat'>.</span> <span class='ocrx_word' id='word_1_446' title='bbox 451 1262 562 1290; x_wconf 86' lang='lat' dir='ltr'>Contra</span> <span class='ocrx_word' id='word_1_447' title='bbox 579 1262 757 1293; x_wconf 78' lang='lat' dir='ltr'>Catliolicam</span> <span class='ocrx_word' id='word_1_448' title='bbox 779 1267 905 1295; x_wconf 66' lang='lat' dir='ltr'>Ecclesia:</span> 
     </span>
     <span class='ocr_line' id='line_1_56' title="bbox 108 1301 906 1345; baseline 0.005 -14"><span class='ocrx_word' id='word_1_449' title='bbox 108 1301 272 1331; x_wconf 72' lang='lat' dir='ltr'>parochiam</span> <span class='ocrx_word' id='word_1_450' title='bbox 291 1310 353 1329; x_wconf 90' lang='lat' dir='ltr'>cum</span> <span class='ocrx_word' id='word_1_451' title='bbox 374 1301 494 1330; x_wconf 81' lang='lat' dir='ltr'>Ducibus</span> <span class='ocrx_word' id='word_1_452' title='bbox 511 1302 565 1330; x_wconf 81' lang='lat' dir='ltr'>suis</span> <span class='ocrx_word' id='word_1_453' title='bbox 582 1304 699 1341; x_wconf 74' lang='lat' dir='ltr'>prolatis</span> <span class='ocrx_word' id='word_1_454' title='bbox 710 1306 844 1345; x_wconf 78' lang='lat' dir='ltr'>gregatim</span> <span class='ocrx_word' id='word_1_455' title='bbox 863 1308 906 1335; x_wconf 86' lang='lat' dir='ltr'>in-</span> 
     </span>
     <span class='ocr_line' id='line_1_57' title="bbox 109 1341 906 1383; baseline 0.009 -13"><span class='ocrx_word' id='word_1_456' title='bbox 109 1352 207 1381; x_wconf 81' lang='lat' dir='ltr'>gruere</span> <span class='ocrx_word' id='word_1_457' title='bbox 217 1341 371 1370; x_wconf 86' lang='lat' dir='ltr'>moliuntur</span> <span class='ocrx_word' id='word_1_458' title='bbox 379 1362 386 1370; x_wconf 85' lang='lat'>.</span> <span class='ocrx_word' id='word_1_459' title='bbox 400 1342 514 1371; x_wconf 82' lang='lat' dir='ltr'>Aldhel.</span> <span class='ocrx_word' id='word_1_460' title='bbox 525 1342 559 1371; x_wconf 88' lang='lat' dir='ltr'>de</span> <span class='ocrx_word' id='word_1_461' title='bbox 570 1345 651 1383; x_wconf 84' lang='lat' dir='ltr'>Virg.</span> <span class='ocrx_word' id='word_1_462' title='bbox 661 1348 730 1379; x_wconf 89' lang='lat' dir='ltr'>c.7.]</span> <span class='ocrx_word' id='word_1_463' title='bbox 745 1347 818 1376; x_wconf 91' lang='lat' dir='ltr'>Vide</span> <span class='ocrx_word' id='word_1_464' title='bbox 829 1352 906 1377; x_wconf 71' lang='lat' dir='ltr'>Dioe-</span> 
     </span>
     <span class='ocr_line' id='line_1_58' title="bbox 108 1382 191 1420; baseline -0.012 -8"><span class='ocrx_word' id='word_1_465' title='bbox 108 1382 170 1420; x_wconf 81' lang='lat' dir='ltr'>cefis</span> <span class='ocrx_word' id='word_1_466' title='bbox 183 1403 191 1411; x_wconf 90' lang='lat'>.</span> 
     </span>
    </p>
   </div>
   <div class='ocr_carea' id='block_1_16' title="bbox 60 1424 904 1460">
    <p class='ocr_par' dir='ltr' id='par_1_16' title="bbox 60 1424 904 1460">
     <span class='ocr_line' id='line_1_59' title="bbox 60 1424 904 1460; baseline 0.007 -7"><span class='ocrx_word' id='word_1_467' title='bbox 60 1424 283 1453; x_wconf 64' lang='lat' dir='ltr'>PAitocniaxus</span> <span class='ocrx_word' id='word_1_468' title='bbox 297 1443 304 1451; x_wconf 90' lang='lat'>.</span> <span class='ocrx_word' id='word_1_469' title='bbox 315 1424 371 1452; x_wconf 79' lang='lat' dir='ltr'>FR.</span> <span class='ocrx_word' id='word_1_470' title='bbox 382 1424 520 1453; x_wconf 64' lang='lat' dir='ltr'>Pax-ochis:</span> <span class='ocrx_word' id='word_1_471' title='bbox 531 1425 622 1455; x_wconf 80' lang='lat' dir='ltr'>incola</span> <span class='ocrx_word' id='word_1_472' title='bbox 634 1448 642 1460; x_wconf 84' lang='lat'><em>,</em></span> <span class='ocrx_word' id='word_1_473' title='bbox 659 1438 717 1456; x_wconf 80' lang='lat' dir='ltr'>can.</span> <span class='ocrx_word' id='word_1_474' title='bbox 729 1429 759 1457; x_wconf 86' lang='lat' dir='ltr'>in</span> <span class='ocrx_word' id='word_1_475' title='bbox 769 1429 904 1458; x_wconf 88' lang='lat' dir='ltr'>Domini-</span> 
     </span>
    </p>
   </div>
   <div class='ocr_carea' id='block_1_17' title="bbox 908 1374 916 1464">
    <p class='ocr_par' dir='ltr' id='par_1_17' title="bbox 908 1374 916 1464">
     <span class='ocr_line' id='line_1_60' title="bbox 908 1374 916 1464; baseline 0 0"><span class='ocrx_word' id='word_1_476' title='bbox 908 1374 916 1464; x_wconf 95' lang='lat' dir='ltr'> </span> 
     </span>
    </p>
   </div>
   <div class='ocr_carea' id='block_1_18' title="bbox 961 1101 1764 1349">
    <p class='ocr_par' dir='ltr' id='par_1_18' title="bbox 961 1101 1764 1349">
     <span class='ocr_line' id='line_1_61' title="bbox 963 1101 1764 1148; baseline 0.014 -20"><span class='ocrx_word' id='word_1_477' title='bbox 963 1111 1000 1138; x_wconf 87' lang='lat' dir='ltr'>go</span> <span class='ocrx_word' id='word_1_478' title='bbox 1011 1101 1049 1129; x_wconf 78' lang='lat' dir='ltr'>fac</span> <span class='ocrx_word' id='word_1_479' title='bbox 1060 1123 1068 1135; x_wconf 90' lang='lat'><em>‚</em></span> <span class='ocrx_word' id='word_1_480' title='bbox 1089 1112 1119 1130; x_wconf 88' lang='lat' dir='ltr'>ut</span> <span class='ocrx_word' id='word_1_481' title='bbox 1130 1103 1261 1142; x_wconf 62' lang='lat' dir='ltr'>impensa:</span> <span class='ocrx_word' id='word_1_482' title='bbox 1273 1105 1405 1134; x_wconf 88' lang='lat' dir='ltr'>mercedis</span> <span class='ocrx_word' id='word_1_483' title='bbox 1426 1117 1456 1136; x_wconf 91' lang='lat' dir='ltr'>tu</span> <span class='ocrx_word' id='word_1_484' title='bbox 1466 1117 1576 1146; x_wconf 84' lang='lat' dir='ltr'>quoque</span> <span class='ocrx_word' id='word_1_485' title='bbox 1587 1109 1764 1148; x_wconf 82' lang='lat' dir='ltr'>participium</span> 
     </span>
     <span class='ocr_line' id='line_1_62' title="bbox 963 1141 1763 1186; baseline 0.014 -17"><span class='ocrx_word' id='word_1_486' title='bbox 963 1141 1096 1171; x_wconf 81' lang='lat' dir='ltr'>sortiaris.</span> <span class='ocrx_word' id='word_1_487' title='bbox 1107 1144 1233 1184; x_wconf 81' lang='lat' dir='ltr'>D.Greg.</span> <span class='ocrx_word' id='word_1_488' title='bbox 1244 1145 1290 1173; x_wconf 87' lang='lat' dir='ltr'>lib.</span> <span class='ocrx_word' id='word_1_489' title='bbox 1303 1157 1329 1180; x_wconf 87' lang='lat'>4.</span> <span class='ocrx_word' id='word_1_490' title='bbox 1340 1146 1418 1184; x_wconf 83' lang='lat' dir='ltr'>epist.</span> <span class='ocrx_word' id='word_1_491' title='bbox 1431 1159 1476 1186; x_wconf 76' lang='lat'>23.</span> <span class='ocrx_word' id='word_1_492' title='bbox 1488 1150 1500 1178; x_wconf 91' lang='lat'>]</span> <span class='ocrx_word' id='word_1_493' title='bbox 1512 1149 1557 1177; x_wconf 88' lang='lat' dir='ltr'>ubi</span> <span class='ocrx_word' id='word_1_494' title='bbox 1568 1151 1678 1179; x_wconf 65' lang='lat' dir='ltr'>Sanetus</span> <span class='ocrx_word' id='word_1_495' title='bbox 1687 1153 1763 1180; x_wconf 90' lang='lat' dir='ltr'>Pon-</span> 
     </span>
     <span class='ocr_line' id='line_1_63' title="bbox 964 1182 1763 1227; baseline 0.014 -17"><span class='ocrx_word' id='word_1_496' title='bbox 964 1182 1034 1219; x_wconf 80' lang='lat' dir='ltr'>tifex</span> <span class='ocrx_word' id='word_1_497' title='bbox 1045 1186 1208 1221; x_wconf 90' lang='lat' dir='ltr'>portioncm</span> <span class='ocrx_word' id='word_1_498' title='bbox 1219 1186 1305 1214; x_wconf 80' lang='lat' dir='ltr'>labori</span> <span class='ocrx_word' id='word_1_499' title='bbox 1314 1186 1433 1216; x_wconf 82' lang='lat' dir='ltr'>debitam</span> <span class='ocrx_word' id='word_1_500' title='bbox 1443 1186 1590 1227; x_wconf 71' lang='lat' dir='ltr'>intelligit.</span> <span class='ocrx_word' id='word_1_501' title='bbox 1603 1197 1614 1226; x_wconf 96' lang='lat'><strong>[</strong></span> <span class='ocrx_word' id='word_1_502' title='bbox 1625 1191 1763 1221; x_wconf 86' lang='lat' dir='ltr'>Videntes</span> 
     </span>
     <span class='ocr_line' id='line_1_64' title="bbox 964 1222 1762 1266; baseline 0.014 -15"><span class='ocrx_word' id='word_1_503' title='bbox 964 1222 1052 1252; x_wconf 81' lang='lat' dir='ltr'>furem</span> <span class='ocrx_word' id='word_1_504' title='bbox 1063 1234 1177 1254; x_wconf 70' lang='lat' dir='ltr'>curi-unt</span> <span class='ocrx_word' id='word_1_505' title='bbox 1188 1237 1249 1254; x_wconf 89' lang='lat' dir='ltr'>cum</span> <span class='ocrx_word' id='word_1_506' title='bbox 1261 1237 1294 1255; x_wconf 88' lang='lat' dir='ltr'>eo</span> <span class='ocrx_word' id='word_1_507' title='bbox 1305 1249 1313 1260; x_wconf 94' lang='lat'><em>‚</em></span> <span class='ocrx_word' id='word_1_508' title='bbox 1323 1231 1350 1256; x_wconf 74' lang='grc' dir='ltr'>ὃ(</span> <span class='ocrx_word' id='word_1_509' title='bbox 1361 1238 1521 1266; x_wconf 84' lang='lat' dir='ltr'>portionem</span> <span class='ocrx_word' id='word_1_510' title='bbox 1530 1229 1605 1259; x_wconf 84' lang='lat' dir='ltr'>suam</span> <span class='ocrx_word' id='word_1_511' title='bbox 1614 1240 1676 1260; x_wconf 90' lang='lat' dir='ltr'>cum</span> <span class='ocrx_word' id='word_1_512' title='bbox 1685 1233 1762 1262; x_wconf 80' lang='lat' dir='ltr'>adul·</span> 
     </span>
     <span class='ocr_line' id='line_1_65' title="bbox 961 1264 1762 1311; baseline 0.014 -19"><span class='ocrx_word' id='word_1_513' title='bbox 961 1264 1026 1293; x_wconf 88' lang='lat' dir='ltr'>teris</span> <span class='ocrx_word' id='word_1_514' title='bbox 1037 1275 1146 1303; x_wconf 89' lang='lat' dir='ltr'>ponunt</span> <span class='ocrx_word' id='word_1_515' title='bbox 1156 1288 1166 1300; x_wconf 92' lang='lat'><em>‚</em></span> <span class='ocrx_word' id='word_1_516' title='bbox 1183 1271 1210 1296; x_wconf 74' lang='grc' dir='ltr'>δ(</span> <span class='ocrx_word' id='word_1_517' title='bbox 1224 1268 1325 1305; x_wconf 89' lang='lat' dir='ltr'>polluti</span> <span class='ocrx_word' id='word_1_518' title='bbox 1345 1269 1408 1297; x_wconf 74' lang='lat' dir='ltr'>labii</span> <span class='ocrx_word' id='word_1_519' title='bbox 1420 1270 1570 1309; x_wconf 84' lang='lat' dir='ltr'>participio</span> <span class='ocrx_word' id='word_1_520' title='bbox 1580 1281 1711 1311; x_wconf 83' lang='lat' dir='ltr'>peccant,</span> <span class='ocrx_word' id='word_1_521' title='bbox 1732 1278 1762 1304; x_wconf 78' lang='grc' dir='ltr'>δε</span> 
     </span>
     <span class='ocr_line' id='line_1_66' title="bbox 961 1307 1527 1349; baseline 0.011 -16"><span class='ocrx_word' id='word_1_522' title='bbox 961 1315 1021 1334; x_wconf 84' lang='lat' dir='ltr'>non</span> <span class='ocrx_word' id='word_1_523' title='bbox 1029 1307 1174 1346; x_wconf 84' lang='lat' dir='ltr'>corrigunt</span> <span class='ocrx_word' id='word_1_524' title='bbox 1185 1328 1193 1335; x_wconf 90' lang='lat'>.</span> <span class='ocrx_word' id='word_1_525' title='bbox 1203 1307 1280 1336; x_wconf 69' lang='lat' dir='ltr'>Blessl</span> <span class='ocrx_word' id='word_1_526' title='bbox 1293 1309 1323 1338; x_wconf 88' lang='lat' dir='ltr'>in</span> <span class='ocrx_word' id='word_1_527' title='bbox 1332 1319 1391 1338; x_wconf 84' lang='lat' dir='ltr'>can.</span> <span class='ocrx_word' id='word_1_528' title='bbox 1400 1310 1527 1349; x_wconf 87' lang='lat' dir='ltr'>Episcop.</span> 
     </span>
    </p>
   </div>
   <div class='ocr_carea' id='block_1_19' title="bbox 919 1347 1764 1389">
    <p class='ocr_par' dir='ltr' id='par_1_19' title="bbox 919 1347 1764 1389">
     <span class='ocr_line' id='line_1_67' title="bbox 919 1347 1764 1389; baseline 0.012 -15"><span class='ocrx_word' id='word_1_529' title='bbox 919 1347 1099 1376; x_wconf 70' lang='lat' dir='ltr'>PAR&#39;ricULffi</span> <span class='ocrx_word' id='word_1_530' title='bbox 1111 1349 1321 1378; x_wconf 64' lang='lat' dir='ltr'>CONSECRATAE</span> <span class='ocrx_word' id='word_1_531' title='bbox 1333 1370 1341 1377; x_wconf 92' lang='lat'>.</span> <span class='ocrx_word' id='word_1_532' title='bbox 1363 1351 1437 1379; x_wconf 82' lang='lat' dir='ltr'>Vide</span> <span class='ocrx_word' id='word_1_533' title='bbox 1453 1356 1616 1389; x_wconf 76' lang='lat' dir='ltr'>Margarita</span> <span class='ocrx_word' id='word_1_534' title='bbox 1627 1375 1634 1382; x_wconf 94' lang='lat'>.</span> <span class='ocrx_word' id='word_1_535' title='bbox 1654 1355 1764 1384; x_wconf 81' lang='lat' dir='ltr'>Utrum</span> 
     </span>
    </p>
   </div>
   <div class='ocr_carea' id='block_1_20' title="bbox 959 1387 1761 1471">
    <p class='ocr_par' dir='ltr' id='par_1_20' title="bbox 959 1387 1761 1471">
     <span class='ocr_line' id='line_1_68' title="bbox 959 1387 1761 1427; baseline 0.014 -12"><span class='ocrx_word' id='word_1_536' title='bbox 959 1388 1021 1424; x_wconf 89' lang='lat' dir='ltr'>post</span> <span class='ocrx_word' id='word_1_537' title='bbox 1031 1387 1203 1418; x_wconf 81' lang='lat' dir='ltr'>offertorium</span> <span class='ocrx_word' id='word_1_538' title='bbox 1216 1391 1355 1427; x_wconf 80' lang='lat' dir='ltr'>particulae</span> <span class='ocrx_word' id='word_1_539' title='bbox 1379 1402 1437 1420; x_wconf 91' lang='lat' dir='ltr'>non</span> <span class='ocrx_word' id='word_1_540' title='bbox 1446 1391 1610 1424; x_wconf 65' lang='lat' dir='ltr'>consecratae</span> <span class='ocrx_word' id='word_1_541' title='bbox 1622 1396 1651 1424; x_wconf 88' lang='lat' dir='ltr'>in</span> <span class='ocrx_word' id='word_1_542' title='bbox 1662 1397 1761 1425; x_wconf 69' lang='lat' dir='ltr'>Altare</span> 
     </span>
     <span class='ocr_line' id='line_1_69' title="bbox 960 1429 1658 1471; baseline 0.01 -15"><span class='ocrx_word' id='word_1_543' title='bbox 960 1429 1057 1456; x_wconf 73' lang='lat' dir='ltr'>dela&#39;tae</span> <span class='ocrx_word' id='word_1_544' title='bbox 1068 1451 1076 1462; x_wconf 89' lang='lat'>‚</span> <span class='ocrx_word' id='word_1_545' title='bbox 1091 1429 1144 1458; x_wconf 74' lang='lat' dir='ltr'>sitit</span> <span class='ocrx_word' id='word_1_546' title='bbox 1153 1429 1345 1460; x_wconf 61' lang='lat' dir='ltr'>consecrandae</span> <span class='ocrx_word' id='word_1_547' title='bbox 1357 1451 1364 1459; x_wconf 90' lang='lat'>.</span> <span class='ocrx_word' id='word_1_548' title='bbox 1378 1433 1451 1460; x_wconf 92' lang='lat' dir='ltr'>Vide</span> <span class='ocrx_word' id='word_1_549' title='bbox 1462 1435 1639 1471; x_wconf 78' lang='lat' dir='ltr'>offertorium</span> <span class='ocrx_word' id='word_1_550' title='bbox 1650 1456 1658 1463; x_wconf 89' lang='lat'>.</span> 
     </span>
    </p>
   </div>
   <div class='ocr_carea' id='block_1_21' title="bbox 109 1464 1762 1514">
    <p class='ocr_par' dir='ltr' id='par_1_21' title="bbox 109 1464 1762 1514">
     <span class='ocr_line' id='line_1_70' title="bbox 109 1464 1762 1514; baseline 0.006 -23"><span class='ocrx_word' id='word_1_551' title='bbox 109 1465 148 1492; x_wconf 85' lang='lat' dir='ltr'>cis</span> <span class='ocrx_word' id='word_1_552' title='bbox 160 1485 168 1497; x_wconf 95' lang='lat'><em>‚</em></span> <span class='ocrx_word' id='word_1_553' title='bbox 186 1476 215 1500; x_wconf 88' lang='lat'>9.</span> <span class='ocrx_word' id='word_1_554' title='bbox 227 1464 320 1502; x_wconf 81' lang='lat' dir='ltr'>quaest.</span> <span class='ocrx_word' id='word_1_555' title='bbox 333 1475 360 1493; x_wconf 84' lang='lat'>2.</span> <span class='ocrx_word' id='word_1_556' title='bbox 369 1468 397 1493; x_wconf 72' lang='grc' dir='ltr'>δι</span> <span class='ocrx_word' id='word_1_557' title='bbox 407 1475 466 1493; x_wconf 83' lang='lat' dir='ltr'>can.</span> <span class='ocrx_word' id='word_1_558' title='bbox 487 1466 562 1495; x_wconf 86' lang='lat' dir='ltr'>inter</span> <span class='ocrx_word' id='word_1_559' title='bbox 571 1476 667 1496; x_wconf 73' lang='lat' dir='ltr'>caetera</span> <span class='ocrx_word' id='word_1_560' title='bbox 680 1489 686 1500; x_wconf 89' lang='lat'><em>,</em></span> <span class='ocrx_word' id='word_1_561' title='bbox 712 1481 758 1498; x_wconf 84' lang='lat'>22.</span> <span class='ocrx_word' id='word_1_562' title='bbox 769 1470 863 1508; x_wconf 75' lang='lat' dir='ltr'>quaest.</span> <span class='ocrx_word' id='word_1_563' title='bbox 876 1465 1037 1506; x_wconf 70' lang='lat' dir='ltr'>4.²PA=‹1·10</span> <span class='ocrx_word' id='word_1_564' title='bbox 1047 1491 1055 1502; x_wconf 94' lang='lat'><em>‚</em></span> <span class='ocrx_word' id='word_1_565' title='bbox 1075 1479 1181 1508; x_wconf 82' lang='lat' dir='ltr'>partus.</span> <span class='ocrx_word' id='word_1_566' title='bbox 1208 1475 1266 1506; x_wconf 87' lang='lat' dir='ltr'>[Et</span> <span class='ocrx_word' id='word_1_567' title='bbox 1277 1481 1403 1510; x_wconf 81' lang='lat' dir='ltr'>partionc</span> <span class='ocrx_word' id='word_1_568' title='bbox 1411 1472 1588 1511; x_wconf 75' lang='lat' dir='ltr'>prosperante</span> <span class='ocrx_word' id='word_1_569' title='bbox 1608 1476 1637 1504; x_wconf 92' lang='lat' dir='ltr'>in</span> <span class='ocrx_word' id='word_1_570' title='bbox 1648 1477 1762 1514; x_wconf 73' lang='lat' dir='ltr'>parrici-</span> 
     </span>
    </p>
   </div>
   <div class='ocr_carea' id='block_1_22' title="bbox 107 1505 903 1586">
    <p class='ocr_par' dir='ltr' id='par_1_22' title="bbox 107 1505 903 1586">
     <span class='ocr_line' id='line_1_71' title="bbox 107 1505 903 1546; baseline 0.01 -14"><span class='ocrx_word' id='word_1_571' title='bbox 107 1505 183 1532; x_wconf 87' lang='lat' dir='ltr'>Item</span> <span class='ocrx_word' id='word_1_572' title='bbox 192 1505 368 1533; x_wconf 70' lang='lat' dir='ltr'>Parochmna</span> <span class='ocrx_word' id='word_1_573' title='bbox 378 1505 499 1541; x_wconf 77' lang='lat' dir='ltr'>Ecclesia</span> <span class='ocrx_word' id='word_1_574' title='bbox 517 1516 568 1544; x_wconf 90' lang='lat' dir='ltr'>pro</span> <span class='ocrx_word' id='word_1_575' title='bbox 577 1508 748 1538; x_wconf 80' lang='lat' dir='ltr'>Parocliiali:</span> <span class='ocrx_word' id='word_1_576' title='bbox 774 1516 787 1546; x_wconf 90' lang='lat'><strong>[</strong></span> <span class='ocrx_word' id='word_1_577' title='bbox 796 1512 903 1539; x_wconf 78' lang='lat' dir='ltr'>Placuit</span> 
     </span>
     <span class='ocr_line' id='line_1_72' title="bbox 107 1543 902 1586; baseline 0.011 -15"><span class='ocrx_word' id='word_1_578' title='bbox 107 1543 174 1572; x_wconf 86' lang='lat' dir='ltr'>huic</span> <span class='ocrx_word' id='word_1_579' title='bbox 185 1544 284 1572; x_wconf 64' lang='lat' dir='ltr'>SanRo</span> <span class='ocrx_word' id='word_1_580' title='bbox 291 1544 428 1572; x_wconf 84' lang='lat' dir='ltr'>Concilio</span> <span class='ocrx_word' id='word_1_581' title='bbox 437 1567 444 1577; x_wconf 85' lang='lat'><em>,</em></span> <span class='ocrx_word' id='word_1_582' title='bbox 454 1555 483 1573; x_wconf 87' lang='lat' dir='ltr'>ut</span> <span class='ocrx_word' id='word_1_583' title='bbox 494 1547 584 1575; x_wconf 88' lang='lat' dir='ltr'>nullus</span> <span class='ocrx_word' id='word_1_584' title='bbox 592 1550 747 1586; x_wconf 76' lang='lat' dir='ltr'>provinciae</span> <span class='ocrx_word' id='word_1_585' title='bbox 758 1551 902 1580; x_wconf 75' lang='lat' dir='ltr'>Lufitaniae</span> 
     </span>
    </p>
   </div>
   <div class='ocr_carea' id='block_1_23' title="bbox 958 1510 1761 1580">
    <p class='ocr_par' dir='ltr' id='par_1_23' title="bbox 958 1510 1761 1580">
     <span class='ocr_line' id='line_1_73' title="bbox 958 1510 1761 1579; baseline 0.012 -42"><span class='ocrx_word' id='word_1_586' title='bbox 958 1510 1036 1579; x_wconf 48' lang='lat' dir='ltr'>{ium</span> <span class='ocrx_word' id='word_1_587' title='bbox 1055 1521 1147 1579; x_wconf 77' lang='lat' dir='ltr'>partus</span> <span class='ocrx_word' id='word_1_588' title='bbox 1165 1512 1315 1550; x_wconf 77' lang='lat' dir='ltr'>cxprcssus.</span> <span class='ocrx_word' id='word_1_589' title='bbox 1337 1514 1363 1541; x_wconf 86' lang='lat' dir='ltr'>S.</span> <span class='ocrx_word' id='word_1_590' title='bbox 1375 1515 1571 1552; x_wconf 71' lang='lat' dir='ltr'>Cypriamlib.</span> <span class='ocrx_word' id='word_1_591' title='bbox 1584 1527 1610 1544; x_wconf 87' lang='lat' dir='ltr'>z.</span> <span class='ocrx_word' id='word_1_592' title='bbox 1630 1517 1708 1556; x_wconf 76' lang='lat' dir='ltr'>epist.</span> <span class='ocrx_word' id='word_1_593' title='bbox 1726 1517 1761 1547; x_wconf 84' lang='lat' dir='ltr'>ad</span> 
     </span>
     <span class='ocr_line' id='line_1_74' title="bbox 987 1561 1077 1580; baseline 0.022 -2"><span class='ocrx_word' id='word_1_594' title='bbox 987 1561 1055 1580; x_wconf 86' lang='lat' dir='ltr'>orne</span> <span class='ocrx_word' id='word_1_595' title='bbox 1069 1572 1077 1579; x_wconf 88' lang='lat'>.</span> 
     </span>
    </p>
   </div>
   <div class='ocr_carea' id='block_1_24' title="bbox 108 1583 1760 1633">
    <p class='ocr_par' dir='ltr' id='par_1_24' title="bbox 108 1583 1760 1633">
     <span class='ocr_line' id='line_1_75' title="bbox 108 1583 1760 1633; baseline 0.009 -20"><span class='ocrx_word' id='word_1_596' title='bbox 108 1583 258 1622; x_wconf 76' lang='lat' dir='ltr'>Episcopus</span> <span class='ocrx_word' id='word_1_597' title='bbox 278 1594 292 1611; x_wconf 88' lang='lat' dir='ltr'>a</span> <span class='ocrx_word' id='word_1_598' title='bbox 302 1585 421 1622; x_wconf 78' lang='lat' dir='ltr'>qualibet</span> <span class='ocrx_word' id='word_1_599' title='bbox 432 1586 597 1617; x_wconf 74' lang='lat' dir='ltr'>Parothiana</span> <span class='ocrx_word' id='word_1_600' title='bbox 606 1590 722 1618; x_wconf 72' lang='lat' dir='ltr'>Ecclesia</span> <span class='ocrx_word' id='word_1_601' title='bbox 731 1591 840 1627; x_wconf 81' lang='lat' dir='ltr'>tertiam</span> <span class='ocrx_word' id='word_1_602' title='bbox 858 1603 904 1621; x_wconf 84' lang='lat' dir='ltr'>au-</span> <span class='ocrx_word' id='word_1_603' title='bbox 917 1593 1098 1621; x_wconf 72' lang='grc' dir='ltr'>ΡΑκτιΤυῡο</span> <span class='ocrx_word' id='word_1_604' title='bbox 1109 1614 1117 1626; x_wconf 86' lang='grc'>,</span> <span class='ocrx_word' id='word_1_605' title='bbox 1129 1593 1246 1630; x_wconf 81' lang='lat' dir='ltr'>parturit</span> <span class='ocrx_word' id='word_1_606' title='bbox 1256 1593 1283 1623; x_wconf 94' lang='lat' dir='ltr'>io</span> <span class='ocrx_word' id='word_1_607' title='bbox 1297 1616 1302 1626; x_wconf 90' lang='lat'><em>,</em></span> <span class='ocrx_word' id='word_1_608' title='bbox 1314 1595 1486 1633; x_wconf 83' lang='lat' dir='ltr'>parturiendi</span> <span class='ocrx_word' id='word_1_609' title='bbox 1496 1597 1576 1626; x_wconf 66' lang='lat' dir='ltr'>actus.</span> <span class='ocrx_word' id='word_1_610' title='bbox 1594 1604 1606 1633; x_wconf 91' lang='lat'><strong>[</strong></span> <span class='ocrx_word' id='word_1_611' title='bbox 1618 1599 1699 1628; x_wconf 90' lang='lat' dir='ltr'>Tolle</span> <span class='ocrx_word' id='word_1_612' title='bbox 1709 1598 1760 1628; x_wconf 82' lang='lat' dir='ltr'>do-</span> 
     </span>
    </p>
   </div>
   <div class='ocr_carea' id='block_1_25' title="bbox 108 1622 913 1679">
    <p class='ocr_par' dir='ltr' id='par_1_25' title="bbox 108 1622 913 1679">
     <span class='ocr_line' id='line_1_76' title="bbox 108 1622 913 1679; baseline 0.011 -26"><span class='ocrx_word' id='word_1_613' title='bbox 108 1628 179 1653; x_wconf 77' lang='lat' dir='ltr'>leri-e</span> <span class='ocrx_word' id='word_1_614' title='bbox 188 1623 333 1663; x_wconf 79' lang='lat' dir='ltr'>praesumat</span> <span class='ocrx_word' id='word_1_615' title='bbox 344 1645 352 1657; x_wconf 95' lang='lat'>,</span> <span class='ocrx_word' id='word_1_616' title='bbox 363 1635 420 1653; x_wconf 82' lang='lat' dir='ltr'>can.</span> <span class='ocrx_word' id='word_1_617' title='bbox 431 1626 525 1663; x_wconf 80' lang='lat' dir='ltr'>priscis</span> <span class='ocrx_word' id='word_1_618' title='bbox 536 1650 544 1661; x_wconf 90' lang='lat'><em>‚</em></span> <span class='ocrx_word' id='word_1_619' title='bbox 561 1640 602 1658; x_wconf 89' lang='lat' dir='ltr'>io.</span> <span class='ocrx_word' id='word_1_620' title='bbox 614 1641 631 1669; x_wconf 89' lang='lat' dir='ltr'>q</span> <span class='ocrx_word' id='word_1_621' title='bbox 640 1641 679 1669; x_wconf 86' lang='lat'>.3.</span> <span class='ocrx_word' id='word_1_622' title='bbox 692 1632 731 1659; x_wconf 84' lang='lat' dir='ltr'>Hi</span> <span class='ocrx_word' id='word_1_623' title='bbox 742 1633 816 1660; x_wconf 87' lang='lat' dir='ltr'>enim</span> <span class='ocrx_word' id='word_1_624' title='bbox 829 1622 913 1679; x_wconf 70' lang='lat' dir='ltr'>Pon-¹</span> 
     </span>
    </p>
   </div>
   <div class='ocr_carea' id='block_1_26' title="bbox 957 1633 1605 1671">
    <p class='ocr_par' dir='ltr' id='par_1_26' title="bbox 957 1633 1605 1671">
     <span class='ocr_line' id='line_1_77' title="bbox 957 1633 1605 1671; baseline 0.009 -11"><span class='ocrx_word' id='word_1_625' title='bbox 957 1633 1029 1670; x_wconf 75' lang='lat' dir='ltr'>lpres</span> <span class='ocrx_word' id='word_1_626' title='bbox 1038 1634 1216 1671; x_wconf 76' lang='lat' dir='ltr'>partitudinis</span> <span class='ocrx_word' id='word_1_627' title='bbox 1226 1655 1232 1662; x_wconf 95' lang='lat'>.</span> <span class='ocrx_word' id='word_1_628' title='bbox 1245 1636 1262 1664; x_wconf 84' lang='lat' dir='ltr'>S</span> <span class='ocrx_word' id='word_1_629' title='bbox 1284 1637 1375 1664; x_wconf 79' lang='lat' dir='ltr'>Hilar.</span> <span class='ocrx_word' id='word_1_630' title='bbox 1387 1637 1493 1665; x_wconf 82' lang='lat' dir='ltr'>advers.</span> <span class='ocrx_word' id='word_1_631' title='bbox 1507 1639 1605 1666; x_wconf 79' lang='lat' dir='ltr'>Arian.</span> 
     </span>
    </p>
   </div>
   <div class='ocr_carea' id='block_1_27' title="bbox 109 1665 1760 1718">
    <p class='ocr_par' dir='ltr' id='par_1_27' title="bbox 109 1665 1760 1718">
     <span class='ocr_line' id='line_1_78' title="bbox 109 1665 1760 1718; baseline 0.01 -25"><span class='ocrx_word' id='word_1_632' title='bbox 109 1665 198 1694; x_wconf 84' lang='lat' dir='ltr'>tifices</span> <span class='ocrx_word' id='word_1_633' title='bbox 219 1669 271 1693; x_wconf 64' lang='grc' dir='ltr'>ἃς.</span> <span class='ocrx_word' id='word_1_634' title='bbox 294 1665 474 1695; x_wconf 73' lang='lat' dir='ltr'>parochianas</span> <span class='ocrx_word' id='word_1_635' title='bbox 489 1670 618 1699; x_wconf 79' lang='lat' dir='ltr'>Ecclelias</span> <span class='ocrx_word' id='word_1_636' title='bbox 638 1681 832 1710; x_wconf 75' lang='lat' dir='ltr'>pergravantes</span> <span class='ocrx_word' id='word_1_637' title='bbox 849 1678 901 1703; x_wconf 66' lang='grc' dir='ltr'>ἀς.</span> <span class='ocrx_word' id='word_1_638' title='bbox 917 1674 1045 1701; x_wconf 56' lang='lat' dir='ltr'>Panium</span> <span class='ocrx_word' id='word_1_639' title='bbox 1057 1696 1064 1706; x_wconf 92' lang='lat'><em>,</em></span> <span class='ocrx_word' id='word_1_640' title='bbox 1076 1685 1316 1704; x_wconf 75' lang='lat' dir='ltr'>torneamentum.</span> <span class='ocrx_word' id='word_1_641' title='bbox 1339 1677 1383 1706; x_wconf 89' lang='lat' dir='ltr'>Ut</span> <span class='ocrx_word' id='word_1_642' title='bbox 1408 1678 1555 1711; x_wconf 85' lang='lat' dir='ltr'>[Comites</span> <span class='ocrx_word' id='word_1_643' title='bbox 1567 1680 1738 1718; x_wconf 86' lang='lat' dir='ltr'>pupillorum</span> <span class='ocrx_word' id='word_1_644' title='bbox 1749 1703 1760 1715; x_wconf 92' lang='lat'>‚</span> 
     </span>
    </p>
   </div>
   <div class='ocr_carea' id='block_1_28' title="bbox 63 1707 902 1870">
    <p class='ocr_par' dir='ltr' id='par_1_28' title="bbox 106 1707 650 1750">
     <span class='ocr_line' id='line_1_79' title="bbox 106 1707 650 1750; baseline 0.009 -16"><span class='ocrx_word' id='word_1_645' title='bbox 106 1717 166 1735; x_wconf 85' lang='lat' dir='ltr'>can.</span> <span class='ocrx_word' id='word_1_646' title='bbox 178 1707 256 1735; x_wconf 86' lang='lat' dir='ltr'>Inter</span> <span class='ocrx_word' id='word_1_647' title='bbox 267 1715 363 1735; x_wconf 69' lang='lat' dir='ltr'>caetera</span> <span class='ocrx_word' id='word_1_648' title='bbox 374 1728 382 1740; x_wconf 88' lang='lat'><em>‚</em></span> <span class='ocrx_word' id='word_1_649' title='bbox 391 1708 450 1735; x_wconf 82' lang='lat' dir='ltr'>ead.</span> <span class='ocrx_word' id='word_1_650' title='bbox 465 1718 507 1737; x_wconf 87' lang='lat' dir='ltr'>io.</span> <span class='ocrx_word' id='word_1_651' title='bbox 518 1711 612 1748; x_wconf 81' lang='lat' dir='ltr'>quaest.</span> <span class='ocrx_word' id='word_1_652' title='bbox 623 1723 650 1750; x_wconf 89' lang='lat'>3.</span> 
     </span>
    </p>

    <p class='ocr_par' dir='ltr' id='par_1_29' title="bbox 63 1742 902 1870">
     <span class='ocr_line' id='line_1_80' title="bbox 63 1742 901 1792; baseline 0.012 -18"><span class='ocrx_word' id='word_1_653' title='bbox 63 1742 220 1776; x_wconf 54' lang='lat' dir='ltr'>Panormus</span> <span class='ocrx_word' id='word_1_654' title='bbox 235 1768 241 1779; x_wconf 93' lang='lat'><em>,</em></span> <span class='ocrx_word' id='word_1_655' title='bbox 254 1745 380 1785; x_wconf 66' lang='grc' dir='ltr'>πάροχος</span> <span class='ocrx_word' id='word_1_656' title='bbox 389 1768 396 1780; x_wconf 89' lang='lat'><em>,</em></span> <span class='ocrx_word' id='word_1_657' title='bbox 407 1748 476 1777; x_wconf 83' lang='lat' dir='ltr'>idest</span> <span class='ocrx_word' id='word_1_658' title='bbox 488 1770 495 1781; x_wconf 89' lang='lat'><em>,</em></span> <span class='ocrx_word' id='word_1_659' title='bbox 505 1750 676 1786; x_wconf 75' lang='lat' dir='ltr'>distributor,</span> <span class='ocrx_word' id='word_1_660' title='bbox 687 1754 749 1792; x_wconf 81' lang='lat' dir='ltr'>quia</span> <span class='ocrx_word' id='word_1_661' title='bbox 758 1754 901 1784; x_wconf 77' lang='lat' dir='ltr'>distribue—</span> 
     </span>
     <span class='ocr_line' id='line_1_81' title="bbox 103 1786 902 1835; baseline 0.013 -20"><span class='ocrx_word' id='word_1_662' title='bbox 103 1797 133 1815; x_wconf 90' lang='lat' dir='ltr'>re</span> <span class='ocrx_word' id='word_1_663' title='bbox 145 1808 152 1819; x_wconf 89' lang='lat'>,</span> <span class='ocrx_word' id='word_1_664' title='bbox 163 1797 192 1815; x_wconf 89' lang='lat' dir='ltr'>ac</span> <span class='ocrx_word' id='word_1_665' title='bbox 202 1786 329 1816; x_wconf 84' lang='lat' dir='ltr'>conferre</span> <span class='ocrx_word' id='word_1_666' title='bbox 341 1789 508 1819; x_wconf 79' lang='lat' dir='ltr'>Sacramenta</span> <span class='ocrx_word' id='word_1_667' title='bbox 518 1790 630 1821; x_wconf 77' lang='lat' dir='ltr'>subditis</span> <span class='ocrx_word' id='word_1_668' title='bbox 641 1802 750 1822; x_wconf 87' lang='lat' dir='ltr'>tenetur</span> <span class='ocrx_word' id='word_1_669' title='bbox 761 1816 769 1828; x_wconf 94' lang='lat'>‚</span> <span class='ocrx_word' id='word_1_670' title='bbox 781 1805 832 1834; x_wconf 88' lang='lat' dir='ltr'>pro</span> <span class='ocrx_word' id='word_1_671' title='bbox 841 1798 902 1835; x_wconf 87' lang='lat' dir='ltr'>qui-</span> 
     </span>
     <span class='ocr_line' id='line_1_82' title="bbox 105 1827 900 1870; baseline 0.014 -16"><span class='ocrx_word' id='word_1_672' title='bbox 105 1828 151 1855; x_wconf 85' lang='lat' dir='ltr'>bus</span> <span class='ocrx_word' id='word_1_673' title='bbox 168 1827 316 1865; x_wconf 85' lang='lat' dir='ltr'>aliquando</span> <span class='ocrx_word' id='word_1_674' title='bbox 332 1828 494 1858; x_wconf 76' lang='lat' dir='ltr'>sacrificium</span> <span class='ocrx_word' id='word_1_675' title='bbox 511 1833 646 1870; x_wconf 76' lang='lat' dir='ltr'>applicare</span> <span class='ocrx_word' id='word_1_676' title='bbox 664 1834 763 1868; x_wconf 87' lang='lat' dir='ltr'>debet,</span> <span class='ocrx_word' id='word_1_677' title='bbox 787 1838 900 1865; x_wconf 69' lang='lat' dir='ltr'>concil.</span> 
     </span>
    </p>
   </div>
   <div class='ocr_carea' id='block_1_29' title="bbox 958 1714 1759 1869">
    <p class='ocr_par' dir='ltr' id='par_1_30' title="bbox 958 1714 1759 1869">
     <span class='ocr_line' id='line_1_83' title="bbox 958 1714 1758 1755; baseline 0.01 -14"><span class='ocrx_word' id='word_1_678' title='bbox 958 1717 986 1742; x_wconf 68' lang='grc' dir='ltr'>ὃς</span> <span class='ocrx_word' id='word_1_679' title='bbox 995 1714 1182 1752; x_wconf 76' lang='lat' dir='ltr'>orphanorum</span> <span class='ocrx_word' id='word_1_680' title='bbox 1194 1714 1282 1745; x_wconf 72' lang='lat' dir='ltr'>causas</span> <span class='ocrx_word' id='word_1_681' title='bbox 1294 1719 1414 1755; x_wconf 91' lang='lat' dir='ltr'>primum</span> <span class='ocrx_word' id='word_1_682' title='bbox 1425 1720 1546 1752; x_wconf 82' lang='lat' dir='ltr'>audiant,</span> <span class='ocrx_word' id='word_1_683' title='bbox 1557 1723 1583 1748; x_wconf 75' lang='grc' dir='ltr'>δι</span> <span class='ocrx_word' id='word_1_684' title='bbox 1596 1722 1624 1749; x_wconf 88' lang='lat' dir='ltr'>in</span> <span class='ocrx_word' id='word_1_685' title='bbox 1636 1723 1758 1751; x_wconf 79' lang='lat' dir='ltr'>venatio.</span> 
     </span>
     <span class='ocr_line' id='line_1_84' title="bbox 959 1757 1759 1797; baseline 0.011 -15"><span class='ocrx_word' id='word_1_686' title='bbox 959 1765 1022 1782; x_wconf 84' lang='lat' dir='ltr'>nem</span> <span class='ocrx_word' id='word_1_687' title='bbox 1035 1766 1094 1784; x_wconf 91' lang='lat' dir='ltr'>non</span> <span class='ocrx_word' id='word_1_688' title='bbox 1105 1757 1204 1784; x_wconf 79' lang='lat' dir='ltr'>vadant</span> <span class='ocrx_word' id='word_1_689' title='bbox 1213 1757 1329 1791; x_wconf 81' lang='lat' dir='ltr'>illo-die,</span> <span class='ocrx_word' id='word_1_690' title='bbox 1339 1760 1448 1797; x_wconf 86' lang='lat' dir='ltr'>quando</span> <span class='ocrx_word' id='word_1_691' title='bbox 1460 1759 1591 1797; x_wconf 78' lang='lat' dir='ltr'>placitum</span> <span class='ocrx_word' id='word_1_692' title='bbox 1601 1762 1700 1791; x_wconf 78' lang='lat' dir='ltr'>debent</span> <span class='ocrx_word' id='word_1_693' title='bbox 1710 1773 1759 1791; x_wconf 88' lang='lat' dir='ltr'>cu-</span> 
     </span>
     <span class='ocr_line' id='line_1_85' title="bbox 958 1795 1756 1842; baseline 0.01 -18"><span class='ocrx_word' id='word_1_694' title='bbox 958 1795 1060 1824; x_wconf 83' lang='lat' dir='ltr'>stodire</span> <span class='ocrx_word' id='word_1_695' title='bbox 1070 1818 1078 1829; x_wconf 91' lang='lat'><em>‚</em></span> <span class='ocrx_word' id='word_1_696' title='bbox 1089 1807 1139 1825; x_wconf 89' lang='lat' dir='ltr'>nec</span> <span class='ocrx_word' id='word_1_697' title='bbox 1149 1797 1184 1825; x_wconf 83' lang='lat' dir='ltr'>ad</span> <span class='ocrx_word' id='word_1_698' title='bbox 1195 1808 1303 1836; x_wconf 85' lang='lat' dir='ltr'>partum</span> <span class='ocrx_word' id='word_1_699' title='bbox 1316 1820 1322 1827; x_wconf 93' lang='lat'>.</span> <span class='ocrx_word' id='word_1_700' title='bbox 1336 1801 1368 1827; x_wconf 90' lang='lat' dir='ltr'>In</span> <span class='ocrx_word' id='word_1_701' title='bbox 1379 1801 1502 1828; x_wconf 67' lang='lat' dir='ltr'>Conllit.</span> <span class='ocrx_word' id='word_1_702' title='bbox 1513 1802 1612 1830; x_wconf 84' lang='lat' dir='ltr'>Caroli</span> <span class='ocrx_word' id='word_1_703' title='bbox 1621 1804 1718 1842; x_wconf 86' lang='lat' dir='ltr'>Magni</span> <span class='ocrx_word' id='word_1_704' title='bbox 1731 1806 1756 1836; x_wconf 86' lang='lat'>.]</span> 
     </span>
     <span class='ocr_line' id='line_1_86' title="bbox 958 1837 1502 1869; baseline 0.009 -5"><span class='ocrx_word' id='word_1_705' title='bbox 958 1837 1033 1864; x_wconf 87' lang='lat' dir='ltr'>Vide</span> <span class='ocrx_word' id='word_1_706' title='bbox 1054 1843 1306 1867; x_wconf 74' lang='lat' dir='ltr'>Torneamentum.</span> <span class='ocrx_word' id='word_1_707' title='bbox 1329 1844 1483 1869; x_wconf 61' lang='lat' dir='ltr'>Tornatrix</span> <span class='ocrx_word' id='word_1_708' title='bbox 1495 1861 1502 1868; x_wconf 92' lang='lat'>.</span> 
     </span>
    </p>
   </div>
   <div class='ocr_carea' id='block_1_30' title="bbox 104 1866 1757 1923">
    <p class='ocr_par' dir='ltr' id='par_1_31' title="bbox 104 1866 1757 1923">
     <span class='ocr_line' id='line_1_87' title="bbox 104 1866 1757 1923; baseline 0.011 -29"><span class='ocrx_word' id='word_1_709' title='bbox 104 1867 232 1897; x_wconf 59' lang='lat' dir='ltr'>sssrident.</span> <span class='ocrx_word' id='word_1_710' title='bbox 245 1866 302 1895; x_wconf 69' lang='lat' dir='ltr'>scssi</span> <span class='ocrx_word' id='word_1_711' title='bbox 314 1879 360 1906; x_wconf 75' lang='lat'>23.</span> <span class='ocrx_word' id='word_1_712' title='bbox 371 1880 429 1907; x_wconf 87' lang='lat' dir='ltr'>cap.</span> <span class='ocrx_word' id='word_1_713' title='bbox 446 1882 468 1898; x_wconf 86' lang='lat'>1.</span> <span class='ocrx_word' id='word_1_714' title='bbox 486 1874 646 1910; x_wconf 66' lang='lat' dir='ltr'>qiiodiyuxta</span> <span class='ocrx_word' id='word_1_715' title='bbox 655 1885 831 1905; x_wconf 85' lang='lat' dir='ltr'>communem</span> <span class='ocrx_word' id='word_1_716' title='bbox 841 1879 902 1907; x_wconf 83' lang='lat' dir='ltr'>Do-</span> <span class='ocrx_word' id='word_1_717' title='bbox 915 1877 1077 1906; x_wconf 63' lang='lat' dir='ltr'>Pmtvmco</span> <span class='ocrx_word' id='word_1_718' title='bbox 1088 1899 1095 1910; x_wconf 90' lang='lat'><em>‚</em></span> <span class='ocrx_word' id='word_1_719' title='bbox 1108 1878 1176 1906; x_wconf 88' lang='lat' dir='ltr'>idest</span> <span class='ocrx_word' id='word_1_720' title='bbox 1188 1900 1196 1912; x_wconf 94' lang='lat'><em>‚</em></span> <span class='ocrx_word' id='word_1_721' title='bbox 1210 1889 1328 1917; x_wconf 62' lang='lat' dir='ltr'>parvum</span> <span class='ocrx_word' id='word_1_722' title='bbox 1338 1879 1406 1909; x_wconf 75' lang='lat' dir='ltr'>facio</span> <span class='ocrx_word' id='word_1_723' title='bbox 1418 1903 1426 1915; x_wconf 93' lang='lat'><em>,</em></span> <span class='ocrx_word' id='word_1_724' title='bbox 1437 1881 1533 1911; x_wconf 86' lang='lat' dir='ltr'>minuo</span> <span class='ocrx_word' id='word_1_725' title='bbox 1545 1903 1552 1910; x_wconf 96' lang='lat'>.</span> <span class='ocrx_word' id='word_1_726' title='bbox 1567 1883 1641 1913; x_wconf 86' lang='lat' dir='ltr'>Vide</span> <span class='ocrx_word' id='word_1_727' title='bbox 1650 1885 1757 1923; x_wconf 78' lang='lat' dir='ltr'>Episco-</span> 
     </span>
    </p>
   </div>
   <div class='ocr_carea' id='block_1_31' title="bbox 103 1908 897 1953">
    <p class='ocr_par' dir='ltr' id='par_1_32' title="bbox 103 1908 897 1953">
     <span class='ocr_line' id='line_1_88' title="bbox 103 1908 897 1953; baseline 0.013 -17"><span class='ocrx_word' id='word_1_728' title='bbox 103 1909 210 1936; x_wconf 70' lang='lat' dir='ltr'>ctorum</span> <span class='ocrx_word' id='word_1_729' title='bbox 222 1908 384 1946; x_wconf 85' lang='lat' dir='ltr'>opinionem</span> <span class='ocrx_word' id='word_1_730' title='bbox 398 1910 611 1951; x_wconf 84' lang='lat' dir='ltr'>intelligendum</span> <span class='ocrx_word' id='word_1_731' title='bbox 622 1915 660 1944; x_wconf 86' lang='lat' dir='ltr'>est</span> <span class='ocrx_word' id='word_1_732' title='bbox 679 1916 708 1944; x_wconf 86' lang='lat' dir='ltr'>iii</span> <span class='ocrx_word' id='word_1_733' title='bbox 718 1917 878 1947; x_wconf 83' lang='lat' dir='ltr'>Dominicis</span> <span class='ocrx_word' id='word_1_734' title='bbox 889 1941 897 1953; x_wconf 86' lang='lat'>,</span> 
     </span>
    </p>
   </div>
   <div class='ocr_carea' id='block_1_32' title="bbox 953 1919 1157 1955">
    <p class='ocr_par' dir='ltr' id='par_1_33' title="bbox 953 1919 1157 1955">
     <span class='ocr_line' id='line_1_89' title="bbox 953 1919 1157 1955; baseline 0.005 -9"><span class='ocrx_word' id='word_1_735' title='bbox 953 1925 986 1955; x_wconf 87' lang='lat' dir='ltr'>po</span> <span class='ocrx_word' id='word_1_736' title='bbox 996 1940 1003 1951; x_wconf 94' lang='lat'><em>‚</em></span> <span class='ocrx_word' id='word_1_737' title='bbox 1028 1919 1140 1947; x_wconf 79' lang='lat' dir='ltr'>verbum</span> <span class='ocrx_word' id='word_1_738' title='bbox 1150 1939 1157 1946; x_wconf 90' lang='lat'>.</span> 
     </span>
    </p>
   </div>
   <div class='ocr_carea' id='block_1_33' title="bbox 100 1949 1758 2005">
    <p class='ocr_par' dir='ltr' id='par_1_34' title="bbox 100 1949 1758 2005">
     <span class='ocr_line' id='line_1_90' title="bbox 100 1949 1758 2005; baseline 0.014 -29"><span class='ocrx_word' id='word_1_739' title='bbox 100 1952 130 1977; x_wconf 66' lang='grc' dir='ltr'>ὅ(</span> <span class='ocrx_word' id='word_1_740' title='bbox 143 1949 338 1987; x_wconf 79' lang='lat' dir='ltr'>principalibus</span> <span class='ocrx_word' id='word_1_741' title='bbox 347 1950 466 1980; x_wconf 80' lang='lat' dir='ltr'>Domini</span> <span class='ocrx_word' id='word_1_742' title='bbox 480 1952 670 1986; x_wconf 64' lang='lat' dir='ltr'>festivitatibus</span> <span class='ocrx_word' id='word_1_743' title='bbox 682 1978 690 1990; x_wconf 80' lang='lat'><em>‚</em></span> <span class='ocrx_word' id='word_1_744' title='bbox 703 1959 747 1987; x_wconf 83' lang='lat' dir='ltr'>vel</span> <span class='ocrx_word' id='word_1_745' title='bbox 757 1957 851 1987; x_wconf 79' lang='lat' dir='ltr'>saltem</span> <span class='ocrx_word' id='word_1_746' title='bbox 861 1959 900 1988; x_wconf 81' lang='lat' dir='ltr'>se-</span> <span class='ocrx_word' id='word_1_747' title='bbox 916 1959 1083 1988; x_wconf 74' lang='grc' dir='ltr'>ΡΑκνιειυΜ</span> <span class='ocrx_word' id='word_1_748' title='bbox 1094 1971 1105 1992; x_wconf 78' lang='grc'><strong><em>;</em></strong></span> <span class='ocrx_word' id='word_1_749' title='bbox 1129 1969 1185 1988; x_wconf 73' lang='lat' dir='ltr'>erat</span> <span class='ocrx_word' id='word_1_750' title='bbox 1205 1961 1330 1990; x_wconf 80' lang='lat' dir='ltr'>Ecclefiae</span> <span class='ocrx_word' id='word_1_751' title='bbox 1349 1972 1531 2000; x_wconf 76' lang='lat' dir='ltr'>parsextei-na</span> <span class='ocrx_word' id='word_1_752' title='bbox 1543 1986 1550 1998; x_wconf 86' lang='lat'><em>,</em></span> <span class='ocrx_word' id='word_1_753' title='bbox 1574 1964 1604 1994; x_wconf 88' lang='lat' dir='ltr'>in</span> <span class='ocrx_word' id='word_1_754' title='bbox 1615 1976 1666 2005; x_wconf 73' lang='lat' dir='ltr'>qua</span> <span class='ocrx_word' id='word_1_755' title='bbox 1675 1965 1758 1994; x_wconf 74' lang='lat' dir='ltr'>fiebat</span> 
     </span>
    </p>
   </div>
   <div class='ocr_carea' id='block_1_34' title="bbox 62 1989 898 2239">
    <p class='ocr_par' dir='ltr' id='par_1_35' title="bbox 62 1989 898 2239">
     <span class='ocr_line' id='line_1_91' title="bbox 102 1989 898 2037; baseline 0.015 -21"><span class='ocrx_word' id='word_1_756' title='bbox 102 1991 158 2018; x_wconf 87' lang='lat' dir='ltr'>mel</span> <span class='ocrx_word' id='word_1_757' title='bbox 169 2001 198 2018; x_wconf 81' lang='lat' dir='ltr'>in</span> <span class='ocrx_word' id='word_1_758' title='bbox 210 1989 377 2019; x_wconf 63' lang='lat' dir='ltr'>hebdomada</span> <span class='ocrx_word' id='word_1_759' title='bbox 387 2011 395 2019; x_wconf 89' lang='lat'>.</span> <span class='ocrx_word' id='word_1_760' title='bbox 407 1994 564 2029; x_wconf 65' lang='lat' dir='ltr'>Bonaeinax,</span> <span class='ocrx_word' id='word_1_761' title='bbox 575 2007 620 2035; x_wconf 77' lang='lat' dir='ltr'>qu.</span> <span class='ocrx_word' id='word_1_762' title='bbox 631 1998 682 2025; x_wconf 89' lang='lat' dir='ltr'>ult.</span> <span class='ocrx_word' id='word_1_763' title='bbox 693 1999 785 2036; x_wconf 67' lang='lat' dir='ltr'>punst.</span> <span class='ocrx_word' id='word_1_764' title='bbox 796 2010 823 2037; x_wconf 85' lang='lat'>3.</span> <span class='ocrx_word' id='word_1_765' title='bbox 846 2001 898 2029; x_wconf 86' lang='lat' dir='ltr'>Sed</span> 
     </span>
     <span class='ocr_line' id='line_1_92' title="bbox 62 2029 897 2075; baseline 0.016 -19"><span class='ocrx_word' id='word_1_766' title='bbox 62 2032 65 2033; x_wconf 51' lang='lat'><em>⁷</em></span> <span class='ocrx_word' id='word_1_767' title='bbox 102 2040 117 2058; x_wconf 77' lang='lat' dir='ltr'>a</span> <span class='ocrx_word' id='word_1_768' title='bbox 128 2029 264 2069; x_wconf 73' lang='lat' dir='ltr'>plerisque</span> <span class='ocrx_word' id='word_1_769' title='bbox 273 2030 428 2071; x_wconf 77' lang='lat' dir='ltr'>Theologis</span> <span class='ocrx_word' id='word_1_770' title='bbox 438 2054 446 2066; x_wconf 87' lang='lat'><em>,</em></span> <span class='ocrx_word' id='word_1_771' title='bbox 455 2036 590 2075; x_wconf 79' lang='lat' dir='ltr'>praecipue</span> <span class='ocrx_word' id='word_1_772' title='bbox 601 2038 700 2067; x_wconf 69' lang='lat' dir='ltr'>Sunrez</span> <span class='ocrx_word' id='word_1_773' title='bbox 710 2060 718 2072; x_wconf 89' lang='lat'><em>‚</em></span> <span class='ocrx_word' id='word_1_774' title='bbox 730 2039 832 2068; x_wconf 73' lang='lat' dir='ltr'>Aversa</span> <span class='ocrx_word' id='word_1_775' title='bbox 846 2063 853 2073; x_wconf 89' lang='lat'><em>,</em></span> <span class='ocrx_word' id='word_1_776' title='bbox 870 2045 897 2070; x_wconf 73' lang='grc' dir='ltr'>ὃ(</span> 
     </span>
     <span class='ocr_line' id='line_1_93' title="bbox 101 2070 896 2115; baseline 0.014 -16"><span class='ocrx_word' id='word_1_777' title='bbox 101 2071 195 2100; x_wconf 83' lang='lat' dir='ltr'>Diana</span> <span class='ocrx_word' id='word_1_778' title='bbox 213 2092 221 2104; x_wconf 91' lang='lat'><em>‚</em></span> <span class='ocrx_word' id='word_1_779' title='bbox 248 2070 407 2107; x_wconf 81' lang='lat' dir='ltr'>hujusmodi</span> <span class='ocrx_word' id='word_1_780' title='bbox 423 2074 558 2115; x_wconf 73' lang='lat' dir='ltr'>obligatio</span> <span class='ocrx_word' id='word_1_781' title='bbox 586 2077 617 2106; x_wconf 86' lang='lat' dir='ltr'>in</span> <span class='ocrx_word' id='word_1_782' title='bbox 637 2079 762 2108; x_wconf 83' lang='lat' dir='ltr'>Parocho</span> <span class='ocrx_word' id='word_1_783' title='bbox 780 2082 896 2110; x_wconf 82' lang='lat' dir='ltr'>minime</span> 
     </span>
     <span class='ocr_line' id='line_1_94' title="bbox 100 2111 897 2151; baseline 0.016 -14"><span class='ocrx_word' id='word_1_784' title='bbox 100 2111 278 2151; x_wconf 72' lang='lat' dir='ltr'>agnoscitur,</span> <span class='ocrx_word' id='word_1_785' title='bbox 298 2116 326 2140; x_wconf 74' lang='grc' dir='ltr'>ὅ(</span> <span class='ocrx_word' id='word_1_786' title='bbox 337 2115 525 2145; x_wconf 56' lang='lat' dir='ltr'>austeritatem</span> <span class='ocrx_word' id='word_1_787' title='bbox 535 2119 661 2148; x_wconf 89' lang='lat' dir='ltr'>Concilii</span> <span class='ocrx_word' id='word_1_788' title='bbox 672 2121 836 2149; x_wconf 87' lang='lat' dir='ltr'>Tridentini</span> <span class='ocrx_word' id='word_1_789' title='bbox 854 2122 897 2151; x_wconf 89' lang='lat' dir='ltr'>su-</span> 
     </span>
     <span class='ocr_line' id='line_1_95' title="bbox 106 2153 896 2202; baseline 0.015 -23"><span class='ocrx_word' id='word_1_790' title='bbox 106 2162 153 2190; x_wconf 87' lang='lat' dir='ltr'>pra</span> <span class='ocrx_word' id='word_1_791' title='bbox 163 2153 306 2186; x_wconf 67' lang='lat' dir='ltr'>addufiam</span> <span class='ocrx_word' id='word_1_792' title='bbox 317 2155 455 2192; x_wconf 78' lang='lat' dir='ltr'>explicam</span> <span class='ocrx_word' id='word_1_793' title='bbox 465 2158 632 2198; x_wconf 71' lang='lat' dir='ltr'>intelligide</span> <span class='ocrx_word' id='word_1_794' title='bbox 643 2160 829 2198; x_wconf 79' lang='lat' dir='ltr'>applicatione</span> <span class='ocrx_word' id='word_1_795' title='bbox 841 2173 896 2202; x_wconf 88' lang='lat' dir='ltr'>quo</span> 
     </span>
     <span class='ocr_line' id='line_1_96' title="bbox 101 2192 894 2239; baseline 0.015 -19"><span class='ocrx_word' id='word_1_796' title='bbox 101 2192 136 2221; x_wconf 86' lang='lat' dir='ltr'>ad</span> <span class='ocrx_word' id='word_1_797' title='bbox 145 2194 371 2234; x_wconf 82' lang='lat' dir='ltr'>impetrationem</span> <span class='ocrx_word' id='word_1_798' title='bbox 380 2217 389 2229; x_wconf 93' lang='lat'>‚</span> <span class='ocrx_word' id='word_1_799' title='bbox 410 2207 470 2225; x_wconf 84' lang='lat' dir='ltr'>non</span> <span class='ocrx_word' id='word_1_800' title='bbox 478 2208 548 2229; x_wconf 88' lang='lat' dir='ltr'>vero</span> <span class='ocrx_word' id='word_1_801' title='bbox 557 2210 612 2239; x_wconf 89' lang='lat' dir='ltr'>quo</span> <span class='ocrx_word' id='word_1_802' title='bbox 623 2201 656 2229; x_wconf 83' lang='lat' dir='ltr'>ad</span> <span class='ocrx_word' id='word_1_803' title='bbox 665 2200 878 2232; x_wconf 67' lang='lat' dir='ltr'>satisfactionem</span> <span class='ocrx_word' id='word_1_804' title='bbox 887 2224 894 2232; x_wconf 89' lang='lat'>.</span> 
     </span>
    </p>
   </div>
   <div class='ocr_carea' id='block_1_35' title="bbox 954 1999 1759 2206">
    <p class='ocr_par' dir='ltr' id='par_1_36' title="bbox 954 1999 1759 2206">
     <span class='ocr_line' id='line_1_97' title="bbox 955 1999 1759 2045; baseline 0.011 -18"><span class='ocrx_word' id='word_1_805' title='bbox 955 2009 1005 2037; x_wconf 81' lang='lat' dir='ltr'>pro</span> <span class='ocrx_word' id='word_1_806' title='bbox 1016 2001 1106 2038; x_wconf 83' lang='lat' dir='ltr'>pueris</span> <span class='ocrx_word' id='word_1_807' title='bbox 1114 1999 1217 2033; x_wconf 83' lang='lat' dir='ltr'>schola,</span> <span class='ocrx_word' id='word_1_808' title='bbox 1227 2012 1261 2030; x_wconf 84' lang='lat' dir='ltr'>ex</span> <span class='ocrx_word' id='word_1_809' title='bbox 1274 2013 1341 2032; x_wconf 71' lang='lat' dir='ltr'>voce</span> <span class='ocrx_word' id='word_1_810' title='bbox 1353 2005 1452 2042; x_wconf 83' lang='lat' dir='ltr'>gallica</span> <span class='ocrx_word' id='word_1_811' title='bbox 1463 2010 1578 2039; x_wconf 74' lang='lat' dir='ltr'>Par-vis,</span> <span class='ocrx_word' id='word_1_812' title='bbox 1591 2007 1661 2035; x_wconf 83' lang='lat' dir='ltr'>idest</span> <span class='ocrx_word' id='word_1_813' title='bbox 1673 2028 1680 2040; x_wconf 91' lang='lat'><em>‚</em></span> <span class='ocrx_word' id='word_1_814' title='bbox 1693 2016 1759 2045; x_wconf 87' lang='lat' dir='ltr'>por-</span> 
     </span>
     <span class='ocr_line' id='line_1_98' title="bbox 955 2040 1757 2082; baseline 0.012 -15"><span class='ocrx_word' id='word_1_815' title='bbox 955 2050 1022 2068; x_wconf 84' lang='lat' dir='ltr'>ticus</span> <span class='ocrx_word' id='word_1_816' title='bbox 1036 2062 1042 2073; x_wconf 86' lang='lat'>‚</span> <span class='ocrx_word' id='word_1_817' title='bbox 1054 2040 1099 2068; x_wconf 88' lang='lat' dir='ltr'>seu</span> <span class='ocrx_word' id='word_1_818' title='bbox 1110 2042 1210 2070; x_wconf 83' lang='lat' dir='ltr'>ati-ium</span> <span class='ocrx_word' id='word_1_819' title='bbox 1221 2044 1353 2077; x_wconf 69' lang='lat' dir='ltr'>Eccleliae,</span> <span class='ocrx_word' id='word_1_820' title='bbox 1366 2045 1422 2081; x_wconf 87' lang='lat' dir='ltr'>vel,</span> <span class='ocrx_word' id='word_1_821' title='bbox 1433 2055 1462 2074; x_wconf 89' lang='lat' dir='ltr'>ut</span> <span class='ocrx_word' id='word_1_822' title='bbox 1473 2046 1520 2074; x_wconf 80' lang='lat' dir='ltr'>alii</span> <span class='ocrx_word' id='word_1_823' title='bbox 1530 2047 1634 2076; x_wconf 77' lang='lat' dir='ltr'>malent</span> <span class='ocrx_word' id='word_1_824' title='bbox 1646 2069 1655 2082; x_wconf 88' lang='lat'><em>,</em></span> <span class='ocrx_word' id='word_1_825' title='bbox 1665 2053 1757 2076; x_wconf 78' lang='lat' dir='ltr'>al’ar-</span> 
     </span>
     <span class='ocr_line' id='line_1_99' title="bbox 954 2081 1757 2128; baseline 0.009 -19"><span class='ocrx_word' id='word_1_826' title='bbox 954 2086 1001 2110; x_wconf 69' lang='lat' dir='ltr'>vis</span> <span class='ocrx_word' id='word_1_827' title='bbox 1013 2082 1097 2110; x_wconf 82' lang='lat' dir='ltr'>latine</span> <span class='ocrx_word' id='word_1_828' title='bbox 1108 2103 1116 2114; x_wconf 89' lang='lat'><em>,</em></span> <span class='ocrx_word' id='word_1_829' title='bbox 1128 2081 1236 2111; x_wconf 81' lang='lat' dir='ltr'>scilicet</span> <span class='ocrx_word' id='word_1_830' title='bbox 1249 2106 1255 2115; x_wconf 91' lang='lat'>‚</span> <span class='ocrx_word' id='word_1_831' title='bbox 1268 2086 1358 2122; x_wconf 86' lang='lat' dir='ltr'>pneris</span> <span class='ocrx_word' id='word_1_832' title='bbox 1368 2106 1374 2112; x_wconf 95' lang='lat'>.</span> <span class='ocrx_word' id='word_1_833' title='bbox 1390 2091 1400 2120; x_wconf 96' lang='lat'>[</span> <span class='ocrx_word' id='word_1_834' title='bbox 1414 2087 1572 2126; x_wconf 79' lang='lat' dir='ltr'>Cogebatur</span> <span class='ocrx_word' id='word_1_835' title='bbox 1584 2088 1631 2118; x_wconf 88' lang='lat' dir='ltr'>ille</span> <span class='ocrx_word' id='word_1_836' title='bbox 1641 2099 1757 2128; x_wconf 81' lang='lat' dir='ltr'>pauper-</span> 
     </span>
     <span class='ocr_line' id='line_1_100' title="bbox 958 2123 1756 2168; baseline 0.011 -19"><span class='ocrx_word' id='word_1_837' title='bbox 958 2123 1033 2150; x_wconf 84' lang='lat' dir='ltr'>culus</span> <span class='ocrx_word' id='word_1_838' title='bbox 1043 2123 1137 2150; x_wconf 85' lang='lat' dir='ltr'>inultis</span> <span class='ocrx_word' id='word_1_839' title='bbox 1147 2124 1238 2152; x_wconf 79' lang='lat' dir='ltr'>diebus</span> <span class='ocrx_word' id='word_1_840' title='bbox 1248 2125 1369 2154; x_wconf 78' lang='lat' dir='ltr'>scholam</span> <span class='ocrx_word' id='word_1_841' title='bbox 1379 2129 1644 2161; x_wconf 78' lang='lat' dir='ltr'>exercens‚venditis</span> <span class='ocrx_word' id='word_1_842' title='bbox 1655 2131 1684 2158; x_wconf 90' lang='lat' dir='ltr'>in</span> <span class='ocrx_word' id='word_1_843' title='bbox 1695 2139 1756 2168; x_wconf 66' lang='lat' dir='ltr'>pai*-</span> 
     </span>
     <span class='ocr_line' id='line_1_101' title="bbox 955 2164 1756 2206; baseline 0.011 -16"><span class='ocrx_word' id='word_1_844' title='bbox 955 2164 1026 2192; x_wconf 80' lang='lat' dir='ltr'>viiio</span> <span class='ocrx_word' id='word_1_845' title='bbox 1036 2164 1134 2192; x_wconf 83' lang='lat' dir='ltr'>libellis</span> <span class='ocrx_word' id='word_1_846' title='bbox 1145 2185 1153 2197; x_wconf 92' lang='lat'><em>‚</em></span> <span class='ocrx_word' id='word_1_847' title='bbox 1166 2165 1253 2193; x_wconf 83' lang='lat' dir='ltr'>vitam</span> <span class='ocrx_word' id='word_1_848' title='bbox 1264 2166 1416 2196; x_wconf 81' lang='lat' dir='ltr'>famelicam</span> <span class='ocrx_word' id='word_1_849' title='bbox 1429 2169 1567 2206; x_wconf 82' lang='lat' dir='ltr'>protelare</span> <span class='ocrx_word' id='word_1_850' title='bbox 1578 2190 1585 2198; x_wconf 93' lang='lat'>.</span> <span class='ocrx_word' id='word_1_851' title='bbox 1597 2169 1756 2200; x_wconf 77' lang='lat' dir='ltr'>Manli-Pa-</span> 
     </span>
    </p>
   </div>
   <div class='ocr_carea' id='block_1_36' title="bbox 948 2203 1113 2233">
    <p class='ocr_par' dir='ltr' id='par_1_37' title="bbox 948 2203 1113 2233">
     <span class='ocr_line' id='line_1_102' title="bbox 948 2203 1113 2233; baseline -0.006 0"><span class='ocrx_word' id='word_1_852' title='bbox 948 2203 998 2233; x_wconf 78' lang='lat' dir='ltr'>ris.</span> <span class='ocrx_word' id='word_1_853' title='bbox 1010 2203 1113 2232; x_wconf 80' lang='lat' dir='ltr'>inhist.</span> 
     </span>
    </p>
   </div>
   <div class='ocr_carea' id='block_1_37' title="bbox 99 2233 1756 2292">
    <p class='ocr_par' dir='ltr' id='par_1_38' title="bbox 99 2233 1756 2292">
     <span class='ocr_line' id='line_1_103' title="bbox 99 2233 1756 2292; baseline 0.012 -31"><span class='ocrx_word' id='word_1_854' title='bbox 99 2233 238 2263; x_wconf 75' lang='lat' dir='ltr'>parochus</span> <span class='ocrx_word' id='word_1_855' title='bbox 247 2235 362 2264; x_wconf 88' lang='lat' dir='ltr'>enimin</span> <span class='ocrx_word' id='word_1_856' title='bbox 371 2236 456 2266; x_wconf 58' lang='lat' dir='ltr'>Missfiae</span> <span class='ocrx_word' id='word_1_857' title='bbox 468 2238 600 2269; x_wconf 81' lang='lat' dir='ltr'>sacrificio</span> <span class='ocrx_word' id='word_1_858' title='bbox 609 2250 720 2270; x_wconf 87' lang='lat' dir='ltr'>tenetur</span> <span class='ocrx_word' id='word_1_859' title='bbox 738 2253 790 2281; x_wconf 80' lang='lat' dir='ltr'>pro</span> <span class='ocrx_word' id='word_1_860' title='bbox 798 2246 895 2274; x_wconf 85' lang='lat' dir='ltr'>ovibus</span> <span class='ocrx_word' id='word_1_861' title='bbox 912 2245 1034 2274; x_wconf 72' lang='grc' dir='ltr'><strong>ΡΑςςΗΑ</strong></span> <span class='ocrx_word' id='word_1_862' title='bbox 1047 2265 1054 2272; x_wconf 95' lang='grc'><em>.</em></span> <span class='ocrx_word' id='word_1_863' title='bbox 1069 2251 1081 2280; x_wconf 95' lang='grc'>[</span> <span class='ocrx_word' id='word_1_864' title='bbox 1092 2245 1193 2274; x_wconf 83' lang='lat' dir='ltr'>Pascha</span> <span class='ocrx_word' id='word_1_865' title='bbox 1204 2268 1212 2279; x_wconf 90' lang='lat'><em>,</em></span> <span class='ocrx_word' id='word_1_866' title='bbox 1231 2246 1357 2278; x_wconf 83' lang='lat' dir='ltr'>hebraice</span> <span class='ocrx_word' id='word_1_867' title='bbox 1365 2249 1469 2280; x_wconf 81' lang='lat' dir='ltr'>dicitur</span> <span class='ocrx_word' id='word_1_868' title='bbox 1477 2251 1566 2289; x_wconf 81' lang='lat' dir='ltr'>Pbase</span> <span class='ocrx_word' id='word_1_869' title='bbox 1577 2273 1585 2285; x_wconf 89' lang='lat'>‚</span> <span class='ocrx_word' id='word_1_870' title='bbox 1605 2261 1661 2280; x_wconf 88' lang='lat' dir='ltr'>non</span> <span class='ocrx_word' id='word_1_871' title='bbox 1671 2262 1686 2280; x_wconf 81' lang='lat' dir='ltr'>a</span> <span class='ocrx_word' id='word_1_872' title='bbox 1696 2251 1756 2292; x_wconf 82' lang='lat' dir='ltr'>pas-</span> 
     </span>
    </p>
   </div>
   <div class='ocr_carea' id='block_1_38' title="bbox 92 2272 894 2405">
    <p class='ocr_par' dir='ltr' id='par_1_39' title="bbox 92 2272 894 2405">
     <span class='ocr_line' id='line_1_104' title="bbox 96 2272 894 2322; baseline 0.016 -20"><span class='ocrx_word' id='word_1_873' title='bbox 96 2272 150 2303; x_wconf 80' lang='lat' dir='ltr'>suae</span> <span class='ocrx_word' id='word_1_874' title='bbox 159 2285 230 2304; x_wconf 67' lang='grc' dir='ltr'>(ιιι-,ε</span> <span class='ocrx_word' id='word_1_875' title='bbox 242 2276 390 2305; x_wconf 81' lang='lat' dir='ltr'>commissis</span> <span class='ocrx_word' id='word_1_876' title='bbox 399 2288 477 2307; x_wconf 82' lang='lat' dir='ltr'>orare</span> <span class='ocrx_word' id='word_1_877' title='bbox 487 2302 495 2314; x_wconf 92' lang='lat'><em>‚</em></span> <span class='ocrx_word' id='word_1_878' title='bbox 514 2292 571 2318; x_wconf 90' lang='lat' dir='ltr'>non</span> <span class='ocrx_word' id='word_1_879' title='bbox 580 2291 670 2312; x_wconf 88' lang='lat' dir='ltr'>:iutem</span> <span class='ocrx_word' id='word_1_880' title='bbox 682 2293 699 2322; x_wconf 93' lang='lat' dir='ltr'>p</span> <span class='ocrx_word' id='word_1_881' title='bbox 706 2293 737 2312; x_wconf 91' lang='lat' dir='ltr'>ro</span> <span class='ocrx_word' id='word_1_882' title='bbox 747 2285 784 2312; x_wconf 68' lang='lat' dir='ltr'>eis</span> <span class='ocrx_word' id='word_1_883' title='bbox 794 2284 894 2315; x_wconf 79' lang='lat' dir='ltr'>sacrifi—</span> 
     </span>
     <span class='ocr_line' id='line_1_105' title="bbox 92 2314 893 2362; baseline 0.015 -19"><span class='ocrx_word' id='word_1_884' title='bbox 92 2314 133 2358; x_wconf 52' lang='lat' dir='ltr'>cii</span> <span class='ocrx_word' id='word_1_885' title='bbox 144 2317 266 2345; x_wconf 81' lang='lat' dir='ltr'>valorem</span> <span class='ocrx_word' id='word_1_886' title='bbox 278 2319 414 2357; x_wconf 79' lang='lat' dir='ltr'>applicare</span> <span class='ocrx_word' id='word_1_887' title='bbox 424 2330 433 2351; x_wconf 72' lang='grc' dir='ltr'><strong>ς</strong></span> <span class='ocrx_word' id='word_1_888' title='bbox 444 2320 508 2350; x_wconf 86' lang='lat' dir='ltr'>licet</span> <span class='ocrx_word' id='word_1_889' title='bbox 517 2333 671 2362; x_wconf 80' lang='lat' dir='ltr'>congruum</span> <span class='ocrx_word' id='word_1_890' title='bbox 682 2324 752 2352; x_wconf 88' lang='lat' dir='ltr'>mihi</span> <span class='ocrx_word' id='word_1_891' title='bbox 765 2325 893 2355; x_wconf 81' lang='lat' dir='ltr'>videatur</span> 
     </span>
     <span class='ocr_line' id='line_1_106' title="bbox 92 2357 891 2405; baseline 0.014 -18"><span class='ocrx_word' id='word_1_892' title='bbox 92 2363 128 2387; x_wconf 69' lang='grc' dir='ltr'>ω</span> <span class='ocrx_word' id='word_1_893' title='bbox 143 2357 276 2397; x_wconf 72' lang='lat' dir='ltr'>aliquibus</span> <span class='ocrx_word' id='word_1_894' title='bbox 294 2358 513 2394; x_wconf 77' lang='lat' dir='ltr'>solemnitatibus</span> <span class='ocrx_word' id='word_1_895' title='bbox 534 2373 586 2404; x_wconf 82' lang='lat' dir='ltr'>pro</span> <span class='ocrx_word' id='word_1_896' title='bbox 594 2365 632 2394; x_wconf 81' lang='lat' dir='ltr'>eis</span> <span class='ocrx_word' id='word_1_897' title='bbox 641 2366 778 2405; x_wconf 76' lang='lat' dir='ltr'>applicare</span> <span class='ocrx_word' id='word_1_898' title='bbox 790 2365 891 2398; x_wconf 84' lang='lat' dir='ltr'>sacrifi·</span> 
     </span>
    </p>
   </div>
   <div class='ocr_carea' id='block_1_39' title="bbox 951 2286 1755 2445">
    <p class='ocr_par' dir='ltr' id='par_1_40' title="bbox 951 2286 1755 2329">
     <span class='ocr_line' id='line_1_107' title="bbox 951 2286 1755 2329; baseline 0.011 -16"><span class='ocrx_word' id='word_1_899' title='bbox 951 2286 1026 2314; x_wconf 80' lang='lat' dir='ltr'>lione</span> <span class='ocrx_word' id='word_1_900' title='bbox 1037 2307 1045 2319; x_wconf 88' lang='lat'>,</span> <span class='ocrx_word' id='word_1_901' title='bbox 1055 2296 1086 2314; x_wconf 81' lang='lat' dir='ltr'>ut</span> <span class='ocrx_word' id='word_1_902' title='bbox 1099 2287 1226 2325; x_wconf 85' lang='lat' dir='ltr'>plerique</span> <span class='ocrx_word' id='word_1_903' title='bbox 1236 2290 1420 2322; x_wconf 72' lang='lat' dir='ltr'>arbitrantars</span> <span class='ocrx_word' id='word_1_904' title='bbox 1435 2290 1481 2320; x_wconf 86' lang='lat' dir='ltr'>sed</span> <span class='ocrx_word' id='word_1_905' title='bbox 1491 2302 1540 2320; x_wconf 85' lang='lat' dir='ltr'>nec</span> <span class='ocrx_word' id='word_1_906' title='bbox 1552 2293 1655 2320; x_wconf 87' lang='lat' dir='ltr'>dicitur</span> <span class='ocrx_word' id='word_1_907' title='bbox 1666 2295 1755 2329; x_wconf 80' lang='lat' dir='ltr'>Phase</span> 
     </span>
    </p>

    <p class='ocr_par' dir='ltr' id='par_1_41' title="bbox 951 2327 1754 2370">
     <span class='ocr_line' id='line_1_108' title="bbox 951 2327 1754 2370; baseline 0.01 -16"><span class='ocrx_word' id='word_1_908' title='bbox 951 2337 965 2355; x_wconf 82' lang='lat' dir='ltr'>a</span> <span class='ocrx_word' id='word_1_909' title='bbox 974 2327 1087 2356; x_wconf 83' lang='lat' dir='ltr'>tranlitu</span> <span class='ocrx_word' id='word_1_910' title='bbox 1100 2337 1180 2356; x_wconf 84' lang='lat' dir='ltr'>maris</span> <span class='ocrx_word' id='word_1_911' title='bbox 1189 2329 1263 2358; x_wconf 86' lang='lat' dir='ltr'>rubri</span> <span class='ocrx_word' id='word_1_912' title='bbox 1277 2350 1288 2367; x_wconf 84' lang='lat'>‚</span> <span class='ocrx_word' id='word_1_913' title='bbox 1298 2330 1326 2358; x_wconf 93' lang='lat' dir='ltr'>id</span> <span class='ocrx_word' id='word_1_914' title='bbox 1336 2333 1411 2370; x_wconf 89' lang='lat' dir='ltr'>quod</span> <span class='ocrx_word' id='word_1_915' title='bbox 1421 2333 1535 2360; x_wconf 80' lang='lat' dir='ltr'>Ecclelia</span> <span class='ocrx_word' id='word_1_916' title='bbox 1545 2334 1617 2361; x_wconf 81' lang='lat' dir='ltr'>canit</span> <span class='ocrx_word' id='word_1_917' title='bbox 1631 2337 1684 2362; x_wconf 86' lang='lat' dir='ltr'>&amp;c.</span> <span class='ocrx_word' id='word_1_918' title='bbox 1705 2332 1754 2362; x_wconf 85' lang='lat' dir='ltr'>scd</span> 
     </span>
    </p>

    <p class='ocr_par' dir='ltr' id='par_1_42' title="bbox 952 2369 1755 2445">
     <span class='ocr_line' id='line_1_109' title="bbox 952 2369 1755 2443; baseline 0.009 -47"><span class='ocrx_word' id='word_1_919' title='bbox 952 2369 1028 2408; x_wconf 77' lang='lat' dir='ltr'>quod</span> <span class='ocrx_word' id='word_1_920' title='bbox 1041 2369 1241 2401; x_wconf 77' lang='lat' dir='ltr'>exterminator</span> <span class='ocrx_word' id='word_1_921' title='bbox 1251 2371 1351 2403; x_wconf 78' lang='lat' dir='ltr'>videns</span> <span class='ocrx_word' id='word_1_922' title='bbox 1361 2371 1524 2413; x_wconf 76' lang='lat' dir='ltr'>sanguinem</span> <span class='ocrx_word' id='word_1_923' title='bbox 1534 2373 1562 2403; x_wconf 83' lang='lat' dir='ltr'>in</span> <span class='ocrx_word' id='word_1_924' title='bbox 1572 2373 1755 2443; x_wconf 65' lang='lat' dir='ltr'>i‘oribusllsra-</span> 
     </span>
     <span class='ocr_line' id='line_1_110' title="bbox 1657 2425 1708 2445; baseline -0.02 0"><span class='ocrx_word' id='word_1_925' title='bbox 1657 2425 1671 2445; x_wconf 88' lang='lat' dir='ltr'>e</span> <span class='ocrx_word' id='word_1_926' title='bbox 1685 2425 1708 2444; x_wconf 82' lang='lat' dir='ltr'>i-</span> 
     </span>
    </p>
   </div>
  </div>
 </body>
</html>
