<?xml version="1.0" encoding="UTF-8"?>
<!DOCTYPE html PUBLIC "-//W3C//DTD XHTML 1.0 Transitional//EN"
    "http://www.w3.org/TR/xhtml1/DTD/xhtml1-transitional.dtd">
<html xmlns="http://www.w3.org/1999/xhtml" xml:lang="en" lang="en">
 <head>
  <title>
</title>
<meta http-equiv="Content-Type" content="text/html;charset=utf-8" />
  <meta name='ocr-system' content='tesseract 3.04.00' />
  <meta name='ocr-capabilities' content='ocr_page ocr_carea ocr_par ocr_line ocrx_word'/>
</head>
<body>
  <div class='ocr_page' id='page_1' title='image "./dominicimacrimel00magr/dominicimacrimel00magr_0259.png"; bbox 0 0 1866 2526; ppageno 0'>
   <div class='ocr_carea' id='block_1_1' title="bbox 462 12 579 55">
    <p class='ocr_par' dir='ltr' id='par_1_1' title="bbox 462 12 579 55">
     <span class='ocr_line' id='line_1_1' title="bbox 462 12 579 55; baseline 0 0"><span class='ocrx_word' id='word_1_1' title='bbox 462 12 579 55; x_wconf 94' lang='lat' dir='ltr'>DA</span> 
     </span>
    </p>
   </div>
   <div class='ocr_carea' id='block_1_2' title="bbox 112 69 897 109">
    <p class='ocr_par' dir='ltr' id='par_1_2' title="bbox 112 69 897 109">
     <span class='ocr_line' id='line_1_2' title="bbox 112 69 897 109; baseline -0.003 -7"><span class='ocrx_word' id='word_1_2' title='bbox 112 72 153 102; x_wconf 80' lang='lat' dir='ltr'>nis</span> <span class='ocrx_word' id='word_1_3' title='bbox 163 75 189 104; x_wconf 83' lang='lat' dir='ltr'>S.</span> <span class='ocrx_word' id='word_1_4' title='bbox 200 73 237 104; x_wconf 72' lang='lat' dir='ltr'>R.</span> <span class='ocrx_word' id='word_1_5' title='bbox 250 75 281 102; x_wconf 83' lang='grc' dir='ltr'>Ε.</span> <span class='ocrx_word' id='word_1_6' title='bbox 289 70 369 102; x_wconf 71' lang='lat' dir='ltr'>Diac-</span> <span class='ocrx_word' id='word_1_7' title='bbox 379 70 465 100; x_wconf 76' lang='lat' dir='ltr'>Card.</span> <span class='ocrx_word' id='word_1_8' title='bbox 477 71 532 100; x_wconf 80' lang='lat' dir='ltr'>VI.</span> <span class='ocrx_word' id='word_1_9' title='bbox 542 71 600 100; x_wconf 78' lang='lat' dir='ltr'>Kal.</span> <span class='ocrx_word' id='word_1_10' title='bbox 618 69 710 109; x_wconf 90' lang='lat' dir='ltr'>April.</span> <span class='ocrx_word' id='word_1_11' title='bbox 723 73 800 99; x_wconf 78' lang='lat' dir='ltr'>Ann.</span> <span class='ocrx_word' id='word_1_12' title='bbox 811 70 897 100; x_wconf 85' lang='lat' dir='ltr'>Doni.</span> 
     </span>
    </p>
   </div>
   <div class='ocr_carea' id='block_1_3' title="bbox 898 66 912 86">
    <p class='ocr_par' dir='ltr' id='par_1_3' title="bbox 898 66 912 86">
     <span class='ocr_line' id='line_1_3' title="bbox 898 66 912 86; baseline 0 2440"><span class='ocrx_word' id='word_1_13' title='bbox 898 66 912 86; x_wconf 95' lang='lat' dir='ltr'> </span> 
     </span>
    </p>
   </div>
   <div class='ocr_carea' id='block_1_4' title="bbox 1238 15 1684 78">
    <p class='ocr_par' dir='ltr' id='par_1_4' title="bbox 1238 15 1684 78">
     <span class='ocr_line' id='line_1_4' title="bbox 1238 15 1684 78; baseline 0.018 -22"><span class='ocrx_word' id='word_1_14' title='bbox 1238 15 1284 57; x_wconf 92' lang='lat' dir='ltr'>D</span> <span class='ocrx_word' id='word_1_15' title='bbox 1315 16 1350 57; x_wconf 87' lang='lat' dir='ltr'>E</span> <span class='ocrx_word' id='word_1_16' title='bbox 1609 35 1684 78; x_wconf 87' lang='lat'>231</span> 
     </span>
    </p>
   </div>
   <div class='ocr_carea' id='block_1_5' title="bbox 954 71 1742 113">
    <p class='ocr_par' dir='ltr' id='par_1_5' title="bbox 954 71 1742 113">
     <span class='ocr_line' id='line_1_5' title="bbox 954 71 1742 113; baseline 0.008 -12"><span class='ocrx_word' id='word_1_17' title='bbox 954 71 1031 101; x_wconf 88' lang='lat' dir='ltr'>sonte</span> <span class='ocrx_word' id='word_1_18' title='bbox 1040 92 1048 100; x_wconf 89' lang='grc'><strong>.</strong></span> <span class='ocrx_word' id='word_1_19' title='bbox 1058 71 1230 102; x_wconf 77' lang='lat' dir='ltr'>Trithemius</span> <span class='ocrx_word' id='word_1_20' title='bbox 1240 73 1273 102; x_wconf 85' lang='lat' dir='ltr'>in</span> <span class='ocrx_word' id='word_1_21' title='bbox 1282 73 1412 112; x_wconf 58' lang='lat' dir='ltr'>epitaphae</span> <span class='ocrx_word' id='word_1_22' title='bbox 1420 84 1470 113; x_wconf 88' lang='lat' dir='ltr'>pro</span> <span class='ocrx_word' id='word_1_23' title='bbox 1483 77 1643 108; x_wconf 72' lang='lat' dir='ltr'>Venerabili</span> <span class='ocrx_word' id='word_1_24' title='bbox 1653 79 1724 109; x_wconf 71' lang='lat' dir='ltr'>Beda</span> <span class='ocrx_word' id='word_1_25' title='bbox 1734 98 1742 107; x_wconf 91' lang='lat'>.</span> 
     </span>
    </p>
   </div>
   <div class='ocr_carea' id='block_1_6' title="bbox 109 110 1745 159">
    <p class='ocr_par' dir='ltr' id='par_1_6' title="bbox 109 110 1745 159">
     <span class='ocr_line' id='line_1_6' title="bbox 109 110 1745 159; baseline 0.004 -17"><span class='ocrx_word' id='word_1_26' title='bbox 109 115 273 144; x_wconf 82' lang='lat' dir='ltr'>M.XCVII.</span> <span class='ocrx_word' id='word_1_27' title='bbox 293 115 380 142; x_wconf 82' lang='lat' dir='ltr'>Anno</span> <span class='ocrx_word' id='word_1_28' title='bbox 391 122 479 141; x_wconf 77' lang='lat' dir='ltr'>aurem</span> <span class='ocrx_word' id='word_1_29' title='bbox 497 110 678 141; x_wconf 77' lang='lat' dir='ltr'>Pontificatus</span> <span class='ocrx_word' id='word_1_30' title='bbox 697 112 805 140; x_wconf 82' lang='lat' dir='ltr'>Urbani</span> <span class='ocrx_word' id='word_1_31' title='bbox 817 115 896 151; x_wconf 70' lang='lat' dir='ltr'>Papa:</span> <span class='ocrx_word' id='word_1_32' title='bbox 912 113 1089 142; x_wconf 71' lang='lat' dir='ltr'>Duuiii&#39;i‘us</span> <span class='ocrx_word' id='word_1_33' title='bbox 1100 134 1108 146; x_wconf 86' lang='lat'><em>,</em></span> <span class='ocrx_word' id='word_1_34' title='bbox 1120 113 1268 142; x_wconf 78' lang='lat' dir='ltr'>inebriatus</span> <span class='ocrx_word' id='word_1_35' title='bbox 1277 133 1285 141; x_wconf 87' lang='lat'><strong><em>.</em></strong></span> <span class='ocrx_word' id='word_1_36' title='bbox 1299 120 1310 149; x_wconf 97' lang='lat'><strong>[</strong></span> <span class='ocrx_word' id='word_1_37' title='bbox 1322 117 1358 143; x_wconf 84' lang='lat' dir='ltr'>Et</span> <span class='ocrx_word' id='word_1_38' title='bbox 1367 125 1418 143; x_wconf 84' lang='lat' dir='ltr'>nos</span> <span class='ocrx_word' id='word_1_39' title='bbox 1428 137 1437 148; x_wconf 88' lang='lat'><em>,</em></span> <span class='ocrx_word' id='word_1_40' title='bbox 1459 116 1506 154; x_wconf 92' lang='lat' dir='ltr'>qui</span> <span class='ocrx_word' id='word_1_41' title='bbox 1514 119 1603 146; x_wconf 82' lang='lat' dir='ltr'>carnis</span> <span class='ocrx_word' id='word_1_42' title='bbox 1615 121 1745 159; x_wconf 78' lang='lat' dir='ltr'>volupta—</span> 
     </span>
    </p>
   </div>
   <div class='ocr_carea' id='block_1_7' title="bbox 92 152 896 763">
    <p class='ocr_par' dir='ltr' id='par_1_7' title="bbox 92 152 896 763">
     <span class='ocr_line' id='line_1_7' title="bbox 108 152 896 185; baseline -0.003 -1"><span class='ocrx_word' id='word_1_43' title='bbox 108 156 149 184; x_wconf 86' lang='lat'>11.</span> <span class='ocrx_word' id='word_1_44' title='bbox 158 155 275 185; x_wconf 86' lang='lat' dir='ltr'>Decimo</span> <span class='ocrx_word' id='word_1_45' title='bbox 283 173 291 182; x_wconf 84' lang='grc'><strong>.</strong></span> <span class='ocrx_word' id='word_1_46' title='bbox 315 153 416 182; x_wconf 84' lang='lat' dir='ltr'>Bullar.</span> <span class='ocrx_word' id='word_1_47' title='bbox 429 152 558 182; x_wconf 80' lang='lat' dir='ltr'>Caiinen.</span> <span class='ocrx_word' id='word_1_48' title='bbox 568 161 637 180; x_wconf 90' lang='lat' dir='ltr'>tom.</span> <span class='ocrx_word' id='word_1_49' title='bbox 651 163 676 180; x_wconf 87' lang='lat'>2.</span> <span class='ocrx_word' id='word_1_50' title='bbox 687 152 814 181; x_wconf 82' lang='lat' dir='ltr'>Constit.</span> <span class='ocrx_word' id='word_1_51' title='bbox 834 159 896 182; x_wconf 77' lang='lat'>12⁶.</span> 
     </span>
     <span class='ocr_line' id='line_1_8' title="bbox 107 192 895 234; baseline -0.003 -10"><span class='ocrx_word' id='word_1_52' title='bbox 107 196 244 234; x_wconf 77' lang='lat' dir='ltr'>Scriptum</span> <span class='ocrx_word' id='word_1_53' title='bbox 263 205 312 233; x_wconf 85' lang='lat' dir='ltr'>per</span> <span class='ocrx_word' id='word_1_54' title='bbox 321 203 415 223; x_wconf 78' lang='lat' dir='ltr'>manus</span> <span class='ocrx_word' id='word_1_55' title='bbox 437 192 570 232; x_wconf 78' lang='lat' dir='ltr'>Stephani</span> <span class='ocrx_word' id='word_1_56' title='bbox 581 192 724 222; x_wconf 85' lang='lat' dir='ltr'>Scriniarii</span> <span class='ocrx_word' id='word_1_57' title='bbox 734 194 760 222; x_wconf 86' lang='lat' dir='ltr'>S.</span> <span class='ocrx_word' id='word_1_58' title='bbox 771 195 806 223; x_wconf 85' lang='lat' dir='ltr'>R.</span> <span class='ocrx_word' id='word_1_59' title='bbox 821 198 850 223; x_wconf 87' lang='grc' dir='ltr'>Ε.</span> <span class='ocrx_word' id='word_1_60' title='bbox 866 194 895 222; x_wconf 92' lang='lat' dir='ltr'>in</span> 
     </span>
     <span class='ocr_line' id='line_1_9' title="bbox 107 232 895 276; baseline -0.001 -12"><span class='ocrx_word' id='word_1_61' title='bbox 107 236 198 266; x_wconf 89' lang='lat' dir='ltr'>mense</span> <span class='ocrx_word' id='word_1_62' title='bbox 211 235 321 276; x_wconf 82' lang='lat' dir='ltr'>Aprili.</span> <span class='ocrx_word' id='word_1_63' title='bbox 340 234 500 263; x_wconf 71' lang='lat' dir='ltr'>Indistione</span> <span class='ocrx_word' id='word_1_64' title='bbox 509 232 687 272; x_wconf 79' lang='lat' dir='ltr'>suprascripta</span> <span class='ocrx_word' id='word_1_65' title='bbox 697 236 759 263; x_wconf 92' lang='lat' dir='ltr'>XV.</span> <span class='ocrx_word' id='word_1_66' title='bbox 772 236 895 263; x_wconf 78' lang='lat' dir='ltr'>Bencva—</span> 
     </span>
     <span class='ocr_line' id='line_1_10' title="bbox 106 274 896 312; baseline -0.001 -8"><span class='ocrx_word' id='word_1_67' title='bbox 106 277 160 305; x_wconf 89' lang='lat' dir='ltr'>lete</span> <span class='ocrx_word' id='word_1_68' title='bbox 169 297 175 304; x_wconf 92' lang='lat'><strong>.</strong></span> <span class='ocrx_word' id='word_1_69' title='bbox 186 279 250 306; x_wconf 81' lang='lat' dir='ltr'>Pax.</span> <span class='ocrx_word' id='word_1_70' title='bbox 262 278 334 305; x_wconf 75' lang='lat' dir='ltr'>Data</span> <span class='ocrx_word' id='word_1_71' title='bbox 344 276 431 304; x_wconf 85' lang='lat' dir='ltr'>VIII.</span> <span class='ocrx_word' id='word_1_72' title='bbox 443 276 501 304; x_wconf 81' lang='lat' dir='ltr'>Kal.</span> <span class='ocrx_word' id='word_1_73' title='bbox 512 274 577 311; x_wconf 73' lang='lat' dir='ltr'>Maji</span> <span class='ocrx_word' id='word_1_74' title='bbox 588 284 636 312; x_wconf 81' lang='lat' dir='ltr'>per</span> <span class='ocrx_word' id='word_1_75' title='bbox 647 284 741 304; x_wconf 85' lang='lat' dir='ltr'>manus</span> <span class='ocrx_word' id='word_1_76' title='bbox 751 275 896 304; x_wconf 75' lang='lat' dir='ltr'>Uvidonis</span> 
     </span>
     <span class='ocr_line' id='line_1_11' title="bbox 106 315 894 355; baseline -0.003 -9"><span class='ocrx_word' id='word_1_77' title='bbox 106 316 195 355; x_wconf 85' lang='lat' dir='ltr'>Episc.</span> <span class='ocrx_word' id='word_1_78' title='bbox 205 316 415 346; x_wconf 83' lang='lat' dir='ltr'>Bibliothecarii</span> <span class='ocrx_word' id='word_1_79' title='bbox 426 316 450 345; x_wconf 88' lang='lat' dir='ltr'>S.</span> <span class='ocrx_word' id='word_1_80' title='bbox 461 316 536 344; x_wconf 85' lang='lat' dir='ltr'>Sedis</span> <span class='ocrx_word' id='word_1_81' title='bbox 548 315 714 353; x_wconf 73' lang='lat' dir='ltr'>Apostolicae</span> <span class='ocrx_word' id='word_1_82' title='bbox 728 318 814 345; x_wconf 81' lang='lat' dir='ltr'>Anno</span> <span class='ocrx_word' id='word_1_83' title='bbox 822 319 894 345; x_wconf 87' lang='lat' dir='ltr'>Pon-</span> 
     </span>
     <span class='ocr_line' id='line_1_12' title="bbox 103 355 894 394; baseline -0.001 -9"><span class='ocrx_word' id='word_1_84' title='bbox 103 358 221 387; x_wconf 77' lang='lat' dir='ltr'>tificatus</span> <span class='ocrx_word' id='word_1_85' title='bbox 228 358 347 386; x_wconf 87' lang='lat' dir='ltr'>Domini</span> <span class='ocrx_word' id='word_1_86' title='bbox 360 356 445 385; x_wconf 80' lang='lat' dir='ltr'>nostri</span> <span class='ocrx_word' id='word_1_87' title='bbox 455 356 572 394; x_wconf 81' lang='lat' dir='ltr'>Joannis</span> <span class='ocrx_word' id='word_1_88' title='bbox 584 355 746 384; x_wconf 71' lang='lat' dir='ltr'>Sanffiffimi</span> <span class='ocrx_word' id='word_1_89' title='bbox 759 377 766 389; x_wconf 91' lang='lat'><em>,</em></span> <span class='ocrx_word' id='word_1_90' title='bbox 776 367 806 385; x_wconf 81' lang='lat' dir='ltr'>ac</span> <span class='ocrx_word' id='word_1_91' title='bbox 817 357 894 386; x_wconf 88' lang='lat' dir='ltr'>Reli-</span> 
     </span>
     <span class='ocr_line' id='line_1_13' title="bbox 101 397 893 437; baseline -0.001 -11"><span class='ocrx_word' id='word_1_92' title='bbox 101 398 225 437; x_wconf 80' lang='lat' dir='ltr'>gioffimi</span> <span class='ocrx_word' id='word_1_93' title='bbox 235 399 408 436; x_wconf 73' lang='lat' dir='ltr'>X111.1³2pae</span> <span class='ocrx_word' id='word_1_94' title='bbox 421 409 427 425; x_wconf 89' lang='lat'><strong>:</strong></span> <span class='ocrx_word' id='word_1_95' title='bbox 452 397 567 435; x_wconf 84' lang='lat' dir='ltr'>Imperii</span> <span class='ocrx_word' id='word_1_96' title='bbox 590 406 656 425; x_wconf 89' lang='lat' dir='ltr'>vcro</span> <span class='ocrx_word' id='word_1_97' title='bbox 665 397 701 425; x_wconf 93' lang='lat' dir='ltr'>D.</span> <span class='ocrx_word' id='word_1_98' title='bbox 711 397 828 426; x_wconf 82' lang='lat' dir='ltr'>ottonis</span> <span class='ocrx_word' id='word_1_99' title='bbox 840 407 893 425; x_wconf 82' lang='lat' dir='ltr'>ma-</span> 
     </span>
     <span class='ocr_line' id='line_1_14' title="bbox 101 435 893 481; baseline -0.001 -15"><span class='ocrx_word' id='word_1_100' title='bbox 101 439 168 474; x_wconf 86' lang='lat' dir='ltr'>joris</span> <span class='ocrx_word' id='word_1_101' title='bbox 177 441 227 468; x_wconf 76' lang='lat' dir='ltr'>xi.</span> <span class='ocrx_word' id='word_1_102' title='bbox 242 439 366 478; x_wconf 83' lang='lat' dir='ltr'>Junioris</span> <span class='ocrx_word' id='word_1_103' title='bbox 377 447 468 467; x_wconf 74' lang='lat' dir='ltr'>autem</span> <span class='ocrx_word' id='word_1_104' title='bbox 481 439 516 465; x_wconf 87' lang='lat' dir='ltr'>V.</span> <span class='ocrx_word' id='word_1_105' title='bbox 527 439 562 466; x_wconf 88' lang='lat' dir='ltr'>In</span> <span class='ocrx_word' id='word_1_106' title='bbox 574 435 684 470; x_wconf 84' lang='lat' dir='ltr'>mense,</span> <span class='ocrx_word' id='word_1_107' title='bbox 693 440 720 465; x_wconf 76' lang='grc' dir='ltr'>δε</span> <span class='ocrx_word' id='word_1_108' title='bbox 733 436 893 481; x_wconf 58' lang='lat' dir='ltr'>indichxv.</span> 
     </span>
     <span class='ocr_line' id='line_1_15' title="bbox 92 476 890 520; baseline -0.004 -13"><span class='ocrx_word' id='word_1_109' title='bbox 92 478 281 519; x_wconf 72' lang='lat' dir='ltr'>suprascripta</span> <span class='ocrx_word' id='word_1_110' title='bbox 293 500 301 508; x_wconf 87' lang='lat'><strong>.</strong></span> <span class='ocrx_word' id='word_1_111' title='bbox 311 480 411 509; x_wconf 80' lang='lat' dir='ltr'>Bullar.</span> <span class='ocrx_word' id='word_1_112' title='bbox 424 478 517 507; x_wconf 71' lang='lat' dir='ltr'>Calin.</span> <span class='ocrx_word' id='word_1_113' title='bbox 529 487 599 506; x_wconf 82' lang='lat' dir='ltr'>tom.</span> <span class='ocrx_word' id='word_1_114' title='bbox 613 489 639 506; x_wconf 82' lang='lat'>2.</span> <span class='ocrx_word' id='word_1_115' title='bbox 650 476 773 520; x_wconf 65' lang='lat' dir='ltr'>Conliit.</span> <span class='ocrx_word' id='word_1_116' title='bbox 787 479 847 515; x_wconf 84' lang='lat'>53.]</span> <span class='ocrx_word' id='word_1_117' title='bbox 859 482 890 506; x_wconf 76' lang='lat' dir='ltr'>Er</span> 
     </span>
     <span class='ocr_line' id='line_1_16' title="bbox 100 517 890 560; baseline -0.004 -11"><span class='ocrx_word' id='word_1_118' title='bbox 100 520 136 549; x_wconf 84' lang='lat' dir='ltr'>sic</span> <span class='ocrx_word' id='word_1_119' title='bbox 147 520 242 559; x_wconf 73' lang='lat' dir='ltr'>pallini</span> <span class='ocrx_word' id='word_1_120' title='bbox 250 520 422 560; x_wconf 82' lang='lat' dir='ltr'>reperiturin</span> <span class='ocrx_word' id='word_1_121' title='bbox 434 519 506 547; x_wconf 77' lang='lat' dir='ltr'>calce</span> <span class='ocrx_word' id='word_1_122' title='bbox 517 517 685 547; x_wconf 85' lang='lat' dir='ltr'>vetustorum</span> <span class='ocrx_word' id='word_1_123' title='bbox 696 517 890 555; x_wconf 77' lang='lat' dir='ltr'>diplomatum,</span> 
     </span>
     <span class='ocr_line' id='line_1_17' title="bbox 99 557 891 596; baseline -0.003 -7"><span class='ocrx_word' id='word_1_124' title='bbox 99 564 128 589; x_wconf 69' lang='grc' dir='ltr'>δε</span> <span class='ocrx_word' id='word_1_125' title='bbox 139 561 385 591; x_wconf 84' lang='lat' dir='ltr'>instrumentorum</span> <span class='ocrx_word' id='word_1_126' title='bbox 398 581 404 588; x_wconf 92' lang='lat'><strong>.</strong></span> <span class='ocrx_word' id='word_1_127' title='bbox 423 562 496 588; x_wconf 88' lang='lat' dir='ltr'>lteiri</span> <span class='ocrx_word' id='word_1_128' title='bbox 505 564 615 588; x_wconf 79' lang='lat' dir='ltr'>Datum</span> <span class='ocrx_word' id='word_1_129' title='bbox 636 557 770 596; x_wconf 73' lang='lat' dir='ltr'>fignificat</span> <span class='ocrx_word' id='word_1_130' title='bbox 781 559 891 587; x_wconf 81' lang='lat' dir='ltr'>manda-</span> 
     </span>
     <span class='ocr_line' id='line_1_18' title="bbox 99 598 890 642; baseline -0.01 -9"><span class='ocrx_word' id='word_1_131' title='bbox 99 611 156 630; x_wconf 86' lang='lat' dir='ltr'>tum</span> <span class='ocrx_word' id='word_1_132' title='bbox 167 624 174 635; x_wconf 92' lang='lat'><em>,</em></span> <span class='ocrx_word' id='word_1_133' title='bbox 195 607 223 632; x_wconf 81' lang='grc' dir='ltr'>δ(</span> <span class='ocrx_word' id='word_1_134' title='bbox 234 611 403 642; x_wconf 63' lang='lat' dir='ltr'>praeceptum</span> <span class='ocrx_word' id='word_1_135' title='bbox 413 621 420 628; x_wconf 93' lang='lat'><strong>.</strong></span> <span class='ocrx_word' id='word_1_136' title='bbox 440 603 498 635; x_wconf 86' lang='lat' dir='ltr'>[Et</span> <span class='ocrx_word' id='word_1_137' title='bbox 519 598 614 628; x_wconf 78' lang='lat' dir='ltr'>effudit</span> <span class='ocrx_word' id='word_1_138' title='bbox 626 598 702 626; x_wconf 85' lang='lat' dir='ltr'>illam</span> <span class='ocrx_word' id='word_1_139' title='bbox 722 600 812 636; x_wconf 79' lang='lat' dir='ltr'>(idest</span> <span class='ocrx_word' id='word_1_140' title='bbox 821 621 829 632; x_wconf 94' lang='lat'><em>‚</em></span> <span class='ocrx_word' id='word_1_141' title='bbox 843 601 890 636; x_wconf 80' lang='lat' dir='ltr'>sa-</span> 
     </span>
     <span class='ocr_line' id='line_1_19' title="bbox 97 637 890 685; baseline -0.004 -14"><span class='ocrx_word' id='word_1_142' title='bbox 97 646 258 679; x_wconf 81' lang='lat' dir='ltr'><em>pientiam)</em></span> <span class='ocrx_word' id='word_1_143' title='bbox 279 643 359 682; x_wconf 88' lang='lat' dir='ltr'>super</span> <span class='ocrx_word' id='word_1_144' title='bbox 368 641 461 671; x_wconf 83' lang='lat' dir='ltr'>omnia</span> <span class='ocrx_word' id='word_1_145' title='bbox 471 650 553 677; x_wconf 77' lang='lat' dir='ltr'>opera</span> <span class='ocrx_word' id='word_1_146' title='bbox 571 637 617 667; x_wconf 76' lang='lat' dir='ltr'>sua</span> <span class='ocrx_word' id='word_1_147' title='bbox 625 660 634 672; x_wconf 93' lang='lat'><em>,</em></span> <span class='ocrx_word' id='word_1_148' title='bbox 653 643 680 668; x_wconf 77' lang='grc' dir='ltr'>ὃ(</span> <span class='ocrx_word' id='word_1_149' title='bbox 691 638 769 684; x_wconf 75' lang='lat' dir='ltr'>super</span> <span class='ocrx_word' id='word_1_150' title='bbox 778 650 890 685; x_wconf 85' lang='lat' dir='ltr'>omnem</span> 
     </span>
     <span class='ocr_line' id='line_1_20' title="bbox 99 680 888 717; baseline -0.001 -7"><span class='ocrx_word' id='word_1_151' title='bbox 99 693 209 712; x_wconf 86' lang='lat' dir='ltr'>carnem</span> <span class='ocrx_word' id='word_1_152' title='bbox 221 683 369 713; x_wconf 86' lang='lat' dir='ltr'>secundum</span> <span class='ocrx_word' id='word_1_153' title='bbox 378 683 472 711; x_wconf 82' lang='lat' dir='ltr'>datum</span> <span class='ocrx_word' id='word_1_154' title='bbox 480 680 558 709; x_wconf 89' lang='lat' dir='ltr'>suum</span> <span class='ocrx_word' id='word_1_155' title='bbox 567 701 574 712; x_wconf 87' lang='lat'><em>‚</em></span> <span class='ocrx_word' id='word_1_156' title='bbox 593 683 620 708; x_wconf 80' lang='grc' dir='ltr'>δ(</span> <span class='ocrx_word' id='word_1_157' title='bbox 633 680 748 717; x_wconf 82' lang='lat' dir='ltr'>praebuit</span> <span class='ocrx_word' id='word_1_158' title='bbox 759 681 835 709; x_wconf 82' lang='lat' dir='ltr'>illam</span> <span class='ocrx_word' id='word_1_159' title='bbox 846 681 888 710; x_wconf 90' lang='lat' dir='ltr'>di-</span> 
     </span>
     <span class='ocr_line' id='line_1_21' title="bbox 99 719 888 763; baseline -0.001 -11"><span class='ocrx_word' id='word_1_160' title='bbox 99 723 301 763; x_wconf 80' lang='lat' dir='ltr'>ligentibusse.</span> <span class='ocrx_word' id='word_1_161' title='bbox 324 722 424 752; x_wconf 79' lang='lat' dir='ltr'>Eccles-</span> <span class='ocrx_word' id='word_1_162' title='bbox 433 733 456 750; x_wconf 89' lang='lat' dir='ltr'>c.</span> <span class='ocrx_word' id='word_1_163' title='bbox 482 732 505 750; x_wconf 86' lang='lat'>1.</span> <span class='ocrx_word' id='word_1_164' title='bbox 516 722 558 750; x_wconf 84' lang='lat' dir='ltr'>Da</span> <span class='ocrx_word' id='word_1_165' title='bbox 579 719 723 749; x_wconf 83' lang='lat' dir='ltr'>Altissimo</span> <span class='ocrx_word' id='word_1_166' title='bbox 739 720 888 751; x_wconf 73' lang='lat' dir='ltr'>secundm</span> 
     </span>
    </p>
   </div>
   <div class='ocr_carea' id='block_1_8' title="bbox 96 764 481 802">
    <p class='ocr_par' dir='ltr' id='par_1_8' title="bbox 96 764 481 802">
     <span class='ocr_line' id='line_1_22' title="bbox 96 764 481 802; baseline -0.003 -11"><span class='ocrx_word' id='word_1_167' title='bbox 96 764 190 793; x_wconf 85' lang='lat' dir='ltr'>datum</span> <span class='ocrx_word' id='word_1_168' title='bbox 198 768 254 801; x_wconf 84' lang='lat' dir='ltr'>ejus</span> <span class='ocrx_word' id='word_1_169' title='bbox 263 786 272 790; x_wconf 92' lang='lat'>-</span> <span class='ocrx_word' id='word_1_170' title='bbox 282 764 353 793; x_wconf 76' lang='lat' dir='ltr'>ibid.</span> <span class='ocrx_word' id='word_1_171' title='bbox 365 773 420 802; x_wconf 77' lang='lat' dir='ltr'>cap.</span> <span class='ocrx_word' id='word_1_172' title='bbox 433 773 446 800; x_wconf 88' lang='lat'><em>3</em></span> <span class='ocrx_word' id='word_1_173' title='bbox 455 772 481 798; x_wconf 84' lang='lat'>5.</span> 
     </span>
    </p>
   </div>
   <div class='ocr_carea' id='block_1_9' title="bbox 892 183 911 696">
    <p class='ocr_par' dir='ltr' id='par_1_9' title="bbox 892 183 911 696">
     <span class='ocr_line' id='line_1_23' title="bbox 896 183 911 295; baseline -0.2 0"><span class='ocrx_word' id='word_1_174' title='bbox 896 183 911 295; x_wconf 95' lang='lat' dir='ltr'>    </span> 
     </span>
     <span class='ocr_line' id='line_1_24' title="bbox 894 295 909 416; baseline 0 -41"><span class='ocrx_word' id='word_1_175' title='bbox 894 295 909 416; x_wconf 95' lang='lat' dir='ltr'>   </span> 
     </span>
     <span class='ocr_line' id='line_1_25' title="bbox 892 416 909 540; baseline 0 0"><span class='ocrx_word' id='word_1_176' title='bbox 892 416 909 540; x_wconf 95' lang='lat' dir='ltr'>   </span> 
     </span>
     <span class='ocr_line' id='line_1_26' title="bbox 892 540 907 587; baseline 0 1939"><span class='ocrx_word' id='word_1_177' title='bbox 892 540 907 587; x_wconf 95' lang='lat' dir='ltr'> </span> 
     </span>
     <span class='ocr_line' id='line_1_27' title="bbox 893 587 901 696; baseline 0 -32"><span class='ocrx_word' id='word_1_178' title='bbox 893 587 901 696; x_wconf 95' lang='lat' dir='ltr'>  </span> 
     </span>
    </p>
   </div>
   <div class='ocr_carea' id='block_1_10' title="bbox 911 356 1494 396">
    <p class='ocr_par' dir='ltr' id='par_1_10' title="bbox 911 356 1494 396">
     <span class='ocr_line' id='line_1_28' title="bbox 911 356 1494 396; baseline 0.007 -11"><span class='ocrx_word' id='word_1_179' title='bbox 911 356 1148 386; x_wconf 59' lang='lat' dir='ltr'>Dicacnonmm</span> <span class='ocrx_word' id='word_1_180' title='bbox 1157 379 1165 390; x_wconf 85' lang='lat'><em>‚</em></span> <span class='ocrx_word' id='word_1_181' title='bbox 1187 368 1308 396; x_wconf 58' lang='lat' dir='ltr'>grecum</span> <span class='ocrx_word' id='word_1_182' title='bbox 1320 369 1422 388; x_wconf 87' lang='lat' dir='ltr'>nomen</span> <span class='ocrx_word' id='word_1_183' title='bbox 1432 356 1494 392; x_wconf 59' lang='lat' dir='ltr'>sind</span> 
     </span>
    </p>
   </div>
   <div class='ocr_carea' id='block_1_11' title="bbox 934 153 1744 197">
    <p class='ocr_par' dir='ltr' id='par_1_11' title="bbox 934 153 1744 197">
     <span class='ocr_line' id='line_1_29' title="bbox 934 153 1744 197; baseline 0.009 -16"><span class='ocrx_word' id='word_1_184' title='bbox 934 153 1022 182; x_wconf 56' lang='lat' dir='ltr'>fribus</span> <span class='ocrx_word' id='word_1_185' title='bbox 1031 153 1149 182; x_wconf 76' lang='lat' dir='ltr'>debriati</span> <span class='ocrx_word' id='word_1_186' title='bbox 1160 175 1168 186; x_wconf 94' lang='lat'>‚</span> <span class='ocrx_word' id='word_1_187' title='bbox 1191 154 1259 182; x_wconf 80' lang='lat' dir='ltr'>alios</span> <span class='ocrx_word' id='word_1_188' title='bbox 1269 154 1353 183; x_wconf 78' lang='lat' dir='ltr'>etiam</span> <span class='ocrx_word' id='word_1_189' title='bbox 1365 165 1476 193; x_wconf 80' lang='lat' dir='ltr'>peccare</span> <span class='ocrx_word' id='word_1_190' title='bbox 1488 156 1618 186; x_wconf 75' lang='lat' dir='ltr'>facientes</span> <span class='ocrx_word' id='word_1_191' title='bbox 1628 181 1635 192; x_wconf 92' lang='lat'><em>,</em></span> <span class='ocrx_word' id='word_1_192' title='bbox 1651 170 1744 197; x_wconf 74' lang='lat' dir='ltr'>pecca-</span> 
     </span>
    </p>
   </div>
   <div class='ocr_carea' id='block_1_12' title="bbox 944 194 1744 800">
    <p class='ocr_par' dir='ltr' id='par_1_12' title="bbox 952 194 1744 358">
     <span class='ocr_line' id='line_1_30' title="bbox 952 194 1742 238; baseline 0.009 -16"><span class='ocrx_word' id='word_1_193' title='bbox 952 194 988 222; x_wconf 86' lang='lat' dir='ltr'>tis</span> <span class='ocrx_word' id='word_1_194' title='bbox 998 194 1162 223; x_wconf 81' lang='lat' dir='ltr'>inebriamus</span> <span class='ocrx_word' id='word_1_195' title='bbox 1172 214 1180 222; x_wconf 86' lang='lat'><strong>.</strong></span> <span class='ocrx_word' id='word_1_196' title='bbox 1202 195 1346 224; x_wconf 77' lang='lat' dir='ltr'>Hincmar.</span> <span class='ocrx_word' id='word_1_197' title='bbox 1357 195 1386 224; x_wconf 91' lang='lat' dir='ltr'>in</span> <span class='ocrx_word' id='word_1_198' title='bbox 1408 196 1467 226; x_wconf 69' lang='lat' dir='ltr'>vita</span> <span class='ocrx_word' id='word_1_199' title='bbox 1476 198 1503 226; x_wconf 87' lang='lat' dir='ltr'>S.</span> <span class='ocrx_word' id='word_1_200' title='bbox 1512 199 1654 238; x_wconf 84' lang='lat' dir='ltr'>Remigii.</span> <span class='ocrx_word' id='word_1_201' title='bbox 1665 202 1677 231; x_wconf 95' lang='grc'>]</span> <span class='ocrx_word' id='word_1_202' title='bbox 1700 202 1742 230; x_wconf 74' lang='grc' dir='ltr'>Ιιι</span> 
     </span>
     <span class='ocr_line' id='line_1_31' title="bbox 952 234 1741 279; baseline 0.006 -16"><span class='ocrx_word' id='word_1_203' title='bbox 952 235 1038 263; x_wconf 77' lang='lat' dir='ltr'>etiam</span> <span class='ocrx_word' id='word_1_204' title='bbox 1048 234 1246 274; x_wconf 83' lang='lat' dir='ltr'>intelligendus</span> <span class='ocrx_word' id='word_1_205' title='bbox 1255 236 1293 265; x_wconf 90' lang='lat' dir='ltr'>est</span> <span class='ocrx_word' id='word_1_206' title='bbox 1303 237 1376 265; x_wconf 82' lang='lat' dir='ltr'>locus</span> <span class='ocrx_word' id='word_1_207' title='bbox 1385 237 1464 276; x_wconf 83' lang='lat' dir='ltr'>epist.</span> <span class='ocrx_word' id='word_1_208' title='bbox 1474 249 1487 276; x_wconf 87' lang='lat'><em>3</em></span> <span class='ocrx_word' id='word_1_209' title='bbox 1499 240 1660 269; x_wconf 83' lang='lat' dir='ltr'>i.Gei·berti</span> <span class='ocrx_word' id='word_1_210' title='bbox 1674 262 1680 273; x_wconf 91' lang='lat'><em>,</em></span> <span class='ocrx_word' id='word_1_211' title='bbox 1695 251 1741 279; x_wconf 86' lang='lat' dir='ltr'>qui</span> 
     </span>
     <span class='ocr_line' id='line_1_32' title="bbox 953 274 1744 320; baseline 0.008 -17"><span class='ocrx_word' id='word_1_212' title='bbox 953 274 1004 304; x_wconf 82' lang='lat' dir='ltr'>suit</span> <span class='ocrx_word' id='word_1_213' title='bbox 1015 275 1118 304; x_wconf 84' lang='lat' dir='ltr'>deinde</span> <span class='ocrx_word' id='word_1_214' title='bbox 1137 277 1208 314; x_wconf 88' lang='lat' dir='ltr'>Papa</span> <span class='ocrx_word' id='word_1_215' title='bbox 1219 276 1349 306; x_wconf 86' lang='lat' dir='ltr'>Silvester</span> <span class='ocrx_word' id='word_1_216' title='bbox 1357 279 1398 307; x_wconf 89' lang='lat'>11.</span> <span class='ocrx_word' id='word_1_217' title='bbox 1409 278 1452 307; x_wconf 85' lang='lat' dir='ltr'>ubi</span> <span class='ocrx_word' id='word_1_218' title='bbox 1463 278 1519 307; x_wconf 79' lang='lat' dir='ltr'>ait.-</span> <span class='ocrx_word' id='word_1_219' title='bbox 1544 286 1557 316; x_wconf 85' lang='lat'><strong>[</strong></span> <span class='ocrx_word' id='word_1_220' title='bbox 1573 282 1744 320; x_wconf 86' lang='lat' dir='ltr'>Fontemque</span> 
     </span>
     <span class='ocr_line' id='line_1_33' title="bbox 953 315 1581 358; baseline 0.008 -14"><span class='ocrx_word' id='word_1_221' title='bbox 953 315 1122 345; x_wconf 82' lang='lat' dir='ltr'>fallaciffimo</span> <span class='ocrx_word' id='word_1_222' title='bbox 1132 317 1233 354; x_wconf 88' lang='lat' dir='ltr'>poculo</span> <span class='ocrx_word' id='word_1_223' title='bbox 1245 317 1398 347; x_wconf 83' lang='lat' dir='ltr'>debriatum</span> <span class='ocrx_word' id='word_1_224' title='bbox 1408 329 1495 358; x_wconf 83' lang='lat' dir='ltr'>expur</span> <span class='ocrx_word' id='word_1_225' title='bbox 1516 330 1561 348; x_wconf 79' lang='lat' dir='ltr'>ans</span> <span class='ocrx_word' id='word_1_226' title='bbox 1573 343 1581 350; x_wconf 87' lang='lat'>.</span> 
     </span>
    </p>

    <p class='ocr_par' dir='ltr' id='par_1_13' title="bbox 944 331 1743 800">
     <span class='ocr_line' id='line_1_34' title="bbox 1496 331 1743 398; baseline 0.008 -10"><span class='ocrx_word' id='word_1_227' title='bbox 1496 331 1588 398; x_wconf 45' lang='grc' dir='ltr'>ξηροῖσιν</span> <span class='ocrx_word' id='word_1_228' title='bbox 1597 383 1605 395; x_wconf 86' lang='grc'><strong><em>,</em></strong></span> <span class='ocrx_word' id='word_1_229' title='bbox 1616 362 1743 392; x_wconf 82' lang='lat' dir='ltr'>muficale</span> 
     </span>
     <span class='ocr_line' id='line_1_35' title="bbox 953 397 1741 436; baseline 0.01 -12"><span class='ocrx_word' id='word_1_230' title='bbox 953 397 1168 426; x_wconf 85' lang='lat' dir='ltr'>instrumentum</span> <span class='ocrx_word' id='word_1_231' title='bbox 1185 399 1280 428; x_wconf 87' lang='lat' dir='ltr'>decem</span> <span class='ocrx_word' id='word_1_232' title='bbox 1288 399 1452 429; x_wconf 81' lang='lat' dir='ltr'>chordarum</span> <span class='ocrx_word' id='word_1_233' title='bbox 1464 422 1471 429; x_wconf 93' lang='lat'><strong>.</strong></span> <span class='ocrx_word' id='word_1_234' title='bbox 1497 406 1509 436; x_wconf 88' lang='grc'>[</span> <span class='ocrx_word' id='word_1_235' title='bbox 1522 403 1558 430; x_wconf 85' lang='lat' dir='ltr'>Iu</span> <span class='ocrx_word' id='word_1_236' title='bbox 1566 402 1741 432; x_wconf 83' lang='lat' dir='ltr'>decachordo</span> 
     </span>
     <span class='ocr_line' id='line_1_36' title="bbox 952 437 1740 481; baseline 0.01 -16"><span class='ocrx_word' id='word_1_237' title='bbox 952 437 1082 476; x_wconf 84' lang='lat' dir='ltr'>psalterio</span> <span class='ocrx_word' id='word_1_238' title='bbox 1093 448 1154 467; x_wconf 88' lang='lat' dir='ltr'>cum</span> <span class='ocrx_word' id='word_1_239' title='bbox 1163 440 1273 468; x_wconf 84' lang='lat' dir='ltr'>cantico</span> <span class='ocrx_word' id='word_1_240' title='bbox 1284 462 1292 473; x_wconf 91' lang='lat'><em>,</em></span> <span class='ocrx_word' id='word_1_241' title='bbox 1304 439 1402 469; x_wconf 63' lang='lat' dir='ltr'>Palm.</span> <span class='ocrx_word' id='word_1_242' title='bbox 1412 452 1430 478; x_wconf 87' lang='lat'>9</span> <span class='ocrx_word' id='word_1_243' title='bbox 1439 453 1446 470; x_wconf 87' lang='lat' dir='ltr'>i</span> <span class='ocrx_word' id='word_1_244' title='bbox 1455 462 1461 469; x_wconf 89' lang='lat'>.</span> <span class='ocrx_word' id='word_1_245' title='bbox 1473 444 1485 473; x_wconf 92' lang='grc'>]</span> <span class='ocrx_word' id='word_1_246' title='bbox 1499 443 1690 481; x_wconf 82' lang='lat' dir='ltr'>Metaphorice</span> <span class='ocrx_word' id='word_1_247' title='bbox 1699 454 1740 473; x_wconf 85' lang='lat' dir='ltr'>ta-</span> 
     </span>
     <span class='ocr_line' id='line_1_37' title="bbox 951 478 1742 522; baseline 0.01 -16"><span class='ocrx_word' id='word_1_248' title='bbox 951 488 1015 507; x_wconf 88' lang='lat' dir='ltr'>men</span> <span class='ocrx_word' id='word_1_249' title='bbox 1025 478 1152 518; x_wconf 80' lang='lat' dir='ltr'>decalogi</span> <span class='ocrx_word' id='word_1_250' title='bbox 1161 479 1365 510; x_wconf 72' lang='lat' dir='ltr'>observantiam</span> <span class='ocrx_word' id='word_1_251' title='bbox 1378 482 1515 521; x_wconf 71' lang='lat' dir='ltr'>fignificat</span> <span class='ocrx_word' id='word_1_252' title='bbox 1525 504 1533 515; x_wconf 82' lang='lat'><em>,</em></span> <span class='ocrx_word' id='word_1_253' title='bbox 1555 494 1616 522; x_wconf 72' lang='lat' dir='ltr'>quce</span> <span class='ocrx_word' id='word_1_254' title='bbox 1627 485 1657 513; x_wconf 83' lang='lat' dir='ltr'>iii</span> <span class='ocrx_word' id='word_1_255' title='bbox 1667 485 1742 513; x_wconf 84' lang='lat' dir='ltr'>divi-</span> 
     </span>
     <span class='ocr_line' id='line_1_38' title="bbox 951 519 1740 554; baseline 0.011 -8"><span class='ocrx_word' id='word_1_256' title='bbox 951 519 993 547; x_wconf 82' lang='lat' dir='ltr'>nis</span> <span class='ocrx_word' id='word_1_257' title='bbox 1003 520 1107 548; x_wconf 85' lang='lat' dir='ltr'>:iuribus</span> <span class='ocrx_word' id='word_1_258' title='bbox 1118 521 1265 549; x_wconf 77' lang='lat' dir='ltr'>melodiam</span> <span class='ocrx_word' id='word_1_259' title='bbox 1277 523 1384 551; x_wconf 80' lang='lat' dir='ltr'>redolet</span> <span class='ocrx_word' id='word_1_260' title='bbox 1394 543 1401 550; x_wconf 80' lang='grc'><strong>.</strong></span> <span class='ocrx_word' id='word_1_261' title='bbox 1412 525 1469 552; x_wconf 69' lang='lat' dir='ltr'>PR.</span> <span class='ocrx_word' id='word_1_262' title='bbox 1479 523 1610 553; x_wconf 82' lang='lat' dir='ltr'>Clemens</span> <span class='ocrx_word' id='word_1_263' title='bbox 1621 536 1688 554; x_wconf 88' lang='lat' dir='ltr'>vero</span> <span class='ocrx_word' id='word_1_264' title='bbox 1701 529 1740 554; x_wconf 85' lang='lat' dir='ltr'>A-</span> 
     </span>
     <span class='ocr_line' id='line_1_39' title="bbox 949 560 1740 602; baseline 0.01 -15"><span class='ocrx_word' id='word_1_265' title='bbox 949 560 1070 588; x_wconf 84' lang='lat' dir='ltr'>lexandr.</span> <span class='ocrx_word' id='word_1_266' title='bbox 1079 560 1160 589; x_wconf 81' lang='lat' dir='ltr'>aliam</span> <span class='ocrx_word' id='word_1_267' title='bbox 1169 561 1315 600; x_wconf 83' lang='lat' dir='ltr'>piiffimam</span> <span class='ocrx_word' id='word_1_268' title='bbox 1325 563 1484 602; x_wconf 74' lang='lat' dir='ltr'>allegoriam</span> <span class='ocrx_word' id='word_1_269' title='bbox 1503 564 1532 592; x_wconf 91' lang='lat' dir='ltr'>in</span> <span class='ocrx_word' id='word_1_270' title='bbox 1543 565 1597 594; x_wconf 87' lang='lat' dir='ltr'>hoc</span> <span class='ocrx_word' id='word_1_271' title='bbox 1609 567 1740 595; x_wconf 80' lang='lat' dir='ltr'>vocabulo</span> 
     </span>
     <span class='ocr_line' id='line_1_40' title="bbox 948 600 1739 643; baseline 0.01 -15"><span class='ocrx_word' id='word_1_272' title='bbox 948 600 1096 629; x_wconf 77' lang='lat' dir='ltr'>meditatur</span> <span class='ocrx_word' id='word_1_273' title='bbox 1108 623 1115 634; x_wconf 87' lang='lat'><em>,</em></span> <span class='ocrx_word' id='word_1_274' title='bbox 1125 605 1154 631; x_wconf 71' lang='grc' dir='ltr'>ὅ(</span> <span class='ocrx_word' id='word_1_275' title='bbox 1163 613 1264 632; x_wconf 89' lang='lat' dir='ltr'>nomen</span> <span class='ocrx_word' id='word_1_276' title='bbox 1273 603 1350 642; x_wconf 83' lang='lat' dir='ltr'>Jesus</span> <span class='ocrx_word' id='word_1_277' title='bbox 1360 604 1514 643; x_wconf 78' lang='lat' dir='ltr'>significare</span> <span class='ocrx_word' id='word_1_278' title='bbox 1525 615 1664 638; x_wconf 65' lang='lat' dir='ltr'>autumn,-</span> <span class='ocrx_word' id='word_1_279' title='bbox 1677 618 1739 636; x_wconf 86' lang='lat' dir='ltr'>nam</span> 
     </span>
     <span class='ocr_line' id='line_1_41' title="bbox 946 641 1736 682; baseline 0.011 -14"><span class='ocrx_word' id='word_1_280' title='bbox 946 641 1033 679; x_wconf 83' lang='lat' dir='ltr'>prima</span> <span class='ocrx_word' id='word_1_281' title='bbox 1044 641 1135 671; x_wconf 81' lang='lat' dir='ltr'>littera</span> <span class='ocrx_word' id='word_1_282' title='bbox 1153 642 1227 680; x_wconf 88' lang='lat' dir='ltr'>Jesus</span> <span class='ocrx_word' id='word_1_283' title='bbox 1237 665 1245 676; x_wconf 90' lang='lat'><em>,</em></span> <span class='ocrx_word' id='word_1_284' title='bbox 1265 644 1335 682; x_wconf 79' lang='lat' dir='ltr'>apud</span> <span class='ocrx_word' id='word_1_285' title='bbox 1353 646 1468 674; x_wconf 71' lang='lat' dir='ltr'>Graecos</span> <span class='ocrx_word' id='word_1_286' title='bbox 1484 645 1592 675; x_wconf 75' lang='lat' dir='ltr'>decadis</span> <span class='ocrx_word' id='word_1_287' title='bbox 1600 658 1667 677; x_wconf 77' lang='lat' dir='ltr'>nota</span> <span class='ocrx_word' id='word_1_288' title='bbox 1677 648 1716 676; x_wconf 89' lang='lat' dir='ltr'>est</span> <span class='ocrx_word' id='word_1_289' title='bbox 1729 660 1736 679; x_wconf 77' lang='lat'>5</span> 
     </span>
     <span class='ocr_line' id='line_1_42' title="bbox 947 682 1738 724; baseline 0.01 -15"><span class='ocrx_word' id='word_1_290' title='bbox 947 691 1030 719; x_wconf 82' lang='lat' dir='ltr'>quare</span> <span class='ocrx_word' id='word_1_291' title='bbox 1047 682 1083 711; x_wconf 84' lang='lat' dir='ltr'>fic</span> <span class='ocrx_word' id='word_1_292' title='bbox 1100 683 1219 721; x_wconf 57' lang='lat' dir='ltr'>inquit:</span> <span class='ocrx_word' id='word_1_293' title='bbox 1234 685 1405 724; x_wconf 89' lang='lat' dir='ltr'>[Numquid</span> <span class='ocrx_word' id='word_1_294' title='bbox 1425 696 1516 715; x_wconf 83' lang='lat' dir='ltr'>autem</span> <span class='ocrx_word' id='word_1_295' title='bbox 1537 687 1738 717; x_wconf 69' lang='lat' dir='ltr'>decachordum</span> 
     </span>
     <span class='ocr_line' id='line_1_43' title="bbox 944 720 1736 766; baseline 0.011 -17"><span class='ocrx_word' id='word_1_296' title='bbox 944 720 1103 761; x_wconf 75' lang='lat' dir='ltr'>psalterium</span> <span class='ocrx_word' id='word_1_297' title='bbox 1122 725 1232 752; x_wconf 88' lang='lat' dir='ltr'>verbum</span> <span class='ocrx_word' id='word_1_298' title='bbox 1242 724 1305 762; x_wconf 75' lang='lat' dir='ltr'>Jesu</span> <span class='ocrx_word' id='word_1_299' title='bbox 1316 726 1451 765; x_wconf 78' lang='lat' dir='ltr'>fignificat</span> <span class='ocrx_word' id='word_1_300' title='bbox 1463 748 1470 759; x_wconf 88' lang='lat'><em>,</em></span> <span class='ocrx_word' id='word_1_301' title='bbox 1491 728 1539 766; x_wconf 90' lang='lat' dir='ltr'>qui</span> <span class='ocrx_word' id='word_1_302' title='bbox 1550 728 1736 758; x_wconf 78' lang='lat' dir='ltr'>manifestatur</span> 
     </span>
     <span class='ocr_line' id='line_1_44' title="bbox 944 763 1422 800; baseline 0.008 -10"><span class='ocrx_word' id='word_1_303' title='bbox 944 763 1029 791; x_wconf 86' lang='lat' dir='ltr'>verbo</span> <span class='ocrx_word' id='word_1_304' title='bbox 1040 763 1167 794; x_wconf 79' lang='lat' dir='ltr'>decadis?</span> <span class='ocrx_word' id='word_1_305' title='bbox 1179 772 1189 800; x_wconf 94' lang='lat'>[</span> <span class='ocrx_word' id='word_1_306' title='bbox 1202 765 1274 793; x_wconf 85' lang='lat' dir='ltr'>Vide</span> <span class='ocrx_word' id='word_1_307' title='bbox 1284 768 1405 794; x_wconf 78' lang='lat' dir='ltr'>Cithara</span> <span class='ocrx_word' id='word_1_308' title='bbox 1413 786 1422 794; x_wconf 84' lang='lat'><strong>.</strong></span> 
     </span>
    </p>
   </div>
   <div class='ocr_carea' id='block_1_13' title="bbox 57 802 1735 849">
    <p class='ocr_par' dir='ltr' id='par_1_14' title="bbox 57 802 1735 849">
     <span class='ocr_line' id='line_1_45' title="bbox 57 802 1735 849; baseline 0.004 -16"><span class='ocrx_word' id='word_1_309' title='bbox 57 804 216 834; x_wconf 52' lang='lat' dir='ltr'>Diutius</span> <span class='ocrx_word' id='word_1_310' title='bbox 229 826 234 832; x_wconf 95' lang='lat'>.</span> <span class='ocrx_word' id='word_1_311' title='bbox 249 807 306 834; x_wconf 76' lang='lat' dir='ltr'>PR.</span> <span class='ocrx_word' id='word_1_312' title='bbox 318 806 414 833; x_wconf 76' lang='lat' dir='ltr'>Servus</span> <span class='ocrx_word' id='word_1_313' title='bbox 424 825 432 836; x_wconf 88' lang='lat'><em>‚</em></span> <span class='ocrx_word' id='word_1_314' title='bbox 447 802 495 841; x_wconf 89' lang='lat' dir='ltr'>qui</span> <span class='ocrx_word' id='word_1_315' title='bbox 506 802 663 831; x_wconf 76' lang='lat' dir='ltr'>voluntarie</span> <span class='ocrx_word' id='word_1_316' title='bbox 672 802 754 832; x_wconf 83' lang='lat' dir='ltr'>alicui</span> <span class='ocrx_word' id='word_1_317' title='bbox 767 803 887 843; x_wconf 79' lang='lat' dir='ltr'>magnati</span> <span class='ocrx_word' id='word_1_318' title='bbox 901 804 1085 833; x_wconf 70' lang='lat' dir='ltr'>chAtoous</span> <span class='ocrx_word' id='word_1_319' title='bbox 1097 826 1105 837; x_wconf 90' lang='lat'><em>,</em></span> <span class='ocrx_word' id='word_1_320' title='bbox 1125 803 1275 843; x_wconf 63' lang='grc' dir='ltr'>ἃκαὶλογος</span> <span class='ocrx_word' id='word_1_321' title='bbox 1286 827 1294 839; x_wconf 82' lang='grc'><em>,</em></span> <span class='ocrx_word' id='word_1_322' title='bbox 1305 807 1400 836; x_wconf 89' lang='lat' dir='ltr'>decem</span> <span class='ocrx_word' id='word_1_323' title='bbox 1410 809 1501 841; x_wconf 81' lang='lat' dir='ltr'>verba,</span> <span class='ocrx_word' id='word_1_324' title='bbox 1511 807 1590 842; x_wconf 86' lang='lat' dir='ltr'>idest,</span> <span class='ocrx_word' id='word_1_325' title='bbox 1599 819 1735 849; x_wconf 75' lang='lat' dir='ltr'>prtecepta</span> 
     </span>
    </p>
   </div>
   <div class='ocr_carea' id='block_1_14' title="bbox 95 844 886 924">
    <p class='ocr_par' dir='ltr' id='par_1_15' title="bbox 95 844 886 924">
     <span class='ocr_line' id='line_1_46' title="bbox 95 844 886 884; baseline -0.003 -11"><span class='ocrx_word' id='word_1_326' title='bbox 95 844 124 873; x_wconf 89' lang='lat' dir='ltr'>se</span> <span class='ocrx_word' id='word_1_327' title='bbox 133 844 231 874; x_wconf 87' lang='lat' dir='ltr'>subdit.</span> <span class='ocrx_word' id='word_1_328' title='bbox 244 847 302 881; x_wconf 88' lang='lat' dir='ltr'>[Ita</span> <span class='ocrx_word' id='word_1_329' title='bbox 312 855 342 873; x_wconf 85' lang='lat' dir='ltr'>ut</span> <span class='ocrx_word' id='word_1_330' title='bbox 354 855 409 873; x_wconf 87' lang='lat' dir='ltr'>non</span> <span class='ocrx_word' id='word_1_331' title='bbox 422 853 504 883; x_wconf 73' lang='lat' dir='ltr'>pai-va</span> <span class='ocrx_word' id='word_1_332' title='bbox 514 844 573 872; x_wconf 81' lang='lat' dir='ltr'>loca</span> <span class='ocrx_word' id='word_1_333' title='bbox 584 844 745 881; x_wconf 76' lang='lat' dir='ltr'>patrimonii</span> <span class='ocrx_word' id='word_1_334' title='bbox 757 847 811 880; x_wconf 81' lang='lat' dir='ltr'>ejus</span> <span class='ocrx_word' id='word_1_335' title='bbox 822 856 886 884; x_wconf 82' lang='lat' dir='ltr'>pro-</span> 
     </span>
     <span class='ocr_line' id='line_1_47' title="bbox 97 883 885 924; baseline 0.001 -12"><span class='ocrx_word' id='word_1_336' title='bbox 97 885 163 924; x_wconf 83' lang='lat' dir='ltr'>priis</span> <span class='ocrx_word' id='word_1_337' title='bbox 173 887 272 915; x_wconf 73' lang='lat' dir='ltr'>nudata</span> <span class='ocrx_word' id='word_1_338' title='bbox 282 886 432 915; x_wconf 81' lang='lat' dir='ltr'>cultoribus</span> <span class='ocrx_word' id='word_1_339' title='bbox 444 906 451 917; x_wconf 91' lang='lat'><em>‚</em></span> <span class='ocrx_word' id='word_1_340' title='bbox 462 885 562 923; x_wconf 81' lang='lat' dir='ltr'>largius</span> <span class='ocrx_word' id='word_1_341' title='bbox 571 883 737 912; x_wconf 77' lang='lat' dir='ltr'>datitiorum</span> <span class='ocrx_word' id='word_1_342' title='bbox 746 884 885 914; x_wconf 78' lang='lat' dir='ltr'>habitato-</span> 
     </span>
    </p>
   </div>
   <div class='ocr_carea' id='block_1_15' title="bbox 888 872 895 903">
    <p class='ocr_par' dir='ltr' id='par_1_16' title="bbox 888 872 895 903">
     <span class='ocr_line' id='line_1_48' title="bbox 888 872 895 903; baseline 0 1623"><span class='ocrx_word' id='word_1_343' title='bbox 888 872 895 903; x_wconf 95' lang='lat' dir='ltr'> </span> 
     </span>
    </p>
   </div>
   <div class='ocr_carea' id='block_1_16' title="bbox 939 844 1735 935">
    <p class='ocr_par' dir='ltr' id='par_1_17' title="bbox 939 844 1735 935">
     <span class='ocr_line' id='line_1_49' title="bbox 941 844 1733 887; baseline 0.01 -15"><span class='ocrx_word' id='word_1_344' title='bbox 941 844 1039 873; x_wconf 87' lang='lat' dir='ltr'>divina</span> <span class='ocrx_word' id='word_1_345' title='bbox 1051 866 1059 878; x_wconf 92' lang='lat'>‚</span> <span class='ocrx_word' id='word_1_346' title='bbox 1071 855 1130 883; x_wconf 78' lang='lat' dir='ltr'>quae</span> <span class='ocrx_word' id='word_1_347' title='bbox 1141 846 1235 875; x_wconf 87' lang='lat' dir='ltr'>decem</span> <span class='ocrx_word' id='word_1_348' title='bbox 1245 845 1308 875; x_wconf 88' lang='lat' dir='ltr'>sunt</span> <span class='ocrx_word' id='word_1_349' title='bbox 1319 847 1350 876; x_wconf 91' lang='lat' dir='ltr'>in</span> <span class='ocrx_word' id='word_1_350' title='bbox 1363 847 1468 876; x_wconf 73' lang='lat' dir='ltr'>duobus</span> <span class='ocrx_word' id='word_1_351' title='bbox 1478 849 1594 887; x_wconf 78' lang='lat' dir='ltr'>lapideis</span> <span class='ocrx_word' id='word_1_352' title='bbox 1605 851 1702 880; x_wconf 66' lang='lat' dir='ltr'>tabuiis</span> <span class='ocrx_word' id='word_1_353' title='bbox 1721 863 1733 879; x_wconf 80' lang='lat' dir='ltr'>a</span> 
     </span>
     <span class='ocr_line' id='line_1_50' title="bbox 939 885 1735 935; baseline 0.009 -22"><span class='ocrx_word' id='word_1_354' title='bbox 939 885 1003 913; x_wconf 92' lang='lat' dir='ltr'>Deo</span> <span class='ocrx_word' id='word_1_355' title='bbox 1013 886 1213 920; x_wconf 78' lang='lat' dir='ltr'>Moyiitradita</span> <span class='ocrx_word' id='word_1_356' title='bbox 1223 907 1231 914; x_wconf 89' lang='lat'><strong>.</strong></span> <span class='ocrx_word' id='word_1_357' title='bbox 1252 890 1314 923; x_wconf 86' lang='lat' dir='ltr'>Ejus</span> <span class='ocrx_word' id='word_1_358' title='bbox 1324 888 1385 918; x_wconf 63' lang='lat' dir='ltr'>duae</span> <span class='ocrx_word' id='word_1_359' title='bbox 1397 889 1513 927; x_wconf 63' lang='lat' dir='ltr'>lapideae</span> <span class='ocrx_word' id='word_1_360' title='bbox 1523 892 1620 935; x_wconf 78' lang='lat' dir='ltr'>tabulae</span> <span class='ocrx_word' id='word_1_361' title='bbox 1629 912 1639 920; x_wconf 85' lang='lat'><strong>.</strong></span> <span class='ocrx_word' id='word_1_362' title='bbox 1661 892 1735 920; x_wconf 83' lang='lat' dir='ltr'>Vide</span> 
     </span>
    </p>
   </div>
   <div class='ocr_carea' id='block_1_17' title="bbox 95 924 1735 1013">
    <p class='ocr_par' dir='ltr' id='par_1_18' title="bbox 95 924 1735 1013">
     <span class='ocr_line' id='line_1_51' title="bbox 95 924 1378 966; baseline 0 -12"><span class='ocrx_word' id='word_1_363' title='bbox 95 927 167 955; x_wconf 83' lang='lat' dir='ltr'>ribus</span> <span class='ocrx_word' id='word_1_364' title='bbox 177 927 376 956; x_wconf 83' lang='lat' dir='ltr'>restauraverit.</span> <span class='ocrx_word' id='word_1_365' title='bbox 387 927 424 955; x_wconf 92' lang='lat' dir='ltr'>D.</span> <span class='ocrx_word' id='word_1_366' title='bbox 434 928 553 964; x_wconf 82' lang='lat' dir='ltr'>Gregor.</span> <span class='ocrx_word' id='word_1_367' title='bbox 566 924 612 953; x_wconf 83' lang='lat' dir='ltr'>lib.</span> <span class='ocrx_word' id='word_1_368' title='bbox 628 935 650 953; x_wconf 88' lang='lat' dir='ltr'>t.</span> <span class='ocrx_word' id='word_1_369' title='bbox 660 925 739 964; x_wconf 80' lang='lat' dir='ltr'>epist.</span> <span class='ocrx_word' id='word_1_370' title='bbox 749 936 796 963; x_wconf 86' lang='lat'>73.</span> <span class='ocrx_word' id='word_1_371' title='bbox 810 926 884 961; x_wconf 88' lang='lat' dir='ltr'>[Ubi</span> <span class='ocrx_word' id='word_1_372' title='bbox 939 927 1108 966; x_wconf 72' lang='lat' dir='ltr'>Diptychtam</span> <span class='ocrx_word' id='word_1_373' title='bbox 1121 947 1128 955; x_wconf 93' lang='lat'><em>.</em></span> <span class='ocrx_word' id='word_1_374' title='bbox 1376 964 1378 966; x_wconf 26' lang='grc' dir='ltr'>Ι</span> 
     </span>
     <span class='ocr_line' id='line_1_52' title="bbox 95 966 1735 1013; baseline 0.004 -19"><span class='ocrx_word' id='word_1_375' title='bbox 95 967 199 996; x_wconf 75' lang='lat' dir='ltr'>Africae</span> <span class='ocrx_word' id='word_1_376' title='bbox 213 967 339 997; x_wconf 81' lang='lat' dir='ltr'>Exarclio</span> <span class='ocrx_word' id='word_1_377' title='bbox 349 968 445 1006; x_wconf 77' lang='lat' dir='ltr'>gratias</span> <span class='ocrx_word' id='word_1_378' title='bbox 454 967 523 1004; x_wconf 69' lang='lat' dir='ltr'>agit,</span> <span class='ocrx_word' id='word_1_379' title='bbox 536 976 570 994; x_wconf 90' lang='lat' dir='ltr'>eo</span> <span class='ocrx_word' id='word_1_380' title='bbox 579 966 653 1003; x_wconf 88' lang='lat' dir='ltr'>quod</span> <span class='ocrx_word' id='word_1_381' title='bbox 664 966 750 994; x_wconf 77' lang='lat' dir='ltr'>multa</span> <span class='ocrx_word' id='word_1_382' title='bbox 761 967 884 996; x_wconf 77' lang='lat' dir='ltr'>Eccleiiae</span> <span class='ocrx_word' id='word_1_383' title='bbox 898 966 1043 995; x_wconf 61' lang='lat' dir='ltr'>Danaum</span> <span class='ocrx_word' id='word_1_384' title='bbox 1054 989 1061 999; x_wconf 91' lang='lat'><em>,</em></span> <span class='ocrx_word' id='word_1_385' title='bbox 1074 971 1234 997; x_wconf 81' lang='lat' dir='ltr'>Decanicus</span> <span class='ocrx_word' id='word_1_386' title='bbox 1245 989 1252 1001; x_wconf 87' lang='lat'><em>,</em></span> <span class='ocrx_word' id='word_1_387' title='bbox 1262 972 1290 997; x_wconf 82' lang='grc' dir='ltr'>ὅ(</span> <span class='ocrx_word' id='word_1_388' title='bbox 1301 973 1484 1004; x_wconf 79' lang='lat' dir='ltr'>Decanicum,</span> <span class='ocrx_word' id='word_1_389' title='bbox 1495 982 1576 1001; x_wconf 84' lang='lat' dir='ltr'>voces</span> <span class='ocrx_word' id='word_1_390' title='bbox 1584 995 1592 1006; x_wconf 92' lang='lat'><em>,</em></span> <span class='ocrx_word' id='word_1_391' title='bbox 1605 983 1666 1013; x_wconf 81' lang='lat' dir='ltr'>quae</span> <span class='ocrx_word' id='word_1_392' title='bbox 1677 984 1735 1002; x_wconf 79' lang='lat' dir='ltr'>car-</span> 
     </span>
    </p>
   </div>
   <div class='ocr_carea' id='block_1_18' title="bbox 93 1006 885 1248">
    <p class='ocr_par' dir='ltr' id='par_1_19' title="bbox 93 1006 885 1248">
     <span class='ocr_line' id='line_1_53' title="bbox 95 1006 885 1046; baseline 0.001 -12"><span class='ocrx_word' id='word_1_393' title='bbox 95 1009 231 1036; x_wconf 58' lang='lat' dir='ltr'>Romanae</span> <span class='ocrx_word' id='word_1_394' title='bbox 245 1008 348 1046; x_wconf 67' lang='lat' dir='ltr'>praedia</span> <span class='ocrx_word' id='word_1_395' title='bbox 360 1009 390 1035; x_wconf 90' lang='lat' dir='ltr'>in</span> <span class='ocrx_word' id='word_1_396' title='bbox 400 1008 456 1035; x_wconf 87' lang='lat' dir='ltr'>illis</span> <span class='ocrx_word' id='word_1_397' title='bbox 468 1006 586 1044; x_wconf 81' lang='lat' dir='ltr'>partibus</span> <span class='ocrx_word' id='word_1_398' title='bbox 597 1006 704 1034; x_wconf 88' lang='lat' dir='ltr'>colonis</span> <span class='ocrx_word' id='word_1_399' title='bbox 714 1027 722 1039; x_wconf 92' lang='lat'><em>‚</em></span> <span class='ocrx_word' id='word_1_400' title='bbox 742 1016 772 1034; x_wconf 84' lang='lat' dir='ltr'>ac</span> <span class='ocrx_word' id='word_1_401' title='bbox 782 1007 885 1035; x_wconf 82' lang='lat' dir='ltr'>habita—</span> 
     </span>
     <span class='ocr_line' id='line_1_54' title="bbox 94 1046 884 1085; baseline 0.003 -11"><span class='ocrx_word' id='word_1_402' title='bbox 94 1047 198 1076; x_wconf 77' lang='lat' dir='ltr'>toribus</span> <span class='ocrx_word' id='word_1_403' title='bbox 207 1047 390 1076; x_wconf 77' lang='lat' dir='ltr'>restani-affer:</span> <span class='ocrx_word' id='word_1_404' title='bbox 409 1047 456 1085; x_wconf 89' lang='lat' dir='ltr'>qui</span> <span class='ocrx_word' id='word_1_405' title='bbox 466 1056 558 1075; x_wconf 87' lang='lat' dir='ltr'>tamen</span> <span class='ocrx_word' id='word_1_406' title='bbox 575 1057 589 1074; x_wconf 81' lang='lat' dir='ltr'>a</span> <span class='ocrx_word' id='word_1_407' title='bbox 609 1046 732 1079; x_wconf 75' lang='lat' dir='ltr'>saliano,</span> <span class='ocrx_word' id='word_1_408' title='bbox 753 1048 800 1076; x_wconf 84' lang='lat' dir='ltr'>lib.</span> <span class='ocrx_word' id='word_1_409' title='bbox 815 1057 838 1083; x_wconf 81' lang='grc' dir='ltr'>ς.</span> <span class='ocrx_word' id='word_1_410' title='bbox 851 1048 884 1076; x_wconf 88' lang='lat' dir='ltr'>de</span> 
     </span>
     <span class='ocr_line' id='line_1_55' title="bbox 93 1086 884 1126; baseline 0.001 -10"><span class='ocrx_word' id='word_1_411' title='bbox 93 1088 186 1126; x_wconf 88' lang='lat' dir='ltr'>guber.</span> <span class='ocrx_word' id='word_1_412' title='bbox 208 1090 347 1117; x_wconf 75' lang='lat' dir='ltr'>Deditin&#39;i</span> <span class='ocrx_word' id='word_1_413' title='bbox 366 1088 555 1126; x_wconf 64' lang='lat' dir='ltr'>appellantur}</span> <span class='ocrx_word' id='word_1_414' title='bbox 576 1086 613 1114; x_wconf 79' lang='lat' dir='ltr'>ita</span> <span class='ocrx_word' id='word_1_415' title='bbox 633 1097 678 1115; x_wconf 91' lang='lat' dir='ltr'>eos</span> <span class='ocrx_word' id='word_1_416' title='bbox 696 1086 866 1117; x_wconf 82' lang='lat' dir='ltr'>describente</span> <span class='ocrx_word' id='word_1_417' title='bbox 877 1111 884 1122; x_wconf 91' lang='lat'><em>,</em></span> 
     </span>
     <span class='ocr_line' id='line_1_56' title="bbox 95 1128 884 1167; baseline 0 -10"><span class='ocrx_word' id='word_1_418' title='bbox 95 1129 241 1164; x_wconf 70' lang='lat' dir='ltr'>[Tradunt</span> <span class='ocrx_word' id='word_1_419' title='bbox 253 1128 280 1158; x_wconf 89' lang='lat' dir='ltr'>sc</span> <span class='ocrx_word' id='word_1_420' title='bbox 289 1129 323 1157; x_wconf 79' lang='lat' dir='ltr'>ad</span> <span class='ocrx_word' id='word_1_421' title='bbox 337 1128 468 1157; x_wconf 79' lang='lat' dir='ltr'>tuendum</span> <span class='ocrx_word' id='word_1_422' title='bbox 479 1149 487 1161; x_wconf 90' lang='lat'><em>‚</em></span> <span class='ocrx_word' id='word_1_423' title='bbox 509 1128 764 1167; x_wconf 76' lang='lat' dir='ltr'>protegendumque</span> <span class='ocrx_word' id='word_1_424' title='bbox 775 1130 884 1165; x_wconf 80' lang='lat' dir='ltr'>majori-</span> 
     </span>
     <span class='ocr_line' id='line_1_57' title="bbox 93 1168 884 1206; baseline 0.001 -9"><span class='ocrx_word' id='word_1_425' title='bbox 93 1169 139 1197; x_wconf 83' lang='lat' dir='ltr'>bus</span> <span class='ocrx_word' id='word_1_426' title='bbox 149 1191 156 1202; x_wconf 92' lang='lat'><em>‚</em></span> <span class='ocrx_word' id='word_1_427' title='bbox 167 1170 313 1198; x_wconf 82' lang='lat' dir='ltr'>dedititios</span> <span class='ocrx_word' id='word_1_428' title='bbox 321 1169 347 1197; x_wconf 87' lang='lat' dir='ltr'>se</span> <span class='ocrx_word' id='word_1_429' title='bbox 357 1169 479 1197; x_wconf 85' lang='lat' dir='ltr'>divitum</span> <span class='ocrx_word' id='word_1_430' title='bbox 491 1168 593 1196; x_wconf 83' lang='lat' dir='ltr'>faciunt</span> <span class='ocrx_word' id='word_1_431' title='bbox 602 1188 611 1200; x_wconf 91' lang='lat'><em>,</em></span> <span class='ocrx_word' id='word_1_432' title='bbox 623 1171 650 1196; x_wconf 74' lang='grc' dir='ltr'>δε</span> <span class='ocrx_word' id='word_1_433' title='bbox 662 1169 734 1206; x_wconf 78' lang='lat' dir='ltr'>quali</span> <span class='ocrx_word' id='word_1_434' title='bbox 747 1169 828 1205; x_wconf 77' lang='lat' dir='ltr'>injus</span> <span class='ocrx_word' id='word_1_435' title='bbox 838 1180 884 1198; x_wconf 90' lang='lat' dir='ltr'>eo-</span> 
     </span>
     <span class='ocr_line' id='line_1_58' title="bbox 94 1208 883 1248; baseline 0.001 -10"><span class='ocrx_word' id='word_1_436' title='bbox 94 1219 154 1238; x_wconf 87' lang='lat' dir='ltr'>rum</span> <span class='ocrx_word' id='word_1_437' title='bbox 163 1231 172 1243; x_wconf 89' lang='lat'><em>‚</em></span> <span class='ocrx_word' id='word_1_438' title='bbox 183 1210 374 1248; x_wconf 86' lang='lat' dir='ltr'>ditionemque</span> <span class='ocrx_word' id='word_1_439' title='bbox 383 1208 580 1237; x_wconf 83' lang='lat' dir='ltr'>transcendunt</span> <span class='ocrx_word' id='word_1_440' title='bbox 591 1227 598 1235; x_wconf 91' lang='lat'><strong>.</strong></span> <span class='ocrx_word' id='word_1_441' title='bbox 610 1210 621 1239; x_wconf 95' lang='grc'>]</span> <span class='ocrx_word' id='word_1_442' title='bbox 644 1209 734 1236; x_wconf 85' lang='lat' dir='ltr'>Etiam</span> <span class='ocrx_word' id='word_1_443' title='bbox 744 1211 883 1239; x_wconf 81' lang='lat' dir='ltr'>Dedititu‘</span> 
     </span>
    </p>
   </div>
   <div class='ocr_carea' id='block_1_19' title="bbox 876 1037 899 2238">
    <p class='ocr_par' dir='ltr' id='par_1_20' title="bbox 876 1037 899 2238">
     <span class='ocr_line' id='line_1_59' title="bbox 885 1037 898 1146; baseline 0 -42"><span class='ocrx_word' id='word_1_444' title='bbox 885 1037 898 1146; x_wconf 95' lang='lat' dir='ltr'>   </span> 
     </span>
     <span class='ocr_line' id='line_1_60' title="bbox 884 1146 899 1309; baseline 0.8 -88"><span class='ocrx_word' id='word_1_445' title='bbox 884 1146 899 1309; x_wconf 95' lang='lat' dir='ltr'>    </span> 
     </span>
     <span class='ocr_line' id='line_1_61' title="bbox 883 1309 899 1433; baseline 0 0"><span class='ocrx_word' id='word_1_446' title='bbox 883 1309 899 1433; x_wconf 95' lang='lat' dir='ltr'>   </span> 
     </span>
     <span class='ocr_line' id='line_1_62' title="bbox 879 1678 896 1836; baseline 0 -81"><span class='ocrx_word' id='word_1_447' title='bbox 879 1678 896 1836; x_wconf 95' lang='lat' dir='ltr'>    </span> 
     </span>
     <span class='ocr_line' id='line_1_63' title="bbox 878 1840 893 1993; baseline 0 0"><span class='ocrx_word' id='word_1_448' title='bbox 878 1840 893 1993; x_wconf 95' lang='lat' dir='ltr'>   </span> 
     </span>
     <span class='ocr_line' id='line_1_64' title="bbox 877 1993 893 2116; baseline 0 -32"><span class='ocrx_word' id='word_1_449' title='bbox 877 1993 893 2116; x_wconf 95' lang='lat' dir='ltr'>   </span> 
     </span>
     <span class='ocr_line' id='line_1_65' title="bbox 876 2116 892 2238; baseline 0 -30"><span class='ocrx_word' id='word_1_450' title='bbox 876 2116 892 2238; x_wconf 95' lang='lat' dir='ltr'>  </span> 
     </span>
    </p>
   </div>
   <div class='ocr_carea' id='block_1_20' title="bbox 92 1249 911 1289">
    <p class='ocr_par' dir='ltr' id='par_1_21' title="bbox 92 1249 911 1289">
     <span class='ocr_line' id='line_1_66' title="bbox 92 1249 911 1289; baseline -0.002 -11"><span class='ocrx_word' id='word_1_451' title='bbox 92 1250 252 1278; x_wconf 82' lang='lat' dir='ltr'>dicebantur</span> <span class='ocrx_word' id='word_1_452' title='bbox 262 1272 269 1282; x_wconf 85' lang='lat'><em>,</em></span> <span class='ocrx_word' id='word_1_453' title='bbox 281 1250 328 1288; x_wconf 87' lang='lat' dir='ltr'>qui</span> <span class='ocrx_word' id='word_1_454' title='bbox 345 1250 404 1288; x_wconf 86' lang='lat' dir='ltr'>post</span> <span class='ocrx_word' id='word_1_455' title='bbox 420 1249 598 1278; x_wconf 87' lang='lat' dir='ltr'>rebellionem</span> <span class='ocrx_word' id='word_1_456' title='bbox 609 1249 709 1277; x_wconf 86' lang='lat' dir='ltr'>iterum</span> <span class='ocrx_word' id='word_1_457' title='bbox 727 1249 862 1289; x_wconf 81' lang='lat' dir='ltr'>subjugati</span> <span class='ocrx_word' id='word_1_458' title='bbox 875 1273 882 1284; x_wconf 93' lang='lat'><em>,</em></span> <span class='ocrx_word' id='word_1_459' title='bbox 896 1264 911 1276; x_wconf 67' lang='lat'>=.</span> 
     </span>
    </p>
   </div>
   <div class='ocr_carea' id='block_1_21' title="bbox 46 1289 884 2262">
    <p class='ocr_par' dir='ltr' id='par_1_22' title="bbox 90 1289 884 1568">
     <span class='ocr_line' id='line_1_67' title="bbox 92 1289 882 1329; baseline 0 -10"><span class='ocrx_word' id='word_1_460' title='bbox 92 1291 124 1319; x_wconf 76' lang='lat' dir='ltr'>ab</span> <span class='ocrx_word' id='word_1_461' title='bbox 134 1300 229 1319; x_wconf 89' lang='lat' dir='ltr'>corum</span> <span class='ocrx_word' id='word_1_462' title='bbox 238 1290 378 1329; x_wconf 84' lang='lat' dir='ltr'>superiore</span> <span class='ocrx_word' id='word_1_463' title='bbox 389 1312 396 1323; x_wconf 93' lang='lat'><em>‚</em></span> <span class='ocrx_word' id='word_1_464' title='bbox 406 1289 452 1319; x_wconf 86' lang='lat' dir='ltr'>seu</span> <span class='ocrx_word' id='word_1_465' title='bbox 460 1289 648 1318; x_wconf 77' lang='lat' dir='ltr'>confoedemto</span> <span class='ocrx_word' id='word_1_466' title='bbox 660 1290 752 1318; x_wconf 87' lang='lat' dir='ltr'>denuo</span> <span class='ocrx_word' id='word_1_467' title='bbox 761 1292 791 1319; x_wconf 88' lang='lat' dir='ltr'>in</span> <span class='ocrx_word' id='word_1_468' title='bbox 802 1292 882 1320; x_wconf 77' lang='lat' dir='ltr'>liber-</span> 
     </span>
     <span class='ocr_line' id='line_1_68' title="bbox 93 1331 883 1371; baseline 0.003 -12"><span class='ocrx_word' id='word_1_469' title='bbox 93 1341 148 1360; x_wconf 81' lang='lat' dir='ltr'>tate</span> <span class='ocrx_word' id='word_1_470' title='bbox 159 1331 394 1360; x_wconf 84' lang='lat' dir='ltr'>constituebantur</span> <span class='ocrx_word' id='word_1_471' title='bbox 408 1342 415 1362; x_wconf 78' lang='lat'>5</span> <span class='ocrx_word' id='word_1_472' title='bbox 434 1331 580 1369; x_wconf 81' lang='lat' dir='ltr'>municipii</span> <span class='ocrx_word' id='word_1_473' title='bbox 592 1341 660 1359; x_wconf 80' lang='lat' dir='ltr'>vero</span> <span class='ocrx_word' id='word_1_474' title='bbox 669 1331 848 1371; x_wconf 84' lang='lat' dir='ltr'>privilegium</span> <span class='ocrx_word' id='word_1_475' title='bbox 859 1344 883 1361; x_wconf 90' lang='lat' dir='ltr'>a-</span> 
     </span>
     <span class='ocr_line' id='line_1_69' title="bbox 93 1371 884 1408; baseline 0.001 -7"><span class='ocrx_word' id='word_1_476' title='bbox 93 1372 239 1401; x_wconf 83' lang='lat' dir='ltr'>mittebant</span> <span class='ocrx_word' id='word_1_477' title='bbox 250 1393 256 1400; x_wconf 96' lang='lat'>.</span> <span class='ocrx_word' id='word_1_478' title='bbox 278 1372 383 1408; x_wconf 87' lang='lat' dir='ltr'>[Enim</span> <span class='ocrx_word' id='word_1_479' title='bbox 396 1381 462 1399; x_wconf 82' lang='lat' dir='ltr'>vei-o</span> <span class='ocrx_word' id='word_1_480' title='bbox 485 1372 514 1400; x_wconf 85' lang='lat' dir='ltr'>in</span> <span class='ocrx_word' id='word_1_481' title='bbox 523 1371 635 1399; x_wconf 86' lang='lat' dir='ltr'>dubium</span> <span class='ocrx_word' id='word_1_482' title='bbox 646 1372 780 1401; x_wconf 72' lang='lat' dir='ltr'>censoriae</span> <span class='ocrx_word' id='word_1_483' title='bbox 792 1373 884 1402; x_wconf 82' lang='lat' dir='ltr'>inten-</span> 
     </span>
     <span class='ocr_line' id='line_1_70' title="bbox 90 1412 883 1451; baseline 0.001 -10"><span class='ocrx_word' id='word_1_484' title='bbox 90 1413 175 1442; x_wconf 85' lang='lat' dir='ltr'>tionis</span> <span class='ocrx_word' id='word_1_485' title='bbox 186 1412 331 1451; x_wconf 83' lang='lat' dir='ltr'>episcynio</span> <span class='ocrx_word' id='word_1_486' title='bbox 341 1412 464 1451; x_wconf 85' lang='lat' dir='ltr'>disperso</span> <span class='ocrx_word' id='word_1_487' title='bbox 479 1435 485 1445; x_wconf 86' lang='lat'><em>,</em></span> <span class='ocrx_word' id='word_1_488' title='bbox 498 1421 631 1451; x_wconf 88' lang='lat' dir='ltr'>quantum</span> <span class='ocrx_word' id='word_1_489' title='bbox 641 1413 774 1441; x_wconf 77' lang='lat' dir='ltr'>denotavi</span> <span class='ocrx_word' id='word_1_490' title='bbox 784 1424 792 1444; x_wconf 72' lang='grc' dir='ltr'><strong><em>ς</em></strong></span> <span class='ocrx_word' id='word_1_491' title='bbox 804 1414 883 1451; x_wconf 81' lang='lat' dir='ltr'>paffi-</span> 
     </span>
     <span class='ocr_line' id='line_1_71' title="bbox 92 1452 882 1491; baseline 0.003 -9"><span class='ocrx_word' id='word_1_492' title='bbox 92 1454 163 1482; x_wconf 84' lang='lat' dir='ltr'>vitas</span> <span class='ocrx_word' id='word_1_493' title='bbox 173 1453 272 1482; x_wconf 65' lang='lat' dir='ltr'>offert:</span> <span class='ocrx_word' id='word_1_494' title='bbox 293 1454 438 1481; x_wconf 82' lang='lat' dir='ltr'>libertinos</span> <span class='ocrx_word' id='word_1_495' title='bbox 449 1453 477 1482; x_wconf 88' lang='lat' dir='ltr'>in</span> <span class='ocrx_word' id='word_1_496' title='bbox 488 1452 654 1491; x_wconf 84' lang='lat' dir='ltr'>equestribus</span> <span class='ocrx_word' id='word_1_497' title='bbox 666 1475 673 1485; x_wconf 86' lang='lat'><em>,</em></span> <span class='ocrx_word' id='word_1_498' title='bbox 695 1452 882 1484; x_wconf 81' lang='lat' dir='ltr'>subverbustos</span> 
     </span>
     <span class='ocr_line' id='line_1_72' title="bbox 91 1493 882 1534; baseline 0.004 -13"><span class='ocrx_word' id='word_1_499' title='bbox 91 1494 120 1521; x_wconf 87' lang='lat' dir='ltr'>in</span> <span class='ocrx_word' id='word_1_500' title='bbox 133 1494 294 1526; x_wconf 82' lang='lat' dir='ltr'>liberalibus,</span> <span class='ocrx_word' id='word_1_501' title='bbox 304 1494 450 1522; x_wconf 80' lang='lat' dir='ltr'>dedititios</span> <span class='ocrx_word' id='word_1_502' title='bbox 463 1494 492 1522; x_wconf 90' lang='lat' dir='ltr'>in</span> <span class='ocrx_word' id='word_1_503' title='bbox 503 1493 630 1533; x_wconf 84' lang='lat' dir='ltr'>ingenuis</span> <span class='ocrx_word' id='word_1_504' title='bbox 638 1514 646 1522; x_wconf 90' lang='lat'><strong>.</strong></span> <span class='ocrx_word' id='word_1_505' title='bbox 656 1494 774 1523; x_wconf 88' lang='lat' dir='ltr'>Tertull.</span> <span class='ocrx_word' id='word_1_506' title='bbox 785 1494 820 1523; x_wconf 88' lang='lat' dir='ltr'>de</span> <span class='ocrx_word' id='word_1_507' title='bbox 830 1497 882 1534; x_wconf 84' lang='lat' dir='ltr'>pal.</span> 
     </span>
     <span class='ocr_line' id='line_1_73' title="bbox 91 1534 258 1568; baseline 0 -7"><span class='ocrx_word' id='word_1_508' title='bbox 91 1534 131 1561; x_wconf 91' lang='lat' dir='ltr'>lio</span> <span class='ocrx_word' id='word_1_509' title='bbox 143 1555 150 1566; x_wconf 94' lang='lat'><em>‚</em></span> <span class='ocrx_word' id='word_1_510' title='bbox 160 1544 189 1561; x_wconf 74' lang='lat' dir='ltr'>ca</span> <span class='ocrx_word' id='word_1_511' title='bbox 212 1554 218 1561; x_wconf 87' lang='lat'><strong>.</strong></span> <span class='ocrx_word' id='word_1_512' title='bbox 231 1545 258 1568; x_wconf 83' lang='lat'>4.</span> 
     </span>
    </p>

    <p class='ocr_par' dir='ltr' id='par_1_23' title="bbox 51 1543 697 1613">
     <span class='ocr_line' id='line_1_74' title="bbox 51 1543 697 1613; baseline 0.002 -11"><span class='ocrx_word' id='word_1_513' title='bbox 51 1575 156 1602; x_wconf 55' lang='lat' dir='ltr'>Divi»</span> <span class='ocrx_word' id='word_1_514' title='bbox 167 1543 325 1602; x_wconf 56' lang='lat' dir='ltr'>Diiopuna</span> <span class='ocrx_word' id='word_1_515' title='bbox 337 1595 344 1601; x_wconf 92' lang='lat'>.</span> <span class='ocrx_word' id='word_1_516' title='bbox 367 1574 440 1603; x_wconf 85' lang='lat' dir='ltr'>Vide</span> <span class='ocrx_word' id='word_1_517' title='bbox 450 1576 677 1613; x_wconf 74' lang='lat' dir='ltr'>Psalmographus</span> <span class='ocrx_word' id='word_1_518' title='bbox 691 1597 697 1603; x_wconf 91' lang='lat'><em>.</em></span> 
     </span>
    </p>

    <p class='ocr_par' dir='ltr' id='par_1_24' title="bbox 49 1614 880 1940">
     <span class='ocr_line' id='line_1_75' title="bbox 49 1614 879 1656; baseline 0.005 -15"><span class='ocrx_word' id='word_1_519' title='bbox 49 1615 95 1642; x_wconf 57' lang='lat' dir='ltr'>DE</span> <span class='ocrx_word' id='word_1_520' title='bbox 110 1634 116 1641; x_wconf 88' lang='lat'>.</span> <span class='ocrx_word' id='word_1_521' title='bbox 132 1616 187 1644; x_wconf 86' lang='lat' dir='ltr'>FR.</span> <span class='ocrx_word' id='word_1_522' title='bbox 198 1614 351 1652; x_wconf 81' lang='lat' dir='ltr'>propoiitio</span> <span class='ocrx_word' id='word_1_523' title='bbox 360 1614 419 1643; x_wconf 75' lang='lat' dir='ltr'>liaec</span> <span class='ocrx_word' id='word_1_524' title='bbox 430 1615 458 1643; x_wconf 88' lang='lat' dir='ltr'>in</span> <span class='ocrx_word' id='word_1_525' title='bbox 470 1616 562 1655; x_wconf 83' lang='lat' dir='ltr'>regula</span> <span class='ocrx_word' id='word_1_526' title='bbox 571 1618 597 1644; x_wconf 87' lang='lat' dir='ltr'>S.</span> <span class='ocrx_word' id='word_1_527' title='bbox 609 1615 753 1644; x_wconf 62' lang='lat' dir='ltr'>Benedieti</span> <span class='ocrx_word' id='word_1_528' title='bbox 763 1616 879 1656; x_wconf 81' lang='lat' dir='ltr'>aliquan.</span> 
     </span>
     <span class='ocr_line' id='line_1_76' title="bbox 89 1654 880 1696; baseline 0.005 -14"><span class='ocrx_word' id='word_1_529' title='bbox 89 1655 126 1683; x_wconf 90' lang='lat' dir='ltr'>do</span> <span class='ocrx_word' id='word_1_530' title='bbox 138 1656 197 1691; x_wconf 83' lang='lat' dir='ltr'>Post</span> <span class='ocrx_word' id='word_1_531' title='bbox 208 1654 342 1693; x_wconf 79' lang='lat' dir='ltr'>fignificat</span> <span class='ocrx_word' id='word_1_532' title='bbox 352 1675 359 1682; x_wconf 88' lang='lat'>.</span> <span class='ocrx_word' id='word_1_533' title='bbox 383 1656 532 1694; x_wconf 81' lang='lat' dir='ltr'>[Amplius</span> <span class='ocrx_word' id='word_1_534' title='bbox 543 1656 578 1685; x_wconf 87' lang='lat' dir='ltr'>de</span> <span class='ocrx_word' id='word_1_535' title='bbox 590 1657 679 1685; x_wconf 87' lang='lat' dir='ltr'>media</span> <span class='ocrx_word' id='word_1_536' title='bbox 698 1657 778 1686; x_wconf 69' lang='lat' dir='ltr'>noste</span> <span class='ocrx_word' id='word_1_537' title='bbox 788 1656 880 1696; x_wconf 86' lang='lat' dir='ltr'>pause-</span> 
     </span>
     <span class='ocr_line' id='line_1_77' title="bbox 89 1697 878 1736; baseline 0.006 -14"><span class='ocrx_word' id='word_1_538' title='bbox 89 1704 133 1723; x_wconf 89' lang='lat' dir='ltr'>tur</span> <span class='ocrx_word' id='word_1_539' title='bbox 142 1716 150 1728; x_wconf 93' lang='lat'><em>,</em></span> <span class='ocrx_word' id='word_1_540' title='bbox 161 1705 218 1733; x_wconf 86' lang='lat' dir='ltr'>cap.</span> <span class='ocrx_word' id='word_1_541' title='bbox 233 1700 256 1723; x_wconf 86' lang='lat'>8.</span> <span class='ocrx_word' id='word_1_542' title='bbox 270 1697 282 1726; x_wconf 96' lang='lat'>]</span> <span class='ocrx_word' id='word_1_543' title='bbox 297 1697 370 1724; x_wconf 85' lang='lat' dir='ltr'>Item</span> <span class='ocrx_word' id='word_1_544' title='bbox 378 1700 431 1724; x_wconf 85' lang='lat' dir='ltr'>Pro</span> <span class='ocrx_word' id='word_1_545' title='bbox 442 1706 649 1735; x_wconf 87' lang='lat' dir='ltr'>nonnumquam</span> <span class='ocrx_word' id='word_1_546' title='bbox 657 1697 786 1726; x_wconf 81' lang='lat' dir='ltr'>denotat:</span> <span class='ocrx_word' id='word_1_547' title='bbox 803 1700 878 1736; x_wconf 80' lang='lat' dir='ltr'>[Jam</span> 
     </span>
     <span class='ocr_line' id='line_1_78' title="bbox 89 1736 878 1777; baseline 0.005 -14"><span class='ocrx_word' id='word_1_548' title='bbox 89 1736 123 1764; x_wconf 86' lang='lat' dir='ltr'>de</span> <span class='ocrx_word' id='word_1_549' title='bbox 133 1736 284 1768; x_wconf 66' lang='lat' dir='ltr'>noeturnis,</span> <span class='ocrx_word' id='word_1_550' title='bbox 297 1737 341 1764; x_wconf 86' lang='lat' dir='ltr'>vel</span> <span class='ocrx_word' id='word_1_551' title='bbox 351 1737 495 1765; x_wconf 79' lang='lat' dir='ltr'>matutinis</span> <span class='ocrx_word' id='word_1_552' title='bbox 504 1736 660 1776; x_wconf 84' lang='lat' dir='ltr'>digcffimiis</span> <span class='ocrx_word' id='word_1_553' title='bbox 671 1739 799 1767; x_wconf 86' lang='lat' dir='ltr'>ordinem</span> <span class='ocrx_word' id='word_1_554' title='bbox 809 1738 878 1777; x_wconf 81' lang='lat' dir='ltr'>psal-</span> 
     </span>
     <span class='ocr_line' id='line_1_79' title="bbox 90 1776 878 1816; baseline 0.009 -14"><span class='ocrx_word' id='word_1_555' title='bbox 90 1776 191 1804; x_wconf 72' lang='lat' dir='ltr'>modian</span> <span class='ocrx_word' id='word_1_556' title='bbox 202 1797 210 1809; x_wconf 96' lang='lat'><em>‚</em></span> <span class='ocrx_word' id='word_1_557' title='bbox 232 1776 333 1805; x_wconf 89' lang='lat' dir='ltr'>ibidem</span> <span class='ocrx_word' id='word_1_558' title='bbox 352 1787 408 1815; x_wconf 79' lang='lat' dir='ltr'>cap.</span> <span class='ocrx_word' id='word_1_559' title='bbox 435 1789 480 1809; x_wconf 87' lang='lat'>17.</span> <span class='ocrx_word' id='word_1_560' title='bbox 493 1780 504 1809; x_wconf 96' lang='lat'>]</span> <span class='ocrx_word' id='word_1_561' title='bbox 526 1780 599 1806; x_wconf 90' lang='lat' dir='ltr'>Item</span> <span class='ocrx_word' id='word_1_562' title='bbox 616 1780 731 1816; x_wconf 87' lang='lat' dir='ltr'>ponitur</span> <span class='ocrx_word' id='word_1_563' title='bbox 740 1780 803 1808; x_wconf 91' lang='lat' dir='ltr'>loco</span> <span class='ocrx_word' id='word_1_564' title='bbox 814 1785 859 1809; x_wconf 78' lang='lat' dir='ltr'>Ex</span> <span class='ocrx_word' id='word_1_565' title='bbox 871 1803 878 1814; x_wconf 93' lang='lat'><em>,</em></span> 
     </span>
     <span class='ocr_line' id='line_1_80' title="bbox 91 1815 878 1854; baseline 0.008 -10"><span class='ocrx_word' id='word_1_566' title='bbox 91 1821 104 1851; x_wconf 89' lang='grc'>[</span> <span class='ocrx_word' id='word_1_567' title='bbox 114 1817 169 1844; x_wconf 88' lang='lat' dir='ltr'>Pro</span> <span class='ocrx_word' id='word_1_568' title='bbox 179 1815 240 1854; x_wconf 83' lang='lat' dir='ltr'>ipfis</span> <span class='ocrx_word' id='word_1_569' title='bbox 251 1817 333 1845; x_wconf 86' lang='lat' dir='ltr'>tribus</span> <span class='ocrx_word' id='word_1_570' title='bbox 344 1817 572 1851; x_wconf 68' lang='lat' dir='ltr'>leftionibus‚una</span> <span class='ocrx_word' id='word_1_571' title='bbox 580 1819 615 1847; x_wconf 90' lang='lat' dir='ltr'>dc</span> <span class='ocrx_word' id='word_1_572' title='bbox 625 1820 713 1848; x_wconf 86' lang='lat' dir='ltr'>veteri</span> <span class='ocrx_word' id='word_1_573' title='bbox 724 1821 878 1850; x_wconf 87' lang='lat' dir='ltr'>Testamen-</span> 
     </span>
     <span class='ocr_line' id='line_1_81' title="bbox 90 1857 878 1898; baseline 0.01 -16"><span class='ocrx_word' id='word_1_574' title='bbox 90 1866 120 1883; x_wconf 73' lang='grc' dir='ltr'>ιο</span> <span class='ocrx_word' id='word_1_575' title='bbox 130 1857 291 1884; x_wconf 86' lang='lat' dir='ltr'>memoriter</span> <span class='ocrx_word' id='word_1_576' title='bbox 301 1858 407 1886; x_wconf 79' lang='lat' dir='ltr'>dicatur</span> <span class='ocrx_word' id='word_1_577' title='bbox 419 1880 426 1890; x_wconf 94' lang='lat'><em>,</em></span> <span class='ocrx_word' id='word_1_578' title='bbox 437 1859 504 1887; x_wconf 87' lang='lat' dir='ltr'>ibid.</span> <span class='ocrx_word' id='word_1_579' title='bbox 513 1870 571 1898; x_wconf 85' lang='lat' dir='ltr'>cap.</span> <span class='ocrx_word' id='word_1_580' title='bbox 588 1870 630 1888; x_wconf 89' lang='lat' dir='ltr'>io.</span> <span class='ocrx_word' id='word_1_581' title='bbox 643 1861 654 1891; x_wconf 92' lang='lat'>]</span> <span class='ocrx_word' id='word_1_582' title='bbox 680 1862 752 1889; x_wconf 86' lang='lat' dir='ltr'>Item</span> <span class='ocrx_word' id='word_1_583' title='bbox 763 1862 802 1890; x_wconf 90' lang='lat' dir='ltr'>est</span> <span class='ocrx_word' id='word_1_584' title='bbox 814 1872 878 1891; x_wconf 86' lang='lat' dir='ltr'>nota</span> 
     </span>
     <span class='ocr_line' id='line_1_82' title="bbox 90 1896 877 1940; baseline 0.009 -16"><span class='ocrx_word' id='word_1_585' title='bbox 90 1896 276 1924; x_wconf 77' lang='lat' dir='ltr'>deformitatis</span> <span class='ocrx_word' id='word_1_586' title='bbox 290 1898 397 1926; x_wconf 74' lang='lat' dir='ltr'>‚Gloffi</span> <span class='ocrx_word' id='word_1_587' title='bbox 409 1899 437 1926; x_wconf 87' lang='lat' dir='ltr'>iii</span> <span class='ocrx_word' id='word_1_588' title='bbox 448 1910 506 1928; x_wconf 78' lang='lat' dir='ltr'>can.</span> <span class='ocrx_word' id='word_1_589' title='bbox 518 1901 643 1938; x_wconf 78' lang='lat' dir='ltr'>pudenda</span> <span class='ocrx_word' id='word_1_590' title='bbox 657 1923 663 1933; x_wconf 86' lang='lat'>‚</span> <span class='ocrx_word' id='word_1_591' title='bbox 689 1913 735 1936; x_wconf 82' lang='lat'>24.</span> <span class='ocrx_word' id='word_1_592' title='bbox 747 1903 840 1940; x_wconf 79' lang='lat' dir='ltr'>quaest.</span> <span class='ocrx_word' id='word_1_593' title='bbox 856 1914 877 1931; x_wconf 87' lang='lat' dir='ltr'>i.</span> 
     </span>
    </p>

    <p class='ocr_par' dir='ltr' id='par_1_25' title="bbox 47 1936 878 2102">
     <span class='ocr_line' id='line_1_83' title="bbox 47 1936 878 1976; baseline 0.006 -10"><span class='ocrx_word' id='word_1_594' title='bbox 47 1937 206 1966; x_wconf 52' lang='lat' dir='ltr'>Duri-rtis</span> <span class='ocrx_word' id='word_1_595' title='bbox 218 1958 225 1969; x_wconf 92' lang='lat'><em>,</em></span> <span class='ocrx_word' id='word_1_596' title='bbox 248 1936 380 1967; x_wconf 82' lang='lat' dir='ltr'>divinitas</span> <span class='ocrx_word' id='word_1_597' title='bbox 389 1959 396 1966; x_wconf 90' lang='lat'>.</span> <span class='ocrx_word' id='word_1_598' title='bbox 408 1945 420 1974; x_wconf 94' lang='lat'>[</span> <span class='ocrx_word' id='word_1_599' title='bbox 432 1940 507 1976; x_wconf 88' lang='lat' dir='ltr'>Quid</span> <span class='ocrx_word' id='word_1_600' title='bbox 516 1941 592 1970; x_wconf 78' lang='lat' dir='ltr'>aliud</span> <span class='ocrx_word' id='word_1_601' title='bbox 600 1941 749 1970; x_wconf 81' lang='lat' dir='ltr'>confitetur</span> <span class='ocrx_word' id='word_1_602' title='bbox 760 1943 826 1971; x_wconf 85' lang='lat' dir='ltr'>fides</span> <span class='ocrx_word' id='word_1_603' title='bbox 836 1954 878 1972; x_wconf 82' lang='lat' dir='ltr'>ca-</span> 
     </span>
     <span class='ocr_line' id='line_1_84' title="bbox 87 1977 877 2021; baseline 0.01 -17"><span class='ocrx_word' id='word_1_604' title='bbox 87 1977 199 2005; x_wconf 67' lang='lat' dir='ltr'>tholicae</span> <span class='ocrx_word' id='word_1_605' title='bbox 211 1977 336 2006; x_wconf 66' lang='lat' dir='ltr'>Ecclesia:</span> <span class='ocrx_word' id='word_1_606' title='bbox 349 1999 357 2011; x_wconf 91' lang='lat'><em>,</em></span> <span class='ocrx_word' id='word_1_607' title='bbox 377 1979 428 2008; x_wconf 84' lang='lat' dir='ltr'>nisi</span> <span class='ocrx_word' id='word_1_608' title='bbox 438 1981 500 2018; x_wconf 79' lang='lat' dir='ltr'>quia</span> <span class='ocrx_word' id='word_1_609' title='bbox 519 1985 548 2010; x_wconf 77' lang='grc' dir='ltr'>δ(</span> <span class='ocrx_word' id='word_1_610' title='bbox 557 1982 679 2010; x_wconf 74' lang='lat' dir='ltr'>Trinitas</span> <span class='ocrx_word' id='word_1_611' title='bbox 699 1983 732 2011; x_wconf 79' lang='lat' dir='ltr'>fit</span> <span class='ocrx_word' id='word_1_612' title='bbox 741 1984 858 2021; x_wconf 66' lang='lat' dir='ltr'>pei-festa</span> <span class='ocrx_word' id='word_1_613' title='bbox 870 2007 877 2018; x_wconf 94' lang='lat'><em>‚</em></span> 
     </span>
     <span class='ocr_line' id='line_1_85' title="bbox 88 2017 877 2062; baseline 0.009 -15"><span class='ocrx_word' id='word_1_614' title='bbox 88 2022 116 2047; x_wconf 86' lang='lat'>&amp;</span> <span class='ocrx_word' id='word_1_615' title='bbox 125 2027 176 2046; x_wconf 84' lang='lat' dir='ltr'>una</span> <span class='ocrx_word' id='word_1_616' title='bbox 186 2018 219 2046; x_wconf 83' lang='lat' dir='ltr'>sit</span> <span class='ocrx_word' id='word_1_617' title='bbox 230 2017 342 2046; x_wconf 80' lang='lat' dir='ltr'>dealitas</span> <span class='ocrx_word' id='word_1_618' title='bbox 350 2020 438 2048; x_wconf 83' lang='lat' dir='ltr'>Patris</span> <span class='ocrx_word' id='word_1_619' title='bbox 448 2042 456 2053; x_wconf 92' lang='lat'><em>‚</em></span> <span class='ocrx_word' id='word_1_620' title='bbox 468 2025 495 2050; x_wconf 75' lang='grc' dir='ltr'>ὅ(</span> <span class='ocrx_word' id='word_1_621' title='bbox 505 2021 586 2055; x_wconf 83' lang='lat' dir='ltr'>Filii,</span> <span class='ocrx_word' id='word_1_622' title='bbox 603 2026 631 2052; x_wconf 73' lang='grc' dir='ltr'>ὅ(</span> <span class='ocrx_word' id='word_1_623' title='bbox 641 2023 756 2062; x_wconf 84' lang='lat' dir='ltr'>Spiritus</span> <span class='ocrx_word' id='word_1_624' title='bbox 765 2025 855 2054; x_wconf 61' lang='lat' dir='ltr'>Santii</span> <span class='ocrx_word' id='word_1_625' title='bbox 869 2030 877 2056; x_wconf 81' lang='lat'>,²</span> 
     </span>
     <span class='ocr_line' id='line_1_86' title="bbox 88 2058 739 2102; baseline 0.008 -15"><span class='ocrx_word' id='word_1_626' title='bbox 88 2058 205 2088; x_wconf 82' lang='lat' dir='ltr'>Lucifer.</span> <span class='ocrx_word' id='word_1_627' title='bbox 218 2058 335 2087; x_wconf 74' lang='lat' dir='ltr'>Caralit.</span> <span class='ocrx_word' id='word_1_628' title='bbox 345 2059 391 2087; x_wconf 90' lang='lat' dir='ltr'>lib.</span> <span class='ocrx_word' id='word_1_629' title='bbox 407 2071 429 2087; x_wconf 87' lang='lat'>1.</span> <span class='ocrx_word' id='word_1_630' title='bbox 439 2061 544 2090; x_wconf 74' lang='lat' dir='ltr'>zdvets.</span> <span class='ocrx_word' id='word_1_631' title='bbox 554 2063 653 2091; x_wconf 85' lang='lat' dir='ltr'>Const.</span> <span class='ocrx_word' id='word_1_632' title='bbox 666 2066 739 2102; x_wconf 86' lang='lat' dir='ltr'>Imp.</span> 
     </span>
    </p>

    <p class='ocr_par' dir='ltr' id='par_1_26' title="bbox 50 2100 752 2141">
     <span class='ocr_line' id='line_1_87' title="bbox 50 2100 752 2141; baseline 0.007 -13"><span class='ocrx_word' id='word_1_633' title='bbox 50 2100 338 2129; x_wconf 68' lang='lat' dir='ltr'><strong>DEARCHIEPISCOPO</strong></span> <span class='ocrx_word' id='word_1_634' title='bbox 349 2120 356 2132; x_wconf 89' lang='lat'><em>‚</em></span> <span class='ocrx_word' id='word_1_635' title='bbox 380 2101 492 2130; x_wconf 88' lang='lat' dir='ltr'>verbum</span> <span class='ocrx_word' id='word_1_636' title='bbox 502 2122 509 2129; x_wconf 93' lang='lat'><em>.</em></span> <span class='ocrx_word' id='word_1_637' title='bbox 533 2102 606 2131; x_wconf 85' lang='lat' dir='ltr'>Vide</span> <span class='ocrx_word' id='word_1_638' title='bbox 615 2105 752 2141; x_wconf 74' lang='lat' dir='ltr'>Episcopo.</span> 
     </span>
    </p>

    <p class='ocr_par' dir='ltr' id='par_1_27' title="bbox 46 2139 877 2262">
     <span class='ocr_line' id='line_1_88' title="bbox 46 2139 877 2185; baseline 0.007 -17"><span class='ocrx_word' id='word_1_639' title='bbox 46 2139 193 2169; x_wconf 63' lang='lat' dir='ltr'>Di-:suviu</span> <span class='ocrx_word' id='word_1_640' title='bbox 205 2161 212 2167; x_wconf 93' lang='lat'>.</span> <span class='ocrx_word' id='word_1_641' title='bbox 238 2142 295 2169; x_wconf 71' lang='lat' dir='ltr'>PR.</span> <span class='ocrx_word' id='word_1_642' title='bbox 307 2150 358 2177; x_wconf 82' lang='lat' dir='ltr'>pro</span> <span class='ocrx_word' id='word_1_643' title='bbox 367 2141 490 2170; x_wconf 86' lang='lat' dir='ltr'>credito:</span> <span class='ocrx_word' id='word_1_644' title='bbox 512 2143 684 2177; x_wconf 66' lang='lat' dir='ltr'>[festinabat</span> <span class='ocrx_word' id='word_1_645' title='bbox 694 2145 877 2185; x_wconf 68' lang='lat' dir='ltr'>unusquisque</span> 
     </span>
     <span class='ocr_line' id='line_1_89' title="bbox 85 2180 873 2225; baseline 0.009 -17"><span class='ocrx_word' id='word_1_646' title='bbox 85 2180 178 2209; x_wconf 81' lang='lat' dir='ltr'>debita</span> <span class='ocrx_word' id='word_1_647' title='bbox 187 2180 270 2209; x_wconf 85' lang='lat' dir='ltr'>etiarn</span> <span class='ocrx_word' id='word_1_648' title='bbox 283 2181 400 2209; x_wconf 77' lang='lat' dir='ltr'>maxima</span> <span class='ocrx_word' id='word_1_649' title='bbox 410 2182 532 2220; x_wconf 85' lang='lat' dir='ltr'>perdere.</span> <span class='ocrx_word' id='word_1_650' title='bbox 540 2183 642 2222; x_wconf 80' lang='lat' dir='ltr'>Optat.</span> <span class='ocrx_word' id='word_1_651' title='bbox 653 2184 775 2214; x_wconf 87' lang='lat' dir='ltr'>Milevit.</span> <span class='ocrx_word' id='word_1_652' title='bbox 783 2186 873 2225; x_wconf 89' lang='lat' dir='ltr'>lib.3.]</span> 
     </span>
     <span class='ocr_line' id='line_1_90' title="bbox 86 2220 875 2262; baseline 0.009 -13"><span class='ocrx_word' id='word_1_653' title='bbox 86 2221 124 2249; x_wconf 89' lang='lat' dir='ltr'>est</span> <span class='ocrx_word' id='word_1_654' title='bbox 136 2220 238 2258; x_wconf 66' lang='lat' dir='ltr'>phrafis</span> <span class='ocrx_word' id='word_1_655' title='bbox 247 2221 376 2250; x_wconf 78' lang='lat' dir='ltr'>Africana</span> <span class='ocrx_word' id='word_1_656' title='bbox 388 2243 395 2254; x_wconf 92' lang='lat'><em>,</em></span> <span class='ocrx_word' id='word_1_657' title='bbox 413 2221 460 2250; x_wconf 91' lang='lat' dir='ltr'>seu</span> <span class='ocrx_word' id='word_1_658' title='bbox 469 2223 560 2262; x_wconf 84' lang='lat' dir='ltr'>potius</span> <span class='ocrx_word' id='word_1_659' title='bbox 578 2224 731 2254; x_wconf 74' lang='lat' dir='ltr'>Melitensis</span> <span class='ocrx_word' id='word_1_660' title='bbox 740 2248 748 2259; x_wconf 92' lang='lat'><em>,</em></span> <span class='ocrx_word' id='word_1_661' title='bbox 766 2227 875 2256; x_wconf 85' lang='lat' dir='ltr'>ubitam</span> 
     </span>
    </p>
   </div>
   <div class='ocr_carea' id='block_1_22' title="bbox 922 1009 1736 2269">
    <p class='ocr_par' dir='ltr' id='par_1_28' title="bbox 922 1009 1736 2269">
     <span class='ocr_line' id='line_1_91' title="bbox 940 1009 1735 1049; baseline 0.011 -15"><span class='ocrx_word' id='word_1_662' title='bbox 940 1017 1030 1035; x_wconf 85' lang='lat' dir='ltr'>cerem</span> <span class='ocrx_word' id='word_1_663' title='bbox 1039 1018 1121 1046; x_wconf 86' lang='lat' dir='ltr'>penes</span> <span class='ocrx_word' id='word_1_664' title='bbox 1130 1009 1319 1038; x_wconf 74' lang='lat' dir='ltr'>eccleliasticos</span> <span class='ocrx_word' id='word_1_665' title='bbox 1329 1011 1479 1049; x_wconf 81' lang='lat' dir='ltr'>Scriptores</span> <span class='ocrx_word' id='word_1_666' title='bbox 1489 1013 1634 1042; x_wconf 82' lang='lat' dir='ltr'>denotant.</span> <span class='ocrx_word' id='word_1_667' title='bbox 1650 1017 1735 1049; x_wconf 81' lang='lat' dir='ltr'>[Exe-</span> 
     </span>
     <span class='ocr_line' id='line_1_92' title="bbox 940 1050 1736 1084; baseline 0.011 -9"><span class='ocrx_word' id='word_1_668' title='bbox 940 1058 1020 1076; x_wconf 86' lang='lat' dir='ltr'>cutor</span> <span class='ocrx_word' id='word_1_669' title='bbox 1029 1058 1121 1077; x_wconf 79' lang='lat' dir='ltr'>autem</span> <span class='ocrx_word' id='word_1_670' title='bbox 1131 1050 1223 1078; x_wconf 86' lang='lat' dir='ltr'>litium</span> <span class='ocrx_word' id='word_1_671' title='bbox 1234 1050 1396 1080; x_wconf 88' lang='lat' dir='ltr'>constitutus</span> <span class='ocrx_word' id='word_1_672' title='bbox 1408 1052 1439 1080; x_wconf 91' lang='lat' dir='ltr'>in</span> <span class='ocrx_word' id='word_1_673' title='bbox 1457 1053 1594 1082; x_wconf 83' lang='lat' dir='ltr'>decanicis</span> <span class='ocrx_word' id='word_1_674' title='bbox 1605 1055 1736 1084; x_wconf 75' lang='lat' dir='ltr'>Ecclefia-</span> 
     </span>
     <span class='ocr_line' id='line_1_93' title="bbox 941 1089 1735 1133; baseline 0.01 -17"><span class='ocrx_word' id='word_1_675' title='bbox 941 1098 1000 1116; x_wconf 87' lang='lat' dir='ltr'>rum</span> <span class='ocrx_word' id='word_1_676' title='bbox 1011 1089 1167 1118; x_wconf 73' lang='lat' dir='ltr'>recludatur</span> <span class='ocrx_word' id='word_1_677' title='bbox 1178 1111 1185 1122; x_wconf 86' lang='lat'><em>,</em></span> <span class='ocrx_word' id='word_1_678' title='bbox 1197 1100 1385 1129; x_wconf 84' lang='lat' dir='ltr'>competentes</span> <span class='ocrx_word' id='word_1_679' title='bbox 1394 1102 1488 1131; x_wconf 82' lang='lat' dir='ltr'>peenas</span> <span class='ocrx_word' id='word_1_680' title='bbox 1497 1094 1622 1123; x_wconf 84' lang='lat' dir='ltr'>luiturus.</span> <span class='ocrx_word' id='word_1_681' title='bbox 1631 1095 1735 1133; x_wconf 82' lang='lat' dir='ltr'>Julian.</span> 
     </span>
     <span class='ocr_line' id='line_1_94' title="bbox 940 1129 1736 1168; baseline 0.01 -11"><span class='ocrx_word' id='word_1_682' title='bbox 940 1129 1064 1158; x_wconf 86' lang='lat' dir='ltr'>Constit.</span> <span class='ocrx_word' id='word_1_683' title='bbox 1075 1141 1122 1168; x_wconf 87' lang='lat'>73.</span> <span class='ocrx_word' id='word_1_684' title='bbox 1134 1133 1146 1162; x_wconf 94' lang='grc'>]</span> <span class='ocrx_word' id='word_1_685' title='bbox 1167 1133 1382 1165; x_wconf 80' lang='lat' dir='ltr'>FR-Decania,</span> <span class='ocrx_word' id='word_1_686' title='bbox 1407 1134 1510 1163; x_wconf 83' lang='lat' dir='ltr'>Decani</span> <span class='ocrx_word' id='word_1_687' title='bbox 1524 1145 1632 1167; x_wconf 57' lang='lat' dir='ltr'>carceri</span> <span class='ocrx_word' id='word_1_688' title='bbox 1646 1136 1736 1164; x_wconf 70' lang='lat' dir='ltr'>Deca-</span> 
     </span>
     <span class='ocr_line' id='line_1_95' title="bbox 941 1170 1733 1214; baseline 0.01 -16"><span class='ocrx_word' id='word_1_689' title='bbox 941 1180 990 1198; x_wconf 90' lang='lat' dir='ltr'>nus</span> <span class='ocrx_word' id='word_1_690' title='bbox 1000 1170 1075 1198; x_wconf 89' lang='lat' dir='ltr'>enim</span> <span class='ocrx_word' id='word_1_691' title='bbox 1087 1181 1145 1200; x_wconf 83' lang='lat' dir='ltr'>erat</span> <span class='ocrx_word' id='word_1_692' title='bbox 1154 1171 1176 1200; x_wconf 85' lang='lat' dir='ltr'>is</span> <span class='ocrx_word' id='word_1_693' title='bbox 1185 1193 1193 1204; x_wconf 84' lang='lat'><em>‚</em></span> <span class='ocrx_word' id='word_1_694' title='bbox 1203 1171 1291 1210; x_wconf 89' lang='lat' dir='ltr'>quiin</span> <span class='ocrx_word' id='word_1_695' title='bbox 1301 1173 1422 1211; x_wconf 80' lang='lat' dir='ltr'>oppidis,</span> <span class='ocrx_word' id='word_1_696' title='bbox 1433 1178 1461 1203; x_wconf 75' lang='grc' dir='ltr'>ὃ(</span> <span class='ocrx_word' id='word_1_697' title='bbox 1473 1176 1551 1204; x_wconf 83' lang='lat' dir='ltr'>villis</span> <span class='ocrx_word' id='word_1_698' title='bbox 1560 1186 1688 1214; x_wconf 72' lang='lat' dir='ltr'>praeerat5</span> <span class='ocrx_word' id='word_1_699' title='bbox 1699 1178 1733 1206; x_wconf 83' lang='lat' dir='ltr'>ad</span> 
     </span>
     <span class='ocr_line' id='line_1_96' title="bbox 940 1211 1728 1255; baseline 0.01 -17"><span class='ocrx_word' id='word_1_700' title='bbox 940 1211 1122 1249; x_wconf 83' lang='lat' dir='ltr'>inquirendos</span> <span class='ocrx_word' id='word_1_701' title='bbox 1133 1213 1280 1246; x_wconf 84' lang='lat' dir='ltr'>maleficos,</span> <span class='ocrx_word' id='word_1_702' title='bbox 1290 1213 1310 1241; x_wconf 87' lang='lat' dir='ltr'>l.</span> <span class='ocrx_word' id='word_1_703' title='bbox 1319 1214 1353 1242; x_wconf 89' lang='lat' dir='ltr'>de</span> <span class='ocrx_word' id='word_1_704' title='bbox 1363 1213 1444 1243; x_wconf 85' lang='lat' dir='ltr'>servo</span> <span class='ocrx_word' id='word_1_705' title='bbox 1457 1215 1551 1255; x_wconf 85' lang='lat' dir='ltr'>fugace</span> <span class='ocrx_word' id='word_1_706' title='bbox 1560 1237 1568 1244; x_wconf 85' lang='lat'><strong>.</strong></span> <span class='ocrx_word' id='word_1_707' title='bbox 1579 1218 1625 1245; x_wconf 89' lang='lat' dir='ltr'>De</span> <span class='ocrx_word' id='word_1_708' title='bbox 1635 1218 1728 1247; x_wconf 86' lang='lat' dir='ltr'>furtis.</span> 
     </span>
     <span class='ocr_line' id='line_1_97' title="bbox 939 1251 1731 1297; baseline 0.01 -18"><span class='ocrx_word' id='word_1_709' title='bbox 939 1251 1040 1280; x_wconf 84' lang='lat' dir='ltr'>Bullar.</span> <span class='ocrx_word' id='word_1_710' title='bbox 1052 1253 1145 1282; x_wconf 73' lang='lat' dir='ltr'>Calin.</span> <span class='ocrx_word' id='word_1_711' title='bbox 1159 1263 1226 1282; x_wconf 87' lang='lat' dir='ltr'>torn.</span> <span class='ocrx_word' id='word_1_712' title='bbox 1239 1265 1265 1282; x_wconf 83' lang='lat'>2.</span> <span class='ocrx_word' id='word_1_713' title='bbox 1284 1255 1397 1283; x_wconf 68' lang='lat' dir='ltr'>constit.</span> <span class='ocrx_word' id='word_1_714' title='bbox 1408 1267 1455 1291; x_wconf 88' lang='lat'>47.</span> <span class='ocrx_word' id='word_1_715' title='bbox 1471 1267 1534 1295; x_wconf 86' lang='lat'>¹30·</span> <span class='ocrx_word' id='word_1_716' title='bbox 1544 1258 1645 1287; x_wconf 86' lang='lat' dir='ltr'>&amp;alibi</span> <span class='ocrx_word' id='word_1_717' title='bbox 1655 1279 1664 1291; x_wconf 90' lang='lat'>,</span> <span class='ocrx_word' id='word_1_718' title='bbox 1683 1259 1731 1297; x_wconf 90' lang='lat' dir='ltr'>qui</span> 
     </span>
     <span class='ocr_line' id='line_1_98' title="bbox 940 1293 1730 1337; baseline 0.011 -18"><span class='ocrx_word' id='word_1_719' title='bbox 940 1301 1034 1320; x_wconf 84' lang='lat' dir='ltr'>tamen</span> <span class='ocrx_word' id='word_1_720' title='bbox 1052 1303 1128 1322; x_wconf 82' lang='lat' dir='ltr'>erant</span> <span class='ocrx_word' id='word_1_721' title='bbox 1156 1293 1230 1323; x_wconf 84' lang='lat' dir='ltr'>inter</span> <span class='ocrx_word' id='word_1_722' title='bbox 1260 1295 1461 1325; x_wconf 69' lang='lat' dir='ltr'>Ecclesiasticos</span> <span class='ocrx_word' id='word_1_723' title='bbox 1487 1297 1730 1337; x_wconf 76' lang='lat' dir='ltr'>Archipresbyoeri</span> 
     </span>
     <span class='ocr_line' id='line_1_99' title="bbox 940 1333 1732 1373; baseline 0.009 -13"><span class='ocrx_word' id='word_1_724' title='bbox 940 1333 1075 1362; x_wconf 80' lang='lat' dir='ltr'>Villurum</span> <span class='ocrx_word' id='word_1_725' title='bbox 1087 1356 1094 1362; x_wconf 92' lang='lat'><strong>.</strong></span> <span class='ocrx_word' id='word_1_726' title='bbox 1106 1341 1118 1370; x_wconf 94' lang='lat'>[</span> <span class='ocrx_word' id='word_1_727' title='bbox 1128 1334 1170 1363; x_wconf 89' lang='lat' dir='ltr'>1bi</span> <span class='ocrx_word' id='word_1_728' title='bbox 1180 1336 1266 1364; x_wconf 80' lang='lat' dir='ltr'>adesse</span> <span class='ocrx_word' id='word_1_729' title='bbox 1277 1336 1378 1364; x_wconf 88' lang='lat' dir='ltr'>debent</span> <span class='ocrx_word' id='word_1_730' title='bbox 1389 1337 1494 1367; x_wconf 79' lang='lat' dir='ltr'>Decani</span> <span class='ocrx_word' id='word_1_731' title='bbox 1509 1360 1516 1371; x_wconf 98' lang='lat'>‚</span> <span class='ocrx_word' id='word_1_732' title='bbox 1529 1339 1599 1368; x_wconf 87' lang='lat' dir='ltr'>idest</span> <span class='ocrx_word' id='word_1_733' title='bbox 1609 1362 1616 1373; x_wconf 95' lang='lat'><em>,</em></span> <span class='ocrx_word' id='word_1_734' title='bbox 1628 1339 1732 1370; x_wconf 83' lang='lat' dir='ltr'>Archi-</span> 
     </span>
     <span class='ocr_line' id='line_1_100' title="bbox 939 1374 1731 1418; baseline 0.013 -17"><span class='ocrx_word' id='word_1_735' title='bbox 939 1374 1092 1411; x_wconf 82' lang='lat' dir='ltr'>presbyteri</span> <span class='ocrx_word' id='word_1_736' title='bbox 1104 1397 1112 1408; x_wconf 90' lang='lat'><em>,</em></span> <span class='ocrx_word' id='word_1_737' title='bbox 1122 1386 1180 1404; x_wconf 84' lang='lat' dir='ltr'>can.</span> <span class='ocrx_word' id='word_1_738' title='bbox 1193 1377 1223 1404; x_wconf 87' lang='lat' dir='ltr'>in</span> <span class='ocrx_word' id='word_1_739' title='bbox 1233 1377 1325 1414; x_wconf 83' lang='lat' dir='ltr'>capite</span> <span class='ocrx_word' id='word_1_740' title='bbox 1337 1378 1556 1418; x_wconf 79' lang='lat' dir='ltr'>Quadragcfimae</span> <span class='ocrx_word' id='word_1_741' title='bbox 1567 1403 1575 1413; x_wconf 88' lang='lat'><em>,</em></span> <span class='ocrx_word' id='word_1_742' title='bbox 1585 1381 1647 1409; x_wconf 84' lang='lat' dir='ltr'>dist.</span> <span class='ocrx_word' id='word_1_743' title='bbox 1661 1390 1704 1416; x_wconf 89' lang='lat'>50.</span> <span class='ocrx_word' id='word_1_744' title='bbox 1717 1382 1731 1412; x_wconf 79' lang='grc'>1</span> 
     </span>
     <span class='ocr_line' id='line_1_101' title="bbox 939 1414 1730 1456; baseline 0.009 -13"><span class='ocrx_word' id='word_1_745' title='bbox 939 1418 967 1443; x_wconf 68' lang='grc' dir='ltr'>ὅ(</span> <span class='ocrx_word' id='word_1_746' title='bbox 977 1414 1015 1443; x_wconf 90' lang='lat' dir='ltr'>ibi</span> <span class='ocrx_word' id='word_1_747' title='bbox 1025 1415 1117 1444; x_wconf 67' lang='lat' dir='ltr'>Gloslii</span> <span class='ocrx_word' id='word_1_748' title='bbox 1127 1417 1236 1455; x_wconf 86' lang='lat' dir='ltr'>inquit:</span> <span class='ocrx_word' id='word_1_749' title='bbox 1263 1424 1275 1453; x_wconf 91' lang='lat'>[</span> <span class='ocrx_word' id='word_1_750' title='bbox 1287 1419 1423 1456; x_wconf 87' lang='lat' dir='ltr'>Loquitur</span> <span class='ocrx_word' id='word_1_751' title='bbox 1430 1420 1464 1448; x_wconf 88' lang='lat' dir='ltr'>de</span> <span class='ocrx_word' id='word_1_752' title='bbox 1475 1421 1559 1449; x_wconf 86' lang='lat' dir='ltr'>rurali</span> <span class='ocrx_word' id='word_1_753' title='bbox 1569 1423 1684 1450; x_wconf 85' lang='lat' dir='ltr'>Dccano</span> <span class='ocrx_word' id='word_1_754' title='bbox 1695 1442 1701 1449; x_wconf 92' lang='lat'>.</span> <span class='ocrx_word' id='word_1_755' title='bbox 1716 1423 1730 1453; x_wconf 90' lang='grc'>]</span> 
     </span>
     <span class='ocr_line' id='line_1_102' title="bbox 938 1455 1730 1495; baseline 0.01 -11"><span class='ocrx_word' id='word_1_756' title='bbox 938 1458 980 1484; x_wconf 79' lang='lat' dir='ltr'>Ac</span> <span class='ocrx_word' id='word_1_757' title='bbox 992 1455 1067 1484; x_wconf 87' lang='lat' dir='ltr'>idem</span> <span class='ocrx_word' id='word_1_758' title='bbox 1076 1467 1168 1485; x_wconf 84' lang='lat' dir='ltr'>textus</span> <span class='ocrx_word' id='word_1_759' title='bbox 1179 1458 1276 1486; x_wconf 82' lang='lat' dir='ltr'>clarius</span> <span class='ocrx_word' id='word_1_760' title='bbox 1285 1458 1364 1487; x_wconf 82' lang='lat' dir='ltr'>infra:</span> <span class='ocrx_word' id='word_1_761' title='bbox 1376 1461 1434 1495; x_wconf 84' lang='lat' dir='ltr'>[In</span> <span class='ocrx_word' id='word_1_762' title='bbox 1443 1460 1515 1489; x_wconf 83' lang='lat' dir='ltr'>sacra</span> <span class='ocrx_word' id='word_1_763' title='bbox 1526 1471 1617 1491; x_wconf 85' lang='lat' dir='ltr'>autem</span> <span class='ocrx_word' id='word_1_764' title='bbox 1626 1463 1730 1491; x_wconf 86' lang='lat' dir='ltr'>Domi—</span> 
     </span>
     <span class='ocr_line' id='line_1_103' title="bbox 937 1496 1729 1541; baseline 0.011 -18"><span class='ocrx_word' id='word_1_765' title='bbox 937 1496 967 1523; x_wconf 89' lang='lat' dir='ltr'>ni</span> <span class='ocrx_word' id='word_1_766' title='bbox 978 1507 1056 1525; x_wconf 81' lang='lat' dir='ltr'>coena</span> <span class='ocrx_word' id='word_1_767' title='bbox 1067 1497 1156 1526; x_wconf 88' lang='lat' dir='ltr'>rursus</span> <span class='ocrx_word' id='word_1_768' title='bbox 1164 1499 1196 1527; x_wconf 86' lang='lat' dir='ltr'>:ib</span> <span class='ocrx_word' id='word_1_769' title='bbox 1205 1509 1298 1527; x_wconf 87' lang='lat' dir='ltr'>eorum</span> <span class='ocrx_word' id='word_1_770' title='bbox 1308 1499 1429 1533; x_wconf 87' lang='lat' dir='ltr'>decanis,</span> <span class='ocrx_word' id='word_1_771' title='bbox 1439 1505 1468 1530; x_wconf 72' lang='grc' dir='ltr'>ὃς</span> <span class='ocrx_word' id='word_1_772' title='bbox 1477 1512 1574 1530; x_wconf 87' lang='lat' dir='ltr'>eorum</span> <span class='ocrx_word' id='word_1_773' title='bbox 1588 1503 1729 1541; x_wconf 87' lang='lat' dir='ltr'>presbyte-</span> 
     </span>
     <span class='ocr_line' id='line_1_104' title="bbox 936 1536 1729 1579; baseline 0.01 -15"><span class='ocrx_word' id='word_1_774' title='bbox 936 1536 973 1564; x_wconf 82' lang='lat' dir='ltr'>ris</span> <span class='ocrx_word' id='word_1_775' title='bbox 982 1539 1106 1567; x_wconf 74' lang='lat' dir='ltr'>Ecclesiae</span> <span class='ocrx_word' id='word_1_776' title='bbox 1119 1539 1266 1568; x_wconf 88' lang='lat' dir='ltr'>luminibus</span> <span class='ocrx_word' id='word_1_777' title='bbox 1276 1539 1530 1579; x_wconf 62' lang='lat' dir='ltr'>repraesententur]</span> <span class='ocrx_word' id='word_1_778' title='bbox 1543 1547 1571 1572; x_wconf 71' lang='grc' dir='ltr'>ὅ(</span> <span class='ocrx_word' id='word_1_779' title='bbox 1580 1543 1612 1572; x_wconf 85' lang='lat' dir='ltr'>in</span> <span class='ocrx_word' id='word_1_780' title='bbox 1622 1554 1729 1573; x_wconf 69' lang='lat' dir='ltr'>extrav.</span> 
     </span>
     <span class='ocr_line' id='line_1_105' title="bbox 936 1579 1729 1618; baseline 0.01 -13"><span class='ocrx_word' id='word_1_781' title='bbox 936 1587 1036 1607; x_wconf 84' lang='lat' dir='ltr'>comni.</span> <span class='ocrx_word' id='word_1_782' title='bbox 1047 1579 1082 1608; x_wconf 90' lang='lat' dir='ltr'>de</span> <span class='ocrx_word' id='word_1_783' title='bbox 1092 1579 1190 1608; x_wconf 84' lang='lat' dir='ltr'>cenfib.</span> <span class='ocrx_word' id='word_1_784' title='bbox 1200 1581 1227 1612; x_wconf 68' lang='grc' dir='ltr'>ξ.</span> <span class='ocrx_word' id='word_1_785' title='bbox 1238 1580 1258 1609; x_wconf 82' lang='lat' dir='ltr'>fi</span> <span class='ocrx_word' id='word_1_786' title='bbox 1269 1591 1336 1609; x_wconf 87' lang='lat' dir='ltr'>vcro</span> <span class='ocrx_word' id='word_1_787' title='bbox 1348 1602 1358 1614; x_wconf 87' lang='lat'><em>,</em></span> <span class='ocrx_word' id='word_1_788' title='bbox 1378 1580 1492 1610; x_wconf 79' lang='lat' dir='ltr'>habetur</span> <span class='ocrx_word' id='word_1_789' title='bbox 1500 1604 1507 1611; x_wconf 91' lang='lat'><strong><em>.</em></strong></span> <span class='ocrx_word' id='word_1_790' title='bbox 1531 1584 1674 1618; x_wconf 84' lang='lat' dir='ltr'>[Decanis</span> <span class='ocrx_word' id='word_1_791' title='bbox 1685 1595 1729 1613; x_wconf 83' lang='lat' dir='ltr'>ru—</span> 
     </span>
     <span class='ocr_line' id='line_1_106' title="bbox 935 1618 1730 1664; baseline 0.008 -18"><span class='ocrx_word' id='word_1_792' title='bbox 935 1618 1034 1647; x_wconf 80' lang='lat' dir='ltr'>ralibus</span> <span class='ocrx_word' id='word_1_793' title='bbox 1044 1620 1186 1649; x_wconf 81' lang='lat' dir='ltr'>dumtaxat</span> <span class='ocrx_word' id='word_1_794' title='bbox 1203 1622 1323 1660; x_wconf 83' lang='lat' dir='ltr'>exceptis</span> <span class='ocrx_word' id='word_1_795' title='bbox 1335 1643 1342 1654; x_wconf 83' lang='lat'><em>,</em></span> <span class='ocrx_word' id='word_1_796' title='bbox 1359 1622 1408 1660; x_wconf 86' lang='lat' dir='ltr'>qui</span> <span class='ocrx_word' id='word_1_797' title='bbox 1418 1623 1448 1651; x_wconf 89' lang='lat' dir='ltr'>in</span> <span class='ocrx_word' id='word_1_798' title='bbox 1466 1623 1598 1661; x_wconf 85' lang='lat' dir='ltr'>aliquibus</span> <span class='ocrx_word' id='word_1_799' title='bbox 1608 1626 1730 1664; x_wconf 72' lang='lat' dir='ltr'>regioni.</span> 
     </span>
     <span class='ocr_line' id='line_1_107' title="bbox 935 1659 1728 1704; baseline 0.01 -17"><span class='ocrx_word' id='word_1_800' title='bbox 935 1659 982 1687; x_wconf 85' lang='lat' dir='ltr'>bus</span> <span class='ocrx_word' id='word_1_801' title='bbox 992 1660 1233 1699; x_wconf 83' lang='lat' dir='ltr'>Archipresbyteri</span> <span class='ocrx_word' id='word_1_802' title='bbox 1246 1662 1425 1691; x_wconf 74' lang='lat' dir='ltr'>nominantur</span> <span class='ocrx_word' id='word_1_803' title='bbox 1436 1684 1443 1691; x_wconf 87' lang='lat'><strong>.</strong></span> <span class='ocrx_word' id='word_1_804' title='bbox 1454 1666 1467 1694; x_wconf 95' lang='lat'><strong>]</strong></span> <span class='ocrx_word' id='word_1_805' title='bbox 1488 1665 1563 1692; x_wconf 87' lang='lat' dir='ltr'>Hinc</span> <span class='ocrx_word' id='word_1_806' title='bbox 1572 1664 1611 1694; x_wconf 86' lang='lat' dir='ltr'>est</span> <span class='ocrx_word' id='word_1_807' title='bbox 1621 1686 1630 1698; x_wconf 93' lang='lat'><em>‚</em></span> <span class='ocrx_word' id='word_1_808' title='bbox 1652 1666 1728 1704; x_wconf 88' lang='lat' dir='ltr'>quod</span> 
     </span>
     <span class='ocr_line' id='line_1_108' title="bbox 934 1701 1728 1742; baseline 0.01 -15"><span class='ocrx_word' id='word_1_809' title='bbox 934 1701 1101 1738; x_wconf 85' lang='lat' dir='ltr'>cogebantur</span> <span class='ocrx_word' id='word_1_810' title='bbox 1108 1702 1214 1730; x_wconf 87' lang='lat' dir='ltr'>Decani</span> <span class='ocrx_word' id='word_1_811' title='bbox 1223 1701 1407 1733; x_wconf 83' lang='lat' dir='ltr'>sacerdotium</span> <span class='ocrx_word' id='word_1_812' title='bbox 1415 1703 1560 1742; x_wconf 85' lang='lat' dir='ltr'>suscipere,</span> <span class='ocrx_word' id='word_1_813' title='bbox 1571 1707 1673 1735; x_wconf 81' lang='lat' dir='ltr'>Baton.</span> <span class='ocrx_word' id='word_1_814' title='bbox 1683 1717 1728 1735; x_wconf 85' lang='lat' dir='ltr'>an.</span> 
     </span>
     <span class='ocr_line' id='line_1_109' title="bbox 939 1744 1726 1783; baseline 0.009 -14"><span class='ocrx_word' id='word_1_815' title='bbox 939 1750 1024 1776; x_wconf 78' lang='lat'>¹095·</span> <span class='ocrx_word' id='word_1_816' title='bbox 1034 1752 1062 1770; x_wconf 88' lang='lat' dir='ltr'>n.</span> <span class='ocrx_word' id='word_1_817' title='bbox 1075 1752 1122 1777; x_wconf 70' lang='grc' dir='ltr'>ις.</span> <span class='ocrx_word' id='word_1_818' title='bbox 1134 1746 1163 1772; x_wconf 86' lang='lat'>&amp;</span> <span class='ocrx_word' id='word_1_819' title='bbox 1173 1753 1216 1771; x_wconf 80' lang='lat' dir='ltr'>an.</span> <span class='ocrx_word' id='word_1_820' title='bbox 1233 1754 1242 1770; x_wconf 86' lang='lat' dir='ltr'>i</span> <span class='ocrx_word' id='word_1_821' title='bbox 1254 1754 1316 1772; x_wconf 88' lang='lat' dir='ltr'>ioo.</span> <span class='ocrx_word' id='word_1_822' title='bbox 1327 1754 1354 1772; x_wconf 91' lang='lat' dir='ltr'>n.</span> <span class='ocrx_word' id='word_1_823' title='bbox 1365 1755 1411 1772; x_wconf 63' lang='grc' dir='ltr'>ιι.</span> <span class='ocrx_word' id='word_1_824' title='bbox 1423 1744 1485 1783; x_wconf 85' lang='lat' dir='ltr'>quia</span> <span class='ocrx_word' id='word_1_825' title='bbox 1506 1745 1668 1775; x_wconf 80' lang='lat' dir='ltr'>rusticorum</span> <span class='ocrx_word' id='word_1_826' title='bbox 1677 1749 1726 1776; x_wconf 82' lang='lat' dir='ltr'>Pa-</span> 
     </span>
     <span class='ocr_line' id='line_1_110' title="bbox 932 1781 1724 1817; baseline 0.01 -8"><span class='ocrx_word' id='word_1_827' title='bbox 932 1781 1012 1810; x_wconf 90' lang='lat' dir='ltr'>rochi</span> <span class='ocrx_word' id='word_1_828' title='bbox 1021 1792 1097 1811; x_wconf 84' lang='lat' dir='ltr'>erant</span> <span class='ocrx_word' id='word_1_829' title='bbox 1108 1804 1115 1815; x_wconf 94' lang='lat'><em>,</em></span> <span class='ocrx_word' id='word_1_830' title='bbox 1125 1787 1153 1812; x_wconf 71' lang='grc' dir='ltr'>ὃς</span> <span class='ocrx_word' id='word_1_831' title='bbox 1164 1784 1299 1813; x_wconf 79' lang='lat' dir='ltr'>Parochus</span> <span class='ocrx_word' id='word_1_832' title='bbox 1309 1784 1380 1813; x_wconf 75' lang='lat' dir='ltr'>infra</span> <span class='ocrx_word' id='word_1_833' title='bbox 1389 1795 1490 1814; x_wconf 84' lang='lat' dir='ltr'>annum</span> <span class='ocrx_word' id='word_1_834' title='bbox 1509 1796 1619 1814; x_wconf 86' lang='lat' dir='ltr'>tenetur</span> <span class='ocrx_word' id='word_1_835' title='bbox 1630 1787 1660 1816; x_wconf 88' lang='lat' dir='ltr'>iii</span> <span class='ocrx_word' id='word_1_836' title='bbox 1679 1789 1724 1817; x_wconf 71' lang='lat' dir='ltr'>Sa-</span> 
     </span>
     <span class='ocr_line' id='line_1_111' title="bbox 933 1823 1726 1862; baseline 0.008 -12"><span class='ocrx_word' id='word_1_837' title='bbox 933 1823 1073 1851; x_wconf 87' lang='lat' dir='ltr'>cerdotem</span> <span class='ocrx_word' id='word_1_838' title='bbox 1083 1824 1209 1862; x_wconf 85' lang='lat' dir='ltr'>graduari</span> <span class='ocrx_word' id='word_1_839' title='bbox 1219 1845 1226 1852; x_wconf 89' lang='lat'><strong>.</strong></span> <span class='ocrx_word' id='word_1_840' title='bbox 1248 1825 1322 1853; x_wconf 88' lang='lat' dir='ltr'>Vide</span> <span class='ocrx_word' id='word_1_841' title='bbox 1332 1829 1453 1854; x_wconf 63' lang='lat' dir='ltr'>Vican&#39;us</span> <span class='ocrx_word' id='word_1_842' title='bbox 1463 1830 1621 1856; x_wconf 66' lang='lat' dir='ltr'>Firmanus</span> <span class='ocrx_word' id='word_1_843' title='bbox 1634 1849 1642 1861; x_wconf 84' lang='lat'><em>,</em></span> <span class='ocrx_word' id='word_1_844' title='bbox 1665 1833 1726 1857; x_wconf 80' lang='lat' dir='ltr'>Ser-</span> 
     </span>
     <span class='ocr_line' id='line_1_112' title="bbox 935 1864 1725 1903; baseline 0.009 -12"><span class='ocrx_word' id='word_1_845' title='bbox 935 1872 1018 1891; x_wconf 75' lang='lat' dir='ltr'>vatur</span> <span class='ocrx_word' id='word_1_846' title='bbox 1028 1864 1089 1892; x_wconf 82' lang='lat' dir='ltr'>loci.</span> <span class='ocrx_word' id='word_1_847' title='bbox 1101 1864 1198 1903; x_wconf 87' lang='lat' dir='ltr'>Aliqui</span> <span class='ocrx_word' id='word_1_848' title='bbox 1209 1865 1368 1893; x_wconf 83' lang='lat' dir='ltr'>existimant</span> <span class='ocrx_word' id='word_1_849' title='bbox 1379 1877 1394 1894; x_wconf 83' lang='lat' dir='ltr'>:i</span> <span class='ocrx_word' id='word_1_850' title='bbox 1402 1867 1513 1895; x_wconf 78' lang='lat' dir='ltr'>Decade</span> <span class='ocrx_word' id='word_1_851' title='bbox 1522 1877 1626 1896; x_wconf 89' lang='lat' dir='ltr'>nomen</span> <span class='ocrx_word' id='word_1_852' title='bbox 1634 1869 1725 1898; x_wconf 78' lang='lat' dir='ltr'>Deca-</span> 
     </span>
     <span class='ocr_line' id='line_1_113' title="bbox 935 1904 1724 1943; baseline 0.01 -12"><span class='ocrx_word' id='word_1_853' title='bbox 935 1904 964 1931; x_wconf 93' lang='lat' dir='ltr'>ni</span> <span class='ocrx_word' id='word_1_854' title='bbox 973 1907 1122 1943; x_wconf 88' lang='lat' dir='ltr'>provenire</span> <span class='ocrx_word' id='word_1_855' title='bbox 1135 1908 1172 1940; x_wconf 67' lang='lat' dir='ltr'>³ll³</span> <span class='ocrx_word' id='word_1_856' title='bbox 1184 1906 1298 1934; x_wconf 84' lang='lat' dir='ltr'>Dicitur</span> <span class='ocrx_word' id='word_1_857' title='bbox 1309 1907 1393 1934; x_wconf 82' lang='lat' dir='ltr'>etiam</span> <span class='ocrx_word' id='word_1_858' title='bbox 1406 1910 1523 1935; x_wconf 80' lang='lat' dir='ltr'>Decun&#39;o</span> <span class='ocrx_word' id='word_1_859' title='bbox 1533 1927 1539 1935; x_wconf 90' lang='lat'><strong>.</strong></span> <span class='ocrx_word' id='word_1_860' title='bbox 1564 1909 1724 1943; x_wconf 82' lang='lat' dir='ltr'>[Decurio-</span> 
     </span>
     <span class='ocr_line' id='line_1_114' title="bbox 934 1944 1724 1986; baseline 0.01 -14"><span class='ocrx_word' id='word_1_861' title='bbox 934 1954 981 1972; x_wconf 86' lang='lat' dir='ltr'>nes</span> <span class='ocrx_word' id='word_1_862' title='bbox 993 1966 1001 1978; x_wconf 92' lang='lat'><em>‚</em></span> <span class='ocrx_word' id='word_1_863' title='bbox 1019 1944 1065 1973; x_wconf 89' lang='lat' dir='ltr'>seu</span> <span class='ocrx_word' id='word_1_864' title='bbox 1074 1946 1178 1975; x_wconf 82' lang='lat' dir='ltr'>Decani</span> <span class='ocrx_word' id='word_1_865' title='bbox 1193 1967 1200 1978; x_wconf 94' lang='lat'><em>,</em></span> <span class='ocrx_word' id='word_1_866' title='bbox 1224 1947 1272 1985; x_wconf 88' lang='lat' dir='ltr'>qui</span> <span class='ocrx_word' id='word_1_867' title='bbox 1285 1945 1331 1974; x_wconf 88' lang='lat' dir='ltr'>sub</span> <span class='ocrx_word' id='word_1_868' title='bbox 1343 1948 1461 1975; x_wconf 79' lang='lat' dir='ltr'>Vicariis</span> <span class='ocrx_word' id='word_1_869' title='bbox 1469 1949 1595 1986; x_wconf 76' lang='lat' dir='ltr'>quaedam</span> <span class='ocrx_word' id='word_1_870' title='bbox 1613 1950 1724 1980; x_wconf 81' lang='lat' dir='ltr'>minora</span> 
     </span>
     <span class='ocr_line' id='line_1_115' title="bbox 933 1986 1723 2028; baseline 0.01 -15"><span class='ocrx_word' id='word_1_871' title='bbox 933 1995 1063 2014; x_wconf 89' lang='lat' dir='ltr'>exercent</span> <span class='ocrx_word' id='word_1_872' title='bbox 1074 2006 1082 2013; x_wconf 89' lang='lat'><strong>.</strong></span> <span class='ocrx_word' id='word_1_873' title='bbox 1101 1986 1242 2015; x_wconf 77' lang='lat' dir='ltr'>Valsridus</span> <span class='ocrx_word' id='word_1_874' title='bbox 1251 1987 1285 2015; x_wconf 90' lang='lat' dir='ltr'>de</span> <span class='ocrx_word' id='word_1_875' title='bbox 1296 1988 1352 2016; x_wconf 86' lang='lat' dir='ltr'>reb.</span> <span class='ocrx_word' id='word_1_876' title='bbox 1370 1986 1473 2016; x_wconf 86' lang='lat' dir='ltr'>Eccles.</span> <span class='ocrx_word' id='word_1_877' title='bbox 1483 1999 1541 2028; x_wconf 86' lang='lat' dir='ltr'>cap.</span> <span class='ocrx_word' id='word_1_878' title='bbox 1551 2000 1578 2028; x_wconf 84' lang='lat'>3.</span> <span class='ocrx_word' id='word_1_879' title='bbox 1590 1991 1602 2021; x_wconf 97' lang='grc'>]</span> <span class='ocrx_word' id='word_1_880' title='bbox 1625 1991 1670 2020; x_wconf 84' lang='lat' dir='ltr'>Est</span> <span class='ocrx_word' id='word_1_881' title='bbox 1681 2002 1723 2021; x_wconf 91' lang='lat' dir='ltr'>et-</span> 
     </span>
     <span class='ocr_line' id='line_1_116' title="bbox 933 2026 1723 2065; baseline 0.009 -11"><span class='ocrx_word' id='word_1_882' title='bbox 933 2026 988 2054; x_wconf 81' lang='lat' dir='ltr'>iam</span> <span class='ocrx_word' id='word_1_883' title='bbox 1005 2026 1128 2065; x_wconf 78' lang='lat' dir='ltr'>dignitas</span> <span class='ocrx_word' id='word_1_884' title='bbox 1137 2027 1211 2056; x_wconf 90' lang='lat' dir='ltr'>inter</span> <span class='ocrx_word' id='word_1_885' title='bbox 1221 2028 1380 2056; x_wconf 74' lang='lat' dir='ltr'>Canonicos</span> <span class='ocrx_word' id='word_1_886' title='bbox 1396 2028 1427 2057; x_wconf 82' lang='lat' dir='ltr'>in</span> <span class='ocrx_word' id='word_1_887' title='bbox 1437 2029 1531 2058; x_wconf 82' lang='lat' dir='ltr'>multis</span> <span class='ocrx_word' id='word_1_888' title='bbox 1546 2030 1723 2062; x_wconf 75' lang='lat' dir='ltr'>cathedrali-</span> 
     </span>
     <span class='ocr_line' id='line_1_117' title="bbox 933 2066 1720 2102; baseline 0.01 -8"><span class='ocrx_word' id='word_1_889' title='bbox 933 2066 989 2095; x_wconf 83' lang='lat' dir='ltr'>bus.</span> <span class='ocrx_word' id='word_1_890' title='bbox 1000 2069 1072 2095; x_wconf 90' lang='lat' dir='ltr'>Item</span> <span class='ocrx_word' id='word_1_891' title='bbox 1084 2068 1160 2096; x_wconf 87' lang='lat' dir='ltr'>inter</span> <span class='ocrx_word' id='word_1_892' title='bbox 1169 2067 1320 2096; x_wconf 83' lang='lat' dir='ltr'>Monachos</span> <span class='ocrx_word' id='word_1_893' title='bbox 1329 2069 1367 2097; x_wconf 85' lang='lat' dir='ltr'>est</span> <span class='ocrx_word' id='word_1_894' title='bbox 1377 2070 1502 2098; x_wconf 80' lang='lat' dir='ltr'>officium</span> <span class='ocrx_word' id='word_1_895' title='bbox 1511 2091 1520 2098; x_wconf 87' lang='lat'><strong>.</strong></span> <span class='ocrx_word' id='word_1_896' title='bbox 1534 2072 1571 2100; x_wconf 85' lang='lat' dir='ltr'>In</span> <span class='ocrx_word' id='word_1_897' title='bbox 1579 2072 1720 2102; x_wconf 81' lang='lat' dir='ltr'>Constan-</span> 
     </span>
     <span class='ocr_line' id='line_1_118' title="bbox 932 2107 1717 2149; baseline 0.009 -14"><span class='ocrx_word' id='word_1_898' title='bbox 932 2107 1118 2146; x_wconf 83' lang='lat' dir='ltr'>tinopolitana</span> <span class='ocrx_word' id='word_1_899' title='bbox 1137 2108 1265 2137; x_wconf 77' lang='lat' dir='ltr'>Civitati:</span> <span class='ocrx_word' id='word_1_900' title='bbox 1273 2109 1380 2138; x_wconf 82' lang='lat' dir='ltr'>Decani</span> <span class='ocrx_word' id='word_1_901' title='bbox 1395 2110 1601 2149; x_wconf 79' lang='lat' dir='ltr'>appellabantur</span> <span class='ocrx_word' id='word_1_902' title='bbox 1610 2112 1717 2142; x_wconf 83' lang='lat' dir='ltr'>funera-</span> 
     </span>
     <span class='ocr_line' id='line_1_119' title="bbox 932 2148 1715 2191; baseline 0.009 -15"><span class='ocrx_word' id='word_1_903' title='bbox 932 2149 986 2181; x_wconf 86' lang='lat' dir='ltr'>rii,</span> <span class='ocrx_word' id='word_1_904' title='bbox 1008 2152 1035 2177; x_wconf 73' lang='grc' dir='ltr'>δ(</span> <span class='ocrx_word' id='word_1_905' title='bbox 1057 2148 1130 2178; x_wconf 89' lang='lat' dir='ltr'>idem</span> <span class='ocrx_word' id='word_1_906' title='bbox 1143 2149 1262 2178; x_wconf 81' lang='lat' dir='ltr'>carnifex</span> <span class='ocrx_word' id='word_1_907' title='bbox 1279 2149 1396 2179; x_wconf 78' lang='lat' dir='ltr'>decanus</span> <span class='ocrx_word' id='word_1_908' title='bbox 1413 2152 1550 2180; x_wconf 80' lang='lat' dir='ltr'>dicebatur</span> <span class='ocrx_word' id='word_1_909' title='bbox 1561 2174 1569 2185; x_wconf 95' lang='lat'><em>,</em></span> <span class='ocrx_word' id='word_1_910' title='bbox 1591 2163 1674 2191; x_wconf 84' lang='lat' dir='ltr'>quare</span> <span class='ocrx_word' id='word_1_911' title='bbox 1684 2155 1715 2184; x_wconf 90' lang='lat' dir='ltr'>in</span> 
     </span>
     <span class='ocr_line' id='line_1_120' title="bbox 930 2188 1720 2233; baseline 0.008 -15"><span class='ocrx_word' id='word_1_912' title='bbox 930 2188 1140 2218; x_wconf 78' lang='lat' dir='ltr'>Cathedralibus</span> <span class='ocrx_word' id='word_1_913' title='bbox 1150 2191 1276 2218; x_wconf 83' lang='lat' dir='ltr'>Decanus</span> <span class='ocrx_word' id='word_1_914' title='bbox 1285 2190 1340 2219; x_wconf 76' lang='lat' dir='ltr'>alio</span> <span class='ocrx_word' id='word_1_915' title='bbox 1350 2192 1466 2220; x_wconf 85' lang='lat' dir='ltr'>nomine</span> <span class='ocrx_word' id='word_1_916' title='bbox 1474 2213 1483 2225; x_wconf 88' lang='lat'><em>‚</em></span> <span class='ocrx_word' id='word_1_917' title='bbox 1493 2203 1594 2232; x_wconf 81' lang='lat' dir='ltr'>nempe</span> <span class='ocrx_word' id='word_1_918' title='bbox 1601 2214 1611 2227; x_wconf 86' lang='grc'><strong><em>,</em></strong></span> <span class='ocrx_word' id='word_1_919' title='bbox 1621 2199 1720 2233; x_wconf 77' lang='lat' dir='ltr'>Prapo-</span> 
     </span>
     <span class='ocr_line' id='line_1_121' title="bbox 922 2229 1254 2269; baseline 0.003 -12"><span class='ocrx_word' id='word_1_920' title='bbox 922 2229 998 2267; x_wconf 75' lang='lat' dir='ltr'>situs</span> <span class='ocrx_word' id='word_1_921' title='bbox 1008 2251 1016 2263; x_wconf 90' lang='lat'><em>‚</em></span> <span class='ocrx_word' id='word_1_922' title='bbox 1026 2231 1174 2269; x_wconf 79' lang='lat' dir='ltr'>appellatus</span> <span class='ocrx_word' id='word_1_923' title='bbox 1185 2230 1236 2258; x_wconf 82' lang='lat' dir='ltr'>fuit</span> <span class='ocrx_word' id='word_1_924' title='bbox 1245 2250 1254 2258; x_wconf 87' lang='lat'><strong>.</strong></span> 
     </span>
    </p>
   </div>
   <div class='ocr_carea' id='block_1_23' title="bbox 85 2261 1303 2307">
    <p class='ocr_par' dir='ltr' id='par_1_29' title="bbox 85 2261 1303 2307">
     <span class='ocr_line' id='line_1_122' title="bbox 85 2261 1303 2307; baseline 0.01 -19"><span class='ocrx_word' id='word_1_925' title='bbox 85 2261 208 2289; x_wconf 81' lang='lat' dir='ltr'>creditor</span> <span class='ocrx_word' id='word_1_926' title='bbox 218 2283 226 2295; x_wconf 91' lang='lat'><em>‚</em></span> <span class='ocrx_word' id='word_1_927' title='bbox 249 2272 329 2301; x_wconf 82' lang='lat' dir='ltr'>quam</span> <span class='ocrx_word' id='word_1_928' title='bbox 338 2262 447 2292; x_wconf 88' lang='lat' dir='ltr'>debitor</span> <span class='ocrx_word' id='word_1_929' title='bbox 456 2263 555 2292; x_wconf 81' lang='lat' dir='ltr'>eodem</span> <span class='ocrx_word' id='word_1_930' title='bbox 566 2267 698 2294; x_wconf 82' lang='lat' dir='ltr'>vocabulo</span> <span class='ocrx_word' id='word_1_931' title='bbox 706 2268 820 2296; x_wconf 69' lang='lat' dir='ltr'>Medic»</span> <span class='ocrx_word' id='word_1_932' title='bbox 830 2279 875 2307; x_wconf 88' lang='lat' dir='ltr'>ap-</span> <span class='ocrx_word' id='word_1_933' title='bbox 890 2270 1035 2298; x_wconf 67' lang='lat' dir='ltr'>Di-:camus</span> <span class='ocrx_word' id='word_1_934' title='bbox 1047 2291 1055 2298; x_wconf 91' lang='lat'><strong>.</strong></span> <span class='ocrx_word' id='word_1_935' title='bbox 1078 2271 1150 2299; x_wconf 91' lang='lat' dir='ltr'>Vide</span> <span class='ocrx_word' id='word_1_936' title='bbox 1158 2274 1303 2300; x_wconf 77' lang='lat' dir='ltr'>Decania-</span> 
     </span>
    </p>
   </div>
   <div class='ocr_carea' id='block_1_24' title="bbox 44 2302 1720 2435">
    <p class='ocr_par' dir='ltr' id='par_1_30' title="bbox 44 2302 1720 2435">
     <span class='ocr_line' id='line_1_123' title="bbox 85 2302 1720 2353; baseline 0.007 -21"><span class='ocrx_word' id='word_1_937' title='bbox 85 2302 218 2340; x_wconf 78' lang='lat' dir='ltr'>pellatur·</span> <span class='ocrx_word' id='word_1_938' title='bbox 891 2311 1105 2340; x_wconf 61' lang='lat' dir='ltr'>chnxconrs.</span> <span class='ocrx_word' id='word_1_939' title='bbox 1131 2313 1188 2340; x_wconf 74' lang='lat' dir='ltr'>FR.</span> <span class='ocrx_word' id='word_1_940' title='bbox 1206 2312 1320 2341; x_wconf 86' lang='lat' dir='ltr'>Tribuni</span> <span class='ocrx_word' id='word_1_941' title='bbox 1336 2314 1435 2343; x_wconf 76' lang='lat' dir='ltr'>Romae</span> <span class='ocrx_word' id='word_1_942' title='bbox 1454 2323 1580 2353; x_wconf 84' lang='lat' dir='ltr'>tempore</span> <span class='ocrx_word' id='word_1_943' title='bbox 1599 2315 1720 2353; x_wconf 65' lang='lat' dir='ltr'>Joannie</span> 
     </span>
     <span class='ocr_line' id='line_1_124' title="bbox 44 2342 1720 2435; baseline 0.007 -62"><span class='ocrx_word' id='word_1_944' title='bbox 44 2343 184 2374; x_wconf 61' lang='lat' dir='ltr'>nanum</span> <span class='ocrx_word' id='word_1_945' title='bbox 194 2363 204 2377; x_wconf 79' lang='lat'><em>,</em></span> <span class='ocrx_word' id='word_1_946' title='bbox 225 2342 347 2374; x_wconf 82' lang='lat' dir='ltr'>inebrior</span> <span class='ocrx_word' id='word_1_947' title='bbox 356 2364 363 2373; x_wconf 89' lang='lat'><strong>.</strong></span> <span class='ocrx_word' id='word_1_948' title='bbox 395 2351 407 2382; x_wconf 92' lang='lat'>[</span> <span class='ocrx_word' id='word_1_949' title='bbox 419 2345 518 2386; x_wconf 86' lang='lat' dir='ltr'>Deque</span> <span class='ocrx_word' id='word_1_950' title='bbox 534 2344 640 2386; x_wconf 79' lang='lat' dir='ltr'>sophiae</span> <span class='ocrx_word' id='word_1_951' title='bbox 662 2346 743 2378; x_wconf 84' lang='lat' dir='ltr'>illum</span> <span class='ocrx_word' id='word_1_952' title='bbox 759 2348 875 2382; x_wconf 81' lang='lat' dir='ltr'>debriari</span> <span class='ocrx_word' id='word_1_953' title='bbox 930 2354 1009 2392; x_wconf 75' lang='lat' dir='ltr'>Papae</span> <span class='ocrx_word' id='word_1_954' title='bbox 1020 2353 1220 2389; x_wconf 74' lang='lat' dir='ltr'>xl1.[Romae</span> <span class='ocrx_word' id='word_1_955' title='bbox 1229 2353 1306 2382; x_wconf 73' lang='lat' dir='ltr'>enim</span> <span class='ocrx_word' id='word_1_956' title='bbox 1315 2353 1371 2424; x_wconf 62' lang='lat' dir='ltr'>quo</span> <span class='ocrx_word' id='word_1_957' title='bbox 1381 2354 1520 2431; x_wconf 51' lang='lat' dir='ltr'>ionsules</span> <span class='ocrx_word' id='word_1_958' title='bbox 1528 2366 1562 2384; x_wconf 85' lang='lat' dir='ltr'>ex</span> <span class='ocrx_word' id='word_1_959' title='bbox 1572 2356 1720 2435; x_wconf 43' lang='lat' dir='ltr'>nogillgt-ate</span> 
     </span>
    </p>
   </div>
  </div>
 </body>
</html>
