1866 2526
503 76 584 120 SI

145 140 251 170 servata
259 135 393 169 convenit
405 147 415 167 ς
434 134 509 165 idem
518 135 599 164 etiam
608 132 753 165 observavi
764 133 794 163 in
803 132 854 163 :ilia
864 134 942 172 Jadae

147 179 283 210 consimili
292 187 403 206 moneta
413 187 421 207 ς
434 187 494 216 quae
506 178 580 205 inter
592 176 688 204 multas
698 197 706 209 ,
715 186 743 204 :ic
758 174 942 214 pretifiilimas

146 221 328 250 devotionum
337 217 467 257 reliquias
475 218 505 246 ab
517 215 661 255 Equitibus
671 215 700 244 in
709 225 804 245 eorum
823 216 848 245 S.
860 216 942 259 Ioan-

146 261 188 290 nis
198 260 314 290 Ecclefia
323 258 500 288 conservatur
512 269 520 289 ἱ
532 257 665 296 aliamque
678 267 711 285 ex
723 256 764 285 his
777 265 894 285 monetis
906 256 942 285 fa-

147 311 218 331 tetur
227 303 262 331 R.
274 299 383 336 Moyses
393 298 420 328 se
430 298 524 327 vidiss'e
535 319 543 331 ,
553 307 635 336 quani
647 298 810 326 Dimidium
815 297 942 334 ponderis

145 351 224 370 vocat
235 361 243 369 .
266 340 408 370 Antonius
419 339 586 378 Augustinus
598 338 628 366 in
638 340 696 373 ejus
709 337 828 377 dialogis
849 337 884 366 de
894 347 940 366 nu*

145 381 314 410 mismatibus
325 391 405 419 uegit
416 379 490 408 fuiss'e
502 379 578 418 Judae
589 387 713 407 monetas
723 400 731 411 ‚
744 388 809 416 quas
829 380 920 407 Roma
932 399 939 410 ‚

144 425 172 451 δε
184 423 282 451 Melita
295 431 324 449 ut
334 420 410 459 supra
428 420 550 449 diximus
566 418 726 447 existimant
737 438 744 446 .
755 421 818 463 ΞΕ..
839 419 869 447 in
880 428 939 446 can.

144 463 255 501 Judiccs
266 483 273 494 ,
287 472 333 500 qu.
348 473 370 490 ι.
381 461 441 490 haec
451 461 487 489 D.
499 459 667 494 Hieronymi
680 459 760 488 verba
770 460 918 502 aflei-untur
929 480 936 491 ,

143 503 189 531 ubi
199 503 234 532 de
245 501 366 532 Simoni:
375 502 432 541 :igit
443 513 449 529 t
472 503 555 537 [Nec
563 509 726 539 quemquam
744 508 840 527 movet
852 499 921 527 illud
930 520 938 531 ‚

144 543 219 582 quod
232 543 261 571 in
271 543 364 582 primo
374 545 484 580 Regum
495 543 564 570 libro
575 540 690 579 legitur,
703 540 810 568 Saulem
822 561 829 572 ,
840 539 939 567 volen—

1328 76 1356 118 S
1388 80 1407 120 1
1666 86 1747 132 617

998 132 1131 173 Episcopi
1140 130 1346 165 pontificaliter
1355 133 1447 164 induti
1457 145 1519 164 cum
1527 135 1623 166 baculo
1631 138 1800 176 pastorali‚&

998 174 1080 203 mitra
1091 196 1099 207 ,
1121 186 1151 204 ut
1159 185 1194 203 ex
1206 184 1264 213 cap.
1275 182 1302 203 6.
1322 175 1452 204 decretal.
1463 176 1498 204 de
1518 176 1572 205 fide
1593 178 1802 208 instrumentor-

998 214 1142 254 colligitur
1152 237 1160 249 ,
1170 216 1215 245 ubi
1226 215 1260 244 sic
1270 214 1401 244 habetur:
1425 221 1438 251 [
1452 215 1558 245 Falsum
1568 217 1689 256 ligillum
1699 219 1800 248 vitiose

999 255 1140 285 videbatur
1157 255 1310 295 appositum
1322 277 1330 289 ‚
1353 266 1387 285 eo
1399 257 1474 296 quod
1486 268 1500 285 a
1518 257 1608 302 media
1628 269 1704 297 parte
1715 259 1800 298 figilii

997 296 1277 377 255235325515052122
1286 305 1382 367 Ξῖῗέἓξζ
1390 308 1477 368 ’1)ἓὲἱέ
1481 308 1798 379 ἔὲἰῗυέ“,“ἔέἐῗεξέ’ῖέἷ,ἶὲ

997 376 1279 412 indumentis‚tenens
1291 378 1320 406 in
1327 389 1409 407 manu
1422 389 1479 408 non
1490 380 1612 408 baculum
1623 381 1796 418 pastoralem,

996 414 1044 447 sed
1052 419 1127 457 quali
1138 418 1276 457 sceptrum
1287 420 1375 458 regale
1384 440 1391 447 .
1404 422 1415 451 ]
1428 420 1523 458 Sigilla
1535 442 1541 453 ,
1553 430 1612 458 qux
1625 422 1797 459 ponebantur

996 457 1026 485 in
1037 458 1174 498 marsupio
1184 459 1253 488 novi
1265 459 1409 488 Pontificis
1417 480 1425 488 .
1445 460 1520 489 Vide
1529 461 1776 498 Sedesstercoran'a
1787 483 1795 489 .

995 498 1127 537 Sigillum
1144 500 1283 529 Domini.
1304 501 1378 529 Vide
1388 502 1518 537 chrisma
1528 521 1535 528 .
1559 501 1661 540 sigillo
1670 513 1703 530 ex
1716 503 1796 532 Alta-

995 538 1069 567 riolo
1079 539 1186 569 sublato
1196 540 1355 579 deperditur
1363 540 1533 570 consecratio
1542 562 1550 570 .
1561 542 1634 571 Vide
1645 543 1748 571 Altare
1757 564 1764 570 .

144 593 199 612 teni
210 584 250 612 ire
258 584 292 612 ad
311 584 460 612 Samuelem
471 604 478 615 ,
500 580 596 610 dixisse
606 591 691 620 puero
708 579 756 608 suo
770 605 774 613 ‚
795 580 829 609 ad
838 589 900 608 eum
912 578 938 607 se
954 579 1046 607 SIGMA
1058 600 1064 607 .
1076 581 1260 609 Coenaculum
1271 580 1479 620 hemisphaerica
1491 581 1577 621 figura
1589 583 1775 612 construetum
1786 603 1795 611 .

145 624 185 652 ire
196 635 254 652 non
265 623 338 662 polle
346 645 355 656 ‚
367 624 430 662 quia
439 622 558 660 pretium
568 643 576 654 ‚
597 621 671 659 quoi
682 620 793 649 offerret
806 631 856 660 pro
869 620 934 664 vati—

143 665 235 698 cinio,
250 675 307 693 non
316 663 425 693 haberet
436 683 446 695 ,
454 666 483 692 ὅ(
493 671 608 700 puerum
618 660 802 700 respondisse:
821 671 884 690 ecce
894 670 936 688 in—

143 715 224 734 venta
233 705 272 734 est
281 704 312 732 in
323 714 404 733 manu
413 713 471 731 mea
481 713 574 741 quarta
582 712 640 741 pars
651 703 708 731 ficli
719 703 935 740 pecuniae.Hanc

140 745 209 774 dabo
221 745 282 773 viro
291 745 364 776 Dei,
383 749 411 773 δι
421 743 592 772 annuntiabit
603 743 681 771 nobis
691 747 742 772 ἃς.
765 743 850 771 Siclus
861 743 936 771 enim

140 785 245 824 viginti
255 785 350 813 obolos
358 784 494 816 iubeam&
503 794 596 822 quarta
605 794 664 823 pars
675 784 732 813 ficii
741 783 863 822 quinque
873 782 935 812 sunt

138 825 212 853 oboli
221 845 228 852 .
239 827 252 856 J
273 823 432 854 Plutarchus
442 825 471 853 in
482 824 616 859 Lysandr.
626 825 664 852 ait
674 846 681 856 ,
694 825 768 862 quod
777 824 873 852 obolus
883 824 934 851 mi-

137 865 246 894 nimum
255 864 389 894 numisma
398 875 455 894 erat
467 865 540 903 apud
552 864 737 894 Athenienses
746 886 754 898 ‚
764 865 838 903 quod
846 863 934 893 sexies

136 904 274 944 sumptum
283 907 409 944 explebat
417 906 576 934 drachmam
587 906 699 934 atticam
708 926 715 933 .
724 908 840 934 Temere
850 905 932 944 siqui-

135 946 200 974 dem
210 945 304 975 Gioss‘a
315 947 346 974 in
356 957 415 974 can.
426 946 556 985 Denique
566 950 594 975 δε
604 946 704 984 puellae
715 967 723 979 ,
736 953 783 984 36.
795 957 840 985 qu.
853 957 878 974 2.
890 947 931 974 in-

136 988 214 1024 quit:
230 987 388 1021 [Drachma
398 992 410 1020 (
420 997 450 1016 ut
458 987 555 1016 dicunt
567 987 713 1020 >estfic1us
723 1007 730 1014 .
750 989 786 1017 R.
801 985 911 1021 Moyses
920 1009 928 1019 ‚

134 1027 182 1063 qui
190 1030 219 1055 Sc
229 1028 415 1056 Gerundenfis
426 1028 574 1066 appellatus
588 1027 639 1056 fuit
650 1050 657 1060 ,
670 1027 700 1056 in
712 1026 930 1056 Pentateuchum

135 1065 252 1096 scriberis
262 1090 270 1100 ,
290 1067 384 1107 inquit'
393 1090 401 1101 ‚
422 1067 450 1096 se
462 1067 557 1098 vidisse
576 1068 729 1098 Tolemaidi
741 1090 749 1101 ,
769 1078 828 1107 qua:
849 1067 933 1096 hodie

133 1111 214 1136 Acca
223 1107 324 1136 dicitur
335 1131 343 1141 ‚
355 1109 448 1138 siclum
457 1107 612 1138 semiunciae
623 1109 752 1148 poudcris
764 1131 771 1141 ,
791 1109 821 1137 in
831 1119 887 1147 quo
897 1119 930 1137 ex

133 1157 185 1176 una
196 1148 262 1177 facie
272 1147 374 1187 sculpta
394 1159 451 1178 erat
465 1151 568 1179 Aronis
579 1150 655 1189 virga
678 1160 738 1178 curn
749 1148 931 1188 inscriptione

134 1189 223 1216 siclus
234 1190 364 1218 siclorum
376 1211 384 1222 ,
405 1194 434 1219 ὅ(
446 1190 476 1218 in
487 1191 537 1218 alia
548 1191 614 1219 facie
624 1190 759 1229 insculpta
769 1199 875 1219 mannae
885 1200 928 1219 ur-

132 1239 168 1256 na
178 1239 239 1258 cum
259 1228 438 1268 inscriptione
442 1232 598 1268 Jerusalem
601 1233 703 1269 santra
712 1251 720 1258 .
740 1233 786 1260 De
804 1231 874 1259 Sit-lo
882 1241 927 1259 au-

132 1278 190 1298 tem
200 1279 311 1299 moneta
320 1270 422 1300 diserte
432 1271 490 1310 agit
501 1273 599 1300 Baton.
608 1282 671 1300 ann.
682 1282 730 1309 33.
742 1283 770 1300 n.
782 1282 795 1309 3
803 1283 828 1300 0.
841 1274 868 1300 δι
880 1283 894 1309 3
905 1283 927 1300 i.

130 1309 273 1338 Ezechiel.
283 1321 339 1349 cap.
351 1322 399 1347 45,
409 1311 466 1340 haec
475 1311 581 1351 scripsit
592 1323 600 1344 ‚-
615 1319 626 1348 [
638 1312 722 1342 Siclus
731 1322 822 1341 autem
832 1311 922 1351 vigin.

129 1351 154 1378 ti
164 1351 259 1380 obulos
271 1352 351 1380 habet
363 1364 370 1379 :

88 1389 276 1421 Sioittnitius
288 1414 296 1425 ,
315 1402 349 1421 ex
369 1393 507 1432 principio
528 1394 638 1423 occulto
649 1416 655 1427 ‚
678 1397 705 1422 ὃ(
718 1392 924 1433 impenetrabili

128 1432 296 1470 proveniens
306 1453 313 1460 .
333 1439 346 1468 [
358 1434 459 1462 Anima
473 1434 550 1463 velut
570 1434 705 1473 sigillario
723 1444 801 1463 motu
811 1434 923 1473 superfi-

128 1471 200 1501 ciem
218 1475 275 1507 ejus
288 1473 360 1501 intus
377 1473 499 1512 agitante
510 1495 517 1502 .
539 1475 658 1503 Tertull.
678 1475 725 1503 lib.
748 1476 782 1503 de
802 1478 906 1504 Anima
916 1497 924 1507 ,

128 1522 150 1539 c.
164 1514 214 1542 2.]
235 1512 309 1540 Vide
319 1513 490 1552 Enthymests
501 1535 508 1542 .
530 1517 570 1544 Ac
580 1514 692 1553 proprie
702 1515 846 1554 sigillarius
854 1516 924 1544 dici-

128 1560 173 1580 tur
184 1550 256 1580 lusor
265 1573 274 1584 ‚
292 1552 341 1580 ille
353 1575 360 1585 ,
379 1554 426 1591 qui
436 1554 582 1583 simulacris
601 1555 747 1593 puerilibus
757 1577 765 1588 ,
784 1566 798 1584 a
816 1557 924 1584 Latinis

127 1592 224 1629 sigilla
233 1593 377 1630 appellatis
386 1615 395 1626 ,
415 1595 521 1622 ludebat
532 1607 540 1625 ς
559 1596 652 1624 italice
673 1599 824 1625 Burrarim'
835 1617 844 1629 ,
867 1597 922 1625 sive

127 1637 260 1670 Pupazzi
270 1633 417 1662 dicuntur:
440 1635 507 1663 inde
515 1637 700 1665 Tertullzanus
715 1635 823 1675 sumpta
834 1647 922 1666 meta-

127 1672 214 1712 phora
223 1683 236 1701 a
248 1673 372 1712 figillarii
383 1677 494 1704 occulto
504 1674 551 1705 sub
564 1677 627 1706 velo
637 1687 713 1706 motu
725 1698 734 1710 ‚
752 1679 851 1706 anime
863 1688 918 1706 mo-

997 619 1210 654 [Discumbebat
1228 620 1304 659 Jesus
1314 623 1373 660 plus
1396 623 1426 650 in
1439 622 1565 652 Matthaei
1575 633 1670 652 mente
1682 645 1690 657 ,
1713 635 1795 663 quain

993 660 1107 698 sigmate
1117 683 1124 694 ,
1136 666 1164 690 δε
1175 662 1328 700 epulabatur
1340 674 1397 692 non
1406 663 1471 691 cibis
1483 684 1490 695 ,
1513 661 1559 692 sed
1569 665 1659 693 reditu
1670 674 1794 703 peccato-

993 700 1029 728 ris
1040 722 1047 728 .
1065 701 1200 738 Chrysol.
1212 702 1290 731 serm.
1305 706 1372 739 19.]
1395 707 1435 733 Ac
1447 703 1519 732 idem
1529 705 1594 733 alibi
1606 706 1708 742 repetit
1721 727 1729 738 ‚
1751 707 1793 734 lo-

991 751 1075 779 quens
1084 742 1118 771 de
1127 742 1269 781 discipulis
1280 753 1404 781 tempore
1415 743 1523 773 Christi
1534 745 1663 783 paffionis
1681 745 1793 775 abscon-

990 782 1038 810 iis:
1053 788 1065 818 [
1078 783 1106 811 Si
1117 793 1270 812 metuentes
1282 805 1290 816 ,
1300 784 1319 813 li
1329 784 1408 814 clausi
1420 806 1427 817 ,
1449 795 1524 814 cei-te
1535 797 1591 814 non
1604 787 1768 824 prandentes
1780 809 1790 820 ‚

989 827 1018 852 δι
1028 822 1048 852 fi
1056 824 1219 862 prandentes
1229 846 1237 857 ‚
1259 835 1317 852 non
1327 834 1385 854 erat
1393 825 1490 854 domus
1501 826 1549 854 illa
1559 848 1566 859 ,
1578 825 1624 856 sed
1634 837 1722 856 carcer
1731 840 1742 861 ‚-
1754 828 1790 856 il-

987 863 1036 892 lud
1045 864 1129 904 figma
1147 876 1204 893 non
1213 875 1269 893 erat
1279 887 1286 898 ,
1305 864 1352 894 sed
1361 876 1451 894 carcer
1460 887 1467 898 ,
1494 865 1573 896 serm.
1587 869 1655 906 83.]
1676 869 1788 897 Dicitur

988 904 1064 933 enim
1072 905 1157 944 sigma
1165 916 1178 934 a
1189 905 1276 944 figura
1287 905 1376 935 liter-e
1385 917 1483 946 graecae
1496 906 1576 943 hujus
1585 909 1707 937 nominis
1718 910 1791 937 anti-

987 955 1047 983 qua,
1057 956 1116 984 quae
1128 956 1184 976 erat
1194 947 1227 975 ad
1238 947 1350 975 modum
1361 952 1393 976 C.
1405 950 1462 977 PR.
1474 948 1633 987 Aliquando
1643 950 1718 979 enim
1730 961 1790 978 non

987 985 1108 1025 undique
1118 987 1151 1016 ad
1160 986 1280 1016 mensam
1291 988 1422 1018 convivae
1433 990 1623 1018 accumbebant
1634 1004 1641 1019 ,-
1651 989 1700 1020 sed
1710 991 1740 1019 ab
1748 992 1787 1019 :il-

987 1034 1045 1054 tera
1055 1037 1163 1056 tantum
1173 1037 1247 1066 parte
1258 1038 1390 1062 convexa,
1401 1039 1498 1068 utpote
1507 1040 1642 1068 capaciori
1653 1041 1787 1060 conviva—

988 1077 1046 1095 rum
1058 1088 1066 1100 ‚
1083 1078 1164 1106 quam
1176 1080 1210 1097 ex
1219 1079 1349 1098 convexo
1368 1070 1496 1098 interiori
1507 1071 1590 1100 latere
1599 1094 1607 1105 ‚
1631 1072 1674 1101 ubi
1693 1072 1786 1101 edulia

985 1107 1079 1137 minist
1086 1119 1174 1139 rantes
1185 1108 1338 1138 affistebant
1348 1132 1356 1143 ,
1366 1114 1394 1139 δε
1404 1122 1436 1140 ex
1447 1111 1542 1140 eadem
1553 1112 1661 1141 ratione
1671 1114 1785 1151 antiqua

983 1151 1189 1188 propugnacula
1199 1151 1374 1184 rotunda‚vel
1385 1151 1417 1180 ad
1427 1151 1539 1180 modum
1550 1153 1640 1192 (igme
1651 1165 1709 1182 non
1718 1153 1784 1182 sunt

982 1189 1097 1228 amplius
1117 1191 1147 1219 in
1157 1190 1203 1220 usu
1215 1213 1223 1224 ‚
1246 1191 1308 1231 quia
1320 1192 1488 1230 praebebatur
1505 1195 1594 1230 major
1614 1194 1728 1223 ambitus
1738 1205 1785 1233 ag—

981 1229 1141 1268 grefl'oribus
1151 1254 1159 1265 ,
1169 1242 1248 1270 quam
1258 1232 1388 1271 aggressis
1398 1254 1405 1265 ‚
1417 1234 1464 1272 qui
1477 1234 1507 1262 in
1517 1234 1644 1263 interiori
1654 1234 1787 1273 periphe-

983 1281 1023 1299 ria
1033 1273 1254 1310 angustiabantur
1263 1293 1271 1300 -
1291 1274 1382 1312 Igitur
1391 1274 1426 1302 de
1435 1273 1478 1302 liis
1488 1275 1584 1304 mensis
1605 1275 1699 1314 figurae
1709 1277 1784 1305 luna-

983 1321 1018 1339 ιε
1030 1333 1039 1344 ,
1052 1313 1096 1340 vel
1107 1312 1268 1349 hemicycli,
1281 1314 1454 1352 Lampridius
1463 1315 1494 1343 i'n
1505 1316 1653 1355 Heliogab.
1663 1317 1784 1345 mentio-

982 1362 1045 1380 nem
1057 1352 1120 1382 facit
1133 1376 1141 1387 ,
1151 1354 1279 1393 inquiens
1290 1366 1296 1382 :
1310 1361 1322 1390 [
1335 1356 1441 1384 Primus
1451 1361 1463 1390 (
1473 1357 1549 1392 idest,
1564 1358 1758 1395 Heliogabalus
1771 1361 1784 1390 )

981 1393 1100 1431 denique
1120 1395 1231 1423 invenit
1250 1395 1335 1434 sigma
1351 1396 1463 1425 interra
1475 1396 1592 1426 sternere
1604 1419 1612 1431 ,
1632 1408 1692 1426 non
1703 1398 1734 1426 in
1742 1400 1782 1428 le-

979 1434 1029 1462 c‘tis
1041 1454 1047 1461 .
1063 1437 1075 1466 ]
1098 1438 1138 1464 Ac
1150 1436 1221 1464 reFte
1231 1434 1304 1464 hunc
1314 1436 1458 1475 antiquum
1469 1440 1661 1466 Romanorum
1673 1448 1779 1467 morem

980 1475 1124 1504 Ditmarus
1141 1477 1299 1515 comprobat
1312 1498 1319 1509 ‚
1340 1477 1467 1515 inquiens
1479 1489 1485 1504 :
1511 1483 1523 1513 [
1536 1479 1691 1516 Imperator
1707 1481 1780 1508 anti-

979 1525 1059 1553 qumi
1070 1519 1259 1546 Romanorum
1269 1516 1510 1550 consuetudinem,
1526 1521 1580 1553 jam
1589 1529 1622 1548 ex
1636 1529 1712 1558 parte
1723 1530 1781 1550 ina·

977 1566 1032 1594 gna.
1043 1557 1161 1586 deletam
1172 1580 1180 1591 ‚
1190 1558 1241 1586 suis
1250 1559 1360 1596 cupiens
1370 1568 1504 1586 renovare
1514 1561 1680 1597 temporibus
1689 1582 1696 1593 ,
1710 1563 1782 1590 mul.

977 1606 1002 1625 ta
1012 1596 1123 1627 faciebat
1132 1603 1184 1627 &c-
1205 1598 1276 1627 solus
1287 1599 1319 1627 ad
1331 1598 1450 1627 mensam
1460 1621 1468 1631 ,
1491 1601 1563 1638 quali
1575 1600 1777 1632 semicirculum

977 1637 1071 1666 factam
1082 1661 1090 1672 ‚
1118 1639 1181 1667 loco
1198 1640 1304 1668 ceteris
1333 1640 1514 1679 eminentiori
1533 1639 1640 1670 sedebat
1651 1663 1659 1674 ‚
1680 1642 1728 1671 lib.
1749 1654 1777 1682 3.

977 1677 1087 1707 Chron.

125 1713 246 1742 tionibus
264 1715 418 1752 applicuits
440 1719 468 1745 8<
479 1717 606 1754 quidem,
624 1718 700 1756 quod
709 1728 758 1757 per
775 1720 829 1748 tale
842 1729 921 1747 voca·
936 1719 1131 1749 SIGNACULUM
1150 1722 1333 1751 priiirunts
1346 1743 1354 1754 ,
1372 1721 1428 1750 five
1448 1722 1625 1760 §igniculum
1634 1723 1754 1753 Domini
1767 1745 1775 1752 .

125 1754 218 1783 bulum
228 1753 347 1784 lusorem
356 1756 496 1795 intelligat
507 1779 515 1789 ‚
524 1759 710 1787 Tertullianus
719 1758 783 1788 satis
793 1758 920 1788 adversus

977 1760 1050 1788 Vide
1062 1762 1192 1799 Chrtsma
1202 1783 1208 1790 .

124 1795 238 1822 Valent.
248 1795 378 1834 expreslit
391 1819 398 1829 ,
415 1797 543 1835 inquiens
552 1820 560 1831 ,
583 1798 746 1837 [Sigillario
755 1799 921 1829 extrinsecus
935 1800 1105 1831 SiGNATuiiA
1118 1804 1267 1841 Jtvsririffi
1279 1824 1285 1831 .
1297 1803 1370 1833 Vide
1381 1804 1595 1843 Referen.‹'arius
1605 1825 1613 1833 .

122 1834 205 1863 <iustu
216 1837 246 1866 ·]
267 1837 323 1866 FR.
335 1837 451 1874 puerilia
461 1837 600 1867 simulacra
608 1840 756 1878 appellavit
775 1841 855 1869 Idola
865 1844 920 1870 En·
935 1842 1085 1871 Sic-‚umus
1098 1844 1191 1872 Maxu
1202 1866 1210 1876 ‚
1230 1845 1312 1873 Miles
1324 1856 1331 1876 5
1354 1846 1486 1874 Mauritio
1503 1847 1578 1874 enim
1590 1845 1774 1884 Imperatori,

125 1875 224 1903 nudius
233 1896 241 1907 ‚
259 1877 370 1914 quando
380 1879 409 1906 in
420 1889 448 1916 3.
457 1878 580 1908 difflone
600 1879 684 1908 Mifl‘ae
705 1890 756 1918 pro
773 1882 920 1911 Honorato

123 1914 271 1954 Episcopo,
282 1917 389 1946 dixerat
402 1930 408 1946 :
432 1924 443 1953 [
456 1919 514 1948 Ubi
525 1919 587 1949 sunt
607 1919 695 1959 sigilla
705 1921 848 1950 nui-ninum
870 1933 918 1952 vo-

120 1958 156 1985 tis
166 1957 315 1995 imaginata
333 1957 462 1987 facierum
473 1964 481 1989 ἓ
502 1961 628 1998 Quorum
645 1960 726 1990 facies
746 1962 775 1990 in
785 1963 919 2001 potestate

120 1997 224 2036 pendet
233 1997 365 2028 artificis?
377 1999 437 2029 Ubi
446 1999 510 2029 sunt
518 2001 568 2030 Dii
582 2023 591 2035 ‚
600 2001 695 2040 quibus
706 2004 861 2040 potentiam
870 2005 918 2033 de-

123 2039 225 2067 derunt
235 2038 363 2067 homines
373 2039 480 2079 fulgore
488 2052 656 2081 gemmarum
666 2047 676 2072 ?

78 2079 221 2110 Sioutuu
231 2101 239 2112 ‚
249 2079 280 2108 in
289 2080 422 2118 primario
431 2081 584 2120 significatu
594 2083 743 2122 imaginem
756 2107 764 2118 ‚
784 2085 898 2124 figuram
907 2109 916 2120 ‚

119 2124 147 2149 δε
158 2130 270 2158 parvam
283 2121 393 2149 statuam
402 2143 412 2154 ‚
424 2121 480 2151 five
491 2122 668 2152 statunculam
677 2124 791 2154 denotat
802 2146 809 2153 .
835 2127 916 2161 [Ob-

118 2161 184 2199 tulit
200 2161 361 2190 candelabra
369 2162 521 2192 aurichalca
539 2163 646 2202 septem
655 2175 720 2193 ante
728 2165 812 2195 altare
821 2187 829 2199 ,
854 2177 914 2206 quae

114 2200 177 2230 sunt
188 2202 218 2230 in
227 2202 339 2241 pedibus
349 2203 444 2232 decem
455 2214 517 2232 cum
525 2215 626 2234 ornatu
638 2204 686 2234 suo
697 2216 730 2234 ex
749 2217 864 2245 argento
874 2210 915 2237 in—

116 2241 233 2271 terclusa
245 2242 341 2282 sigillis
349 2244 548 2283 Prophetarum
559 2266 567 2273 .
587 2246 682 2275 Anast.
692 2246 872 2282 inSylvestro
883 2269 889 2276 .
901 2252 912 2281 ]

114 2283 160 2313 De
170 2283 262 2322 sigillo
274 2306 283 2317 ,
296 2295 351 2323 quo
361 2285 465 2314 litterae
479 2285 624 2314 firmantur
635 2307 642 2314 .
658 2287 731 2315 Vide
740 2288 836 2321 Bulla,
847 2291 914 2318 Bul-

113 2323 247 2352 latorium
259 2346 267 2357 ,
279 2325 486 2366 Chartopbylax
496 2348 503 2359 ,
514 2328 657 2363 Fufidius,
666 2329 838 2358 statuncula
848 2351 857 2362 ,
869 2335 913 2370 Sy-

109 2370 212 2400 parum
226 2385 233 2393 .
257 2367 313 2394 PR.
326 2367 362 2395 In
372 2367 469 2405 ligillis
480 2367 684 2406 Episcopalibus
695 2369 848 2408 antiquitus
858 2381 916 2400 non

113 2407 287 2442 ponebantur
306 2406 425 2446 infignia
433 2407 575 2447 gentilitia
585 2420 594 2440 5
614 2407 662 2438 sed
673 2410 782 2449 effigies
792 2410 914 2446 ejusdem

379 2483 386 2497 b

974 1882 1022 1920 qui
1033 1882 1093 1922 lege
1113 1885 1289 1923 prohibuerat
1301 1908 1309 1918 ,
1329 1896 1362 1914 ne
1371 1897 1430 1924 quis
1449 1887 1526 1914 miles
1544 1886 1629 1924 pollet
1650 1885 1773 1916 habitum

975 1924 1165 1953 monachalem
1173 1924 1311 1964 suscipere
1322 1948 1329 1959 ‚
1341 1925 1484 1964 scripserat
1493 1928 1529 1955 D.
1542 1927 1698 1966 Gregorius
1707 1927 1768 1956 haec

975 1964 1071 1992 verba:
1086 1971 1097 2000 [
1110 1967 1145 1994 In
1155 1976 1206 2004 qua
1219 1967 1281 2005 lege
1291 1965 1439 2002 subjeetum
1447 1967 1484 1996 est
1496 1989 1502 2000 ,
1514 1977 1544 1996 ut
1554 1969 1625 1997 nulli
1637 1990 1645 2001 ‚
1657 1969 1704 2006 qui
1715 1979 1771 1998 ma-

972 2015 1009 2033 nu
1021 2005 1137 2043 lignatus
1146 2007 1183 2034 est
1194 2029 1202 2040 ‚
1212 2017 1338 2035 converti
1350 2009 1429 2036 liceat
1441 2029 1448 2041 ,
1470 2008 1498 2036 in
1510 2008 1618 2048 Regist.
1629 2009 1674 2038 lib.
1689 2021 1714 2038 z.
1725 2019 1769 2048 ep.

973 2052 1020 2073 61.
1032 2047 1044 2076 ]
1057 2049 1140 2075 Erant
1149 2048 1237 2086 igitur
1246 2048 1349 2076 Milites
1361 2049 1521 2088 Imperiales
1531 2049 1656 2088 stigmate
1669 2050 1699 2078 in
1711 2061 1768 2079 nia-

971 2095 1008 2113 nu
1020 2086 1117 2125 signati
1129 2099 1135 2118 i
1158 2099 1238 2127 atque
1250 2087 1302 2116 hoc
1313 2089 1348 2116 D.
1362 2090 1457 2118 Paulus
1468 2090 1498 2118 in
1510 2090 1587 2128 epist.
1598 2091 1632 2119 ad
1641 2091 1749 2120 Galatas
1758 2113 1767 2124 ,

971 2136 996 2153 c.
1008 2133 1034 2155 ⁶.
1047 2128 1221 2157 intellexerat
1232 2151 1240 2162 ‚
1257 2130 1367 2167 quando
1375 2128 1498 2169 scripsit:
1521 2136 1533 2166 [
1547 2134 1607 2170 Ego
1618 2132 1693 2160 enim
1703 2132 1768 2170 stig-

970 2176 1042 2195 mata
1052 2169 1169 2197 Domini
1187 2169 1250 2208 Jesu
1260 2171 1289 2198 in
1298 2180 1413 2208 corpore
1424 2181 1507 2210 porto
1516 2193 1524 2204 ,
1536 2174 1548 2204 ]
1569 2182 1648 2210 quam
1666 2173 1768 2210 episto-

972 2207 1028 2236 lam
1037 2208 1070 2237 fic
1080 2220 1276 2239 commentatus
1286 2211 1324 2240 est
1335 2212 1372 2240 D.
1383 2211 1538 2246 Aust-imus,
1549 2213 1679 2252 inquiens
1691 2219 1701 2247 [
1712 2214 1766 2241 Sti-

969 2258 1060 2287 gmata
1071 2251 1234 2280 vocabantur
1243 2252 1317 2291 signa
1326 2253 1460 2290 quaedam,
1471 2264 1530 2292 quae
1542 2253 1572 2281 in
1583 2254 1703 2282 manibus
1713 2253 1766 2281 mi-

971 2289 1052 2318 litum
1061 2290 1162 2319 fiebant
1172 2314 1178 2324 ‚
1201 2303 1249 2331 per
1258 2303 1317 2331 quae
1329 2293 1594 2332 recognoscebantur
1605 2293 1655 2322 effe
1664 2294 1698 2322 de
1708 2294 1761 2322 mi-

972 2329 1032 2358 litia
1051 2333 1173 2361 Romani
1184 2334 1379 2372 Imperatoris:
1402 2336 1496 2364 Paulus
1514 2345 1581 2373 ergo
1599 2335 1653 2363 illis
1674 2335 1764 2364 verbis

968 2371 1113 2408 protestari
1122 2372 1150 2401 se
1162 2374 1251 2403 voluit
1264 2396 1272 2407 ‚
1291 2374 1366 2413 quod
1377 2375 1465 2404 fidelis
1474 2374 1537 2414 Jcsu
1545 2374 1636 2404 servus
1647 2397 1654 2408 ,
1673 2386 1702 2404 ac
1712 2377 1767 2404 mi-

969 2412 1007 2440 les
1021 2411 1083 2441 efl'et
1095 2434 1101 2441 .
1115 2415 1128 2447 ]
1151 2415 1207 2445 PR,
1225 2416 1377 2456 Gregorius
1395 2426 1462 2447 vero
1481 2419 1550 2456 Papa
1568 2416 1692 2446 decimus
1708 2417 1747 2486 :tiit
1759 2439 1769 2454 ‚

1657 2468 1711 2497 (¹110
