1866 2526
472 33 583 76 CA

122 93 293 124 Gratianum
313 92 479 122 Monachum
500 89 634 121 Bononiae
655 92 794 122 Lec'torem
806 89 912 121 ordinis

123 136 269 174 nigrorum
280 154 287 162 .
313 133 340 165 ll:
353 134 481 173 Legimus
490 132 626 172 quendam
637 133 812 162 cardinalem
825 133 915 162 nomi-

124 185 158 204 ne
168 175 346 204 laborantem
357 184 431 203 anno
456 185 463 202 ι
476 178 538 203 180.
549 172 651 201 summa
669 174 818 213 diligentia
835 183 913 202 cano-

123 226 170 244 nes
180 213 317 254 tollegifl'e
329 233 336 241 .
346 215 401 244 FR-
412 215 495 244 etiam
508 215 626 242 Ivonem
637 213 838 243 Car-notensem
850 216 902 252 Epi

119 254 231 294 scopum
249 255 283 284 de
301 264 372 283 anno
388 265 397 283 1
409 266 471 283 100.
489 253 555 282 teste
577 255 613 283 D.
625 256 754 284 Antonio
768 255 913 283 Florentiae

124 294 350 333 Archiepiscop0‚
361 295 499 324 decretum
511 293 638 332 scripsisse
651 295 758 324 dicitur:
771 296 835 323 vide
845 296 913 323 Gra-

119 336 188 365 tiani
199 337 282 364 vitam
294 336 322 363 in
334 336 473 374 principio
482 339 538 371 ejus
548 336 659 363 Decreti
670 334 832 365 allatam5sed
844 334 914 362 fabu-

123 376 206 405 lofam
227 376 336 415 quidem
356 377 387 405 in
409 386 484 414 parte
494 397 504 410 ,
528 385 664 414 prxcipue
684 377 727 404 ubi
749 385 869 403 narratur
877 385 908 403 ex

121 417 257 446 adulterio
269 425 360 444 natum
373 415 446 445 fnisse
458 427 464 446 ;
489 426 536 444 nec
548 417 585 444 ibi
596 415 657 444 satis
679 425 793 454 negatur
802 418 910 444 Petrum

120 457 299 487 Lombardum
312 479 319 489 ,
339 461 366 486 ὅ(
378 460 486 486 Petrum
496 457 685 485 comestorem
695 459 845 485 Germanos
857 458 912 490 ejus

122 497 196 527 fuisse
205 520 213 531 ‚
236 509 269 526 ex
281 509 314 527 eo
325 519 333 530 ‚
356 500 418 536 quia
428 507 530 536 primus
542 518 550 529 ,
561 506 660 535 nempe
670 517 678 529 ‚
697 497 731 525 de
740 506 811 524 :inno
829 507 835 524 1
849 507 910 524 ηο-

120 537 251 567 secundus
263 539 296 567 de
306 549 378 567 anno
394 550 400 566 ι
413 547 475 573 ¹40·
486 538 580 566 tertius
601 547 673 565 anno
698 548 705 564 i
718 543 779 565 160.
801 535 911 564 claruis-

121 578 182 608 sent
197 591 203 610 ;
227 589 287 607 nam
297 579 374 617 supra
386 579 505 607 vidimus
517 600 524 611 ,
548 578 665 616 primum
678 599 686 610 ‚
708 576 812 606 scilicet
822 599 830 610 ‚
840 579 907 604 Gra-

122 620 227 648 tianum
238 620 272 648 dc
281 631 353 648 anno
371 631 376 647 ι
391 626 422 647 16
430 629 453 647 1.
463 618 515 647 hoc
527 628 593 656 opus
604 616 757 646 terminass'e
769 640 775 650 ,
798 620 908 646 Petrum

123 660 301 690 Lornbardum
322 659 403 698 usque
413 659 444 687 ad
464 670 506 687 an.
524 670 531 686 ι
544 669 607 694 179.
628 658 722 686 vixisse
734 679 740 689 ,
761 658 907 686 secundnm

122 701 310 730 Baroniumin
318 700 373 728 hoc
382 709 454 728 anno
466 721 474 731 ,
498 710 525 727 n.
543 709 584 736 ¹3·
598 700 693 736 Itaque
701 698 750 726 hos
772 697 846 727 fuiss‘e
856 698 906 726 fra-

120 750 174 770 tres
183 741 279 769 melius
291 750 372 779 negat
382 741 478 768 Baron.
487 750 528 768 an.
546 750 553 767 ι
567 747 707 774 1⁶4.num.
721 741 828 774 52.Nec
837 740 906 767 Gra-

121 782 223 809 tianum
236 779 309 809 fuisse
319 791 352 808 ex
363 781 509 809 Germania
517 802 525 813 ,
547 789 576 808 ut
587 780 617 808 in
627 780 699 809 dicta
710 781 766 808 vita.
776 779 886 808 habetur
898 791 904 810 5

119 820 166 849 sed
186 832 218 850 ex
229 822 354 850 Civitate
363 821 440 850 Clufi
460 821 489 849 in
499 819 610 849 Tuscia:
635 821 698 849 vide
717 822 857 849 Latinium
877 820 905 847 in

120 864 178 897 ejus
197 862 324 891 correct.
343 862 376 890 ad
393 861 508 896 Xystum
526 862 586 890 Sen.
606 861 632 893 §.
653 861 799 890 Gratianus
812 874 818 889 :
841 859 906 888 falso

119 903 199 931 etiam
220 903 248 930 in
265 906 320 938 ejus
333 903 389 931 vita
398 901 565 931 Monachum
577 902 741 938 Cla-ffensem
752 912 812 930 eum
831 899 905 929 fuiss'e

120 942 242 971 afl'eritur
254 965 260 975 ,
272 943 371 972 nullibi
380 943 453 972 enim
465 942 518 971 hoc
528 943 672 981 religionis
684 952 784 971 nomen
792 943 903 981 legitur}

123 983 188 1011 ideo
197 983 377 1021 Caffinensem
396 984 588 1021 corrigendum
599 983 636 1011 est
647 994 654 1010 :
677 985 731 1018 ejus
753 993 840 1022 itaque
863 992 906 1019 pa-

121 1024 172 1050 tria
183 1043 190 1055 ‚
212 1027 239 1051 &-
258 1024 357 1061 religio
376 1022 506 1051 habentur
527 1022 647 1061 exprelle
666 1024 735 1061 apud
762 1024 905 1052 Baronium

122 1074 165 1091 an.
182 1073 189 1090 ι
201 1074 231 1098 15
243 1074 264 1091 1.
276 1073 350 1091 num.
362 1069 388 1091 6.
399 1064 443 1091 De
453 1063 594 1092 additione
603 1065 633 1092 in
642 1064 755 1092 Decreta
766 1064 825 1103 post
835 1066 904 1093 Gra-

121 1105 223 1132 tianum
234 1125 242 1136 ,
266 1104 330 1132 vide
339 1115 368 1132 in
377 1105 442 1132 dict.
454 1105 538 1132 Palea
549 1124 556 1131 .
579 1106 616 1138 nl:
629 1105 676 1133 O'o
693 1105 804 1133 eandem
825 1105 906 1133 ratio-

121 1154 184 1172 nem
194 1145 317 1173 officium
325 1144 461 1172 Divinum
474 1145 548 1172 horse
560 1145 696 1172 canonicae
709 1145 844 1173 dicuntur.
855 1145 906 1173 Vi-

121 1185 155 1213 de
168 1190 239 1214 Hora
252 1195 393 1212 cananaea.
404 1186 476 1212 Item
486 1185 588 1212 Canon
597 1185 700 1212 dicitur
709 1186 828 1223 regulata
836 1184 889 1223 psal
896 1203 903 1205 -

121 1225 184 1254 terii
193 1224 347 1253 distributio
356 1244 364 1251 .
388 1224 484 1258 [Cum
504 1224 629 1263 implebis
650 1223 803 1262 psslmodiae
824 1236 905 1253 cano-

119 1274 180 1294 nem
193 1265 320 1303 loqueris,
330 1274 428 1303 praeter
438 1274 570 1293 canonem
581 1275 648 1294 vero
658 1266 764 1293 tacebis.
776 1268 819 1303 Jo.
829 1264 894 1294 Mos
896 1284 903 1288 -

118 1304 184 1333 chus
195 1327 201 1337 ,
224 1315 281 1343 cap.
294 1316 340 1344 43.
352 1307 365 1336 ]
375 1306 431 1334 PR.
442 1306 570 1334 Canones
580 1306 627 1334 21i1
644 1306 774 1335 dicuntur
785 1311 904 1335 Genera-

118 1346 157 1374 les
169 1366 179 1382 ,
201 1346 246 1374 alii
262 1346 418 1384 Personales
428 1346 592 1375 :zliiLocales
604 1367 612 1379 ,
634 1347 680 1374 alii
699 1348 833 1384 Causales
844 1368 852 1379 ,
875 1353 903 1377 &

119 1387 166 1414 alii
176 1387 349 1424 Temporales
362 1408 369 1419 ,
389 1386 550 1415 vide-Gloss‘.
562 1387 592 1415 in
602 1397 657 1425 cap.
667 1387 815 1416 Canonum
827 1388 905 1416 statu-

120 1436 166 1460 ta,
187 1426 221 1455 de
229 1427 486 1456 Constitutionibus
495 1448 502 1454 .
526 1429 597 1456 Item
607 1428 710 1456 Canon
729 1430 852 1457 officium
862 1429 905 1457 di-

119 1469 216 1496 vinum
227 1478 308 1505 penes
320 1470 431 1496 Graecos
441 1468 575 1506 fignificat
584 1489 591 1495 .
605 1473 616 1503 [
627 1469 654 1496 Si
663 1478 723 1506 quis
743 1479 801 1496 non
811 1480 905 1498 occur-

118 1516 161 1534 rat
169 1507 252 1536 adelle
261 1510 378 1538 canoni÷
398 1510 429 1536 in
439 1508 549 1536 constit.
561 1510 586 1537 S.
599 1508 689 1537 Basilii
701 1510 796 1547 Magni
807 1529 814 1536 .
824 1512 836 1540 ]
848 1513 905 1539 Re-

119 1547 194 1586 liqus
205 1569 212 1580 ‚
235 1557 298 1586 quae
309 1559 342 1577 ex
353 1549 497 1587 Originali
509 1548 607 1578 desunt
617 1570 624 1581 ,
647 1548 782 1577 habemur
790 1550 820 1578 in
838 1551 903 1580 diet.

118 1593 193 1616 Hora
204 1591 348 1617 canonica
362 1608 369 1615 .

116 1628 227 1657 Cnnon
245 1629 341 1658 Kana-2
361 1628 389 1657 id
410 1629 448 1657 est
470 1631 566 1667 regula
584 1650 591 1658 .
622 1631 735 1660 Novem
761 1631 883 1666 Symboli
894 1654 903 1665 ,

118 1669 194 1706 quod
203 1667 270 1697 esset
281 1669 346 1697 fidei
358 1670 452 1708 regula
460 1692 468 1703 ,
488 1671 521 1698 ad
531 1681 611 1709 quarn
620 1672 794 1700 ortodoxiam
805 1677 832 1702 ὃ(
846 1673 903 1702 hae-

118 1709 189 1738 relin
199 1711 385 1738 examinabant
397 1733 405 1743 ‚
417 1713 444 1739 δ(
455 1711 636 1746 dijudiczbmt
645 1732 652 1739 .
663 1712 746 1750 Epist.
755 1714 782 1741 C
784 1724 848 1742 onc.
857 1724 904 1743 an-

119 1749 206 1778 tioch.
215 1760 257 1789 ap.
267 1749 360 1779 Euseb.
375 1751 391 1778 l.
406 1762 432 1783 7.
442 1761 498 1789 cap.
511 1762 557 1789 30.
576 1753 642 1780 item
663 1762 764 1781 nomen
775 1755 904 1794 Catalogi

117 1790 292 1819 Clericorum
303 1794 318 1818 .“
328 1792 491 1820 Concilium
501 1794 576 1820 enim
596 1793 716 1821 antioch.
725 1794 796 1822 Can.
806 1797 830 1824 Ι.
853 1807 903 1824 vo-

119 1839 161 1858 cat
182 1829 258 1868 a’iymv
266 1843 359 1862 κανονα
371 1853 378 1865 ,
400 1832 429 1860 id
441 1834 478 1860 el't
489 1835 617 1861 §andam
629 1835 814 1863 Matriculam
825 1856 832 1863 .
844 1838 903 1865 Hu-

119 1880 160 1906 JuS
169 1871 292 1900 vocabuli
303 1871 466 1910 significatio
478 1873 657 1902 multiformis
666 1884 750 1912 prout
768 1877 808 1904 rei
824 1878 900 1906 indo.

120 1912 158 1940 les
167 1932 176 1944 ,
197 1913 240 1940 cui
259 1913 407 1950 apponitur
424 1915 553 1952 requirit.

74 1951 186 1981 canos
198 1953 327 1981 Missus
335 1973 343 1981 .
354 1954 426 1982 Vide
435 1955 546 1992 Alapta.
561 1959 708 1985 Domimca
716 1958 884 1988 Orthodoxia
895 1979 902 1986 .

77 1992 189 2022 Canon
219 1994 318 2022 Musae
328 2014 338 2026 ,
359 1993 399 2022 ita
426 1996 576 2033 appellatur
594 1995 696 2025 secreta
711 2000 800 2026 oratio
810 2020 818 2031 ,
841 2009 900 2038 quae

120 2044 152 2061 m
161 2031 237 2061 Miss'a
246 2033 345 2071 incipit
355 2043 370 2061 a
378 2038 418 2063 Te
425 2037 512 2072 igitur
522 2057 530 2064 .
540 2038 640 2065 Canon
649 2038 752 2066 dicitur
761 2061 768 2072 ‚
792 2040 854 2078 quia
862 2040 900 2070 est

118 2074 213 2113 regula
223 2072 437 2104 consecrationis
447 2086 455 2106 5
477 2077 540 2105 ideo
558 2079 663 2115 Regula
682 2076 700 2106 a*
712 2079 750 2107 D.
761 2080 903 2109 Ambrofio

120 2124 231 2143 vocatur
243 2135 250 2146 ,
273 2114 302 2142 ab
312 2115 595 2153 OPtatoLegitimum
607 2140 615 2151 ‚
632 2129 646 2146 a
659 2120 765 2157 Vigilio
773 2122 842 2159 Papa
851 2126 902 2149 Or-

119 2156 270 2192 doprecum
281 2176 290 2187 ,
312 2166 325 2183 a
335 2154 371 2183 D.
392 2156 490 2185 B.-lilio
507 2162 646 2187 Secretum
658 2180 667 2192 ,
688 2160 746 2187 aD.
764 2161 902 2197 Dionysio

119 2197 219 2226 „mm
242 2204 304 2224 nam
316 2195 437 2230 [Canon
447 2197 537 2226 eadem
554 2201 624 2227 actio
639 2201 817 2234 nominatur,
839 2202 901 2240 quia

117 2245 150 2263 in
158 2244 188 2263 ea
194 2235 232 2264 est
242 2236 369 2275 legitima
379 2257 386 2269 ‚
409 2240 437 2265 ὅ(
448 2239 577 2276 regularis
585 2240 816 2270 Sacramentorum
835 2254 900 2271 con-

117 2275 209 2319 fectio.
220 2276 306 2304 Valaf.
317 2286 373 2315 cap.
383 2287 431 2315 23.
443 2280 455 2309 ]
465 2280 608 2317 Propterea
615 2283 751 2310 orationes
761 2283 828 2315 ὼε,
839 2293 898 2323 quae

115 2325 257 2354 incipiunt
268 2320 511 2347 Comuntur-antes
521 2341 530 2352 ‚
552 2321 588 2353 ὁ»
595 2326 755 2351 memoriam
764 2334 901 2353 veneran-

117 2365 159 2388 ιη
172 2356 230 2390 &a
242 2366 307 2387 aare
316 2355 548 2391 consecrationem
558 2361 652 2400 pofitae
662 2384 671 2397 ,
685 2364 814 2396 dicuntur
821 2364 901 2406 Infra

1293 33 1332 76 C
1361 35 1401 76 A
1634 48 1706 89 14¹

971 94 1088 121 ustiones
1100 113 1109 126 ‚
1131 92 1193 132 quia
1202 91 1272 121 infra
1281 101 1414 121 canonem
1425 92 1571 120 recitantur
1582 114 1589 125 ,
1600 103 1633 121 ex
1645 103 1700 132 quo
1710 102 1758 120 vo-

972 133 1067 161 cabulo
1075 133 1219 171 colligitur
1228 134 1297 162 hanc
1308 133 1492 171 precationem
1512 131 1586 160 suissi·
1604 143 1618 160 a
1627 142 1758 170 tempori-

969 173 1015 201 bus
1036 173 1167 209 Dionylii
1186 176 1290 212 Areop.
1300 174 1347 212 qui
1368 183 1502 201 canonem
1520 171 1594 200 hunc
1613 176 1758 202 Ac‘lionem

968 213 1201 252 appellabat-Vide
1212 217 1293 243 Ac'ho
1302 213 1757 250 Maffi.Communicantes.Quam-

971 256 1013 281 vis
1031 254 1115 293 aliqui
1138 265 1233 292 putent
1244 253 1322 290 hujus
1331 255 1442 282 canonis
1454 254 1602 282 AuRm'em
1613 253 1757 292 quemdem

969 295 1080 323 nomine
1090 293 1284 323 Scholasticum
1294 294 1373 323 fuisse
1386 317 1393 326 ,
1403 304 1462 333 qux
1473 295 1572 332 opinio
1584 294 1613 322 in
1622 293 1752 332 epist-63.

969 335 1014 363 hb.
1025 346 1052 368 7.
1064 335 1101 363 D.
1111 336 1242 374 Gregorii
1253 335 1382 364 fundatur
1393 356 1400 367 ‚
1422 335 1465 363 ubi
1485 345 1576 373 preces
1596 333 1753 363 scholastici

966 374 1045 414 super
1053 376 1142 404 oblata
1152 376 1279 405 dicendas
1297 375 1351 404 esse
1371 383 1466 404 monet
1478 386 1486 406 ς
1508 374 1554 404 sed
1573 375 1607 404 de
1627 374 1756 414 portione

968 415 1015 444 illa
1025 417 1149 445 Canonis
1159 417 1327 456 intelligitur
1339 438 1346 449 ,
1370 427 1429 455 quae
1447 415 1526 454 super
1542 417 1629 444 oblata
1648 414 1753 454 proser-

967 465 1029 489 tur,
1052 457 1203 496 incipiente
1214 463 1265 486 Per
1282 468 1363 496 quem
1381 458 1433 486 hac
1443 460 1537 485 omnia
1546 459 1662 484 Domine
1680 456 1751 484 bona.

966 507 1040 525 creas
1052 497 1110 530 &a
1121 499 1192 527 Nam
1214 508 1305 526 revera
1318 496 1406 526 Missae
1425 508 1515 526 canon
1533 495 1750 535 antiquislimum

966 537 1119 566 institutum
1130 537 1207 567 fuisse
1216 539 1320 566 constat
1332 549 1339 569 5
1365 539 1486 577 Vigilius
1496 547 1571 567 enim
1590 539 1658 576 Papa
1669 559 1677 570 ,
1701 536 1749 574 qui

965 580 1103 616 Gregorio
1121 580 1143 606 1.
1164 579 1195 607 in
1214 579 1378 607 Pontifimtu
1403 577 1574 617 praecesserat
1584 600 1592 611 ,
1615 586 1747 606 canonem

966 617 1056 646 Missa:
1077 629 1111 646 ex
1131 619 1279 648 traditione
1298 619 1457 657 Apostolica
1473 629 1610 657 acceptare
1630 618 1728 647 fatetur
1739 637 1746 644 .

963 659 1041 686 Idem
1053 659 1168 687 affirmat
1180 661 1361 688 Innocentius
1379 661 1436 688 ΙΙΙ.
1447 659 1665 698 Archiepiscopo
1673 659 1747 696 Lug-

962 698 1075 726 dunenli
1094 698 1212 728 scribens
1222 722 1230 732 ,
1251 711 1307 738 cap.
1316 710 1377 728 cum
1395 700 1509 729 Marthae
1524 722 1530 731 .
1553 701 1587 729 de
1605 699 1744 728 celebrat.

962 737 1102 767 Missurum
1113 759 1120 767 .
1142 741 1211 769 Ideo
1222 741 1302 768 multi
1311 741 1460 779 opinantur
1471 742 1494 770 S.
1504 741 1681 770 Clementem
1701 749 1746 767 ca.-

961 789 1065 807 nonem
1084 779 1157 809 hunc
1175 779 1312 809 ordinasse
1323 802 1331 813 ‚
1353 782 1417 809 licet
1426 781 1526 810 deinde
1542 780 1689 810 succeffive
1697 778 1748 808 ali·

963 820 1029 858 quid
1039 820 1113 849 aliud
1123 821 1252 857 addidere
1261 821 1408 850 Pontifices
1417 843 1424 849 .
1447 823 1547 860 Neque
1563 822 1632 850 illud
1643 830 1745 849 nomen

961 860 1118 890 Scholastici
1128 863 1166 890 est
1176 863 1316 900 proprium
1336 863 1389 890 viri
1405 884 1411 894 ,
1432 861 1479 890 sed
1497 860 1671 900 profeffionis
1682 883 1691 894 ,
1713 864 1742 888 δε

960 902 1127 930 Dostorarus
1139 924 1146 935 ,
1158 903 1314 936 Advocati,
1325 901 1369 930 seu
1381 902 1527 931 Assessoris
1538 924 1546 934 ,
1555 903 1628 931 unde
1638 904 1675 932 D.
1687 904 1745 930 Au-

959 942 1028 980 gust.
1036 943 1083 971 lib.
1095 943 1128 971 de
1137 942 1304 972 catechizari.
1315 944 1374 972 rud.
1387 943 1501 978 [Sedulo
1509 944 1673 972 admonendi
1681 941 1744 970 sunt

962 981 1118 1012 Scholaffici
1130 986 1142 1015 ]
1154 984 1258 1012 dixerat
1269 1004 1276 1011 .
1300 984 1342 1013 Sic
1351 985 1433 1013 etiam
1444 984 1517 1012 idem
1525 985 1675 1023 Gregorius
1699 993 1747 1011 va-

960 1024 1011 1051 rias
1020 1023 1144 1062 epistolas
1153 1024 1238 1052 Piulo
1245 1023 1408 1053 Scholastico
1418 1046 1425 1056 ‚
1449 1025 1547 1053 Marcel
1552 1026 1579 1052 lo
1599 1024 1742 1053 Scholasti-

959 1074 992 1091 co
1001 1085 1009 1096 ‚
1032 1065 1151 1092 Martino
1161 1064 1326 1093 Scholallico
1337 1086 1345 1097 ‚
1364 1069 1391 1093 ὃ(
1403 1065 1531 1093 limilibus
1539 1064 1632 1093 scribit
1641 1085 1649 1092 .
1668 1064 1745 1094 Inci—

960 1105 1002 1142 pit
1020 1114 1110 1132 autem
1130 1115 1217 1133 canon
1235 1116 1249 1133 a
1259 1110 1296 1133 Ie
1312 1108 1400 1142 igitur
1409 1106 1619 1144 Clemennffime
1638 1111 1724 1134 Pater
1733 1126 1742 1138 ,

959 1154 1017 1182 quae
1030 1143 1091 1172 sunt
1104 1145 1182 1173 verba
1189 1144 1386 1183 consequutiva
1395 1145 1583 1174 Praefationis:
1603 1156 1664 1174 nam
1676 1146 1741 1174 licut

960 1190 1013 1212 Per
1023 1186 1163 1221 Christum
1173 1188 1327 1213 Dominum
1348 1187 1467 1222 nostrum
1477 1186 1610 1214 Divinam
1620 1186 1742 1223 Majesta-

958 1235 1014 1253 tem
1024 1226 1132 1253 laudaut
1144 1226 1269 1264 Angeli(
1280 1235 1309 1253 ut
1323 1225 1450 1254 Praefatio
1469 1226 1552 1255 refert
1569 1228 1630 1258 >ita
1648 1230 1741 1265 Igitur

960 1276 1012 1304 per
1022 1266 1138 1294 eundem
1156 1276 1205 1294 nos
1215 1265 1466 1295 Clementislimum
1483 1268 1589 1295 Patrem
1605 1266 1740 1306 supplica-

958 1317 1015 1334 mus
1027 1328 1033 1334 .
1057 1310 1150 1345 Atque
1161 1310 1193 1335 T.
1204 1307 1317 1345 primam
1337 1308 1449 1336 canonis
1465 1308 1585 1336 litteram
1595 1329 1602 1340 ,
1622 1309 1743 1337 Crucem

959 1346 1168 1385 repraesentare,
1192 1348 1371 1376 Innocentius
1381 1349 1439 1376 111.
1447 1349 1486 1377 ait
1497 1369 1505 1376 .
1527 1349 1595 1377 Sunt
1611 1358 1678 1377 vero
1694 1348 1741 1385 sy-

960 1398 1082 1423 nonyma
1094 1388 1173 1416 verba
1183 1388 1244 1416 illa:
1270 1394 1331 1417 Hac
1348 1392 1421 1416 dona
1432 1410 1440 1421 ,
1461 1389 1514 1417 hac
1532 1400 1665 1422 munera,
1688 1390 1740 1419 hac

953 1430 1054 1465 sanila
1064 1429 1221 1465 Sacrzficia,
1245 1427 1290 1456 seu
1300 1438 1330 1457 ut
1338 1427 1422 1457 senfit
1432 1430 1574 1458 Honorius
1591 1435 1653 1458 Hac
1671 1431 1743 1459 dorm

958 1469 1074 1497 refertur
1084 1469 1118 1497 ad
1127 1479 1222 1507 panem
1241 1468 1452 1498 consecrandum
1462 1491 1469 1503 ,
1493 1475 1554 1498 Hac
1574 1480 1690 1498 munera
1708 1471 1742 1499 ad

959 1511 1055 1538 vinum
1067 1532 1073 1542 ,
1098 1511 1263 1547 Hacsanffa
1273 1511 1414 1547 Sacruficia
1431 1511 1463 1539 ad
1483 1520 1628 1549 utrumque
1644 1510 1740 1538 fimul.

958 1552 1031 1579 Item
1042 1551 1089 1579 alii
1099 1551 1257 1588 explicant,
1280 1552 1354 1589 quod
1370 1556 1432 1579 Hac
1450 1552 1521 1579 dona
1538 1551 1743 1587 referunturad

959 1601 1056 1629 panem
1066 1613 1074 1624 ‚
1097 1595 1125 1620 Sc
1135 1592 1230 1620 vinum
1241 1612 1249 1624 ‚
1271 1601 1401 1630 quatenus
1413 1592 1488 1620 nobis
1497 1603 1510 1619 a
1520 1592 1582 1620 Deo
1599 1590 1723 1620 concessa
1733 1613 1744 1626 ,

959 1637 1021 1660 Hac
1032 1643 1150 1660 munera
1159 1654 1166 1664 ,
1186 1642 1314 1670 quatenus
1324 1634 1357 1660 de
1369 1631 1471 1660 eisdem
1480 1632 1561 1660 donis
1571 1654 1578 1664 ‚
1589 1642 1617 1660 ac
1628 1632 1694 1660 datis
1703 1634 1744 1661 ei-

958 1673 1021 1701 dem
1037 1673 1162 1711 largitori
1180 1671 1332 1706 offerimus,
1354 1674 1391 1701 m
1401 1675 1517 1710 Rupert.
1535 1673 1568 1701 de
1585 1672 1678 1701 divin.
1696 1672 1745 1702 off.

959 1713 1005 1742 lib.
1028 1725 1054 1742 2..
1074 1723 1133 1751 cap.
1153 1719 1179 1741 6.
1201 1715 1274 1742 Nam
1283 1735 1291 1746 ,
1314 1723 1343 1741 ut
1351 1715 1389 1742 ait
1409 1715 1494 1752 Hugo
1511 1713 1666 1742 Cardinalis
1676 1735 1685 1746 ‚
1707 1714 1743 1743 de

959 1752 1113 1783 Ecclefioff.
1127 1754 1171 1781 lib.
1182 1764 1275 1791 7.cap.
1296 1765 1343 1790 29.
1365 1760 1377 1790 [
1394 1754 1506 1782 Donum
1517 1756 1590 1782 enim
1603 1776 1610 1787 ,
1631 1755 1705 1793 quod
1726 1765 1740 1783 a

960 1796 1097 1833 Superiori
1107 1794 1183 1822 datur
1195 1806 1203 1825 5
1226 1804 1322 1823 munus
1331 1817 1340 1828 ‚
1363 1795 1437 1833 qnod
1452 1795 1484 1823 ab
1502 1794 1641 1823 inferiori.
1663 1797 1676 1826 ]
1687 1795 1740 1823 Di-

958 1836 1014 1863 ἂιο
1022 1836 1139 1864 Illabata
1157 1835 1191 1863 ad
1200 1845 1340 1874 utramque
1351 1836 1488 1864 materiam
1508 1835 1626 1864 refertur
1638 1857 1645 1868 ,
1665 1836 1741 1874 quod

958 1876 1126 1904 immaculata
1134 1875 1283 1914 fignificat:
1307 1877 1394 1905 verbis
1404 1886 1468 1905 vero
1477 1881 1530 1904 Pro
1551 1876 1671 1915 Ecclesia
1691 1886 1744 1906 tua

954 1918 1054 1954 sanc'ta
1065 1938 1073 1949 ,
1086 1915 1209 1945 Africani
1217 1917 1347 1946 addebmt
1356 1939 1364 1950 ‚
1376 1928 1430 1955 qua
1443 1918 1478 1953 est
1486 1927 1555 1950 una,
1564 1926 1594 1945 ut
1604 1928 1637 1946 ex
1648 1917 1741 1956 Opta-

961 1966 991 1985 to
1000 1957 1166 1986 Milevitano
1177 1979 1186 1990 ,
1196 1958 1242 1985 lib.
1255 1969 1280 1986 ε..
1289 1958 1432 1996 colligitur
1441 1978 1448 1990 ‚
1458 1957 1503 1986 ubi
1514 1957 1560 1986 ait:
1574 1962 1586 1993 [
1597 1959 1669 1987 Nam
1678 1959 1740 1997 quis

959 1998 1066 2026 dubitet
1079 2008 1128 2026 vos
1136 1998 1206 2026 illud
1217 1999 1368 2037 legitimiun
1377 1998 1407 2026 in
1417 1998 1646 2027 sacramentorum
1655 1999 1741 2028 mini-

959 2039 1041 2067 sterio
1051 2039 1191 2076 praeterire
1200 2049 1257 2067 non
1278 2038 1373 2077 posse?
1394 2037 1504 2068 Offerre
1514 2049 1563 2068 vos
1583 2040 1677 2068 dicitis
1687 2049 1740 2078 pro

958 2080 1073 2108 Ecclelia
1082 2101 1090 2112 ,
1102 2090 1161 2118 quae
1174 2080 1211 2108 est
1222 2090 1273 2107 una
1283 2100 1290 2107 .
1300 2080 1362 2108 Hoc
1372 2078 1460 2118 ipsum
1467 2080 1602 2109 mendacii
1611 2081 1649 2109 est
1659 2090 1719 2119 pars
1729 2102 1740 2115 ,

961 2130 1042 2148 unam
1052 2130 1079 2148 te
1090 2130 1188 2148 vocare
1197 2142 1204 2152 ‚
1215 2120 1249 2148 de
1259 2130 1310 2158 qua
1320 2119 1415 2149 feceris
1422 2121 1486 2149 duas
1493 2140 1501 2148 .
1513 2123 1526 2152 ]
1538 2122 1648 2150 Mentio
1657 2143 1665 2154 ,
1675 2131 1737 2158 quae

959 2161 992 2189 de
1003 2160 1138 2190 Pontifice
1147 2163 1275 2189 Romano
1283 2160 1314 2189 fit
1324 2162 1354 2189 in
1364 2172 1467 2190 canone
1475 2183 1484 2195 ‚
1506 2162 1545 2190 est
1553 2161 1738 2201 antiquiffima

958 2200 1126 2231 consuetudo
1136 2225 1143 2235 ,
1166 2211 1228 2229 mm
1246 2201 1330 2229 inlib.
1344 2206 1367 2230 8.
1376 2203 1605 2232 constitutionum
1615 2203 1736 2241 Aposto—

956 2243 1069 2272 licarum
1081 2264 1088 2276 ,
1111 2252 1169 2281 quae
1183 2242 1207 2270 S.
1219 2242 1374 2270 Clementis
1383 2245 1460 2282 Papae
1479 2244 1664 2272 communiter
1673 2253 1739 2271 cen-

958 2282 1049 2312 sentur
1059 2304 1068 2316 ,
1090 2293 1146 2321 cap.
1161 2293 1169 2310 ι
1179 2287 1204 2310 8.
1213 2281 1286 2311 hunc
1298 2283 1381 2312 ritum
1389 2283 1525 2313 observari
1534 2283 1680 2312 ordinatur
1689 2304 1698 2316 ‚
1708 2293 1736 2311 ac

957 2323 1073 2362 ipsomet
1081 2324 1229 2353 Clemente
1238 2324 1390 2353 celebrante
1398 2347 1406 2358 ,
1426 2325 1516 2355 dicere
1525 2323 1626 2352 solebat
1635 2335 1643 2355 3
1657 2329 1669 2358 [
1679 2324 1741 2364 Aci-

955 2363 1008 2395 huc
1018 2363 1182 2396 obsecramus
1190 2374 1218 2395 te
1226 2374 1280 2405 pro
1287 2374 1331 2394 me
1339 2386 1348 2400 ,
1369 2366 1417 2406 qui
1426 2365 1498 2395 nihil
1508 2364 1565 2394 sum
1576 2384 1584 2391 ·
1606 2366 1619 2396 ]
1641 2363 1737 2394 Hodie

1660 2413 1701 2434 ta·
