1866 2526
441 16 548 62 ΖΕ

83 77 324 110 sumostendmtfl
345 73 432 110 &lib-
455 76 622 115 i.dac:id..3.
644 75 892 114 menstratum}
909 113 917 122 ι

84 123 193 161 hocque
210 118 420 149 instrumentum
430 117 585 148 describens
596 139 604 151 ‚
623 118 700 147 addit
711 139 720 151 ‚
742 117 881 155 quodejus

83 171 208 201 tempore
223 158 306 188 austu:
327 158 436 188 suiss'ent
456 159 615 196 hujusmodi
635 158 786 188 bombardae
796 156 879 196 usque

80 203 116 233 ad
132 202 187 232 LX.
207 200 287 229 libras
299 220 307 232 ,
329 202 357 228 ὁ(
376 200 423 228 lib.
446 211 455 228 ι
467 211 491 229 ι.
513 199 635 236 ejusdem
656 199 748 228 decad.
758 209 790 242 3‘.
807 197 878 226 hanc

80 241 273 273 inventionem
283 250 429 279 exaggerat
441 262 448 274 ‚
469 251 498 269 :ic
507 241 619 270 tandem
629 239 723 269 decad.
734 238 819 274 4-11b·
834 249 844 267 1
855 249 877 266 i.

78 283 181 316 refert,
201 279 276 321 quod
303 281 486 310 bombardulae
512 281 673 320 ponariles,
696 280 752 324 sive
768 289 876 324 mfinuii-

73 325 114 352 les
124 344 133 356 ‚
155 328 243 362 (quas
255 322 340 359 vulgo
356 323 510 360 Archibngi
520 325 646 354 vocant)
668 331 754 360 prima
771 330 833 349 vice
845 329 874 348 in

75 364 198 393 exercitu
209 362 420 391 Mediolanenfis
431 362 518 391 Ducis
526 362 637 392 Sfortiae
650 361 716 390 visae
726 362 781 390 lint
792 381 799 388 .
821 362 875 389 Ve-

74 414 230 434 rumtamen
241 405 384 436 petrarca,
406 402 648 441 qui(testimonio
666 400 792 430 Matthaei
810 401 873 444 Pel-

73 446 155 474 metii
176 446 205 473 in
223 447 278 478 ejus
297 442 461 476 Chronol.)
482 444 587 472 obierat
605 443 640 472 de
658 453 732 471 anno
746 451 871 479 1374.1n

73 488 122 515 lib.
141 486 176 515 de
193 484 322 513 remediis
333 483 472 523 utriusque
493 484 610 513 sortunae
621 505 629 517 ,
651 483 715 512 dial.
725 493 776 519 99.
793 490 870 526 meii-

74 528 184 555 tionem
204 524 268 554 facit
287 525 324 553 de
339 524 383 553 his
403 522 509 553 bellicis
526 524 715 554 instrumentis
726 544 732 550 .
756 524 829 551 Item
839 532 869 550 in

71 566 136 595 hist.
146 566 246 606 gestor.
270 564 407 603 Alphonsi
417 565 467 593 x1.
487 565 574 604 Regis
582 564 709 594 Castellae
720 563 794 607 iflein
807 573 867 591 nar-

71 617 113 636 rat
125 629 133 640 ‚
155 616 274 645 nempe,
294 608 436 645 Agin-enos
455 605 489 634 de
509 615 584 634 anno
607 615 700 649 1343.⁴
708 604 751 632 liis
768 603 869 632 instru—

72 648 174 677 mentis
191 647 224 676 :id
244 646 359 675 formam
367 645 538 674 doiiolorum
556 645 617 674 ηὼς
635 645 726 676 suisse5
751 654 868 689 quorum

73 688 161 717 forms
181 697 264 716 unum
283 686 315 715 in
333 685 430 714 Melita
445 686 479 714 :id
507 687 611 715 moenia
629 686 740 715 Veteris
758 686 868 730 Civita-

69 729 106 758 tis
120 749 128 763 ‚
147 738 208 767 quae
224 725 364 756 Notabilis
373 726 546 764 appellatur,
565 725 661 756 vidifl‘e
669 726 803 770 meminnil,
816 730 868 755 ler-

68 778 144 798 reum
154 789 163 801 ‚
184 767 289 796 scilicet
300 788 308 799 ,
329 767 364 795 ad
380 767 494 796 formam
504 767 622 806 oblongi
641 767 712 796 dolii
733 776 812 795 circis
824 776 864 795 et-

66 809 121 838 iam
139 807 234 837 ferreis
249 808 369 836 cinctum
380 827 388 836 .
410 807 490 836 Idem
501 808 584 837 etiam
604 808 639 836 de
660 808 735 837 rebus
744 807 866 844 ejusdem

65 848 204 888 Alphonfi
225 849 254 877 in
263 847 443 887 expeditione
463 848 563 878 Leonis
572 848 700 878 Castellae
720 848 804 877 refert
815 851 864 878 Pe-

65 899 123 918 trus
144 890 305 919 Sublacenfis
329 887 478 927 Episcopus
490 911 497 917 .
521 891 615 928 Pegna
626 890 738 918 tandem
750 889 780 933 in
790 890 863 934 Hill-

62 930 185 958 Familiae
205 930 507 960 Estenlisinventorem
518 929 582 958 facit
604 932 713 959 Petrum
725 930 788 959 Libs
803 929 865 968 phi-

62 969 231 1008 losophum,
255 975 282 999 δε
303 970 470 1004 chimicum,
499 971 536 1000 de
551 981 624 1000 anno
644 980 744 1009 nempe
778 978 863 1014 1399.

61 1011 192 1040 Probatur
220 1011 353 1043 ulterius,
380 1012 455 1050 quod
471 1010 602 1049 praedich
624 1011 756 1040 inventio
775 1010 863 1056 fuillet

59 1051 130 1080 circa
150 1052 245 1081 eadem
263 1062 387 1091 tempora
399 1072 408 1084 ‚
430 1052 465 1080 de
484 1052 580 1091 quibus
601 1053 734 1082 Austores
753 1052 861 1097 *praedi-

59 1091 95 1119 ξεί
108 1114 116 1125 ,
139 1096 165 1122 &
178 1103 235 1122 non
245 1102 323 1121 antea
335 1113 343 1125 ,
363 1092 429 1120 ficut
447 1094 588 1124 Petrarca,
610 1097 639 1122 δε
649 1094 790 1122 Valturius
799 1103 860 1131 opi-

59 1133 119 1160 nati
138 1132 219 1166 sunt,
242 1133 304 1172 quia
322 1132 459 1172 AEgidius
480 1134 639 1166 Columna,
663 1133 710 1171 qui
733 1141 860 1171 tempore

57 1172 182 1213 Philippi
194 1174 285 1204 Pulcri
297 1174 451 1203 Galliarum
462 1174 548 1213 Regis
557 1174 665 1203 Parisiis
674 1173 860 1213 Theologiam

58 1214 192 1247 docebat,
215 1215 245 1243 in
263 1215 379 1243 trastatu
397 1216 455 1249 ejus
471 1213 505 1242 dc
525 1215 661 1254 regimine
678 1215 837 1253 Principum
848 1236 856 1248 ,

56 1255 105 1284 lib.
116 1265 143 1292 3.
154 1264 261 1294 part-3.
272 1265 329 1293 cap.
345 1259 388 1283 18.
411 1254 446 1282 de
466 1255 548 1283 variis
566 1255 671 1284 beliicis
690 1255 856 1286 instrumen-

55 1295 91 1324 tis
108 1305 190 1334 agens
202 1316 210 1328 ‚
232 1295 337 1324 nullam
347 1295 382 1324 de
389 1294 559 1329 bombardiffi
580 1296 626 1324 vel
637 1296 767 1325 similibus
779 1307 856 1326 men-

53 1336 162 1364 tionem
194 1335 280 1369 facit,
307 1335 355 1375 qui
381 1344 474 1364 tamen
495 1337 557 1366 Rex
574 1335 719 1375 Philippus
740 1347 856 1376 regnare

53 1386 176 1414 coeperat
195 1376 230 1405 de
247 1386 312 1404 ann.
336 1381 421 1411 1285.

16 1417 112 1446 ZAsus
125 1437 132 1444 .
157 1419 215 1446 FR-
235 1416 328 1454 Jesus:
353 1417 418 1451 [Sic
436 1425 480 1444 me
498 1417 574 1446 Deus
590 1417 720 1452 adjuvet,
743 1418 854 1447 &Zasu

53 1456 222 1494 patrocinia.
244 1455 384 1485 Pithoaeus
400 1457 432 1484 in
448 1458 537 1485 annal.
557 1458 720 1487 Francorum
731 1461 764 1491 .]
786 1460 853 1489 Un-

53 1497 88 1525 de
106 1497 172 1525 Itali
194 1506 303 1535 quoque
321 1495 405 1525 Giestc
423 1496 539 1525 dicunt.

14 1537 74 1567 711³
85 1557 93 1565 .
117 1538 175 1566 FR.
187 1535 312 1565 hebraice
332 1538 427 1575 lupum
438 1537 588 1576 significat.
609 1539 645 1567 D.
660 1541 705 1568 Au
725 1559 733 1567 .
744 1539 774 1569 in
785 1540 851 1579 psal.

55 1583 101 1607 82.
121 1578 166 1606 ubi
186 1577 315 1606 habetir:
343 1579 441 1614 [Pone
450 1579 594 1617 Prmcipes
609 1589 705 1608 eorurn
723 1580 789 1610 ficut
807 1583 851 1611 0—

51 1619 116 1651 xeb,
139 1622 168 1648 δε
183 1619 242 1647 Zeb
254 1641 262 1651 ,
283 1618 433 1654 &Zebee,
453 1622 482 1648 δε
499 1619 640 1649 Salmana.
652 1624 666 1653 ]
689 1621 733 1650 Sic
747 1622 774 1650 S.
789 1622 849 1651 Do-

51 1659 112 1687 ἂοι-
131 1658 346 1698 interpretatur:
372 1659 489 1694 [Oreb‚
511 1659 632 1694 ficcitas,
651 1663 729 1695 Zeb,
751 1663 848 1701 lupuS,

49 1699 140 1728 Zebee
151 1720 161 1733 ,
172 1700 284 1728 vistima
293 1704 346 1729 &c.
357 1699 477 1728 Salmam
487 1721 496 1733 ‚
507 1701 598 1729 umbra
606 1703 804 1733 commotionis
813 1724 820 1732 .
834 1706 846 1736 ]

49 1739 141 1768 Etiam
158 1742 259 1770 Arabes
278 1742 349 1770 Tzib
367 1741 461 1779 lupum
483 1751 602 1772 vocant.

4 1778 104 1808 ΖεΒεε
116 1800 123 1807 .
147 1781 221 1810 Vide
239 1783 296 1811 Zeb
306 1802 313 1810 .

6 1819 168 1848 ZuAiziiis
180 1843 189 1854 ,
210 1820 330 1860 suspicax
342 1842 348 1849 .
372 1821 596 1860 [Multiplicatio
614 1834 708 1854 eorum
722 1825 847 1854 zelabilis

47 1859 114 1888 facia
125 1861 223 1890 eratin
235 1863 321 1891 oculis
333 1863 542 1901 AEgyptiorum
553 1884 560 1891 .
571 1863 718 1900 Chrysost.
728 1865 804 1895 hom.
821 1878 845 1895 i.

47 1900 77 1928 ‘in
93 1911 152 1939 cap.
166 1912 188 1929 r.
201 1902 328 1935 Matth]
352 1904 395 1931 ubi
415 1904 538 1942 loquitur
558 1905 592 1934 de
611 1906 717 1944 Populo
736 1906 844 1936 Israeli-

46 1942 122 1974 rico,
145 1942 192 1980 qui
210 1941 258 1972 sub
273 1946 340 1983 jugo
358 1944 522 1983 AEgypno,
546 1956 661 1984 propter
679 1947 764 1985 prolis
775 1950 844 1977 mul-

47 1981 270 2019 tiplicationem,
290 1983 413 2023 suspicax
432 1986 467 2015 de
485 1987 574 2026 aliqua
599 1987 751 2016 rebellione
772 1990 843 2028 apud

44 2022 204 2061 AEgyPtios
224 2025 355 2054 extiterat
366 2045 374 2052 .

5 2063 166 2092 Zamam
177 2084 184 2092 .
210 2066 266 2096 PR.
278 2066 370 2095 Insula
382 2066 412 2094 in
433 2066 597 2097 Britannico
613 2069 747 2104 Oceano,
767 2071 840 2109 quod

45 2113 148 2132 nomen
163 2105 299 2144 fignificat
325 2117 425 2136 terram
444 2108 625 2140 maritimam
649 2111 688 2138 its
705 2111 840 2141 Camillus

41 2145 167 2173 Borellus
184 2146 218 2175 de
239 2147 327 2188 Regis
344 2147 487 2177 Catholici
513 2150 668 2188 pra-:stantia
681 2172 690 2184 ‚
712 2161 769 2191 cap.
791 2160 838 2188 46.

41 2195 115 2213 num.
154 2197 200 2219 70.

0 2197 147 2255 Ztiivimi
154 2248 163 2260 ‚
181 2227 281 2257 mulier
290 2230 430 2270 zelotypia
439 2241 503 2270 erga
512 2231 602 2261 virum
614 2232 723 2263 affecta.
743 2234 836 2270 [Om-

38 2266 80 2294 nis
101 2268 200 2296 mulier
211 2269 328 2300 zelivira
346 2271 402 2305 est,
426 2271 538 2311 quando
548 2272 636 2303 aliena
657 2276 834 2305 &c.Tertull.

32 2306 143 2335 exhort.
165 2309 200 2338 ad
220 2311 295 2340 (ast,

0 2344 75 2378 ztio
86 2369 95 2384 ,
118 2359 164 2385 as,
184 2352 318 2389 δεΖεΙον,
338 2356 397 2384 aris
409 2375 418 2389 ‚
441 2353 601 2395 deponens,
619 2355 690 2397 saepe
707 2357 779 2398 apud
789 2358 832 2388 Sa-

1241 19 1278 61 Z
1308 16 1344 65 E
1603 42 1686 81 719

937 77 997 104 cios
1018 73 1171 114 Scriptores
1188 76 1324 117 fignificat
1343 89 1432 111 amare
1451 93 1511 114 cum
1529 83 1639 120 studio,
1658 99 1692 118 ne
1709 100 1737 119 a-

935 125 1024 146 matus
1042 117 1107 146 alibi
1124 117 1247 148 divertat
1265 130 1386 149 amorem
1404 121 1497 153 suum:
1520 126 1592 162 [Dii
1611 139 1669 159 non
1688 141 1736 160 ze-

935 156 996 188 lant
1011 159 1144 196 conjuges
1159 157 1233 188 suas.
1255 161 1293 190 D.
1306 164 1378 201 Aug.
1392 162 1438 191 lib.
1450 175 1477 202 3.
1487 166 1521 195 de
1531 169 1694 210 civit-cap.
1704 183 1735 210 3·

934 198 972 226 In
989 198 1089 227 eodem
1106 197 1227 233 sensu:]
1251 203 1351 241 Neque
1371 203 1504 235 zelaveris
1530 208 1658 239 facientes
1680 211 1736 242 ini-

931 237 1066 276 quitates„
1087 238 1187 269 Psalm.
1207 245 1279 279 3⁶.]
1304 243 1361 273 FR.
1381 245 1444 275 Hoc
1463 256 1556 278 tamen
1576 252 1687 281 verbum
1703 254 1738 282 in

931 280 1004 307 Sacr.
1022 280 1161 319 Scriptura
1178 281 1253 312 varie
1263 283 1416 322 significan
1434 288 1586 327 aliquando
1606 291 1680 321 enim
1691 304 1735 323 re-

930 319 1005 348 &um
1023 321 1114 351 zelum
1131 320 1265 356 honoris,
1288 326 1420 360 virtutis,
1443 330 1490 357 vel
1512 330 1657 370 religionis
1684 333 1734 362 hn-

931 360 994 388 bere
1005 360 1143 400 fignificat
1154 384 1162 396 ,
1183 372 1213 391 ut
1225 375 1232 392 :
1256 371 1269 400 [
1282 365 1353 401 Quia
1363 368 1465 398 zelatus
1477 371 1514 399 est
1527 381 1576 410 pro
1594 372 1657 401 Deo
1665 372 1714 405 suo
1723 395 1734 404 .

931 401 1016 429 Num.
1029 411 1076 437 ις.
1097 403 1168 432 Zelo
1177 404 1280 435 zelatus
1298 404 1358 435 sum
1369 417 1420 445 pro
1435 411 1562 441 Domino
1580 413 1642 442 Deo
1652 425 1733 444 exer-

928 450 1052 476 cituum,
1078 453 1141 482 quia
1158 444 1365 484 dereliquerunt
1393 450 1500 486 pac'bum
1521 462 1599 481 tuum
1622 454 1675 483 filii
1700 458 1731 486 1-

926 480 994 510 srael
1004 502 1010 509 .
1031 493 1059 521 3.
1069 485 1142 523 Reg.
1155 495 1212 523 cap.
1227 497 1271 523 ¹9·
1285 487 1341 523 Qui
1352 489 1513 521 zelaverunt
1535 494 1627 522 zelum
1636 506 1711 525 tuum
1722 517 1732 526 ,

924 521 1034 559 Judith.
1052 534 1109 563 cap.
1120 535 1150 561 9.
1171 526 1283 556 Zelatus
1301 528 1340 557 est
1359 530 1468 568 legem.
1490 544 1515 562 i.
1534 534 1654 564 Maclmb.
1665 548 1687 564 c.
1700 550 1728 566 1..

925 563 1052 593 Zelando
1071 565 1163 594 zelum
1182 567 1258 596 Dei.
1279 568 1352 598 Ibid.
1372 572 1444 600 Elias
1463 573 1528 602 dum
1546 576 1619 605 zelat
1637 578 1731 607 zelum

923 602 1004 642 legis.
1020 603 1094 634 Ibid.
1106 607 1119 637 ]
1133 607 1293 646 Aliquando
1304 619 1395 640 tamen
1407 612 1484 643 irasci
1494 615 1611 646 denotat
1623 629 1629 646 :
1642 624 1654 654 [
1666 619 1728 647 Do-

924 645 1000 673 mine
1018 646 1156 676 exaltetur
1172 658 1266 678 manus
1280 660 1325 680 tua
1334 655 1386 681 &o
1410 657 1446 683 Et
1465 656 1671 688 confiindantur
1681 670 1727 688 ze-

924 684 1012 713 lantes
1039 688 1135 725 populi
1153 690 1244 727 (idest
1258 690 1388 729 feroces)
1415 698 1443 724 δ(
1463 697 1537 736 ignis
1558 697 1649 729 hostes
1666 710 1728 729 tuos

924 724 1059 755 devoret.
1078 726 1176 758 Issi-c.
1188 737 1235 761 26.
1256 732 1404 763 Custodite
1421 746 1490 776 ergo
1510 748 1558 767 vos
1576 750 1589 768 a
1605 750 1728 770 murmu-

922 766 1050 800 ratione,
1070 778 1132 808 quae
1153 769 1227 799 nihil
1247 773 1376 810 prodest,
1393 779 1422 805 ὅ(
1442 788 1456 805 a
1474 779 1646 810 detrac’tione
1663 791 1724 820 par-

922 807 979 835 cite
998 808 1120 847 linguae,
1150 811 1282 849 quoniam
1299 812 1391 844 sermo
1409 817 1536 848 obscurus
1557 821 1588 850 in
1608 832 1723 852 vacuum

920 857 978 876 uon
998 848 1067 877 ibit.-
1087 860 1118 878 ος
1136 861 1245 886 aurem,
1263 855 1339 892 quod
1359 859 1514 893 mentitur,
1541 863 1646 891 occidit
1665 865 1725 893 :ini-

918 898 991 931 mam
1003 891 1036 932 ἦ]
1058 900 1158 930 nempe
1170 914 1177 925 ‚
1198 893 1263 922 licet
1273 895 1323 924 ille
1343 897 1522 930 detrastionis
1533 923 1540 935 ‚
1562 906 1591 932 δε
1601 913 1725 934 murmu-

917 937 1034 958 rationis
1051 929 1142 961 sermo
1163 934 1214 966 fit,
1234 935 1302 965 aeris
1320 947 1412 968 tzimcn
1428 940 1480 970 ina
1498 944 1673 979 verberatio,
1694 950 1723 975 ὁ(

917 968 1064 1013 invisibilis
1084 972 1282 1005 insenfibiliter
1292 979 1418 1009 vulnerat
1438 982 1471 1010 :id
1487 985 1655 1015 occisionem
1666 985 1724 1025 spi-

916 1009 1057 1040 ritualiter
1077 1013 1215 1043 animam.
1238 1017 1326 1048 Unde
1345 1023 1505 1052 concludit.-
1531 1026 1654 1060 [Nolite
1671 1037 1720 1057 ze-

915 1051 970 1078 lare
981 1061 1099 1081 mortem
1111 1055 1141 1083 in
1152 1066 1271 1086 errorem
1284 1060 1349 1089 vitae
1362 1063 1456 1091 vestrae
1468 1084 1475 1091 .
1499 1066 1621 1104 Sapient.
1633 1079 1655 1096 c.
1671 1079 1694 1096 1.
1705 1071 1724 1100 }

915 1091 979 1135 ῌοε
996 1093 1034 1121 est
1046 1114 1054 1126 ‚
1077 1095 1166 1124 nolite
1183 1098 1320 1129 occisores
1337 1101 1388 1131 elle
1409 1104 1473 1133 vitae
1494 1105 1589 1136 vestrie
1608 1108 1638 1137 in
1657 1119 1719 1146 pra-

915 1141 957 1159 vis
975 1134 1124 1164 astionibus
1136 1157 1144 1169 ,
1172 1142 1372 1171 murmurando
1389 1148 1442 1173 διε.
1465 1148 1559 1182 [Noli
1576 1149 1716 1180 confiliari

913 1181 976 1200 cum
995 1185 1028 1202 eo
1040 1196 1048 1208 ‚
1072 1176 1119 1214 qui
1135 1177 1186 1207 tibi
1197 1179 1356 1214 inlidiatur5
1375 1195 1388 1215 a
1406 1186 1559 1217 zehntibus
1573 1199 1600 1218 te
1618 1194 1719 1223 (nem-

909 1220 943 1256 pe
962 1215 1162 1253 insidiantibus
1183 1224 1234 1253 te)
1255 1222 1388 1254 absconde
1405 1228 1564 1257 confilium.
1589 1232 1720 1260 Ecclesia·

911 1255 970 1282 ὼς.
991 1265 1049 1294 cap.
1071 1261 1142 1295 37.]
1167 1264 1202 1289 Et
1225 1261 1254 1290 in
1273 1265 1371 1293 eodem
1391 1265 1485 1296 sensu:
1511 1271 1646 1304 [zelatus
1656 1271 1718 1302 sum

913 1295 980 1322 Sion
999 1297 1062 1326 zelo
1081 1307 1203 1338 magm,
1230 1306 1258 1332 δε
1278 1304 1474 1345 indignatione
1494 1320 1590 1350 magn«.
1612 1314 1716 1342 zelatus

909 1333 968 1362 sum
986 1347 1065 1367 eam.
1082 1340 1201 1370 zachar.
1220 1353 1279 1382 cap.
1291 1348 1342 1377 8.]
1361 1348 1404 1376 Sic
1424 1349 1508 1379 etiam
1527 1352 1557 1380 in
1576 1364 1652 1382 novo
1662 1357 1716 1384 Te-

909 1375 1064 1407 stamento:
1086 1382 1242 1414 {zelantes
1259 1396 1349 1415 autem
1364 1411 1372 1422 ,
1393 1394 1406 1423 (
1423 1391 1507 1428 idest,
1531 1395 1681 1429 irasc-:ntes
1700 1398 1715 1428 2

909 1416 1017 1454 Judaei‚
1037 1419 1251 1463 assumentesque
1271 1427 1305 1455 de
1318 1429 1402 1468 vulgo
1420 1427 1495 1461 viros
1512 1433 1646 1472 quosdam
1657 1445 1715 1464 ma-

907 1458 968 1491 Ᾰοε,
991 1463 1020 1489 ὃς
1047 1462 1124 1490 turba
1142 1464 1228 1498 faeta,
1248 1469 1458 1499 concitaverunt
1486 1474 1661 1504 Civitatem:
1684 1480 1714 1505 ὅ(

907 1497 1074 1536 affistemcs(
1085 1504 1132 1532 hoc
1144 1507 1180 1542 est
1189 1527 1197 1539 ,
1209 1507 1356 1545 obsidentes
1368 1515 1379 1543 )
1389 1512 1484 1542 domui
1495 1514 1604 1552 Jasonis
1616 1539 1623 1549 ,
1635 1527 1711 1555 quae·

907 1540 1001 1583 rebant
1021 1552 1067 1571 eos
1085 1546 1237 1582 producere
1254 1549 1284 1577 in
1304 1553 1454 1588 populum.
1477 1557 1572 1584 Actor.
1588 1561 1653 1589 ¹7-]
1676 1562 1712 1587 Et

905 1589 936 1623 in
954 1581 1051 1610 eodem
1070 1587 1228 1624 proposito.¹
1251 1595 1263 1625 [
1279 1591 1364 1620 Unde
1376 1593 1445 1621 bella
1457 1615 1464 1627 ,
1487 1599 1514 1623 ὃ(
1536 1597 1599 1625 lites
1617 1598 1645 1626 in
1657 1609 1708 1626 vo-

905 1621 964 1665 bis?
986 1624 1092 1668 Nonne
1100 1625 1186 1657 hinc?
1204 1640 1238 1659 ex
1248 1633 1477 1671 concup1sceutiis
1499 1637 1592 1666 vestris
1605 1642 1613 1667 ?
1624 1640 1710 1668 Con·

904 1661 1062 1700 cupisc1t15‚
1081 1670 1113 1695 ἀ
1140 1679 1198 1697 non
1217 1671 1338 1701 habetis.-
1367 1676 1493 1704 occiditis
1505 1699 1512 1710 ‚
1535 1682 1563 1707 ἃ
1593 1679 1708 1708 zeletis:

903 1704 1012 1746 (idest,
1030 1708 1214 1744 irascimini)
1233 1716 1261 1741 δε
1281 1725 1339 1742 non
1357 1717 1469 1753 potestis
1488 1717 1619 1756 adipisci:
1647 1721 1707 1749 liii-

901 1753 974 1782 gatis
982 1765 991 1778 ,
1012 1749 1041 1775 ὅ(
1050 1747 1219 1788 belligeratis
1230 1775 1238 1786 ‚
1257 1758 1285 1783 ὃ(
1295 1765 1352 1784 non
1362 1755 1468 1786 habetis
1477 1779 1488 1794 ,
1508 1769 1620 1798 propter
1630 1762 1706 1799 quod

902 1795 961 1812 non
981 1787 1136 1824 postulatis:
1157 1794 1270 1829 petitis,
1294 1799 1322 1824 ὃ(
1341 1807 1400 1825 non
1418 1799 1542 1837 accipitis
1554 1822 1561 1832 ,
1585 1812 1619 1829 eo
1628 1803 1704 1840 quod

902 1826 970 1869 male
990 1830 1106 1865 petatis:
1126 1841 1155 1859 ut
1177 1843 1206 1862 in
1227 1836 1456 1875 concupiscentiis
1477 1841 1570 1869 vestris
1584 1841 1705 1871 insuma-

901 1875 953 1894 tis.
975 1868 1098 1912 Inepist.
1109 1873 1193 1901 Cath.
1208 1877 1301 1913 Jicobi
1316 1899 1324 1909 ,
1343 1888 1400 1916 cap.
1414 1881 1464 1913 4.]
1481 1881 1640 1919 Aliquando
1650 1889 1705 1913 Ze-

900 1907 926 1950 ζο
945 1917 996 1945 pro
1009 1911 1151 1953 Διιινιάιῑο,
1165 1918 1197 1944 &
1214 1916 1291 1946 liveo
1311 1919 1442 1955 ponitur.
1463 1922 1558 1954 [Noli
1577 1925 1703 1953 aeinulari

900 1957 929 1975 in
950 1950 1179 1988 malignantibus,
1198 1967 1286 1996 neque
1295 1960 1428 1989 zelaveris
1448 1959 1578 1991 facientes
1597 1964 1703 2004 iniqui-

902 1998 1004 2017 tatem.
1032 1992 1171 2028 Quoniam
1190 2006 1326 2036 tamquam
1359 1999 1464 2029 foenum
1491 2003 1625 2033 velociter
1644 2016 1701 2035 are-

895 2028 988 2073 scent,
1011 2036 1039 2061 δε
1059 2038 1290 2072 quemadmodum
1310 2040 1384 2069 olera
1408 2040 1554 2072 herbarum
1575 2046 1631 2074 cito
1653 2047 1701 2076 de-

899 2071 1009 2100 cident.
1029 2074 1111 2112 Spera
1137 2078 1166 2106 in
1186 2080 1330 2113 Domino,
1365 2085 1392 2111 ὅ(
1414 2082 1454 2111 fac
1474 2084 1627 2114 bonitatem
1644 2091 1698 2117 &a

895 2110 1075 2152 Psaim.36.]
1096 2120 1133 2145 Et
1149 2120 1248 2148 clarius
1268 2121 1342 2151 idem
1362 2122 1520 2154 Psalmista:
1551 2128 1632 2161 [Mei
1652 2139 1698 2156 :iu-

895 2162 950 2180 tem
971 2165 1040 2193 pene
1060 2159 1129 2186 niori
1149 2158 1212 2188 sunt
1230 2162 1312 2199 pedes
1352 2173 1422 2201 pene
1445 2164 1518 2194 effusi
1537 2164 1599 2195 sunt
1621 2167 1698 2206 gres-

893 2192 935 2222 sus
943 2198 999 2225 mei
1010 2219 1018 2230 ,
1031 2199 1042 2229 ]
1069 2198 1135 2227 idest
1146 2200 1176 2228 in
1189 2202 1256 2231 bene
1264 2203 1422 2233 incedendo
1432 2228 1439 2238 ‚
1460 2205 1506 2235 sed
1517 2212 1584 2236 cur?
1599 2214 1609 2242 [
1623 2208 1696 2240 Quia

893 2238 984 2266 zelavi
1001 2237 1080 2277 super
1101 2240 1208 2279 iniquos
1221 2245 1252 2275 ,J
1286 2254 1401 2283 nempe,
1435 2247 1547 2275 illorum
1567 2249 1695 2284 invidia,

891 2287 951 2314 quae
970 2288 984 2306 a
1004 2279 1073 2308 bene
1092 2283 1234 2319 operando
1252 2294 1296 2313 me
1316 2285 1475 2324 suspendit.-
1497 2290 1618 2323 [Pacem
1630 2299 1694 2328 pec-

891 2328 1014 2348 catorum
1033 2321 1148 2349 videns:
1170 2325 1232 2361 quia
1250 2336 1307 2354 non
1328 2328 1365 2354 est
1385 2326 1519 2366 respec'tus
1539 2329 1624 2358 morti
1646 2341 1693 2359 eo-

891 2368 952 2389 rum
962 2381 972 2396 ,
993 2365 1021 2391 ὃς
1032 2360 1236 2395 firmamentum
1253 2367 1284 2396 in
1301 2367 1381 2407 plaga
1397 2377 1491 2398 eorum
1503 2370 1536 2403 ,1
1556 2370 1624 2399 idest
1637 2381 1693 2403 mc.

1581 2418 1650 2440 rito—
