1866 2526
62 1180 188 1208 Λκυιυς
200 1199 208 1210 ,
231 1178 304 1206 Vide
314 1178 447 1206 Annulus
460 1196 468 1205 .

455 60 578 104 AN

102 122 286 156 Damascenus
296 130 364 150 vero
377 118 425 150 lib.
436 131 464 156 4.
474 119 602 150 Orthod.
614 119 661 150 fid.
671 130 730 160 cap.
745 131 788 156 14.
799 117 893 150 existi-

104 165 192 195 mavit
202 163 336 192 denotare
344 171 444 200 panem
455 182 463 195 ,
485 164 514 190 ὅ(
526 162 623 190 vinum
633 172 697 191 ante
707 161 891 191 consecratio-

105 215 185 235 nem:
196 213 277 244 quam
290 202 507 242 explicationem
515 202 608 239 rejicit
618 202 795 232 Eminentiss.
807 202 892 232 Card-

104 245 260 276 Bcffiriom
282 245 376 282 iraque
383 241 532 272 secundum
543 244 707 273 Turrianum
730 255 788 274 non
807 243 894 283 figni-

103 286 165 316 ficat
175 285 290 325 figuram
299 307 307 318 ,
329 283 376 313 scd
387 284 535 312 veritatem
555 283 638 322 ipsam
650 286 748 313 testam
758 306 766 319 ,
789 285 819 313 in
837 294 894 323 quo

103 326 183 356 sensu
195 328 221 356 S.
232 326 359 361 Cyrillus
368 323 511 354 Hierosol.
530 326 682 364 appellarit
695 325 830 364 Baptismi
848 327 894 354 Sa-

104 376 275 397 cramentum
287 369 441 404 Antitypon
454 387 462 398 ‚
484 376 542 394 non
554 366 617 404 quia
635 365 667 394 iit
679 367 776 395 mortis
786 364 893 396 Christi

107 408 193 448 figura
204 428 212 440 ‚
235 405 284 435 sed
295 407 358 445 quja
368 403 481 435 realiter
491 416 521 434 ea
533 405 746 444 rxprcsentatur
755 428 761 435 .
773 410 893 447 Antity-

99 458 153 488 pon
161 449 247 488 igitur
258 447 426 476 Eucharistia
437 447 540 475 dicitur
549 468 556 479 ‚
581 457 679 486 nempe
690 469 698 480 ,
722 448 809 486 figura
819 448 893 475 vica-

102 490 143 525 ria
155 512 163 523 ,
185 489 249 528 quia
259 489 361 518 veritas
372 488 487 526 figuram
499 488 605 525 expulit
616 509 624 521 ,
641 491 668 516 ὃ(
679 492 735 525 ejiis
745 489 835 517 locum
845 488 893 516 ob-

103 530 190 559 tinuit
200 541 208 562 ,-
231 528 276 557 seu
288 529 352 567 quia
360 529 397 557 est
409 528 496 567 figura
505 528 618 556 celestis
629 549 636 561 ‚
649 532 677 557 ἃ
686 529 783 557 aeterni
793 528 892 557 convi-

103 571 145 600 vii
155 593 163 604 ‚
187 571 217 599 in
228 580 284 608 quo
293 568 374 597 sensu
384 569 515 607 explicari
527 567 634 607 pollent
645 568 808 598 Damasceni
829 579 892 598 ver-

108 613 139 641 ba
149 612 202 640 loc.
213 611 260 638 cit.
271 619 301 638 ut
311 621 343 638 cx
355 611 381 639 S.
391 610 506 638 Maximi
517 609 652 644 Dionysii
662 609 792 648 discipuli
801 610 892 648 expli-

104 653 215 681 catione
226 651 420 689 comprobatur
429 650 583 689 inquientis
595 656 606 684 [
618 651 714 679 Sancta
726 661 839 679 munera
847 649 890 678 su-

102 694 243 732 periorum
254 715 260 725 ,
280 696 308 720 &
319 692 458 720 veriorum
467 690 529 720 sunt
539 689 661 726 symbola
671 711 678 718 .
692 694 704 722 ]
714 691 838 720 Tandem
848 691 890 719 di-

102 735 128 762 ci
141 735 230 772 potest
240 755 248 766 ‚
265 733 340 772 quod
352 732 519 760 Eucharistia
529 731 563 760 lit
573 731 659 770 figura
669 731 793 760 sacrificii
803 731 889 761 Chri-

1238 62 1342 104 ΑΡ
1628 71 1700 118 67

947 120 1024 150 Bald.
1035 118 1095 148 inl.
1109 129 1133 155 ς.
1145 116 1212 148 in:-
1225 120 1280 148 col.
1292 121 1367 150 verb.
1377 125 1406 152 ὅ(
1425 120 1445 151 fi
1463 130 1494 150 tu
1513 123 1628 161 quaeris.
1651 126 1686 154 C.
1697 125 1734 154 de

947 159 1075 190 confessis
1086 182 1094 193 ‚
1117 171 1145 188 ac
1164 159 1212 188 alii
1224 162 1302 200 apud
1311 162 1429 191 Cottam
1450 162 1480 191 in
1497 161 1553 192 suis
1577 165 1733 194 Memorial.

947 203 1020 241 Juris
1029 223 1038 235 ‚
1049 201 1123 230 verb.
1140 200 1243 239 Apices
1253 202 1326 240 Juris
1335 223 1342 230 .
1364 204 1467 242 Apices
1475 204 1542 239 juris
1552 203 1583 232 in
1593 203 1654 234 foro
1663 215 1730 233 con-

947 242 1070 273 scientiae
1084 252 1145 271 non
1155 241 1285 271 excusant
1295 264 1302 270 .
1326 243 1422 277 Ibid.]
1446 245 1532 280 cujus
1542 245 1714 274 contrarium
1725 266 1732 273 .

950 284 1024 314 Vide
1033 284 1065 313 de
1076 283 1162 312 Plano
1171 283 1202 311 in
1213 283 1257 311 lit.
1266 286 1298 313 P.
1309 287 1337 313 δε
1347 283 1540 320 synonymum
1552 306 1558 313 .
1581 287 1656 315 Vide
1665 286 1733 315 Sub-

947 326 1041 354 tilit‘as
1049 343 1056 351 .
1080 323 1242 362 Aliquando
1262 334 1314 364 pro
1337 326 1557 356 extremitatibus
1577 326 1711 366 accipitur
1721 347 1731 360 ‚

948 366 982 395 stc
992 375 1042 403 pro
1052 363 1230 403 epistolarum
1239 366 1459 396 extremitatibus
1469 389 1477 400 ,
1488 367 1533 396 ubi
1544 368 1636 407 figillo
1647 367 1735 405 [igna-

947 407 971 435 ri
980 405 1052 435 solet
1062 427 1070 438 ‚
1094 404 1140 433 seu
1151 405 1186 434 de
1198 406 1321 444 pendulo
1331 407 1422 446 figillo
1435 408 1466 437 in
1483 408 1563 436 bullis
1574 407 1731 438 Pontificiis·

946 445 1072 485 appenso
1082 445 1197 474 dicitur:
1209 448 1382 486 [Numquam
1393 448 1564 486 Apostolicae
1578 449 1653 478 Sedis
1671 458 1733 477 mo-

946 488 994 516 dus
1006 487 1058 516 fuit
1076 485 1173 524 absque
1193 487 1305 526 signatis
1321 489 1441 526 apicibus
1459 490 1640 528 undequaque
1658 489 1733 528 lega-

946 529 1056 556 tionem
1064 526 1199 566 suscipere
1211 539 1216 556 ε
1239 540 1288 565 97.
1298 529 1360 558 dist.
1370 540 1430 558 can.
1443 541 1470 568 3.
1489 531 1521 559 in
1539 539 1647 561 extrav.
1657 540 1732 559 com.

946 570 980 597 de
991 569 1070 597 clec'k.
1081 577 1139 606 cap.
1154 579 1176 596 ι.
1188 571 1201 600 1

906 613 1097 640 ΑΡΗοιιιις-ιᾼ
1108 630 1116 642 ,
1130 619 1186 638 vox
1194 610 1409 655 barbaro-graeca
1419 609 1578 650 ἐφοπλιςιῖς
1587 633 1594 640 .
1607 617 1621 648 [
1632 611 1732 650 Apho-

947 650 1036 688 plistas
1047 659 1149 679 vocant
1159 660 1204 678 eos
1215 672 1222 683 ,
1245 652 1292 690 qui
1305 652 1421 690 privatis
1430 651 1587 681 hominibus
1598 660 1672 682 arma
1682 652 1731 681 ha-

946 692 1008 719 bere
1020 701 1078 720 non
1087 691 1244 719 concedunt
1255 713 1262 724 ,
1274 703 1308 721 ne
1318 692 1424 730 rapinas
1433 715 1441 726 ,
1456 703 1501 723 aut
1512 694 1600 723 caedes
1610 693 1710 723 faciant
1722 713 1730 721 .

945 732 1051 769 Julium
1063 752 1069 759 .
1092 734 1168 760 Ante
1178 751 1185 759 .
1206 733 1318 761 constit.
1332 744 1375 768 ις.

101 774 136 804 sti
155 783 185 801 m
204 775 296 802 eruce
307 796 314 806 ,
336 772 385 800 sed
395 773 466 801 haud
484 770 592 801 diversa
610 772 752 811 afigurato
763 794 770 805 ,
794 773 823 802 in
834 784 892 812 quo
905 775 1216 801 ArmuAitTonocrrffl
1227 794 1235 806 ‚
1258 774 1464 802 Haereticorum
1474 775 1567 808 Secta,
1586 774 1634 814 qui
1655 773 1732 803 dice—

101 812 180 843 sensu
197 813 414 848 Chrysostomus
437 814 477 842 ait
489 825 495 841 ε
521 819 532 849 [
544 814 606 840 Hoc
624 812 786 842 sacrificium
805 823 888 852 typus

100 855 175 884 iuius
183 855 220 882 est
232 865 240 884 ς
263 854 382 883 eundem
390 855 466 882 enim
475 853 582 892 semper
591 853 730 882 offerimus
741 876 748 887 ,
760 865 818 883 non
829 865 887 883 mo-

99 895 137 924 do
153 895 266 932 quidem
285 896 368 924 alium
378 917 386 929 ‚
410 895 495 924 modo
514 905 581 923 vcro
591 895 693 924 alium:
718 894 764 924 sed
783 894 890 934 semper

101 935 246 964 eumdem.
269 938 355 966 Hom.
370 947 414 969 17.
427 937 459 964 in
468 935 552 974 Epist.
562 935 595 964 ad
607 936 691 964 Hebr.
705 938 717 968 ]
733 937 790 964 Alii
810 937 891 965 dein-

100 976 135 1004 de
143 977 240 1004 dixere
252 999 259 1010 ,
279 977 355 1016 quod
367 977 440 1005 idem
449 976 514 1005 ei'l'et
523 980 677 1015 Amet-‚pon
687 998 695 1009 ‚
717 987 745 1004 ac
755 978 891 1016 Iosotypan

102 1017 174 1054 apud
185 1017 330 1050 Bafihum,
352 1018 416 1055 quia
439 1017 598 1055 praepositio
614 1013 676 1046 :ivri
686 1017 837 1056 aliquando
854 1006 898 1046 :it-l

102 1056 265 1094 qualitatem
279 1057 413 1096 fignificat
426 1079 433 1089 ,
455 1067 486 1085 ut
496 1057 569 1094 [epe
577 1055 655 1094 supra
664 1057 768 1085 dietum
778 1057 830 1086 fuit
841 1078 848 1085 .
893 1042 899 1111 Ι

63 1101 224 1128 ΑκτιτιιιΑ
237 1118 244 1130 ,
268 1107 356 1136 graece
366 1094 483 1127 2'1'v71'9sm
497 1119 505 1129 ‚
515 1106 579 1135 erga
589 1097 680 1125 Deum
690 1097 871 1126 contrarietas
882 1118 891 1126 .

64 1134 67 1137 ’
103 1136 330 1175 Theophylaftus
341 1138 371 1164 in
380 1147 438 1175 cap.
453 1148 461 1164 1
472 1142 496 1165 8.
507 1138 586 1166 Lucae
597 1156 604 1164 .

62 1222 242 1249 ΑΡΑιΑκευς
254 1239 262 1250 ,
284 1221 312 1246 δ(
330 1218 472 1255 Apaa'area
483 1239 491 1251 ‚
513 1216 601 1245 discus
613 1239 620 1250 ,
644 1228 700 1247 vox
724 1219 890 1258 graeco-bar-

101 1259 161 1286 bara
171 1278 178 1284 .
197 1256 336 1295 Kssmpog
351 1259 426 1286 enim
446 1258 567 1287 cocleare
586 1257 720 1297 fignificat
731 1281 738 1292 ,
758 1261 806 1288 alii
831 1243 899 1300 exi-3

101 1298 213 1327 stimant
230 1297 383 1336 significare
401 1299 587 1328 umbraculum
600 1321 608 1332 ‚
632 1311 645 1328 a
667 1310 758 1338 gra-co
777 1299 837 1331 ἀπὸ
860 1301 890 1330 τί

103 1338 170 1368 {Qum
184 1360 186 1367 2
211 1341 283 1375 cujus
294 1339 429 1368 beneficio
441 1351 454 1368 a
463 1339 530 1367 solis
548 1340 629 1368 radiis
647 1341 769 1379 tegimur
779 1362 786 1368 .
812 1343 889 1376 [Pro

100 1388 166 1406 vera
175 1379 376 1408 benedictionis
385 1380 462 1409 rausa
479 1381 629 1409 direximus
641 1381 717 1409 vobis
737 1382 890 1420 apalareum

99 1428 183 1447 unum
194 1440 201 1447 .
223 1421 259 1448 In
279 1420 356 1458 epist.
380 1421 486 1450 Pontis.
505 1433 519 1449 a
529 1420 664 1450 Gretsero
683 1422 751 1450 edit.
776 1422 830 1450 Hic
841 1432 890 1460 po-

96 1458 154 1488 suit
164 1460 193 1488 in
203 1460 293 1498 apsida
303 1461 421 1490 Bafificae
432 1461 623 1500 suprascriptae
635 1461 716 1500 super
726 1462 819 1490 sedem
828 1473 891 1501 apa-

101 1500 201 1528 laream
211 1511 369 1538 argenteam
381 1502 539 1540 pensantem
551 1503 630 1530 libras
641 1513 751 1531 centum
765 1503 869 1542 viginti
882 1523 888 1530 .

103 1540 198 1567 Anast.
210 1540 278 1568 Bibl.
294 1542 324 1569 in
335 1543 430 1580 Sergio
440 1563 446 1570 .
471 1546 482 1574 ]
497 1545 554 1571 FR.
566 1543 637 1581 apud
647 1543 783 1572 Isidorum
795 1544 824 1571 in
835 1547 890 1580 ejus

102 1578 189 1607 Gloss'.
199 1581 316 1609 Ablaros
326 1602 334 1614 ‚
356 1586 384 1611 &
397 1585 515 1620 Applare
524 1584 660 1621 reperitur
671 1605 678 1616 ‚
697 1585 731 1612 de
742 1594 797 1623 quo
808 1595 890 1613 voca-

101 1620 197 1648 cabulo
206 1621 347 1650 Turnebus
355 1622 404 1651 lib.
418 1634 464 1656 27·
474 1623 624 1653 Adversar.
635 1634 694 1662 cap.
709 1628 782 1654 100&
791 1624 890 1654 lib.28.

100 1669 160 1698 cap.
175 1669 201 1695 5.

62 1701 219 1729 Api-turnus
231 1722 239 1734 ‚
262 1700 314 1730 hoc
333 1702 418 1732 titulo
437 1703 509 1742 saepe
520 1705 558 1733 D.
578 1707 665 1743 Greg.
683 1705 712 1733 in
733 1705 840 1745 Regist.
860 1706 890 1734 in

102 1741 241 1779 principio
252 1743 436 1780 Epistolarum
446 1745 533 1773 utitur
543 1766 551 1778 ‚
575 1744 699 1784 personis
710 1746 739 1775 in
748 1746 889 1776 communi

102 1779 221 1809 scribens
231 1803 237 1809 .
261 1782 335 1811 Vide
343 1785 482 1813 Parilitas
493 1805 500 1812 .

63 1821 223 1863 Aria-turm
236 1839 257 1851 ,ι
266 1825 323 1853 PR.
335 1825 539 1854 Haereticorum
551 1824 631 1859 festa,
641 1837 655 1855 a
664 1827 784 1866 quodam
792 1828 888 1866 Apelle

104 1860 240 1892 ιιτιὼέὶὶῐ
260 1864 402 1902 Angelum
422 1867 561 1904 quendam
571 1868 626 1896 Dei
645 1867 814 1905 superiorem
823 1867 886 1897 asse-

103 1910 197 1929 rentcs
204 1922 214 1934 ‚
225 1911 304 1940 quem
314 1908 407 1933 Deum
416 1912 528 1944 Igneum
536 1907 708 1945 appellabant
719 1929 726 1941 ‚
749 1907 887 1937 Israelita-

102 1951 162 1969 rum
174 1943 370 1980 legislatorem
380 1967 389 1978 ‚
409 1950 436 1975 ὅ(
448 1947 592 1976 Christum
603 1959 660 1976 non
669 1949 700 1976 in
711 1950 828 1978 veritate
837 1950 888 1980 elle

104 1983 198 2011 Deum
209 2003 217 2014 ,
237 1981 286 2011 scd
295 1983 438 2015 hominem
449 1987 480 2016 in
491 1987 631 2027 phantasia
648 1989 799 2028 apparuiss'e
808 2011 816 2018 .
840 2003 886 2027 ²4·

103 2030 199 2061 quaelt·
213 2033 239 2060 3·
262 2034 318 2062 (ΖΡ.
330 2037 378 2064 39·

65 2065 285 2093 Apxrutimus
298 2086 304 2096 ,
320 2067 402 2096 ‘Vide
410 2071 587 2098 DireH'ar-ius
597 2089 606 2098 .

65 2107 147 2133 Anax
157 2124 165 2131 .
179 2105 234 2132 PR.
246 2104 362 2134 sumitur
371 2117 422 2146 pro
431 2110 535 2138 vertice
544 2110 643 2148 capitis
655 2131 663 2143 ,
682 2114 710 2140 ὃ(
721 2122 887 2141 ornamento

105 2148 162 2180 ejus
171 2165 179 2177 ,
202 2155 257 2183 quo
276 2147 411 2176 Flamines
430 2150 576 2179 utebantur
587 2162 593 2181 ς
617 2151 765 2190 aliquando
793 2163 887 2182 tamen

104 2194 156 2223 pro
166 2185 247 2214 mitra
258 2207 266 2214 .
289 2187 362 2215 v1de
371 2192 479 2218 Mitra.
501 2192 678 2230 Intelligitur
687 2194 772 2222 etiam
783 2204 834 2232 pro
843 2193 887 2222 so-

893 803 899 989 ——.——
893 691 902 782 —..

945 813 1010 841 bant
1032 812 1139 842 Christi
1162 823 1272 842 carnem
1293 812 1343 842 effe
1370 814 1627 854 incorruptibilem,
1649 819 1677 844 &
1697 816 1731 843 ab

945 853 1070 882 omnibus
1081 852 1245 891 passionibus
1255 855 1362 893 penitus
1372 855 1484 884 liberam
1496 878 1502 888 ,
1526 867 1556 884 ut
1566 867 1600 885 ex
1612 860 1731 891 Etymo-

944 894 1018 932 logia
1030 894 1152 923 nominis
1162 894 1396 934 Α’φθαρτοδῦκῗτᾱι
1404 897 1548 935 colligitur
1559 919 1566 930 ,
1608 897 1636 925 ui
1646 896 1732 925 etiam

944 935 1118 963 denominati
1138 933 1201 963 sunt
1218 936 1408 974 Phantafiasta
1421 958 1428 965 .
1454 939 1510 967 FR.
1532 936 1729 966 phantasiastas

944 985 1007 1003 cum
1021 975 1155 1014 Apellitis
1178 977 1329 1005 convenire
1348 978 1497 1010 videntur,
1520 978 1567 1017 qui
1584 977 1731 1007 Christum

944 1015 1123 1044 humanitatis
1142 1016 1339 1054 phantasticam
1357 1017 1475 1047 habuiss'e
1494 1018 1609 1058 figuram
1635 1017 1730 1048 asterc-

947 1057 1011 1085 bant
1022 1079 1030 1090 ‚
1054 1058 1088 1085 de
1098 1058 1192 1095 quibus
1202 1058 1267 1086 vide
1278 1058 1401 1095 Apellttae
1413 1077 1421 1086 .

904 1100 1081 1128 Aricinam
1094 1118 1101 1124 .
1127 1099 1183 1126 FR-
1206 1101 1298 1136 Apum
1308 1099 1458 1130 alvearium
1471 1120 1478 1132 ,
1498 1099 1532 1128 de
1541 1109 1596 1139 quo
1614 1099 1730 1130 inLon‘-

944 1138 1127 1176 gobardorum
1138 1138 1240 1180 legibus
1250 1158 1256 1166 .

903 1180 1110 1207 Apocinszs
1120 1199 1128 1210 ,
1138 1188 1177 1207 ita
1188 1179 1258 1207 liber
1265 1179 1401 1208 visionum
1414 1182 1450 1209 D.
1461 1182 1505 1218 Jo:
1518 1184 1624 1220 Evang.
1636 1182 1731 1220 appel*—

945 1219 1016 1247 latur
1026 1230 1036 1250 5
1059 1219 1089 1247 in
1106 1218 1159 1247 hoc
1178 1230 1254 1248 enim
1271 1221 1341 1248 libro
1362 1219 1445 1249 futuri
1465 1222 1590 1251 Ecclefiae
1613 1232 1734 1251 eventusv

944 1260 1128 1288 continentur·
1137 1280 1144 1287 .
1167 1261 1263 1289 Multae
1275 1261 1457 1290 revelationes
1467 1283 1475 1295 ,
1485 1261 1531 1291 seu
1541 1262 1729 1302 Apocalypses

944 1300 1096 1339 antiquitus
1105 1300 1365 1330 circumferebantur
1375 1324 1383 1336 ‚
1402 1301 1449 1331 sed
1457 1313 1553 1332 omnes
1561 1303 1729 1342 apocryphae

944 1340 1089 1370 censentur
1099 1363 1107 1374 ‚
1133 1341 1201 1370 idest
1214 1363 1222 1374 ‚
1244 1343 1270 1370 S.
1282 1343 1355 1371 Petri
1368 1365 1375 1376 ‚
1399 1353 1480 1382 quem
1489 1343 1588 1373 librum
1601 1344 1728 1373 Eusebius

944 1382 1103 1410 damnatum
1113 1381 1188 1411 suiffe
1197 1382 1281 1411 refert
1293 1382 1323 1411 in
1334 1383 1443 1414 Chron.
1455 1384 1500 1413 lib.
1512 1396 1540 1423 3-
1550 1395 1608 1423 cap.
1624 1395 1667 1420 ¹4·
1677 1386 1727 1414 So·

945 1433 1078 1451 zomenus
1090 1433 1183 1451 tamen
1192 1423 1238 1451 lib.
1251 1435 1277 1456 7.
1289 1434 1347 1462 cap.
1362 1432 1405 1453 16.
1415 1426 1535 1454 affirmat
1548 1425 1629 1454 illum
1638 1425 1668 1454 in
1676 1427 1728 1454 Pa-

945 1463 1052 1492 laestina
1063 1463 1129 1491 scria
1142 1470 1168 1492 6.
1180 1464 1210 1491 in
1219 1463 1364 1494 Parasceve
1374 1466 1429 1504 legi
1440 1465 1515 1494 suiss'e
1525 1464 1638 1494 solitum
1648 1486 1655 1494 .
1668 1468 1729 1496 PR,

945 1501 1150 1541 Α’ποκάλυψις
1160 1525 1167 1537 ,
1187 1504 1275 1534 latine
1300 1506 1435 1534 revelatio
1458 1507 1562 1535 dicitur
1573 1528 1581 1540 ,
1604 1517 1618 1535 a
1644 1507 1727 1535 verbo

944 1553 1037 1582 gr.eco
1049 1543 1254 1576 α’ποκαλύπτω
1264 1567 1272 1578 ,
1295 1546 1362 1575 idest
1372 1558 1379 1578 5
1393 1548 1483 1576 revelo
1493 1567 1500 1574 .
1513 1547 1548 1576 Id
1557 1557 1624 1576 vero
1633 1569 1641 1580 ,
1652 1547 1727 1586 quod

945 1583 1053 1613 Eusebii
1070 1586 1232 1614 austeritate
1258 1586 1397 1620 asseritur,
1421 1597 1479 1615 non
1498 1588 1620 1620 revelat,
1642 1587 1726 1625 quia,

945 1635 974 1653 ut
986 1626 1015 1653 in
1025 1626 1167 1664 Catalogo
1177 1627 1427 1658 Ecclefiasticorum
1449 1627 1615 1666 scriptorum
1624 1628 1728 1656 Bellat—

945 1666 1034 1694 minus
1045 1666 1156 1694 testatur
1168 1688 1176 1698 ,
1198 1666 1345 1696 Eusebiana
1355 1677 1437 1706 opera
1457 1668 1488 1696 in
1496 1667 1631 1697 Concilio
1649 1669 1728 1697 Late-

944 1717 1037 1735 ranen.
1055 1706 1217 1745 apocrypha
1238 1707 1372 1737 declarata
1392 1706 1485 1737 fuiss‘e:
1508 1708 1634 1747 quamvis
1644 1710 1728 1737 Baro-

943 1747 1004 1775 nius
1013 1758 1056 1776 an.
1069 1759 1136 1785 302.
1148 1758 1191 1776 n.1
1203 1759 1225 1775 1.
1237 1751 1265 1777 &
1274 1747 1350 1788 seqq.
1361 1748 1458 1778 doceat
1470 1749 1564 1778 multis
1576 1749 1727 1779 rationibus

941 1787 1080 1826 usquequo
1097 1786 1247 1826 sequendus
1265 1789 1298 1817 fit
1318 1790 1366 1818 iste
1384 1791 1505 1819 Auctor:
1529 1791 1566 1824 ³ll²
1590 1791 1664 1819 Item
1673 1790 1725 1820 cir-

941 1828 1158 1857 cumferebantur
1176 1828 1223 1857 alii
1250 1829 1315 1858 libri
1335 1830 1516 1869 Apocalypfis
1526 1852 1533 1863 ‚
1554 1828 1662 1859 scilicet
1671 1852 1679 1864 ‚
1700 1837 1726 1861 S.

940 1869 1043 1902 Pauli,
1065 1878 1096 1897 ut
1116 1869 1250 1898 testantur
1272 1870 1445 1909 Nicephorus
1458 1892 1464 1903 ,
1487 1871 1656 1899 sozomenus
1666 1892 1674 1904 ,
1697 1876 1726 1901 ὃς

944 1908 1071 1939 Eusebius
1093 1910 1112 1938 l.
1122 1920 1150 1948 3.
1168 1920 1225 1949 cap.
1236 1921 1263 1949 3.
1281 1913 1353 1940 Item
1366 1909 1534 1950 Apocalypsts
1543 1913 1652 1940 Adanu·
1662 1932 1670 1944 ,
1693 1912 1727 1941 de

941 1959 993 1988 qua
1002 1950 1190 1989 Epiphanius.
1212 1952 1286 1980 Item
1295 1951 1464 1989 Apocalypfis
1477 1951 1566 1989 Esdra
1587 1962 1620 1981 ex
1639 1952 1725 1982 Nice-

941 1990 1032 2029 phoro
1043 2011 1050 2018 .
1072 1993 1147 2020 Item
1159 1991 1224 2020 Elia
1236 2013 1244 2024 ,
1268 1994 1366 2020 Baron.
1379 1995 1435 2020 An.
1447 2003 1495 2027 44.
1504 2002 1532 2020 n.
1542 2003 1591 2028 49.
1601 1993 1726 2022 Tandem

941 2033 1093 2060 Gratianus
1104 2032 1135 2060 in
1145 2033 1285 2061 Decretal.
1298 2042 1354 2060 tres
1363 2032 1445 2061 refert
1456 2053 1464 2065 ,
1487 2042 1587 2071 nempe
1605 2037 1642 2062 D.
1653 2035 1723 2063 Tho-

942 2083 988 2101 ma
1000 2094 1008 2105 ,
1029 2078 1066 2101 D.
1075 2073 1203 2110 Stephani
1215 2094 1223 2105 ‚
1241 2072 1276 2106 &
1285 2072 1380 2110 Moysis
1391 2094 1399 2106 ‚
1408 2073 1442 2102 de
1453 2073 1590 2112 postremo
1600 2074 1724 2112 loquitur

941 2112 1026 2141 etiam
1044 2111 1221 2142 Caffiodorus
1231 2133 1237 2140 .
1262 2113 1334 2141 Vide
1356 2113 1464 2152 Epopsta
1472 2134 1480 2142 .
1503 2114 1654 2148 Quomodo
1673 2125 1721 2153 per

940 2163 1019 2182 notas
1030 2153 1217 2182 arithmeticas
1227 2154 1255 2181 in
1268 2154 1609 2192 ApocalypfiAntichristi
1621 2165 1723 2185 nomen

939 2192 1101 2223 describitur
1110 2214 1118 2222 .
1141 2194 1215 2223 Vide
1224 2195 1416 2232 Antacbn'stus
1428 2215 1438 2224 0

105 2225 229 2263 phisticis
239 2227 400 2264 Juristrirum
411 2230 618 2270 allegationibus
630 2254 638 2265 ,
659 2232 706 2261 seu
724 2235 1167 2273 eommdemngocuuusn,
1190 2244 1262 2263 mors
1283 2245 1317 2263 ex
1337 2235 1448 2268 inedia,
1470 2236 1516 2266 vel
1533 2237 1631 2275 laqueo
1651 2247 1725 2265 acce—

102 2265 298 2309 subtilitatibus
310 2288 316 2295 .
342 2275 354 2304 [
368 2269 468 2307 Apices
476 2272 543 2308 juris
552 2283 609 2301 non
620 2275 802 2303 attenduntur
811 2296 820 2308 ‚
839 2276 885 2304 ubi

105 2315 196 2345 agitur
206 2307 241 2335 de
249 2306 335 2337 salute
344 2320 442 2338 annnae
453 2331 461 2338 .
483 2312 599 2342 Archid.
610 2313 640 2342 in
648 2325 706 2354 (ap.
718 2314 849 2354 scriptum
859 2323 885 2346 6.

104 2353 199 2386 quaelt-
211 2358 237 2385 3.
256 2348 359 2378 Demus
370 2361 399 2378 ιιι
408 2362 431 2379 c.
441 2361 503 2380 cum
519 2352 622 2382 dileao
631 2356 664 2384 ad
683 2356 730 2385 fin.
750 2356 837 2385 Glofli
857 2358 886 2385 in

104 2387 188 2417 verbo
207 2391 443 2428 procuratricem,
459 2392 495 2422 de
515 2394 611 2423 confir.
630 2396 692 2425 util.
716 2397 762 2426 vel
790 2397 885 2428 inutil.

939 2277 1023 2304 lerata
1034 2298 1042 2309 ,
1064 2286 1079 2304 a
1088 2276 1171 2304 verbo
1180 2285 1274 2315 graeco
1281 2273 1472 2314 ἐπυκαρτερέω
1481 2296 1487 2304 -
1513 2282 1526 2312 [
1547 2279 1704 2316 Hypocrita
1713 2298 1723 2311 ,

939 2326 969 2345 ut
997 2316 1174 2355 apocarteresi
1201 2317 1297 2355 probat
1322 2314 1349 2345 se
1371 2318 1565 2346 Marcionitam
1578 2337 1585 2345 .
1607 2318 1724 2347 Tertull-

939 2357 1016 2385 lib-1.
1026 2359 1128 2388 Contr.
1140 2358 1224 2385 Marc.
1234 2359 1374 2397 Lycurgus
1384 2358 1591 2396 apocarteresim
1601 2358 1723 2395 optavit,

938 2398 1014 2438 quod
1023 2398 1097 2438 leges
1106 2401 1164 2435 ejus
1172 2400 1292 2436 Lacones
1302 2397 1496 2429 emendassent.
1513 2398 1593 2428 Idem
1596 2397 1633 2467 dn
1644 2398 1691 2468 hp.
1699 2409 1724 2427 ι.

1292 2442 1316 2470 E
1359 2450 1375 2471 ι.
1579 2447 1594 2466 a
1616 2447 1663 2468 ver
1676 2457 1684 2467 ·
