1866 2526
168 85 249 132 670
504 80 543 122 T
574 81 620 123 H

154 136 262 178 luitque
281 135 365 173 Jacob
380 136 510 166 confiteri
527 136 622 166 socero
647 135 696 166 suo
707 158 714 170 ‚
733 134 809 175 quod
829 134 934 173 fugeret
945 155 952 162 .

157 177 261 209 Genes.
279 187 336 216 cap.
347 189 359 216 3
371 188 393 206 1.
404 180 416 210 ]
435 178 604 216 paraphrasis
625 176 778 207 chaldaica
795 175 951 203 transtulit:

157 225 172 256 t
184 225 218 250 Et
236 220 300 249 tulit
311 218 418 249 Rachel
438 218 570 257 imagines
582 239 590 250 ‚
612 227 671 256 quae
684 227 760 246 erant
778 215 862 254 patris
870 214 910 242 sui
920 218 951 247 .]

155 264 244 292 Locus
255 271 322 290 vero
331 260 426 288 citatus
435 258 510 289 Osee
520 259 553 287 (ic
563 258 706 296 legitur'in
715 258 844 295 Vulgata:
859 261 871 291 [
883 256 954 292 Quia

156 303 213 332 dies
223 303 326 331 multos
337 300 467 329 sedebunt
478 298 529 328 filii
538 296 620 327 Israel
631 299 687 327 fine
697 300 802 336 rcge‚&
812 297 868 325 fine
879 296 954 334 prin-

156 345 218 381 cipe
228 366 235 376 ,
245 347 271 371 ὃ(
287 344 340 371 (ine
351 339 485 368 sacrificio
495 362 502 372 ‚
512 343 540 367 «Sc
552 339 608 367 sine
619 338 717 371 altari,
731 342 757 366 ὃς
769 337 824 366 fine
837 336 934 374 Ephod
945 358 953 369 ‚

157 388 185 412 ἃ
198 384 254 412 fine
264 380 430 420 theraphim.
443 382 455 411 ]
466 381 547 408 LXX.
559 388 649 407 autem
659 379 776 406 habent:
793 383 804 412 [
817 377 888 412 Quia
898 377 954 406 dic-

157 425 203 452 bus
221 422 354 452 sedebunt
371 421 463 450 multis
483 419 535 448 filii
553 418 637 447 Israel
656 429 714 446 non
723 418 858 446 existente
869 427 932 456 rege
946 439 953 450 ,

158 474 248 501 neque
271 464 395 502 principe
406 483 415 494 ‚
438 471 526 498 neque
544 459 681 488 existente
699 458 829 487 sacrificio
839 479 847 491 ,
865 468 953 496 neque

157 504 294 534 existente
304 502 382 533 altari
394 522 405 538 2
414 511 503 539 neque
511 499 666 529 sacerdotio
676 521 684 532 ‚
702 509 791 537 neque
801 498 953 527 manifesta-

157 545 237 574 tione
247 567 254 574 .
264 547 276 577 ]
288 543 437 575 Chaldaica
447 540 612 579 paraphrasis
623 539 774 568 transtulit:
789 545 801 574 [
814 538 887 575 Quia
897 539 954 567 die-

156 588 202 615 bus
212 585 305 614 multis
323 584 469 613 manebunt
479 582 530 610 filii
540 581 627 610 Israel
639 579 734 618 absque
751 590 815 618 rege
826 581 860 608 dc
870 579 954 607 domo

156 626 254 657 David
266 635 400 665 prognato
411 647 418 658 ,
437 627 465 652 ἃ
475 621 572 660 absque
583 620 738 650 domimum
757 621 910 658 capessente
922 621 951 648 in

156 666 241 697 Israel
252 689 260 699 ‚
271 678 320 696 nec
332 667 386 695 erit
396 687 404 698 ,
422 663 469 702 qui
479 662 609 691 sacrificet
621 661 650 689 in
660 661 859 699 beneplacitum
869 661 899 689 in
909 662 953 698 Je-

154 706 271 736 rusalem
281 729 289 740 ,
311 718 360 735 nec
378 706 431 735 erit
444 704 473 732 in
494 703 610 732 Samaria
621 701 756 730 excelsum
767 723 774 733 ‚
797 712 908 730 necnon
921 704 953 729 E>

157 748 247 786 phod,
258 758 308 776 nec
318 748 365 786 qui
376 743 536 783 responsum
548 744 643 772 redd-it
653 764 659 769 .
673 745 684 774 ]
696 741 789 770 Gioss12
798 742 953 771 Ordinaria

155 789 225 817 hanc
245 788 399 817 dictionem
411 787 445 815 lic
457 784 591 823 exponit:
617 782 808 820 [Theraphiin
825 783 954 810 dicuntur

159 829 254 868 figurae
268 833 311 860 ,δε
325 828 461 857 (walacra
471 848 478 859 ,
497 834 555 864 quze
566 824 609 853 liic
623 823 808 861 intelligimus
818 843 825 850 .
846 822 952 851 Cheru-

157 870 214 898 bim
226 892 232 902 ‚
243 874 269 898 δι
282 869 435 907 Seriphim,
447 868 491 895 vel
504 866 630 904 quaelibet
641 864 692 892 alia
703 863 799 902 templi
810 874 954 892 ornamen-

159 920 202 938 ta.
215 912 227 941 ]
247 907 494 939 Rabschelomonis
513 905 587 944 Jirbi
598 905 655 934 haec
675 904 738 933 sunt
750 905 845 933 verba:
869 905 955 941 [Sine

155 950 256 989 Ephod
266 949 388 988 ipsorum
397 948 485 979 Urim
497 969 504 979 ,
514 951 541 975 ὃ(
551 945 690 975 Tunimim
705 967 711 977 ,
723 945 795 983 quod
806 947 910 974 occulta
924 946 955 974 il-

158 991 191 1019 lis
201 991 321 1026 judicet:
334 995 361 1019 &
374 991 430 1020 fine
440 985 610 1025 Theraphim
619 1007 626 1014 .
638 988 706 1015 Sunt
720 985 853 1024 imagines
862 1007 872 1022 ,
894 996 953 1024 quae

157 1030 227 1060 fiunt
238 1041 298 1060 cum
309 1031 467 1067 intentione
478 1028 557 1057 unius
569 1026 646 1056 horae
658 1025 730 1056 adid
739 1036 900 1064 comparatae
912 1048 918 1059 ,
929 1031 955 1055 &

157 1073 310 1110 loquuntur
321 1083 353 1100 ex
366 1070 421 1099 sese
431 1093 438 1104 ,
459 1080 487 1097 ac
498 1068 627 1097 nuntiant
647 1067 755 1095 occulta
766 1088 773 1095 .
796 1068 837 1095 Sic
848 1078 956 1106 quoque

156 1113 298 1142 transtulit
308 1111 465 1151 Jonathan;
479 1111 539 1138 Nec
550 1109 603 1136 erit
615 1107 715 1146 Ephod
725 1129 732 1140 ‚
743 1118 788 1136 aut
798 1108 930 1142 judicans.
943 1111 953 1139 ]

158 1154 227 1182 Rab.
238 1153 350 1191 quidem
362 1151 498 1182 Abraham
510 1150 675 1179 Aben-Ezra
686 1148 721 1176 ita
730 1147 865 1186 exposuit:
882 1148 957 1183 [Di-

156 1194 195 1222 cit
207 1193 307 1232 Japhet
320 1194 391 1222 filius
405 1193 448 1221 Eli
461 1213 467 1224 ‚
489 1193 551 1220 Hoc
561 1190 599 1218 est
612 1212 619 1222 ,
638 1189 712 1228 quod
723 1189 795 1217 dixit
808 1189 956 1227 :quianon

155 1234 235 1263 facies
254 1233 323 1262 mihi
335 1233 498 1262 sacrificium
516 1229 671 1268 theraphim
682 1230 784 1258 statua:
803 1232 880 1264 juxta
895 1229 957 1258 scn-

155 1274 275 1303 tentiam
287 1277 342 1309 ejus
354 1285 411 1302 non
422 1274 459 1302 est
469 1273 552 1300 statua
564 1270 714 1309 prohibita,
726 1269 772 1298 sed
784 1270 848 1298 licut
857 1271 954 1308 loquu-

160 1325 188 1344 ta
205 1315 243 1343 est
254 1315 296 1343 lex
308 1320 320 1348 (
332 1318 472 1342 nimirum
483 1324 513 1340 m
522 1312 712 1346 lalajudtcum
723 1314 754 1343 .)
773 1313 813 1339 At
823 1310 870 1338 :ilii
880 1311 957 1339 dixe-

158 1365 222 1384 runt
232 1355 324 1384 onmia
338 1355 372 1383 de
382 1354 470 1383 Idolis
479 1353 533 1380 dici
546 1364 551 1380 :
564 1351 678 1380 sednon
691 1350 846 1379 invenimus
858 1351 957 1389 Ephod

156 1396 188 1424 in
209 1395 376 1433 vituperium
386 1416 392 1423 .
415 1394 466 1423 Sed
484 1393 585 1421 restruit
595 1391 673 1420 estin
691 1393 776 1420 oculis
794 1391 861 1419 meis
873 1403 879 1419 :
902 1392 957 1420 fine

159 1436 296 1465 sacrificio
307 1436 448 1464 Domino:
468 1434 523 1462 sine
535 1434 618 1461 statua
628 1433 677 1470 ipsi
688 1433 752 1460 Baal
764 1453 770 1464 ‚
791 1432 846 1460 fine
858 1431 956 1470 Ephod

158 1476 285 1506 Domino
296 1498 303 1509 ‚
314 1480 341 1505 S<
353 1477 409 1505 fine
418 1473 588 1512 Theraphim
599 1473 680 1501 idolis
692 1494 698 1505 ,
711 1483 769 1511 qux
782 1473 870 1501 labin
881 1475 957 1501 Deos

158 1517 219 1546 suos
231 1516 385 1555 appellavit
396 1517 473 1546 δερ]
494 1514 562 1543 Rab.
575 1513 670 1542 David
681 1513 774 1541 Kimki
786 1512 823 1540 ita
833 1511 908 1542 Osee
918 1514 957 1540 lo-

160 1566 222 1586 cum
236 1558 371 1595 exponit.-
393 1558 486 1592 [Non
496 1554 532 1583 est
552 1553 714 1582 sacrificiunt
734 1554 766 1581 ad
776 1554 867 1581 Deum
877 1575 886 1587 ,
910 1564 957 1581 nec

160 1598 247 1627 statua
256 1599 290 1627 ad
308 1598 388 1627 Idola
400 1597 533 1625 colenda:
553 1596 621 1624 Non
631 1594 668 1622 est
681 1593 780 1632 Ephod
790 1594 870 1627 Deo,
882 1594 956 1632 quod

162 1640 275 1667 nunciet
298 1638 388 1667 sutura
405 1648 453 1676 per
471 1636 557 1666 Urim
570 1659 577 1668 ‚
595 1639 622 1663 δ(
642 1634 797 1664 Tuminini:
819 1637 879 1663 Ncc
896 1634 958 1663 sunt

159 1678 329 1717 Theraphim
346 1678 447 1711 idolis,
466 1686 525 1715 quie
539 1675 724 1713 pronunciant
735 1675 823 1703 futura
840 1678 915 1711 juxta
927 1686 954 1703 o-

159 1720 305 1758 pinionem
315 1719 491 1748 credentium
503 1716 533 1744 in
544 1727 582 1744 ca:
593 1716 627 1744 fic
640 1726 688 1743 nos
699 1715 783 1743 hodie
796 1715 824 1743 in
837 1715 890 1744 hoc
900 1716 958 1744 exi-

160 1761 200 1789 lio
209 1771 306 1788 omnes
317 1760 367 1788 filii
378 1758 461 1787 Israel
471 1757 560 1786 sumus
571 1777 578 1784 .
592 1758 603 1787 ]
618 1756 721 1791 Quibus
730 1755 868 1793 astipulari
880 1756 957 1784 vide—

160 1809 205 1830 tur
215 1803 338 1836 Lyranus
350 1809 492 1837 exponens
502 1807 550 1835 pei·
559 1797 726 1833 Theraphim
736 1797 873 1825 simulacra
882 1798 960 1825 Deo-

164 1851 243 1872 rum5
262 1841 308 1869 sed
318 1841 379 1868 haec
397 1840 497 1878 opinio
517 1838 695 1877 impugnatur
704 1847 718 1865 a
737 1837 877 1872 Dionysio
887 1838 956 1866 Car-

162 1880 235 1910 thus.
246 1890 296 1910 art.
311 1885 336 1909 8.
358 1881 388 1909 in
399 1891 421 1908 c.
434 1891 461 1918 3.
479 1877 555 1909 Osee
568 1900 575 1911 ,
595 1888 625 1906 exi
646 1876 817 1915 potiffimum
834 1877 958 1911 ratione,

158 1922 223 1960 quin
246 1922 322 1951 Deus
341 1920 370 1949 in
383 1921 544 1958 praedic‘tuin
565 1918 712 1956 Prophetae
725 1919 814 1946 iocum
837 1919 959 1947 Hebraeis

160 1972 324 1991 ornamenta
343 1962 458 2000 templi,
479 1964 506 1989 ὃ(
516 1959 662 1997 religionis
681 1959 800 1987 minatur
815 1957 842 1987 se
860 1959 959 1988 ablatu-

163 2013 223 2031 rum
234 2015 242 2035 ς
255 2003 346 2041 itaque
357 2002 392 2031 fic
402 2001 495 2040 inquit
505 1999 701 2029 carthusianus
713 2011 718 2027 :
734 2002 792 2033 [Et
802 1998 858 2027 fine
868 1997 958 2028 thera-

161 2043 241 2081 phim
253 2065 260 2076 ‚
280 2043 347 2072 idest
358 2064 366 2075 ,
388 2041 549 2081 imaginibus
569 2040 723 2069 Cherubim
734 2061 742 2073 ,
760 2043 788 2067 ὅ(
799 2039 940 2078 Seraphim
952 2063 958 2073 ,

160 2094 222 2121 quae
233 2094 308 2112 erant
320 2083 350 2111 in
360 2083 465 2121 templo
476 2105 482 2115 ,
496 2092 556 2120 quae
571 2081 649 2109 simul
659 2091 718 2108 cum
729 2080 833 2118 templo
842 2079 956 2109 cefl'ave-

161 2133 226 2152 runt
237 2145 243 2151 .
256 2122 424 2161 Tlieraphim
437 2132 548 2161 proprie
557 2120 878 2159 appellanturlimulacra
888 2143 896 2154 ‚
915 2120 959 2149 seu
980 2129 982 2131 '

162 2163 257 2202 figura:
269 2185 275 2196 ‚
287 2162 334 2191 sed
349 2174 420 2192 nunc
433 2174 483 2202 pro
495 2162 647 2193 Cherubim
657 2183 665 2194 ,
679 2172 707 2190 ac
719 2160 861 2199 Seraphim
871 2183 878 2194 ,
889 2162 960 2190 aliis—

162 2213 199 2232 ve
207 2203 370 2242 quibuslibet
389 2203 486 2242 templi
497 2202 666 2231 ornamentis
685 2201 827 2230 sumuntur
837 2223 844 2234 ‚
863 2200 959 2230 secun-

163 2244 228 2273 dum
249 2244 455 2279 Hieronymum
465 2265 471 2271 .
491 2244 609 2277 Quidam
621 2252 669 2281 per
689 2241 845 2280 theraphim
856 2242 961 2271 intelli-

165 2293 235 2323 gunt
246 2285 390 2323 nauigium,
400 2285 428 2312 in
439 2284 533 2322 quibus
543 2283 665 2312 solebant
673 2284 822 2311 Daemoues
831 2282 893 2310 dare
904 2283 956 2312 res-

164 2324 249 2362 ponsa
258 2346 266 2357 ‚
276 2324 371 2363 quibus
381 2325 505 2357 obviant,
518 2324 681 2362 quiaornnia
692 2345 699 2356 ‚
711 2324 806 2362 quibus
814 2322 865 2350 filii
877 2322 959 2354 lsrael

163 2364 294 2393 dicuntur
305 2364 359 2393 hoc
372 2367 434 2394 loco
444 2364 558 2403 privari,
570 2365 709 2402 pertinere
722 2364 850 2393 videntur
859 2363 893 2390 ad
902 2374 959 2402 ptr:-

171 2414 234 2433 nam
245 2415 338 2436 eorum
350 2426 358 2440 ,
367 2415 450 2445 atque
461 2404 597 2435 misenam
607 2415 720 2444 propter
728 2413 822 2432 eorum
831 2413 940 2442 peccata
953 2427 959 2433 .

1009 133 1067 165 Esse
1079 145 1145 165 vero
1155 135 1211 165 fine
1223 134 1379 174 theraphim
1390 160 1398 171 ‚
1411 136 1516 167 felicius
1529 140 1565 169 est
1578 162 1586 173 ,
1596 150 1676 179 quam
1686 150 1715 170 ea
1725 139 1805 171 habe-

1008 185 1038 204 re
1046 197 1053 204 .
1067 176 1197 220 Denique
1207 174 1316 213 Ephod,
1327 181 1356 206 δε
1367 177 1524 217 theraphim
1534 191 1612 210 erant
1625 182 1654 210 in
1663 180 1802 211 habitacu—

1009 215 1038 245 lo
1048 219 1153 246 Levitae
1165 239 1173 249 ,
1185 217 1232 255 qui
1244 225 1302 244 crat
1312 218 1440 247 sacerdos
1450 220 1560 255 Michae,
1571 232 1602 250 ut
1612 222 1714 261 legitur
1723 223 1804 259 Judi-

1010 267 1071 286 cum
1086 269 1094 285 i
1102 269 1128 290 7.
1140 259 1152 288 ]
1165 257 1332 287 LeQffCastro
1345 257 1421 287 Osee
1438 270 1636 291 commentator
1645 262 1805 301 theraphim

1009 297 1147 336 intelligit
1164 298 1215 326 efle
1233 297 1336 336 lapides
1358 297 1420 327 illos
1440 301 1570 337 pretiosos
1591 304 1621 331 in
1639 302 1710 332 sacra
1730 305 1806 333 veste

1009 339 1114 367 Summi
1125 337 1278 367 Sicci-dotis
1287 338 1388 376 politos
1399 361 1406 372 ,
1416 349 1448 367 ex
1461 351 1575 378 quorum
1583 343 1729 382 splendore
1740 366 1746 377 ‚
1759 345 1806 374 vel

1010 377 1174 407 obscuritate
1193 378 1409 407 vaticinabantur
1419 379 1507 409 futura
1517 403 1525 414 ‚
1550 392 1580 411 ut
1589 384 1671 413 tradit
1683 384 1785 423 Joseph
1797 405 1805 417 ,
1834 416 1837 418 Α

1011 419 1044 448 de
1054 420 1139 458 antiq.
1160 419 1206 447 lib.
1218 429 1244 456 3.
1255 429 1278 446 c.
1294 430 1335 447 io.
1348 419 1446 448 Castro
1458 442 1464 452 ,
1487 422 1597 459 inquam
1609 444 1616 455 ‚
1629 425 1806 454 translationi

1010 462 1092 488 LXX.
1105 459 1236 488 innititur
1245 481 1253 491 ,
1272 458 1318 497 qui
1331 469 1381 497 pro
1392 459 1558 490 diffitionibus
1569 463 1660 500 Ephod
1671 486 1677 497 ,
1697 469 1724 494 &
1735 467 1805 495 The-

1009 501 1118 538 raphim
1136 500 1353 537 interpretantur
1371 501 1529 530 sacerdotio
1541 523 1549 535 ,
1569 507 1596 532 δ(
1606 504 1805 535 Manifestatio-

1009 551 1044 569 ne
1053 561 1060 568 .
1081 542 1148 577 Quae
1160 539 1258 578 opinio
1270 550 1303 568 cx
1313 539 1466 570 Cherubim
1479 542 1652 581 etymologia
1663 546 1806 575 confirma-

1009 590 1053 610 tur
1063 602 1071 614 ‚
1083 591 1142 620 quae
1155 580 1239 609 latine
1251 580 1462 611 similitudinem
1473 605 1479 615 ,
1502 588 1529 612 ὃ(
1544 584 1713 613 (imulacruin
1724 585 1806 624 ligni<

1009 622 1090 650 ficat:
1110 620 1175 649 hinc
1187 621 1396 659 aequivocarunt
1416 623 1564 661 supradicti
1586 625 1738 663 impugnati
1751 629 1808 654 Au-

1010 663 1113 693 &oress
1125 661 1194 690 male
1204 661 1395 700 intelligentes
1414 664 1552 694 simulacra
1562 665 1687 693 Deorum
1699 686 1707 693 .
1732 665 1804 695 Vide

1010 703 1161 730 Cherubim
1172 722 1179 729 .
1200 703 1344 731 Caeterum
1357 702 1451 733 dehac
1461 704 1585 734 difflone
1594 704 1625 733 fit
1635 706 1742 734 mentio
1752 728 1760 738 ,
1773 706 1803 734 in

1010 753 1069 780 cap.
1086 754 1129 775 ¹7·
1141 741 1269 780 Judicum
1281 742 1309 770 in
1320 743 1521 781 significatione
1531 746 1676 775 idolorum
1688 767 1695 779 .
1718 747 1807 775 ubisit:

1011 783 1141 811 habetur:
1162 783 1239 818 [Qui
1250 782 1392 812 aediculam
1404 785 1435 813 in
1444 796 1474 814 ea
1483 788 1545 815 Deo
1554 785 1691 824 separavit
1702 808 1711 820 ‚
1730 790 1758 816 ὃ(
1769 786 1809 815 fe-

1010 823 1049 851 cit
1060 822 1159 861 Ephod
1170 844 1178 855 ‚
1198 826 1226 850 δε
1237 821 1404 861 Theraphim
1415 847 1422 858 ‚
1434 825 1501 855 idest
1511 849 1519 860 ‚
1541 827 1642 855 vestem
1652 827 1812 856 Sacerdotu-

1011 865 1066 892 lem
1079 885 1085 895 ,
1097 867 1125 892 &
1135 862 1213 892 Idola
1223 882 1230 890 .
1242 864 1255 894 ]
1268 865 1341 891 Item
1350 885 1358 896 ,
1368 875 1427 904 cap.
1443 876 1452 893 1
1462 872 1486 894 8.
1498 867 1563 895 ibid.
1576 867 1693 902 [Nostis
1705 889 1713 900 ,
1734 869 1810 906 quod

1011 904 1041 932 in
1052 904 1175 933 domibus
1186 902 1242 932 istis
1254 903 1287 932 sit
1298 904 1398 942 Ephod
1408 927 1416 938 ‚
1430 909 1456 934 δ(
1466 906 1646 944 Theraphim‚
1656 912 1684 937 δε
1694 907 1810 946 sculpti-

1011 945 1036 973 le
1046 965 1056 980 ,
1067 954 1146 983 atque
1157 943 1336 977 conflatile-J
1355 949 1388 974 Et
1400 945 1530 975 inferius:
1553 950 1616 982 [At
1633 948 1695 981 illi,
1708 948 1807 986 quiin-

1011 984 1090 1024 gressi
1106 985 1214 1013 fuerant
1224 985 1337 1013 domum
1346 987 1454 1020 juvenis
1465 1009 1471 1020 ‚
1494 986 1622 1026 sculptile
1632 1010 1639 1021 ,
1651 992 1679 1017 δε
1691 988 1789 1026 Ephod
1802 1012 1810 1022 ,

1011 1030 1039 1054 ὅ(
1049 1024 1221 1064 Theraphim
1229 1048 1238 1059 ‚
1257 1034 1337 1063 atque
1348 1027 1486 1056 conflatile
1496 1028 1594 1057 tollere
1606 1029 1765 1057 nitebantur
1776 1051 1782 1057 .
1794 1032 1808 1062 ]

1013 1070 1048 1095 Et
1068 1067 1127 1104 post
1144 1076 1241 1104 pauca:
1272 1068 1430 1101 [Tulerunt
1451 1069 1536 1107 igitur
1556 1069 1602 1107 qui
1624 1068 1793 1098 intraverant
1804 1092 1812 1103 ‚

1011 1106 1141 1145 sculptile
1152 1128 1163 1144 ,
1173 1106 1273 1145 Ephod
1283 1128 1290 1139 ,
1301 1110 1328 1135 ὅ(
1338 1108 1419 1136 Idola
1430 1131 1436 1141 ,
1450 1119 1532 1148 atque
1541 1110 1681 1138 conflatile
1693 1111 1722 1140 .]
1737 1112 1809 1139 Item

1011 1148 1094 1186 paulo
1105 1148 1182 1186 post:
1196 1152 1252 1183 [Et
1265 1147 1329 1176 tulit
1341 1147 1439 1188 Ephod
1448 1172 1455 1182 ‚
1469 1154 1497 1179 ὃ(
1508 1150 1595 1183 Idola,
1609 1161 1638 1178 ac
1648 1149 1778 1188 sculptile
1794 1153 1807 1182 ]

1010 1190 1108 1226 Itaque
1118 1188 1273 1226 impugnari
1285 1192 1373 1226 potest
1393 1189 1674 1228 Cartliusimiopiiiio
1689 1212 1696 1224 ‚
1710 1192 1811 1220 nedum

1012 1239 1046 1257 ex
1056 1227 1130 1257 hisce
1141 1229 1344 1257 auetoritatibus
1356 1251 1361 1261 ,
1375 1230 1449 1268 quod
1461 1230 1632 1270 Theraphim
1643 1232 1726 1260 etiam
1735 1232 1809 1260 idola

1011 1269 1148 1307 significet
1157 1281 1167 1300 ε,
1188 1268 1234 1297 sed
1245 1269 1328 1297 etiam
1339 1270 1415 1299 Osee
1426 1272 1515 1300 verbis
1527 1293 1533 1303 .
1557 1283 1620 1300 nam
1630 1272 1767 1310 Propheta
1781 1273 1811 1300 in

1012 1309 1125 1348 persona
1144 1310 1199 1338 Dei
1221 1310 1353 1338 Hebraeos
1372 1311 1524 1340 minabatur
1541 1312 1645 1341 auferre
1663 1313 1697 1341 de
1716 1313 1811 1340 medio

1010 1351 1121 1378 illorum
1132 1359 1243 1377 omnen]
1253 1350 1331 1387 regni
1342 1351 1505 1388 potestatem
1518 1374 1524 1384 ‚
1538 1356 1565 1380 δε
1575 1353 1717 1390 religionis
1729 1353 1811 1381 deco-

1012 1401 1068 1419 rem
1080 1412 1088 1423 ‚
1106 1400 1135 1418 ut
1147 1390 1184 1418 ita
1195 1390 1356 1418 mortificati
1369 1412 1376 1423 ,
1398 1401 1426 1420 τις
1439 1393 1555 1420 contriti
1577 1392 1715 1421 auferrent
1725 1393 1809 1421 etiam

1013 1431 1043 1459 ab
1054 1431 1090 1458 eis
1104 1431 1171 1459 vitia
1184 1452 1191 1462 ‚
1210 1435 1237 1458 ἅ
1249 1430 1451 1459 idololatriam:
1474 1432 1546 1461 unde
1555 1432 1626 1461 hanc
1636 1434 1810 1472 protestatio-

1014 1481 1078 1498 nem
1089 1469 1198 1498 exorsus
1210 1471 1247 1498 est
1266 1469 1342 1499 Osee
1363 1481 1420 1508 cap.
1434 1483 1459 1500 2.
1471 1473 1597 1510 inquiens
1608 1479 1620 1507 [
1633 1474 1746 1502 Auferat
1758 1474 1811 1502 for-

1012 1511 1164 1539 nititiones
1173 1521 1186 1538 a
1197 1510 1281 1543 facie(
1291 1514 1428 1539 nimirum
1439 1534 1446 1544 ‚
1458 1516 1587 1550 Sinagogae
1600 1516 1629 1544 ),
1641 1517 1667 1542 ὃ(
1678 1513 1813 1542 adulteria

1012 1553 1041 1580 in
1053 1551 1143 1580 medio
1154 1551 1264 1580 uberum
1272 1550 1381 1579 suorum
1393 1573 1400 1584 ‚
1415 1564 1448 1581 ne
1460 1552 1529 1581 forte
1542 1553 1680 1591 expoliam
1693 1564 1751 1583 eam
1763 1564 1811 1582 nu-

1013 1593 1074 1621 dam
1084 1612 1090 1619 .
1103 1593 1114 1623 ]
1129 1592 1202 1620 Idest
1211 1614 1219 1624 ‚
1230 1601 1260 1620 iit
1271 1592 1300 1619 in
1313 1592 1410 1620 eodem
1419 1604 1476 1631 cap.
1499 1593 1629 1628 [Cessare
1643 1593 1737 1622 faciam
1747 1605 1810 1623 oni-

1014 1644 1047 1661 ne
1066 1633 1196 1672 gaudium
1217 1635 1273 1667 ejus
1282 1654 1290 1665 ,
1309 1631 1513 1662 solemnitatem
1533 1637 1590 1670 ejus
1600 1655 1607 1666 ‚
1636 1635 1811 1663 neomeniam

1014 1677 1069 1709 ejus
1078 1697 1085 1707 ,
1096 1678 1122 1702 δε
1133 1674 1271 1701 Sabbatum
1282 1676 1347 1708 ejus,
1358 1677 1385 1702 ἃ
1396 1674 1488 1702 omnia
1499 1673 1563 1702 festa
1573 1676 1706 1713 temporis
1716 1678 1780 1710 ejus.-
1797 1677 1811 1706 1

1014 1714 1059 1742 sed
1070 1725 1125 1752 quo
1143 1713 1198 1742 fine
1210 1713 1262 1742 hoc
1281 1713 1396 1742 neturus
1408 1724 1463 1744 erat
1473 1716 1566 1744 Deus?
1586 1719 1627 1743 En
1637 1716 1710 1753 quod
1721 1726 1768 1753 pei·
1779 1726 1821 1743 σε’

1013 1754 1133 1791 ejusdem
1144 1753 1291 1792 Prophetae
1304 1776 1312 1787 ,
1327 1755 1392 1783 ibid.
1404 1757 1477 1784 Deus
1488 1755 1542 1793 ipse
1554 1754 1722 1794 respondens
1732 1777 1739 1788 ‚
1751 1755 1812 1784 sub-

1013 1796 1106 1834 jungit
1118 1818 1124 1829 ,
1136 1805 1181 1823 ut:
1206 1801 1218 1830 [
1231 1799 1265 1823 Et
1283 1794 1402 1823 auferam
1423 1796 1536 1824 nomina
1553 1796 1656 1824 Baalim
1676 1801 1790 1833 (nempe
1803 1817 1812 1828 ,

1013 1837 1147 1865 Idolorum
1159 1839 1171 1868 )
1189 1836 1223 1864 de
1234 1846 1282 1864 ore
1292 1837 1348 1870 ejus
1357 1856 1368 1871 ‚
1385 1840 1480 1865 &non
1499 1837 1681 1864 recoi-dibitttt-
1691 1836 1805 1873 amplius

1014 1877 1134 1904 nominis
1145 1887 1239 1904 eorum
1250 1898 1257 1904 .
1270 1879 1281 1908 ]
1296 1876 1377 1912 Quod
1391 1877 1409 1905 fi
1420 1876 1473 1905 hoc
1483 1876 1581 1906 facient
1592 1876 1804 1909 Ifi·aelitae‚tunc

1013 1916 1152 1955 subjungit
1164 1917 1339 1945 immediate.-
1363 1922 1375 1951 [
1388 1917 1540 1946 Percutiam
1550 1927 1611 1945 cuni
1633 1918 1670 1945 eis
1683 1917 1770 1945 foedus
1781 1917 1813 1944 in

1015 1958 1059 1986 die
1069 1958 1116 1985 illa
1127 1978 1133 1984 .
1145 1960 1156 1988 ]
1167 1957 1296 1995 Duplicizz
1307 1968 1373 1996 ergo
1384 1958 1423 1985 ait
1432 1959 1505 1986 Deus
1516 1957 1543 1985 se
1553 1958 1715 1990 ablaturum,
1726 1961 1753 1985 δι’
1762 1958 1812 1985 bo·

1014 2010 1049 2027 na
1060 2019 1069 2031 ,
1080 2008 1178 2036 nempe
1189 2019 1197 2031 ‚
1216 1998 1393 2026 caeremonias
1403 2019 1410 2030 ‚
1430 2001 1457 2026 ἃ
1469 1999 1535 2026 mala
1547 2020 1554 2031 ‚
1575 1998 1707 2027 adulteria
1717 2019 1724 2029 ,
1736 1996 1811 2025 scili-

1013 2048 1060 2067 cet
1072 2060 1078 2071 ,
1092 2038 1284 2066 fornicationes
1296 2060 1302 2071 ‚
1314 2042 1341 2067 &
1352 2038 1538 2067 idololatriam
1549 2050 1557 2070 5
1569 2039 1642 2066 unde
1651 2048 1811 2076 retorquen-

1015 2080 1053 2108 do
1073 2078 1250 2107 Cartliusiani
1268 2088 1460 2117 argumentum
1471 2101 1479 2111 ,
1501 2079 1575 2118 quod
1595 2089 1690 2107 verum
1701 2078 1813 2116 quidem

1016 2120 1065 2153 est,
1076 2120 1149 2158 quod
1157 2119 1303 2148 auferendo
1314 2118 1445 2148 Israelitis
1457 2119 1600 2148 felicitates
1612 2119 1732 2158 regni‚&
1742 2128 1812 2146 tem-

1017 2161 1076 2199 pli,
1087 2159 1250 2188 miserabiles
1260 2171 1305 2188 eos
1315 2160 1407 2188 reddit
1419 2182 1426 2192 ‚
1437 2164 1463 2189 δ(
1475 2160 1633 2198 privatione
1641 2157 1788 2196 Teraphim
1800 2181 1808 2192 ‚

1015 2200 1122 2230 felicius
1141 2201 1179 2229 eis
1189 2201 1244 2229 erit
1253 2221 1260 2228 .
1278 2201 1330 2230 Sed
1340 2201 1438 2229 ablatio
1459 2201 1593 2229 bonorum
1603 2211 1633 2229 ea
1650 2199 1811 2228 intentione

1015 2241 1197 2280 praeniittitui·
1205 2252 1218 2269 a
1227 2242 1291 2270 Deo
1303 2263 1310 2275 ‚
1324 2251 1353 2269 ut
1364 2241 1479 2279 populus
1489 2242 1590 2275 exinde
1598 2240 1735 2269 contritus
1751 2240 1814 2268 ido-

1016 2283 1040 2310 ia
1054 2285 1097 2316 ,ἀ
1110 2282 1178 2310 vitia
1188 2282 1349 2310 detestetur.
1362 2283 1421 2311 Nec
1432 2282 1560 2320 Judicum
1571 2280 1723 2312 auctoritas,
1735 2290 1810 2313 c.i7.

1016 2332 1098 2360 quam
1110 2332 1161 2360 pro
1169 2321 1195 2350 se
1206 2322 1401 2351 Cat-thufianus
1412 2322 1487 2351 affert
1495 2344 1503 2355 ,
1514 2323 1538 2350 ei
1549 2319 1725 2358 suffragatum
1737 2330 1813 2354 nam,
1850 2356 1852 2359 Ι

1017 2373 1046 2390 ut
1057 2362 1135 2401 supra
1145 2363 1245 2395 retuli,
1265 2363 1370 2391 iteratis
1381 2363 1483 2391 vicibus
1494 2362 1612 2390 declarat
1622 2362 1678 2389 Sne.
1689 2360 1811 2397 Scriptu-

1018 2414 1046 2432 ra
1066 2403 1103 2432 ibi
1123 2414 1175 2443 pro
1183 2402 1354 2442 Theraphim
1371 2403 1450 2432 Idola
1469 2401 1629 2440 intelligere
1641 2413 1649 2434 5
1668 2401 1714 2430 ubi
1734 2401 1815 2429 vide-

1709 2449 1753 2469 tur
1759 2461 1770 2475 2
