1866 2526
435 41 541 84 BA

63 111 164 133 monet
174 123 183 136 ,
206 109 353 140 numquam
363 99 461 129 debere
481 109 527 128 eos
538 98 614 127 inter
632 107 676 127 tot
696 95 869 126 oblatratio-'

68 153 137 173 num
146 141 282 172 vitiorum
293 151 374 170 canes
384 162 392 174 ‚
404 144 433 169 δε
443 139 597 169 invifibiles
608 138 795 178 nequitiarum
804 137 859 177 spi·

69 183 212 213 ritualium
221 182 316 212 bestias
327 183 444 210 inermes
454 180 583 209 incedere
593 201 601 213 ‚
621 179 669 209 lib.
684 191 707 208 ι.
720 180 753 209 de
765 180 858 209 Instit-

71 226 196 259 Renunp
210 233 274 262 cap.
290 234 321 260 9.
334 225 346 254 ]
359 223 405 251 De
424 221 478 250 hoc
496 221 582 250 etiam
598 221 772 249 mentionem
794 220 869 262 faciq

69 263 189 293 Isidorus
199 263 334 293 Pelufiota
346 261 432 302 Epist.
442 274 493 299 92·
503 261 550 290 lib.
565 272 591 298 ς.
604 262 649 291 Ad
668 271 784 300 quorum
797 261 870 307 inii-¹

69 304 207 333 tationem
217 304 302 332 etiam
313 303 466 333 Eremitani
478 302 597 332 Ordinis
617 303 642 331 S.
656 301 806 341 Augustini
827 301 859 330 {i-

70 345 166 373 milem
176 344 389 378 baculumneste
398 343 522 382 Jordano
532 344 566 372 dc
577 343 696 372 Saxonia
706 343 752 371 lib.
771 353 793 371 i.
808 342 859 371 fcr-

71 396 99 414 re
118 383 245 414 solebant
256 407 265 419 ‚
287 385 335 424 qui
351 387 429 420 juxta
448 384 582 423 Gregorii
604 385 654 413 IX.
682 383 859 412 constitutio-

72 435 136 454 nem
149 447 156 458 ,
179 436 239 465 quae
255 426 355 464 incipit
367 427 484 454 Dudum
502 429 639 462 oportuit,
661 424 783 463 quinque
803 424 859 462 pal-

69 476 179 495 morum
196 465 248 496 effe
267 467 380 495 debebat
392 487 399 494 .
422 465 534 494 Deinde
553 465 733 494 Innocentius
754 466 805 492 VI.
833 468 860 493 &

70 507 232 536 Alexander
243 508 296 535 IV.
307 507 345 534 eis
356 505 526 534 indulserant
537 527 545 538 ‚
568 517 602 535 ne
612 507 640 534 in
659 505 798 544 posterum
817 506 861 533 ba—

73 547 166 576 culum
176 547 247 576 serre
258 557 421 575 tenerentur
432 567 439 574 .
462 549 519 576 PR.
529 546 676 575 Maronitae
699 555 756 574 tam
768 546 861 574 Eccle-

76 587 175 617 fiastici
186 610 194 621 ‚
217 598 298 627 quam
308 587 448 616 saeculares
460 609 468 620 ‚
491 597 524 615 ex
534 597 568 615 eo
577 587 639 625 quia
652 586 750 615 stantes
771 586 800 613 in
813 590 861 615 Ec<

69 628 149 657 clefia
158 638 240 658 orant
251 649 258 660 ,
281 627 437 657 subaxillari
447 627 543 656 baculo
565 627 604 656 ibi
615 627 802 655 sustentantur
821 629 859 661 :ur

71 670 107 697 In
115 670 239 699 Oriente
249 669 280 697 ab
291 668 433 708 Episcopis
443 689 451 701 ,
473 671 501 696 δε
512 667 644 706 aliquibus
654 667 842 696 Sacerdotibus
854 689 861 700 ,

72 709 141 738 teste
151 709 272 738 Baronio
282 710 317 738 ad
326 713 380 738 An.
393 720 441 743 44.
453 719 479 736 n.
494 712 539 736 88.
550 708 658 737 baculus
669 708 814 737 Pastoralis
824 708 862 736 se-

73 750 182 778 rebatur
191 769 199 777 .
222 750 318 779 Aliam
327 748 447 787 speciem
456 748 613 779 baculorum
623 770 630 781 ,
641 746 686 777 seu
699 748 842 787 virgarum
856 770 862 776 .

74 790 146 819 Vide
155 791 273 819 Tem'Jn
282 789 473 819 Conventuali
484 789 791 819 Melitenfiumsscclefia
800 800 862 828 qua-

67 840 138 859 -tuor
147 831 285 859 Cantores
296 831 325 858 in
335 830 428 858 diebus
447 830 615 860 solemnibus
632 830 800 868 pluvialibus
821 831 862 858 in-

73 871 135 900 duti
144 869 267 906 affistunt
281 871 311 898 in
321 870 421 900 Choro
430 881 491 899 cum
503 871 604 900 baculis
613 872 752 909 argenteis
762 871 797 899 ad
808 871 862 899 for-

73 921 146 945 mm
155 911 313 940 baculorum
330 912 586 950 peregrinantium,
609 910 655 940 scd
672 912 860 942 crai'sioribu35

74 951 152 990 quod
163 951 247 980 etiam
259 952 289 980 in
298 953 393 981 Gallia
402 952 562 981 observatur
571 974 577 981 .
601 955 635 982 In
647 953 749 983 Sicilia:
761 963 789 980 ac
801 953 859 981 Mc-

73 993 131 1020 litae
143 992 357 1021 cathedralibus
374 993 512 1030 reperitur
532 994 700 1022 canonicalis
719 994 841 1031 dignitas
852 1015 859 1026 ‚

73 1041 153 1070 quam
164 1035 286 1060 Ciantar
297 1043 400 1061 vocant
409 1044 423 1061 a
434 1043 503 1061 voce
511 1035 610 1073 gallica
616 1035 743 1063 chanter
754 1053 762 1065 ,
772 1034 842 1062 idest
852 1055 859 1066 ,

74 1074 186 1101 Cantor
195 1092 203 1104 ‚
226 1073 274 1110 qui
297 1071 349 1100 fert
369 1074 490 1101 baculum
501 1095 508 1107 ‚
525 1073 577 1102 scu
588 1075 679 1113 potius
698 1075 807 1113 virgam
820 1084 860 1102 ar-

73 1122 211 1151 genteam.
222 1114 279 1142 FR-
292 1114 376 1150 Quod
386 1126 399 1142 a
411 1113 552 1152 Stephano
562 1116 614 1144 1v.
626 1115 782 1144 institutum
793 1123 859 1142 erat.

79 1159 90 1188 [
106 1153 182 1181 Fecit
198 1153 412 1182 Xenodochium
431 1156 457 1183 S.
468 1155 601 1194 Gregorii
621 1159 698 1192 juxta
717 1155 816 1193 gradus
834 1156 860 1183 S.

73 1193 149 1222 Petri
159 1197 219 1227 f&
230 1193 321 1221 statuit
332 1204 384 1222 tres
394 1196 532 1224 Cantores
541 1205 603 1224 cum
611 1195 773 1224 Primicerio
786 1216 793 1227 ,
813 1195 860 1234 qui

73 1234 179 1272 jugiter
186 1234 341 1262 officiarent
351 1233 457 1263 Miss'am
468 1236 502 1264 ad
512 1237 611 1264 Altare
621 1237 646 1265 S.
656 1235 732 1265 Petri
744 1257 752 1268 ‚
776 1236 857 1263 indu-

76 1283 118 1302 tus
127 1273 254 1312 pluviali,
266 1275 350 1303 mitra
361 1296 369 1308 ‚
379 1279 406 1304 ὅ(
418 1277 496 1315 virga
507 1298 515 1309 ,
528 1280 555 1306 Sc
566 1277 646 1305 staret
654 1279 731 1312 juxta
741 1276 838 1304 Altare
852 1298 859 1308 ‚

73 1318 162 1352 &pro
178 1315 313 1343 beneficio
332 1315 463 1345 haberent
474 1339 483 1350 ,
505 1317 571 1346 ficut
589 1317 619 1346 in
639 1316 791 1355 privilegio
803 1320 861 1353 ejus

73 1354 177 1393 legitur
186 1375 193 1382 .
215 1356 253 1384 In
274 1357 313 1384 M.
325 1358 351 1385 S.
375 1358 517 1386 Benediffi
538 1357 667 1387 Vaticani
687 1357 829 1387 Canonici
848 1368 862 1385 a

74 1395 204 1434 Turrigio
215 1395 245 1424 in
256 1398 312 1431 ejus
322 1399 431 1435 CryPt.
446 1399 586 1428 Vaticanis
605 1399 690 1427 allato
711 1408 773 1437 pag.
798 1403 861 1434 189.

75 1434 190 1474 impressl
209 1434 350 1469 secunda]
367 1440 406 1471 .·Η;
421 1439 522 1474 [Dum
540 1439 724 1479 Evangelium
742 1439 844 1478 legitur
854 1459 862 1471 ‚

74 1476 161 1503 baculi
172 1476 207 1504 de
219 1477 341 1506 manibus
350 1479 528 1516 deponuntur
537 1501 545 1513 ‚
567 1481 630 1519 quia
649 1480 818 1518 prcedicante
829 1482 862 1507 E-

78 1515 209 1553 vangelio
229 1516 323 1555 legalis
343 1519 516 1549 observantia
537 1521 723 1559 deponebatur
735 1541 742 1548 .
765 1521 863 1549 Secun-

77 1554 143 1582 dum
153 1554 226 1583 hunc
236 1566 342 1585 morem
352 1560 488 1589 Cantores
497 1561 526 1589 in
537 1562 634 1590 officio
652 1560 738 1589 Mifl‘ae
758 1560 864 1589 baculos

76 1605 175 1623 tenere
185 1595 336 1626 noscuntur
345 1618 352 1624 .
375 1602 458 1628 Gen-1.
471 1601 515 1629 lib.
533 1612 555 1629 ι.
565 1612 625 1640 cap.
639 1613 684 1636 24·
696 1603 708 1632 ]
722 1601 865 1629 Pastor-alis

78 1645 170 1664 autem
179 1636 267 1664 baculi
275 1637 443 1672 institutum,
455 1641 486 1668 ab
496 1642 619 1671 Ecclefiae
634 1641 787 1680 primordio
797 1641 864 1670 fuis-

79 1675 108 1704 se
119 1676 243 1708 constat5
266 1677 354 1706 adhuc
364 1681 440 1708 enim
465 1681 588 1711 baculum
596 1683 622 1710 S.
635 1681 776 1711 Saturnini
787 1684 864 1720 Apo-

78 1716 210 1746 stolorum
219 1717 361 1756 Discipuli
383 1719 492 1750 Tolosae
515 1722 694 1752 conservatur
702 1744 711 1757 ‚
734 1727 796 1751 cuni
815 1723 864 1751 hac

81 1756 265 1796 inscriptione
276 1777 286 1787 .

120 1799 217 1827 Curva.
234 1799 321 1842 trahit
333 1821 341 1834 ,
372 1811 440 1840 quos
457 1802 534 1842 virga
564 1802 638 1842 regit
648 1825 656 1838 ‚
687 1813 748 1843 pars
769 1803 866 1833 ultima

161 1847 217 1875 pun
239 1849 260 1867 1t
271 1861 278 1868 .

80 1880 117 1906 In
127 1849 257 1907 Valentgia
265 1880 391 1911 Civitate
400 1882 598 1922 Hispaniarum
610 1885 635 1913 S.
647 1884 793 1925 Augustini
805 1885 866 1913 ebu-

81 1928 153 1946 ratus
162 1918 269 1962 baculus
278 1941 288 1953 ,
310 1923 377 1952 teste
388 1926 520 1953 Gavanto
531 1947 539 1957 ,
561 1925 715 1954 ostenditur
725 1947 731 1953 .
745 1928 802 1955 FR-
814 1926 867 1955 Sed

83 1961 214 2002 Batonius
225 1962 281 1989 An.
297 1971 361 1997 504.
381 1974 414 1992 ex
423 1965 566 2004 Sigiberto
576 1987 584 1999 ‚
607 1970 634 1995 δ(
645 1967 770 1995 Mariano
780 1967 865 1995 Scoto

79 2009 118 2028 att
138 2000 262 2028 baculum
281 2002 306 2030 S.
317 2004 465 2042 Augustini
485 2016 538 2036 una
550 2017 616 2035 rcum
633 2010 688 2043 ejus
699 2017 815 2045 corpore
836 2008 865 2035 in

83 2040 237 2084 Sardiniam
248 2043 410 2072 translatum
423 2066 431 2078 ‚
453 2048 527 2084 quod
538 2058 636 2086 corpus
650 2048 762 2077 tandem
773 2048 866 2076 denuo

80 2082 192 2119 Papiam
203 2083 324 2110 delatum
335 2083 410 2113 fuiss’e
420 2107 428 2118 ,
450 2086 524 2116 idem
541 2089 576 2116 ad
587 2091 663 2117 Ann.
677 2098 723 2123 ις.
743 2099 817 2117 num.
842 2100 864 2117 1.

82 2121 196 2164 &seqq
209 2123 301 2151 refert.
315 2124 394 2152 Alios
402 2125 529 2165 antiquos
548 2129 656 2157 baculos
675 2129 788 2167 reperiri
811 2140 864 2158 tra-

83 2161 160 2206 ditur
168 2183 177 2195 ,
189 2173 288 2202 nempe
298 2185 305 2196 ,
318 2166 453 2195 Bononiae
463 2169 490 2196 S.
499 2169 600 2197 Isidori
612 2191 620 2202 ,
646 2170 675 2197 in
683 2169 865 2199 Patriarchali

83 2203 256 2245 Aquilejenfi
266 2205 383 2233 Ecclelia
394 2207 421 2234 S·
432 2208 611 2248 Hermagorae
622 2211 659 2239 D.
679 2210 765 2238 Marci
785 2210 867 2239 disci-

79 2243 140 2279 puli
151 2263 159 2269 .
182 2242 256 2272 Usus
264 2255 354 2274 autem
365 2245 452 2275 baculi
463 2269 471 2281 ‚
482 2259 523 2277 -ut
531 2249 709 2279 Philostratus
721 2251 767 2278 lib.
787 2262 813 2289 3.
825 2262 866 2280 te-

82 2281 168 2325 statur
179 2304 187 2316 ‚
210 2285 365 2324 antiquitus
375 2287 517 2327 Episcopis
526 2311 534 2322 ‚
548 2295 584 2320 ⁷&
594 2291 726 2330 aliquibus
744 2292 865 2321 orienta-

80 2322 150 2351 libus
156 2324 352 2355 Sacerdotibus
361 2329 515 2358 communis
523 2339 581 2358 erat
591 2352 600 2364 ,
609 2333 658 2370 qui
669 2333 751 2361 mitra
761 2333 844 2361 etiam
856 2351 865 2368 ,-

79 2365 110 2391 &
118 2365 202 2394 anulo
211 2367 359 2397 utebantur
368 2388 377 2396 .
401 2370 438 2399 In
447 2369 534 2406 Miffis
545 2371 737 2403 defiiustorum
757 2373 865 2403 baculus

1190 38 1224 80 B
1258 39 1296 81 A
1591 56 1611 78 ‹-

916 105 973 124 non
983 94 1126 124 adhibetur
1137 112 1145 122 .
1167 96 1288 125 Caerem.
1301 94 1385 134 Epist.
1396 93 1442 124 lib.
1459 108 1484 124 ι..
1494 106 1552 135 cap.
1568 108 1575 125 1
1589 55 1703 128 :li-heu<

918 136 947 164 lo
958 146 1015 165 non
1024 136 1110 164 utitur
1119 136 1244 165 Summus
1251 135 1386 166 Pontifex
1398 157 1405 164 .
1418 139 1475 166 FR-
1485 139 1639 176 Gregorius
1650 142 1697 168 lx.

913 175 967 205 ait:
989 183 1002 213 [
1022 177 1099 206 Licet
1109 178 1252 206 Romanus
1273 176 1404 206 Pontifex
1425 187 1482 206 non
1500 188 1592 206 utatur
1610 180 1703 208 baculo

914 217 1045 256 Pastorali
1055 240 1063 251 ‚
1085 227 1144 246 tum
1155 227 1271 257 propter
1287 217 1428 246 histo-:iam
1438 224 1451 252 (
1461 219 1523 248 alias
1543 220 1640 247 melius
1651 221 1704 248 Po-

914 257 1032 287 stillator
1040 257 1078 287 ibi
1087 260 1205 299 corrigit
1219 280 1225 286 .
1246 258 1402 288 Secundum
1422 259 1599 289 Hosticnsem
1610 264 1624 293 )
1647 270 1705 288 tum

917 307 1032 338 propter
1040 299 1181 335 mysticam
1190 299 1348 331 rarionem5
1370 309 1400 328 tu
1414 309 1507 329 tamen
1527 301 1559 329 ad
1575 302 1703 330 fimilitu-

916 338 1012 368 dinem
1021 340 1139 369 aliorum
1149 340 1319 370 Pontificum
1329 342 1434 380 poteris
1444 352 1477 370 eo
1487 341 1526 370 uti
1538 364 1545 374 ‚
1556 342 1603 371 lib.
1620 353 1643 370 i.
1655 342 1703 371 de-

917 381 1011 409 cretal.
1021 380 1067 410 tit.
1083 390 1126 417 ις.
1136 381 1170 410 de
1180 382 1236 411 Sac.
1247 382 1338 411 Unst.
1347 392 1403 420 cap.
1416 382 1498 411 unico
1509 404 1515 411 .
1538 383 1563 414 §.
1575 383 1641 411 licet
1655 404 1662 410 .
1687 385 1701 415 ]

918 420 976 449 Ubi
987 422 1082 450 Glossa
1091 422 1200 451 subdit.-
1225 425 1366 462 [Propter
1387 422 1531 451 historiam
1544 446 1551 457 ‚
1575 424 1706 452 Martialis

918 471 986 489 unus
998 462 1032 490 de
1040 462 1191 501 Discipulis
1203 464 1278 492 Petri
1290 485 1297 497 ,
1319 473 1400 502 quem
1411 463 1502 502 posuit
1512 464 1706 494 Dominus-in-

919 511 961 529 ter
972 501 1131 542 Discipulos
1140 525 1149 537 ‚
1158 514 1220 541 cum
1231 504 1302 532 dixit
1315 526 1322 537 ‚
1336 505 1386 533 nili
1395 506 1556 534 efficiamini
1569 505 1635 534 sicut
1648 515 1707 543 par-

920 542 998 570 vulus
1010 543 1060 571 iste
1070 566 1079 577 ‚
1100 554 1158 573 non
1166 544 1307 574 intrabitis
1318 546 1345 572 in
1357 555 1473 584 regnum
1482 547 1631 576 Coelorum
1651 550 1705 574 Sec.

919 592 1002 620 quem
1021 584 1113 622 postea
1128 586 1226 614 Petrus
1247 595 1308 614 cum
1329 586 1384 614 alio
1394 608 1401 620 ,
1423 585 1529 616 scilicet
1538 609 1547 620 ‚
1570 586 1707 615 Manlum

919 623 954 650 ad
972 625 1272 662 praedicandummifit
1294 627 1323 654 in
1342 628 1523 656 Germaniam
1533 651 1541 662 ,
1562 628 1690 656 cumiret
1699 651 1707 661 ,

920 673 1042 693 mortuus
1054 666 1092 693 cst
1107 688 1113 698 ,
1134 668 1260 696 &rediit
1279 668 1385 706 collega
1405 669 1437 697 ad
1456 671 1568 697 Petrum
1580 690 1587 701 ‚
1610 673 1638 698 Β(
1655 672 1708 698 Pc-

921 714 976 732 trus
986 707 1041 733 ait:
1064 706 1171 745 Accipe
1180 708 1301 736 baculum
1313 731 1320 741 ,
1343 712 1370 737 δ(
1382 719 1495 748 tangens
1506 719 1567 739 eum
1577 732 1584 742 ‚
1607 710 1663 744 dic,
1679 710 1709 738 in

919 747 1035 774 nomine
1046 746 1166 775 Domini
1186 745 1295 787 surgait’,
1317 753 1344 778 δ(
1355 750 1489 787 praedicet
1502 773 1509 784 ‚
1532 755 1559 779 &
1583 751 1636 779 ivit
1646 772 1655 784 ‚
1678 755 1704 779 ἃ

921 785 967 814 die
976 788 1034 815 ΧΙ..
1045 797 1059 815 a
1068 796 1192 826 tempore
1202 789 1299 817 mortis
1309 790 1406 828 tetigit
1418 801 1479 818 eum
1489 813 1496 824 ‚
1508 795 1535 820 ὃ(
1548 791 1709 824 resurrexit,

922 829 949 853 ὅ(
960 827 1125 864 praedicavit
1136 850 1143 861 ,
1165 832 1192 857 ὃ(
1203 830 1241 858 ita
1252 832 1346 859 Petrus
1357 832 1480 859 removit
1489 842 1502 860 a
1518 831 1545 860 se
1564 833 1687 860 bxuium
1701 854 1708 865 ,

921 869 950 895 ὃ(
962 867 1041 896 dedit
1052 867 1169 897 subditis
1181 890 1189 897 .
1207 872 1223 902 ]
1237 870 1315 899 Idem
1325 871 1408 900 refert
1417 873 1551 901 Batonius
1562 875 1638 902 Ann.
1657 882 1708 906 74.

920 917 947 934 n.
965 917 1007 943 15.
1019 911 1113 947 Atque
1122 911 1275 949 Angelicus
1286 912 1395 940 Doftor
1404 913 1437 941 fic
1447 913 1500 941 ait:
1514 919 1525 948 [
1539 913 1709 946 Dicendum,

919 949 995 988 quod
1004 951 1090 978 Rom.
1103 950 1235 980 Pontifex
1245 963 1304 980 non
1326 961 1417 982 utatur
1439 954 1534 982 baculo
1548 976 1554 986 ,
1579 965 1640 992 quia
1657 956 1709 982 Pe-

919 1000 975 1018 trus
993 989 1073 1018 dedit
1090 990 1179 1028 ipsum
1199 993 1231 1021 ad
1248 992 1461 1023 resuscitandum
1470 995 1607 1033 quendam
1618 994 1712 1023 Disci-

919 1031 1014 1068 pulum
1024 1029 1103 1058 suum
1113 1053 1122 1064 ,
1145 1032 1192 1070 qui
1202 1033 1293 1071 postea
1306 1034 1385 1062 fastus
1397 1036 1435 1063 est
1449 1035 1597 1074 Episcopus
1606 1035 1706 1064 Trevi*

919 1070 1000 1099 renfis
1011 1091 1019 1103 ‚
1042 1074 1070 1099 ὅ(
1084 1070 1148 1100 ideo
1157 1073 1187 1100 in
1196 1074 1319 1103 Dioecefl
1329 1076 1486 1105 Trevircnli
1496 1079 1566 1115 Papa
1586 1077 1711 1104 baculum

917 1119 1009 1149 portat
1019 1132 1027 1143 ‚
1048 1115 1077 1139 ὅ(
1087 1112 1185 1140 nonin
1196 1114 1257 1142 aliis
1269 1114 1336 1143 locis
1348 1136 1356 1147 ‚
1379 1117 1425 1144 vel
1437 1116 1520 1145 etiam
1532 1117 1561 1144 in
1584 1117 1692 1155 signum
1703 1138 1712 1150 ‚

917 1151 992 1189 quod
1003 1150 1150 1180 nonhabet
1161 1155 1319 1183 coarctatam
1340 1157 1502 1193 potestatem
1523 1157 1598 1195 quod
1614 1167 1713 1186 curva-

917 1192 959 1218 tio
968 1191 1055 1219 baculi
1066 1191 1211 1231 fignificat.
1223 1195 1260 1222 In
1269 1196 1409 1234 Supplem.
1420 1208 1447 1235 3.
1458 1207 1513 1235 par.
1526 1208 1552 1235 q.
1564 1209 1611 1233 40.
1622 1207 1708 1230 ai·t.7.

917 1231 950 1259 ad
962 1236 986 1260 8.
997 1231 1118 1270 respons.
1127 1236 1144 1265 ]
1157 1235 1198 1268 ⁵ll·'
1208 1238 1244 1263 Et
1263 1235 1327 1264 ideo
1337 1237 1492 1266 Partim-cha
1501 1238 1709 1268 Constantino:

918 1272 1057 1311 politanus
1066 1272 1097 1301 in
1104 1274 1213 1313 fignum
1220 1274 1398 1312 subjeffiom's
1407 1299 1415 1311 ‚
1437 1279 1546 1318 quando
1563 1278 1691 1309 consecra
1699 1291 1714 1303 ⁶

917 1322 962 1341 tur
972 1335 982 1346 ,
1002 1313 1102 1353 recipit
1121 1315 1245 1344 baculum
1264 1317 1295 1346 ab
1305 1319 1446 1348 Heracleae
1466 1320 1691 1358 Metropolitano
1703 1343 1712 1354 ‚

918 1352 963 1381 sub
975 1364 1030 1392 quo
1041 1356 1175 1390 Byzantii
1184 1356 1364 1396 Episcopatus
1373 1366 1430 1388 erat
1448 1360 1602 1399 antiquitus
1620 1360 1711 1397 subje-

918 1395 984 1422 etus,
993 1396 1140 1425 Durandus
1149 1397 1334 1427 inRatiomli
1345 1410 1369 1427 c.
1387 1412 1395 1428 1
1405 1410 1432 1436 5.
1444 1400 1492 1429 lib.
1509 1408 1552 1429 16.
1566 1401 1603 1429 ait
1614 1423 1622 1434 ,
1635 1402 1713 1439 quod

918 1435 1103 1465 Innocentius
1113 1439 1184 1477 Papa
1194 1438 1252 1467 ΙΙΙ.
1263 1438 1370 1478 scripfit
1392 1441 1422 1469 in
1433 1441 1558 1470 Ecclefiae
1580 1440 1691 1480 speculo
1702 1464 1711 1475 ,

918 1476 994 1513 quod
1004 1479 1035 1505 Β.
1047 1479 1227 1507 Petrus-misit
1235 1479 1359 1509 baculum
1378 1481 1457 1510 suum
1477 1481 1613 1510 Euchario
1624 1504 1631 1515 ,
1655 1484 1713 1511 five

921 1517 1056 1565 Fgontoni
1073 1520 1165 1557 primo
1175 1520 1356 1550 Trevirorum
1378 1521 1516 1561 Episcopo
1527 1545 1535 1555 ,
1557 1533 1640 1561 quem
1660 1534 1713 1551 unii

914 1566 982 1585 rcum
995 1559 1110 1589 Valerio
1120 1564 1148 1588 Sc
1158 1561 1288 1590 Materno
1305 1562 1339 1590 ad
1355 1562 1564 1602 praedicandum
1582 1568 1712 1603 Evnlngc-

919 1598 990 1626 lium
1000 1601 1080 1637 genti
1091 1600 1274 1630 Thentonicae
1285 1602 1434 1632 destinavit
1444 1625 1452 1637 ‚
1473 1604 1517 1632 cui
1536 1602 1660 1632 succeffit
1682 1605 1714 1632 in

922 1638 1084 1679 Episcopatu
1094 1642 1243 1676 Maternus,
1253 1643 1300 1681 qui
1311 1653 1360 1681 per
1369 1644 1492 1672 baculum
1506 1645 1581 1672 Petri
1591 1645 1625 1673 dc
1637 1655 1714 1673 mor-

923 1689 950 1708 te
961 1679 1046 1709 fiierat
1055 1681 1197 1711 suscitatus
1206 1703 1214 1715 ‚
1241 1693 1323 1721 quem
1332 1684 1453 1712 baculum
1464 1684 1546 1723 usque
1556 1684 1714 1714 hodiecum

921 1730 1018 1759 magna
1044 1722 1224 1751 veneratione
1246 1723 1335 1753 servat
1354 1725 1502 1754 Treviren.
1526 1726 1658 1755 Ecclelia:
1682 1730 1711 1755 δε

923 1760 988 1791 ideo
999 1763 1067 1800 Papa
1082 1763 1111 1792 in
1120 1762 1167 1791 illa
1177 1763 1300 1794 Dioecefi
1311 1765 1399 1794 utitur
1418 1767 1514 1795 baculo
1523 1789 1530 1799 ,
1554 1771 1580 1796 &-
1592 1778 1649 1796 non
1662 1768 1713 1796 ali-

922 1801 948 1830 bi
959 1824 965 1831 .
977 1806 989 1835 ]
1002 1804 1054 1831 Sed
1062 1804 1231 1833 contrarium
1242 1827 1249 1838 ,
1259 1814 1318 1834 tum
1329 1816 1362 1835 ex
1372 1806 1487 1836 historia
1497 1807 1640 1836 Benedifti
1650 1810 1714 1836 An-

920 1843 1022 1883 tipapae
1036 1844 1066 1873 in
1074 1844 1125 1873 hac
1141 1844 1206 1873 dic‘t.
1217 1846 1297 1876 allata
1305 1847 1331 1879 ξ.
1344 1848 1441 1877 Ferula
1450 1870 1458 1882 ,
1481 1858 1539 1876 tum
1551 1859 1585 1877 ex
1594 1847 1711 1886 subjcsta

923 1884 1008 1923 figura
1027 1886 1052 1913 S.
1068 1886 1201 1924 Gregorii
1212 1888 1306 1926 Magni
1326 1900 1435 1928 appetet
1445 1911 1453 1922 ,
1475 1899 1534 1927 qux
1557 1899 1590 1918 cx
1611 1900 1711 1918 monu-

924 1926 1025 1953 mentis
1035 1926 1173 1964 Alphonfi
1184 1927 1319 1957 Ciacconi
1330 1940 1343 1957 a
1352 1931 1389 1958 D.
1403 1928 1553 1958 Laurentio
1571 1930 1606 1959 de
1615 1931 1710 1959 Mariis

924 1969 1054 1995 Romano
1074 1966 1145 1995 mihi
1168 1968 1267 1996 donata
1286 1969 1338 1997 suit
1347 1990 1355 1997 .
1382 1972 1437 1998 FR.
1462 1971 1554 1999 Aliam
1575 1971 1710 2010 picturam

925 2006 1028 2036 Gelasii
1038 2009 1115 2046 Papae
1126 2010 1168 2037 ΙΙ.
1178 2019 1238 2036 cum
1249 2009 1342 2038 baculo
1353 2010 1477 2048 pastorali
1495 2021 1661 2050 apponemus
1679 2013 1708 2041 in

923 2047 988 2076 dist.
998 2051 1100 2076 Μήνη.
1109 2049 1233 2078 Tandem
1253 2050 1338 2079 baculi
1354 2051 1569 2089 significationes
1589 2053 1708 2093 exprimi

917 2088 1014 2117 'solent
1025 2099 1072 2127 per
1082 2089 1133 2118 hos
1143 2088 1234 2118 versus
1245 2112 1252 2118 .

962 2130 1083 2158 Attrahe
1094 2152 1102 2164 ,
1111 2130 1229 2159 sustent:
1239 2153 1247 2164 ,
1257 2130 1363 2160 stimula
1371 2154 1379 2166 ,
1390 2132 1514 2162 morbida
1524 2156 1531 2167 ,
1542 2135 1616 2163 lenta
1627 2156 1634 2162 .
1647 2136 1707 2164 Seu:

962 2170 1083 2215 Attrahc
1105 2182 1154 2211 per
1175 2171 1292 2211 primum
1301 2194 1309 2206 ,
1333 2173 1426 2202 medio
1445 2184 1520 2213 rege,
1542 2185 1634 2215 punge
1662 2186 1710 2214 pei·

996 2221 1108 2244 *imum5

967 2251 1084 2280 Attrahe
1094 2262 1235 2292 peccantes
1244 2275 1252 2286 ‚
1262 2263 1328 2292 rege
1336 2254 1420 2290 justos
1431 2278 1439 2289 ‚
1458 2266 1549 2296 punge
1562 2267 1690 2296 vagantes
1700 2277 1707 2284 .

923 2290 1010 2321 Glofll
1020 2293 1050 2320 in
1059 2293 1086 2321 d.
1099 2305 1120 2321 c.
1132 2294 1206 2322 Cum
1225 2293 1340 2322 veniss'et
1359 2295 1393 2324 de
1405 2297 1460 2325 Sac.
1482 2297 1627 2326 Unc'tione
1637 2318 1644 2325 .
1663 2295 1708 2332 ⁴:112

924 2332 991 2361 Alia
1001 2334 1131 2368 mysteria
1140 2334 1222 2362 etiam
1232 2335 1262 2363 in
1273 2335 1397 2374 pastorali
1409 2337 1504 2366 baculo
1522 2339 1711 2376 contemplan-

920 2382 987 2407 tur,
1012 2384 1110 2414 nempe
1121 2395 1130 2408 ‚
1153 2380 1166 2410 t
1182 2375 1309 2415 Episcopi
1319 2376 1441 2406 Pastores
1461 2379 1552 2418 gregis
1564 2379 1710 2408 Dommici

1583 2417 1644 2450 sum
1656 2440 1665 2454 ,
