1866 2526
156 65 233 114 560
495 62 527 104 P
559 64 586 106 S

132 119 276 150 eleftionis
285 119 380 150 Paulus
393 114 539 158 'Apostolus
549 142 557 153 ‚
569 117 694 158 egregius
705 117 868 159 praedicator
881 138 888 150 ,
898 116 925 144 se

131 164 161 190 δ(
171 172 216 190 eos
226 183 234 194 ‚
245 161 291 200 qui
302 160 391 189 secum
403 170 481 189 erant
493 181 502 193 ,
513 159 631 198 propriis
641 162 762 189 manibus
771 158 925 189 exhibebat,

131 213 162 232 ut
171 200 282 240 pseudo,
295 206 321 231 ὅ(
331 201 449 230 subdolis
459 201 589 238 operariis
598 199 644 229 sub
654 199 858 239 praedicationis
867 196 925 236 spe-

131 243 173 272 cie
184 243 258 272 lucra
271 242 440 274 facientibus,
452 242 542 270 locum
553 241 734 279 praecluderer
744 264 752 275 ,
765 245 793 271 δε
803 239 926 277 1ιίς,φιος

131 282 190 322 ipse
201 282 320 322 pascebat
331 283 428 320 pabulo
441 282 515 311 verbi
525 281 581 311 Dei
592 303 600 314 ‚
613 292 671 309 non
683 282 812 313 existeret
824 289 926 308 onero-

132 323 174 353 sus
184 345 192 352 .
204 328 317 352 Extrav.
329 333 430 351 comm.
443 323 476 351 dc
486 322 584 351 censib.
595 321 625 349 in
634 321 722 359 princ,

89 366 372 395 Psaeunzmcmpaus
385 360 627 401 ,ψίίιᾶἒπίφραφος
637 382 644 389 .
667 361 733 390 falso
751 361 923 390 intitulatuss

131 405 254 434 itaet-iim
265 415 278 432 a
289 404 497 438 D.Hieronym.
507 402 654 440 appellatus
665 402 717 430 fuit
734 402 802 430 liber
811 401 921 440 Sapien-

131 445 178 474 tiae
191 445 221 473 in
231 445 394 483 praefatione.
403 445 534 472 librorum
545 442 707 471 Salomonis:
722 446 770 478 [Et
782 442 851 471 alius
864 439 923 479 pse-

129 484 346 524 udepigraphus,
357 486 402 522 qui
414 484 557 521 Sapientiae
569 484 726 511 Salomonis
738 483 919 513 inscribitur:]

128 526 193 566 quia
203 537 261 555 non
273 525 440 554 existimavit
453 524 531 552 illum
542 534 556 551 a
565 524 715 552 Solomone
727 523 801 552 suiss'e
810 532 923 561 compo-

129 569 212 597 -fitum
224 590 231 600 ,
242 577 290 595 nec
301 566 341 593 uti
352 565 413 593 talis
425 565 455 592 ab
468 564 591 592 Hebraeis
601 563 723 598 habetur,
733 564 784 602 >qui
794 564 824 592 ab
834 563 871 592 eis
881 564 920 591 in-

128 618 172 638 ter
182 607 330 636 canonicos
351 606 440 634 bibliae
454 604 535 633 libros
545 615 601 632 non
610 604 783 635 admittitur5
806 603 864 632 haec
876 614 920 631 au-

127 658 185 677 tent
199 647 298 686 phrasis
309 645 433 674 censetur
443 655 530 684 grteca
551 646 580 673 ab
602 646 698 673 eodem
708 646 831 674 Doctore
843 666 850 676 ‚
873 644 920 682 qui

126 688 268 727 subjungit
288 687 359 715 hunc
380 686 526 724 Sapientiae
551 685 650 714 librum
667 697 681 714 a
700 686 791 714 multis
802 685 921 723 antiquis

129 729 312 767 Scriptoribus
319 727 445 756 Philonis
454 726 557 755 hebraei
571 727 757 755 existimatum
768 726 842 754 fuissc
852 745 859 753 .

978 127 1109 156 quatenus
1121 129 1135 146 a
1141 117 1278 157 spirituali
1288 132 1385 150 conti-a
1392 120 1570 161 distinguitur
1579 134 1593 156 ,ι
1610 125 1645 155 fic
1654 127 1772 167 appella.

979 159 1023 187 vit
1034 157 1194 187 miserabilis
1204 161 1319 190 Tertull.
1327 161 1449 191 irrisorie
1459 162 1620 194 Catholicos
1628 188 1637 200 ,
1660 169 1771 206 quando

979 199 1009 227 ab
1019 199 1135 228 Ecclesia
1151 198 1179 227 se
1189 201 1292 228 exemit
1302 223 1310 234 ‚
1329 212 1357 230 ac
1367 202 1482 241 ipsemet
1493 204 1540 233 sibi
1549 204 1626 242 hujus
1645 209 1772 239 attributi

979 239 1103 267 vocabuli
1114 239 1251 268 rationem
1259 239 1414 279 affignavit,
1425 242 1551 283 inquiens
1563 258 1569 274 :
1585 251 1641 283 [Et
1652 260 1702 277 nos
1711 250 1774 288 qui-

978 279 1040 307 dem
1052 280 1143 318 postea
1161 281 1273 319 agnitio
1282 283 1409 318 paracleti
1417 304 1426 316 ,
1449 294 1529 324 atque
1538 285 1660 318 defensio
1669 290 1772 319 disiun-

977 319 1020 358 git
1029 331 1042 348 a
1053 319 1191 359 psychic1s
1201 341 1207 348 .
1221 321 1337 349 Advers.
1348 320 1441 361 psych„
1451 335 1472 352 c.
1481 337 1489 353 i
1497 328 1525 357 .]
1536 337 1584 365 per
1593 331 1771 360 Paracletum

978 369 1068 389 autem
1087 363 1249 389 Montanum
1265 360 1473 392 haeiefiarcham
1483 365 1634 408 intelligit,
1658 371 1687 398 in
1697 373 1772 407 cujus

977 411 1083 429 errores
1093 402 1279 430 Tertullianus
1288 402 1421 432 inciderat
1432 426 1439 437 ,
1454 409 1481 434 δε
1491 408 1629 446 Psychicos
1641 410 1770 440 Catholi-

977 452 1021 470 cos
1031 440 1162 475 subaudit,
1174 442 1236 480 quia
1249 444 1413 472 Montanum
1424 444 1568 477 Catholici
1576 459 1710 489 tamquam
1718 452 1773 490 spi-

977 482 1060 510 ritum
1072 481 1238 521 cognoscere
1249 493 1410 513 renuerant:
1430 485 1464 514 fic
1474 487 1556 516 etiam
1574 489 1646 519 idem
1655 492 1772 521 Tertull-

974 523 1195 570 verbaepostoli
1211 535 1233 550 1.
1245 524 1314 552 Cor.
1324 535 1346 552 c.
1359 537 1385 553 2.
1397 525 1526 555 nimirum
1535 551 1543 562 ,
1556 534 1568 564 [
1580 532 1714 561 Animalis
1726 544 1771 562 au-

975 572 1032 591 tem
1044 562 1129 591 homo
1140 574 1197 591 non
1208 564 1324 602 percipit
1334 576 1373 597 ea,
1385 575 1444 604 quae
1457 566 1520 595 sunt
1532 568 1642 607 spiritus
1652 574 1770 609 Deifin.

973 603 1114 642 telligebat
1125 624 1132 631 .
1156 605 1219 632 Imo
1228 615 1262 633 ex
1272 615 1433 644 contemptu
1446 607 1519 636 idcm
1529 612 1712 641 Tertullianus
1731 615 1772 643 ln-

974 644 1076 672 canicis
1085 643 1249 673 Catholicos
1257 655 1395 683 comparat
1405 669 1413 680 ,
1426 648 1491 676 dum
1502 650 1560 678 ait:
1576 653 1717 688 [Quinam
1728 655 1772 683 isti

973 683 1036 712 sunt
1049 707 1056 717 ,
1065 683 1146 713 semel
1157 686 1305 713 nominabo
1315 708 1323 718 ‚
1342 688 1492 717 exteriores
1502 711 1510 723 ‚
1521 691 1704 722 &interiores
1726 695 1773 723 bo—

974 725 1026 753 tuli
1036 724 1231 763 psychicorum
1242 747 1248 753 .
1261 726 1377 755 Advers.
1388 727 1486 763 Psych.
1496 741 1554 769 cap.
1569 744 1592 761 t.

87 772 302 800 PSEUDOFORUM
313 789 321 796 .
331 763 512 809 ψόίκὶἥροροςςζ
523 766 619 795 salsum
630 767 738 800 ostium,
750 767 825 805 quod
835 771 921 794 Secre—
928 766 969 808 31³⁵
975 776 1171 795 rcn0MAci-{1A
1181 787 1188 794 .
1199 764 1382 805 ψυχομαχῖα
1390 769 1488 799 animae
1499 774 1640 802 conflistus
1652 787 1656 802 ς
1672 781 1683 810 [
1695 757 1825 817 Υἱοὶ*

130 820 162 839 ta
168 818 248 848 porta
258 811 345 848 vulgo
355 809 492 836 diceretur
502 828 509 835 .
522 812 534 841 [
547 808 614 836 Vidi
624 818 753 846 practerea
763 808 797 837 ad
806 805 920 845 pseudo-

128 851 218 879 forum
228 849 387 878 monasterii
398 849 542 877 adductum
552 858 768 887 energumenum
779 870 787 881 ,
798 852 825 876 δ(
838 845 922 885 prius-

126 901 209 929 quam
217 892 250 919 ad
262 891 347 919 limen
358 890 487 928 attigerat
499 909 507 921 ‚
528 887 603 917 fuisse
620 899 742 918 curatum
753 909 759 916 .
783 888 881 926 Sulpit.
893 888 922 915 in

130 932 186 960 vita
198 933 222 960 S.
233 934 314 960 Mart.

87 975 353 1002 l'snunoiAffl-mus
365 992 372 1003 ,
396 971 474 999 falsus
484 970 558 999 lac-tis
569 971 645 999 color
654 992 662 1004 ,
683 969 751 999 idest
763 992 770 1003 ‚
791 979 849 998 non
860 967 924 996 satis

976 814 1068 834 tamen
1079 806 1109 833 in
1117 806 1205 835 sancia
1218 805 1429 844 psychomachia
1438 810 1554 840 charitas
1566 815 1682 852 perfeeh
1702 817 1773 844 mori

978 856 1027 884 pro
1038 845 1154 875 Christo
1163 867 1170 874 .
1183 848 1218 874 In
1230 857 1286 875 vita
1295 848 1320 876 S.
1333 848 1485 886 Glephyrae
1497 854 1577 892 Virg.
1590 856 1601 885 ]
1617 856 1679 883 Hoc
1690 857 1774 885 etiam

979 887 1109 915 vocabulo
1118 885 1194 914 suum
1204 887 1345 915 “adst-atum
1354 888 1387 916 de
1398 892 1527 922 conflictu
1536 893 1673 931 spirituali
1685 896 1773 926 virtu·
1782 906 1796 918 ·

976 936 1036 955 tum
1059 928 1089 955 in
1100 927 1167 956 vitia
1185 927 1347 956 Prudentius
1364 928 1535 962 intitulavit.
1554 934 1626 963 Vide
1643 940 1773 966 Amarti-

974 978 1060 1005 genta
1072 988 1079 994 ι

127 1013 199 1042 albus
211 1034 219 1045 ,
227 1012 273 1041 sed
283 1011 373 1051 potius
383 1011 538 1044 cinericius,
548 1010 594 1039 seu
603 1011 718 1040 coelestis
730 1023 736 1039 :
754 1021 808 1039 vox
820 1020 925 1048 graeco—
940 1009 1102 1037 PToci-{IUM
1112 1031 1118 1041 ,
1131 1009 1277 1045 wmkcssov·
1285 1020 1446 1050 pauperum,
1457 1023 1485 1042 ²⁰
1497 1015 1714 1045 mendicantium
1723 1017 1774 1046 do-

128 1054 214 1082 latina
222 1054 259 1082 est
271 1053 378 1088 [Circa
389 1054 479 1091 Ροᾶυς
488 1051 534 1080 sub
544 1053 607 1091 gula
617 1052 733 1080 inferior
745 1051 837 1079 tunica
849 1049 926 1089 pseu-

127 1093 259 1123 dolaetini
269 1094 377 1122 coloris.
390 1093 512 1131 Jo.Diac.
524 1093 552 1120 in
566 1093 622 1121 vita
633 1093 657 1122 S.
670 1095 788 1131 Gregoin
799 1093 853 1121 FR.
866 1093 925 1121 Ro-

126 1145 176 1164 inae
188 1135 317 1163 turchina
326 1135 463 1163 allamma
473 1133 573 1162 dicitur
582 1153 590 1161 .

87 1178 327 1205 Psnunomim-rx
340 1197 347 1207 ,
360 1175 435 1203 falsus
447 1184 568 1209 martyr.

88 1219 365 1246 Pswnomomcflus
377 1238 384 1248 ‚
399 1215 475 1244 falsus
486 1215 633 1243 monachus
642 1235 652 1243 ,

87 1259 305 1286 Ρςευοοτμεοε
318 1277 324 1283 .
339 1257 409 1285 Vide
420 1256 659 1285 Hecatontarclms
673 1275 680 1283 .

84 1298 256 1327 Psimmum
268 1319 276 1329 ,
286 1293 394 1333 ψιάθιυν
403 1317 414 1334 ,
425 1297 509 1326 storea
520 1307 552 1324 ex
563 1297 649 1331 juncis
659 1305 788 1325 contexta
797 1315 804 1323 .
826 1293 924 1330 [Inci—

128 1338 252 1376 pientem
260 1347 313 1373 jam
324 1336 416 1365 fess'um
426 1347 522 1374 corpus
531 1337 641 1366 reficere
653 1358 661 1369 ,
684 1336 924 1365 &incumbentem

126 1377 245 1417 psiathio
259 1377 402 1416 reperfflbt
413 1398 419 1405 .
439 1378 557 1406 Callian.
569 1378 616 1406 lib.
630 1387 654 1412 5.
674 1388 698 1405 c.
711 1388 757 1414 35.
780 1380 818 1405 Ac
829 1376 903 1404 idem
916 1397 923 1407 ,

128 1419 177 1448 lib.
194 1428 216 1446 ι.
227 1429 250 1446 c.
260 1429 288 1447 22.
305 1429 346 1455 ¹3·
361 1419 460 1454 [Quos
473 1419 510 1447 ita
521 1419 648 1446 novimus
658 1418 735 1447 omni
746 1428 778 1445 ex
788 1426 865 1455 parte
876 1426 924 1444 nu-

979 1059 1053 1077 mus.
1067 1049 1228 1088 [Relinque
1240 1051 1333 1079 omnia
1343 1074 1350 1085 ,
1361 1056 1389 1081 ὅ(
1401 1053 1462 1092 fuge
1474 1049 1612 1085 facultates
1624 1058 1704 1095 patris
1716 1058 1755 1086 tui
1766 1080 1774 1091 ,

981 1100 1040 1128 qux
1052 1091 1150 1118 multos
1161 1090 1309 1119 inveniunt
1319 1092 1440 1128 haeredes
1451 1115 1458 1122 .
1469 1099 1538 1124 Ecce
1549 1097 1669 1134 ptochia,
1681 1097 1775 1127 hiero-

981 1132 1068 1159 comia
1080 1152 1087 1163 ‚
1106 1130 1276 1160 xenodochia
1286 1154 1294 1165 ,
1315 1134 1477 1164 monasteria
1496 1140 1547 1165 ἃς.
1570 1140 1606 1167 Ιη
1618 1138 1674 1169 vita
1685 1139 1709 1167 S.
1721 1142 1776 1168 Eu-

980 1171 1114 1209 plirolinae
1127 1193 1134 1204 ,
1144 1183 1201 1210 cap.
1213 1184 1240 1205 7.

938 1213 1221 1241 Procuomovffiun
1233 1234 1240 1245 ‚
1260 1218 1490 1256 πτωχοτροφέον,
1519 1229 1664 1258 pauperum
1682 1219 1775 1258 hospi-

981 1254 1068 1297 tium5
1084 1259 1095 1287 [
1108 1253 1323 1282 Habebatautem
1334 1257 1580 1296 ptochotrophium
1594 1283 1600 1293 ‚
1614 1262 1644 1289 in
1654 1260 1776 1299 superio—

980 1304 1004 1322 rl
1019 1293 1127 1336 quidem
1148 1304 1222 1330 parte
1235 1295 1360 1324 mulieres
1371 1318 1378 1329 ‚
1401 1298 1432 1325 in
1442 1299 1568 1328 inferiori
1577 1311 1668 1329 autem
1682 1301 1754 1330 viros
1766 1323 1774 1329 .

981 1334 1083 1361 Pallad.
1094 1343 1124 1377 in
1134 1335 1254 1362 Laustasa
1264 1356 1272 1367 ‚
1285 1345 1341 1373 cap.
1357 1347 1381 1372 5.
1393 1339 1404 1368 ]
1429 1341 1483 1368 PR.
1500 1340 1585 1368 Unde
1595 1341 1774 1380 corrigendus

978 1374 1016 1402 est
1026 1375 1123 1402 Ivonis
1134 1375 1312 1404 carnotensis
1323 1385 1414 1405 textus
1426 1379 1454 1406 in
1464 1380 1612 1417 epist.214.
1625 1382 1668 1410 ubi
1679 1391 1775 1420 perpe-

978 1424 1036 1442 ram
1044 1416 1236 1452 Procotropbiis
1248 1438 1255 1448 ,
1269 1425 1318 1453 pro
1327 1421 1515 1464 ptocotrophiis
1526 1420 1605 1449 haber
1615 1442 1624 1449 .

129 1459 178 1488 dos
189 1459 305 1487 existere
315 1480 321 1491 ,
333 1468 362 1486 ut
374 1468 472 1497 praeter
482 1459 629 1491 colobium,
643 1458 785 1487 mafortem
799 1479 806 1490 ,
816 1456 1201 1496 caligas‚lP'rociioTRot›nus
1214 1476 1221 1487 ‚
1233 1466 1429 1495 πνωχαγροφσς
1460 1460 1507 1498 qui
1516 1471 1606 1489 curam
1616 1461 1699 1490 habet
1712 1471 1775 1499 pau-

130 1501 262 1528 melotcm
273 1521 281 1532 ‚
292 1503 318 1527 ὅ(
330 1498 475 1536 psiathium
487 1499 558 1528 nihil
569 1500 682 1537 amplius
691 1498 806 1527 habeant
816 1519 822 1525 .
836 1500 847 1529 ]
868 1501 924 1526 Re-

131 1540 235 1581 peritur
243 1540 324 1568 etiam
334 1540 363 1567 in
372 1540 465 1568 eadem
479 1540 678 1579 significatione
687 1539 813 1575 Pfiathus
827 1560 834 1572 ,
855 1549 883 1567 ut
896 1539 925 1568 in

130 1582 189 1609 vita
209 1582 234 1609 S.
247 1579 389 1609 Pachumii
402 1602 409 1612 ,
429 1582 509 1618 capit.
521 1591 567 1617 43.
589 1583 650 1616 [At
661 1591 694 1608 ne
703 1579 807 1608 otiosus
825 1579 904 1608 essem
915 1600 924 1616 2

128 1621 247 1661 psiathos
258 1621 328 1659 elegi
340 1631 400 1648 cum
412 1620 536 1649 fratribus
548 1631 639 1649 texere
649 1623 678 1652 .]
693 1623 766 1650 Item
777 1616 935 1661 Pfiathius‚1

981 1505 1075 1533 perum
1086 1493 1201 1532 hospitii
1211 1516 1218 1522 .
1228 1497 1284 1525 FR-
1306 1497 1413 1531 [Nunc
1423 1508 1487 1535 puta
1499 1511 1594 1528 omnes
1606 1502 1717 1539 quidem
1728 1513 1775 1530 an—

980 1546 1007 1563 tc
1019 1536 1098 1574 pedes
1109 1546 1168 1563 tuos
1177 1536 1270 1564 cadere
1282 1558 1289 1568 ,
1300 1541 1327 1565 ὃ(
1336 1548 1464 1575 pauperes
1476 1562 1483 1572 ,
1496 1544 1523 1569 ἃ
1536 1541 1756 1581 ptochotrophos
1766 1565 1776 1576 ‚

980 1586 1075 1604 omnes
1085 1586 1151 1605 vero
1162 1575 1312 1605 Monac-hos
1322 1599 1331 1610 ‚
1343 1582 1370 1606 ὦ(
1381 1579 1511 1618 Virgines
1521 1602 1529 1614 ‚
1539 1592 1573 1610 ex
1584 1582 1630 1610 lib.
1641 1594 1667 1611 ι.
1678 1584 1702 1611 S.
1715 1583 1777 1618 Cy·-

981 1616 1038 1644 rilli
1048 1618 1077 1644 in
1087 1617 1203 1646 Concil.
1214 1618 1434 1658 Constantinop.
1443 1622 1484 1650 ΙΙ.
1494 1622 1586 1649 collat.
1601 1633 1626 1657 ς.
1639 1622 1669 1653 in
1679 1623 1735 1652 fine
1747 1643 1753 1651 .

129 1672 160 1692 ut
170 1662 236 1690 ibid.
248 1673 270 1689 c.
286 1672 330 1697 5²·
344 1663 477 1699 [Semper
487 1671 576 1689 autem
587 1661 714 1699 psiathios
723 1663 923 1699 opei·abantur.]
940 1660 1283 1687 Pum1c11‘0zmunus
1297 1679 1303 1686 .
1316 1660 1389 1688 Vide
1399 1665 1565 1690 Paenitentes
1575 1684 1583 1690 .

131 1707 171 1733 At
183 1703 293 1731 tandem
313 1711 394 1730 etiam
403 1704 548 1739 Psyacium
561 1724 568 1735 ‚
591 1713 646 1741 quo
656 1702 715 1729 usus
725 1702 763 1730 est
773 1703 809 1730 D.
819 1704 926 1740 Grego-
943 1700 1132 1727 PUBLICANus
1145 1720 1152 1731 ‚
1173 1697 1340 1735 publicarum
1349 1701 1514 1738 gabellamm
1524 1703 1633 1732 exaCtor
1643 1724 1651 1736 ‚
1669 1703 1716 1742 qui
1724 1714 1776 1742 pu-

130 1744 185 1774 rius
195 1746 264 1782 Papa
274 1743 308 1771 de
325 1744 351 1771 S.
363 1743 514 1772 Benedieto
523 1753 619 1781 agens:
646 1743 799 1780 [Praecepit
819 1743 862 1771 vir
873 1743 927 1770 Dei

131 1784 224 1814 statim
236 1794 298 1811 eum
308 1784 338 1811 in
347 1784 415 1812 cella
424 1783 507 1819 suain
521 1782 630 1821 psyacio
643 1804 650 1815 ‚
665 1793 720 1820 quo
729 1793 803 1811 orare
814 1782 927 1812 consue-

132 1836 209 1858 ,vetat
221 1825 334 1862 projici.
347 1827 358 1856 ]
374 1824 419 1853 Ad
428 1823 545 1863 plraesens
556 1834 621 1852 vero
632 1825 732 1854 Arabes
744 1825 828 1860 Psath
838 1825 928 1862 appel-

132 1867 192 1894 lant
204 1865 317 1893 stoream
326 1887 336 1902 ‚
349 1865 405 1893 sive
417 1873 535 1903 tapetum
547 1885 554 1897 ,
568 1865 643 1903 quod
653 1864 829 1892 orientalium
842 1864 888 1893 usu
899 1865 927 1893 in

133 1916 233 1935 terram
258 1907 386 1935 sternitur
398 1926 405 1933 .
435 1904 524 1941 Hujus
546 1905 670 1935 vocabuli
695 1914 812 1940 etymon
823 1926 830 1934 .
854 1906 927 1934 Vide

130 1954 222 1977 Natta
232 1967 239 1974 .

91 1990 303 2019 Psmmnfflum
314 2011 321 2021 ,
342 1987 498 2026 ψιμμύθιον
511 2012 515 2019 ,
536 1986 611 2016 sucus
623 2009 631 2020 ‚
654 1987 752 2016 cerasta
761 2009 769 2020 ‚
791 1997 843 2026 qua
856 1986 928 2015 inter

130 2039 228 2057 caetera
242 2029 360 2058 foeminae
372 2039 488 2057 utuntur
497 2028 530 2057 ad
540 2028 651 2061 faciem,
666 2032 693 2056 ὅ(
705 2038 795 2056 cutem
806 2028 929 2056 dealban-

132 2070 203 2097 dam.
216 2073 266 2104 [Et
276 2070 374 2098 crebris
384 2071 510 2105 lacrymis
522 2068 599 2096 facies
612 2068 790 2106 psimmythio
800 2078 862 2097 ante
870 2067 928 2096 sor-

135 2110 227 2137 did-,ita
239 2120 370 2149 purgatur
380 2132 386 2138 .
398 2111 423 2138 S.
440 2111 607 2143 Hieronym.
618 2109 695 2147 epist.
708 2120 754 2146 23.

89 2153 239 2181 Pstncium
251 2172 258 2177 .
283 2152 355 2179 Vide
366 2151 519 2187 Pstathmm
532 2171 538 2178 .

92 2193 128 2221 Ps
136 2201 289 2219 remmom
298 2202 313 2218 A
326 2213 332 2223 ,
342 2188 523 2229 ’ψυχαγωγία
534 2202 540 2221 ,·
553 2190 639 2219 animi
649 2190 795 2219 recreatio:
811 2189 844 2218 sic
854 2199 926 2217 com-

134 2231 281 2269 positiones
290 2230 445 2268 spirituales
455 2253 462 2264 ,
481 2241 540 2270 quae
553 2241 602 2269 pto
614 2241 677 2259 vera
687 2230 771 2259 animi
782 2230 925 2258 recreatio-

134 2283 168 2300 ne
177 2270 333 2300 inserviunt
344 2294 351 2304 ,
362 2274 493 2309 appellari
504 2271 594 2299 solent
606 2292 612 2298 .

93 2314 200 2342 Psicur
212 2334 219 2344 ,
229 2321 315 2350 graeca
323 2312 411 2340 dictio
421 2311 518 2350 ψυχὴ,
530 2312 597 2340 idest
610 2333 617 2344 ,
633 2311 721 2340 anima
731 2331 738 2339 .

93 2355 222 2382 Psi-cum
234 2372 241 2379 .
265 2352 336 2380 Vide
347 2357 497 2381 Anametta
507 2371 513 2377 .

93 2394 280 2425 Psxcmcflcs
290 2415 298 2430 ,
309 2390 432 2433 ψυχικᾶς
441 2416 450 2434 ,
459 2392 585 2432 animalis
596 2413 605 2427 ,
628 2391 794 2431 adjeffivum
803 2402 906 2422 nomen
918 2413 925 2425 ‚

980 1737 1080 1766 blicani
1089 1739 1120 1766 ab
1132 1739 1257 1766 Hebraeis
1266 1741 1385 1777 Partfim
1394 1762 1401 1774 ‚
1416 1742 1485 1770 idest
1497 1764 1504 1775 ,
1526 1744 1645 1771 latrones
1657 1745 1776 1781 appella-

983 1779 1083 1807 bantur
1094 1799 1100 1806 .
1119 1782 1217 1808 Baron·
1227 1789 1269 1807 an.
1279 1790 1327 1818 3¹·
1338 1792 1365 1809 n.
1377 1792 1424 1819 73.
1436 1783 1508 1811 Vide
1518 1783 1638 1821 Pamstm
1647 1805 1654 1816 ,
1675 1785 1776 1813 Phara·-

978 1820 1057 1855 [ιω.
1067 1820 1141 1848 Item
1153 1820 1282 1848 dicuntur
1291 1822 1381 1850 Gabbe
1391 1822 1474 1850 etiam
1484 1823 1609 1852 hebraice
1620 1845 1626 1852 .
1637 1824 1716 1853 Idem
1726 1827 1776 1853 Ba-

983 1870 1045 1887 ron.
1056 1860 1110 1888 loc.
1119 1862 1165 1888 cit.
1177 1861 1359 1889 Tertullianus
1371 1872 1459 1891 autem
1471 1864 1607 1892 existimat
1621 1865 1776 1903 publicanos

985 1911 1042 1928 non
1053 1900 1126 1929 luiss‘e
1139 1901 1269 1929 Hebraeos
1280 1923 1287 1933 ,
1299 1901 1345 1930 sed
1354 1903 1498 1932 Gentiles:
1523 1908 1604 1939 [Aut
1614 1906 1634 1934 si
1647 1906 1707 1943 quis
1727 1906 1777 1934 du-

984 1941 1049 1968 bitat
1060 1941 1194 1970 Ethnicos
1204 1941 1278 1970 fuisle
1289 1943 1445 1979 publicanos
1456 1966 1463 1976 ‚
1487 1946 1557 1983 apud
1569 1946 1691 1983 Judaeam
1702 1946 1776 1974 usur-

985 1991 1072 2019 patam
1082 1985 1136 2018 jam
1148 1982 1255 2020 pridem
1264 1984 1391 2021 Pompeii
1401 1994 1481 2013 manu
1492 2007 1499 2018 ,
1511 1994 1592 2024 atquc
1602 1987 1708 2014 Luculli
1719 2009 1727 2019 ,
1738 1987 1778 2016 le-

983 2031 1029 2060 gat
1040 2023 1305 2051 Deuteronomium:
1326 2026 1393 2052 Non
1403 2025 1456 2053 erit
1476 2026 1592 2065 vefflgal
1611 2026 1731 2064 pendens
1743 2037 1777 2056 ex

984 2062 1049 2091 filiis
1058 2062 1138 2092 Israel
1151 2084 1157 2091 .
1178 2065 1238 2092 Nec
1249 2073 1302 2091 tam
1312 2065 1463 2093 execrabile
1472 2065 1536 2093 eslet
1549 2077 1650 2094 nomen
1659 2068 1778 2104 publica-

983 2113 1081 2131 norum
1091 2104 1160 2141 apud
1172 2104 1326 2132 Dominum
1337 2126 1344 2137 ,
1365 2106 1414 2134 nisi
1427 2115 1586 2134 extraneum
1599 2107 1778 2137 vendentium

983 2143 1064 2180 ipsius
1075 2145 1172 2176 Coeli,
1191 2148 1218 2173 ὃ(
1231 2148 1321 2173 Terrae
1333 2167 1341 2178 ‚
1352 2149 1379 2173 δε
1392 2149 1476 2175 Maris
1486 2147 1611 2176 transitus
1625 2168 1632 2180 ,
1654 2147 1687 2176 de
1699 2149 1777 2187 pudi-

984 2185 1031 2212 cit.
1043 2195 1098 2223 cap.
1114 2190 1137 2213 8.
1151 2187 1162 2216 ]
1186 2187 1389 2214 Tertullianicae
1402 2187 1533 2224 opinioni
1544 2188 1642 2216 acriter
1653 2187 1680 2215 se
1692 2199 1779 2227 oppo-

982 2224 1037 2253 suit
1048 2226 1085 2254 D.
1097 2226 1285 2260 Hieronymus
1297 2227 1325 2254 in
1338 2227 1452 2264 epistola
1461 2228 1492 2255 ad
1502 2227 1648 2256 Damasum
1658 2228 1757 2256 direAEta
1767 2249 1776 2261 ,

984 2267 1013 2293 in
1026 2276 1076 2304 qua
1094 2266 1239 2294 evidenter
1248 2267 1342 2304 probat
1361 2268 1520 2296 Publicanos
1541 2270 1671 2297 Hebraeos
1681 2267 1775 2300 suillef

984 2316 1046 2334 nam
1057 2305 1200 2335 Matthaeus
1212 2329 1220 2340 ,
1230 2311 1258 2335 ὅ(
1267 2307 1387 2336 liebtaeus
1397 2329 1404 2340 ,
1416 2312 1444 2336 δε
1455 2309 1611 2346 publicanus
1621 2307 1705 2335 fuerat
1715 2317 1726 2336 ς
1747 2313 1776 2337 δε

984 2347 1013 2375 in
1021 2349 1140 2385 Templo
1149 2349 1267 2376 affirmat
1277 2347 1404 2376 Christus
1413 2349 1583 2386 publicanum
1592 2345 1672 2374 orasse
1684 2368 1692 2374 .
1702 2347 1775 2377 Item

983 2398 998 2417 a
1006 2388 1043 2417 D.
1051 2390 1160 2429 Joanne
1171 2387 1289 2428 Baptista
1298 2388 1432 2428 baptizati
1440 2387 1502 2418 sunt
1510 2386 1645 2427 publicani
1655 2408 1663 2419 ,
1674 2397 1702 2455 gc
1717 2397 1775 2418 tan.

1694 2437 1735 2455 ein
