1866 2526
127 109 183 140 nit:
207 108 266 145 [ln
293 103 468 147 przpmuda
487 104 669 144 expeditione
699 103 816 144 primam
831 107 934 134 curam·

127 150 222 182 habuit
232 148 376 188 deligendi
387 145 514 176 vehicula
525 168 533 180 ‚
558 146 700 186 portandis
710 145 822 176 scenicis
843 155 922 184 orga-

128 202 173 222 nis
183 211 191 224 ,
211 188 427 228 concubinasque
437 209 445 221 ‚
456 197 522 226 quas
534 187 624 217 secturi
635 188 763 217 educeret
773 208 781 220 ‚
804 187 923 218 tonden-

127 233 156 263 di
167 231 200 262 ad
210 231 321 260 virilem
330 231 443 259 modum
455 250 463 262 ‚
486 233 513 258 ὅ(
523 228 656 258 securibus
670 251 678 263 ‚
698 227 835 269 peltisque
853 238 924 257 ama-

128 270 398 304 zonicisinstmendi
411 272 442 302 .]
464 269 551 299 Causa
563 281 630 299 vero
641 269 856 299 introductionis
875 269 925 298 hu-

127 317 170 350 jus
188 313 298 353 generis
315 311 454 341 scutorum
473 322 488 339 a
500 312 632 340 Diodoro
643 311 735 340 Siculo
749 331 756 343 ,
781 310 798 338 l.
816 321 859 346 ις.
880 311 925 339 Bi-

127 354 228 383 blioth.
246 354 284 382 ita
302 352 428 382 affertur:
453 353 539 388 [Mos
558 352 643 382 suem
658 351 768 381 Graecis
797 351 926 380 hactenus

127 395 237 435 prolixa
247 394 350 433 gestare
369 392 459 424 scuta5
481 391 531 421 sed
549 403 610 422 curn
630 392 688 421 haec
699 402 749 431 pro
772 402 813 421 ter
833 391 926 431 gravi-

127 445 213 465 tatem
233 436 266 464 ad
278 444 386 463 motum
405 433 581 472 impeditiora
602 433 696 462 forent
708 454 715 465 ,
749 443 809 461 cuta
819 432 926 461 abstulit

130 476 284 515 Iphicrates
297 474 517 507 Athenienfis‚&
528 474 614 513 peltas
624 474 732 503 modice
742 472 926 502 conformatas

1279 42 1315 86 P
1346 42 1383 85 E
1637 58 1717 99 519

978 111 1066 143 ptura
1079 101 1154 134 Libri
1166 100 1280 134 Mosaici
1293 123 1301 134 ,
1310 100 1431 141 quisunt
1442 99 1555 131 Genesis
1565 123 1572 134 ‚
1588 104 1699 134 Exodus
1709 126 1716 138 ,
1727 104 1780 134 Le*

979 143 1080 173 viticus
1089 165 1097 178 ,
1116 145 1254 178 Numeri,
1273 146 1301 172 δι
1310 143 1562 172 Deuteronomium
1572 162 1579 170 .
1602 145 1686 180 qud
1700 145 1781 174 volu-

979 193 1044 214 men
1053 188 1182 216 omnibus
1190 186 1250 216 aliis
1259 184 1398 223 antiquius
1405 183 1536 216 creditum
1549 194 1622 219 nam,
1633 195 1664 214 ut
1673 183 1780 223 joseph

981 227 1114 257 Hebraeus
1124 227 1206 257 refert
1217 249 1225 261 ‚
1238 227 1305 256 licet
1315 225 1511 255 invenirentur
1522 225 1702 255 Charaeteres
1713 235 1783 254 tem-

981 276 1048 305 pore
1057 269 1161 306 Moysis
1172 290 1180 302 ,
1193 279 1251 298 non
1263 277 1355 296 tamen
1365 267 1426 295 libri
1437 267 1642 304 reperiebantur
1653 289 1661 300 ,
1681 277 1731 296 nee
1743 268 1782 294 ul-

983 309 1007 337 la
1018 309 1060 338 lex
1070 307 1171 349 scripta
1182 330 1190 338 .
1215 312 1272 339 FR.
1285 312 1318 338 Et
1327 308 1356 337 hi
1367 306 1430 336 sunt
1442 308 1565 346 quinque
1588 308 1649 337 libri
1659 306 1763 342 Moysis
1774 327 1785 339 ,

981 360 1048 389 quos
1062 351 1173 390 proprie
1192 351 1284 380 Thon?
1293 349 1419 379 hebraice
1430 369 1437 382 ‚
1452 347 1519 377 idest
1531 370 1538 381 ,
1559 349 1650 388 legem
1658 348 1783 387 appellat

982 392 1019 420 D.
1031 392 1222 427 Hieronymus
1233 392 1264 419 in
1274 391 1346 430 prol.
1357 390 1481 430 galeat05
1494 389 1647 429 eodemque
1659 389 1745 418 modo
1752 388 1785 416 ab

984 432 1114 462 Arabibus
1122 433 1302 472 appellantur,
1314 441 1396 470 atque
1403 430 1447 460 his
1459 440 1566 460 tantum
1575 431 1698 471 quinque
1708 429 1785 458 libre

981 472 1127 502 credebant
1139 472 1227 503 Esseni
1236 493 1243 500 .
1267 472 1340 502 Vide
1350 472 1440 510 Effeni
1449 492 1458 501 .

128 516 268 546 substituit
279 538 286 549 ,
308 517 364 545 duo
376 514 512 555 prxcipue
522 514 572 544 hac
584 515 768 544 innovatione
783 512 906 553 spestans
919 535 926 546 ,
941 511 1189 544 ΡεκτεεοςτΑιις
1202 534 1209 541 .
1230 515 1287 543 FR-
1298 513 1477 549 Adjeffivum
1487 512 1520 542 ad
1529 512 1712 543 Pentecosten
1723 520 1787 550 per-

133 568 190 586 tum
202 567 232 586 ut
242 568 343 595 corpus
350 556 414 586 satis
424 565 637 594 tegeretur-,rum
646 565 676 583 ut
685 555 802 584 levitate
810 555 926 594 agiliora

129 599 161 627 ad
170 597 246 627 usum
257 597 341 627 essent
352 618 359 625 .
380 597 573 627 Commoditas
592 596 653 625 haec
668 595 864 635 experimentis
876 595 924 624 sta-

129 639 181 667 tim
198 639 307 678 probata
316 660 325 672 ,
346 637 435 667 effecit
446 659 454 671 ‚
472 646 502 664 ut
520 634 569 681 qui
587 648 601 665 a
616 635 699 665 scutis
717 636 825 676 pridem
834 635 926 674 hopli-

983 554 1074 584 tinens
1084 576 1091 582 .
1106 560 1118 590 [
1130 555 1213 585 Circa
1222 553 1422 593 proceffionem
1432 554 1653 583 Pentecostalem
1661 574 1668 582 .
1681 554 1717 582 In
1725 553 1784 581 De-

981 596 1074 624 cretnl.
1085 596 1120 624 de
1132 594 1289 634 praesurnpt.
1299 605 1357 634 cap.
1365 606 1373 622 ι
1384 604 1409 630 ς.
1421 597 1434 626 ]
1450 596 1494 624 De
1503 593 1680 625 Proceffione
1689 596 1785 633 Roga-

981 637 1090 665 tionum
1099 637 1222 675 loquitur
1235 658 1243 669 ‚
1254 646 1314 675 quae
1328 644 1391 664 ante
1401 636 1582 665 Pentecosten
1593 635 1624 664 fit
1635 657 1642 664 .

130 689 164 708 tte
177 679 244 708 dieti
256 679 373 711 fuerant,
383 687 442 706 tum
453 688 467 705 a
477 678 561 716 peltis
569 677 667 716 peltati
678 679 924 716 nuncuparemun]
942 674 1216 706 PENTicosn-Aniurvi
1228 698 1235 709 ,
1245 673 1454 715 πεννεκοςεέριον,
1468 677 1502 705 fic
1515 677 1669 715 appellatur
1679 685 1692 704 a
1702 677 1784 704 (ἰτε-

129 721 213 756 Quod
223 719 327 749 scutum
337 721 425 748 Cetra
433 740 442 751 ‚
451 719 536 747 etiam
547 718 685 747 dicebatur
695 739 704 752 ,
723 717 835 757 ejusque
843 717 926 747 scuti-

128 761 199 789 ferus
208 764 340 789 emarus
351 780 357 786 .
382 760 495 795 [Nocte
504 769 622 788 cetratos
631 782 638 793 ,
661 770 728 798 quos
740 759 865 798 peltastas
877 769 926 788 vo-

981 718 1020 747 cis
1030 719 1098 747 liber
1109 740 1118 752 ,
1140 719 1170 747 in
1180 728 1234 757 quo
1245 727 1336 757 preces
1347 727 1397 756 pro
1415 725 1541 756 tempore
1560 716 1683 747 Paschali
1692 715 1785 751 contis

982 769 1084 788 nentur
1095 779 1103 788 .

125 811 189 829 cant
201 822 210 834 ‚
232 800 295 829 loco
305 810 464 839 opportuno
474 799 550 829 inter
557 800 620 829 bina
629 802 711 830 castra
722 800 751 828 in
765 800 872 829 infidiis
881 802 924 829 ab·
942 796 1151 830 Ρὲκτεςοςτες
1162 822 1168 833 ,
1180 795 1326 832 ‘minucii
1336 821 1345 832 ,
1356 797 1424 827 idest
1434 821 1442 833 ‚
1455 797 1688 844 Quinquagessma
1699 819 1708 831 ,
1720 797 1786 837 quia

124 841 231 870 diderat
241 862 248 869 .
260 841 322 871 Liv.
335 841 380 869 lib.
396 852 418 869 t.
429 841 493 870 bell.
505 841 672 873 Macedon-1
685 840 798 871 &idem
810 863 818 875 ‚
842 841 887 870 lib.
904 853 926 870 ι.

125 882 190 911 bell.
200 884 268 910 Pun.
287 881 431 920 [Hispani
443 882 499 910 fine
509 883 562 910 ulla
571 882 645 911 rnole
654 882 685 911 in
695 892 767 911 utres
778 881 927 911 vestimen-

125 922 162 951 tis
171 922 302 958 conjectis
312 922 373 961 ipsis
384 923 478 952 Cetris
488 921 663 962 superpositis
677 923 926 957 incumbentes,flu-

125 973 190 992 men
201 962 406 992 transnatavere
417 984 423 990 .
437 969 449 998 [
460 966 493 991 Et
505 964 587 1003 Virg.
598 963 719 993 AEneid.
730 975 758 996 7.

168 1005 263 1032 Laevas
273 1014 345 1032 cetra
355 1004 427 1043 tegit
437 1025 444 1036 ,
458 1003 547 1033 falcati
556 1005 681 1034 cominus
691 1003 766 1033 enses
778 1024 786 1032 .

128 1044 188 1073 Alii
200 1054 292 1072 tamen
303 1043 376 1072 hunc
387 1044 502 1083 Virgilii
513 1046 602 1075 locum
614 1051 700 1076 Certa
710 1046 807 1085 legunt
817 1065 826 1073 .

83 1085 240 1114 ΡειτΑςτΑ
254 1107 262 1118 ,
273 1089 300 1114 &
311 1085 436 1114 Peltatus
447 1105 454 1113 .
469 1086 542 1114 Vide
551 1089 631 1116 Pelta
642 1108 649 1115 .

85 1125 223 1155 Ρεκοεκς
235 1147 243 1158 ,
264 1125 462 1155 Baidachinum
471 1146 479 1154 .
500 1127 698 1157 Caeretnonial.
709 1126 838 1167 Episcop.
860 1129 923 1164 Ejus

128 1167 293 1202 Synonyma
302 1187 310 1194 .
322 1167 396 1195 Vide
407 1167 612 1198 Baldachinum
623 1189 631 1196 .

85 1207 222 1236 Pru-nene
234 1208 432 1236 Ser-rmum
442 1229 450 1240 ‚
470 1218 551 1246 quam
563 1209 790 1238 Tertullianicam
809 1207 925 1248 phrasim

127 1246 155 1276 se
167 1258 223 1276 non
235 1248 394 1286 intelligere
404 1248 504 1276 fatetur
515 1250 695 1283 Pamelius‚ex
707 1261 739 1278 eo
751 1249 813 1289 quia
824 1260 925 1279 novum

124 1287 172 1317 fibi
185 1288 294 1317 videtur
305 1310 312 1322 ‚
332 1289 386 1317 talc
397 1289 509 1317 verbum
527 1301 589 1319 cum
607 1290 758 1319 accusativo
770 1291 904 1330 conjungi
919 1303 925 1322 5

125 1327 173 1357 sed
192 1329 283 1358 noster
305 1328 502 1358 oculatiffimus
513 1332 636 1360 Latinius
646 1332 762 1360 Pendere
774 1342 824 1371 pro
836 1330 924 1360 solve-

126 1380 156 1397 re
167 1370 291 1409 intelligi
301 1369 486 1399 demonstrat.
507 1373 595 1401 Verba
605 1382 695 1401 autem
715 1373 883 1401 Tertulliani
893 1373 926 1401 de

127 1408 227 1438 resurr.
237 1411 339 1439 Carnis
351 1433 357 1443 ,
369 1421 394 1438 c.
410 1422 452 1444 17·
462 1412 527 1441 talia
538 1412 616 1442 sunt:
635 1419 649 1448 [
660 1417 693 1442 Et
708 1414 772 1442 ideo
783 1413 811 1442 in
821 1424 880 1452 quae
892 1414 925 1442 de

124 1450 173 1479 suo
183 1449 285 1479 sufficit
296 1473 303 1484 ,
315 1461 412 1479 eorum
423 1453 537 1481 interim
548 1453 716 1482 sententiam
727 1454 833 1492 pendit.
844 1456 856 1485 ]
869 1457 925 1484 FR.
950 1472 952 1474 v

127 1491 178 1519 Sed
189 1492 300 1529 proprie
313 1492 435 1529 pendere
446 1491 612 1522 sententiam
625 1516 631 1526 ,
654 1492 786 1523 sustinere
797 1495 927 1523 condem-

127 1531 271 1559 nationem
283 1531 432 1570 signifieat.
444 1538 456 1566 [
470 1534 656 1573 Indignamur
665 1535 778 1568 mariti,
788 1535 807 1564 fi
817 1536 927 1564 audiant

127 1571 266 1601 adulteros
276 1572 349 1600 viros
359 1573 478 1610 pendere
490 1574 588 1605 similes
597 1574 727 1604 adulteris
738 1576 859 1605 foeminis
869 1586 927 1614 poe-

128 1622 175 1640 nas
185 1634 191 1644 ‚
203 1623 263 1641 can.
274 1613 456 1651 indignantur
466 1635 473 1646 ‚
485 1626 530 1653 ²3·
542 1616 637 1654 quaest.
651 1618 701 1647 6.]
723 1617 782 1645 Ubi
791 1617 883 1647 Gloffi
895 1617 927 1646 lic

129 1653 256 1691 exponit.-
269 1653 425 1688 [Pendere,
437 1654 514 1687 idest,
524 1655 666 1690 sustinere,
676 1668 689 1685 a
702 1657 808 1691 pendo,
820 1658 927 1698 pendis.

87 1695 220 1722 Pennus
231 1695 390 1732 ,ματη-ιο
402 1715 410 1722 .
422 1695 497 1724 Vide
504 1698 638 1734 oscillum
650 1717 658 1724 .

87 1736 197 1763 Per-isto
208 1755 215 1762 .
228 1734 300 1763 Vide
311 1738 442 1772 Λημνία
453 1757 460 1768 ,
480 1738 618 1766 Burdatio
628 1759 636 1771 ,
649 1739 784 1768 Calcam'a
793 1761 801 1773 ‚
811 1743 910 1770 Firma
921 1760 928 1768 .

88 1775 304 1804 Part-nomimis
314 1795 321 1802 .
345 1776 418 1805 Vide
428 1781 585 1806 Firmanus
595 1798 604 1806 .

88 1815 376 1859 Pesrnconrnitcus
388 1838 395 1849 ,
415 1816 642 1857 πενηκὸννκρχσς
655 1844 659 1848 ,
678 1818 745 1848 idest
755 1841 763 1853 ‚
783 1821 928 1850 Praefestus

130 1863 331 1894 qumquaginta
343 1857 463 1885 militum
474 1879 481 1885 .
502 1861 558 1894 [Et
576 1859 635 1898 post
646 1859 705 1889 h.1:c
725 1861 872 1891 constituit
882 1863 928 1900 Ju-

130 1895 177 1923 das
187 1896 280 1924 Duces
290 1897 397 1935 populi,
407 1898 544 1928 Tribunos
552 1921 560 1932 ,
571 1903 599 1929 ὅ(
612 1901 811 1936 Centuriones,
820 1906 849 1932 ὅ(
859 1904 926 1932 Pen-

133 1936 325 1965 tacontarehos
335 1959 343 1970 ‚
353 1940 380 1966 δ(
394 1938 562 1968 Decuriones
574 1962 580 1973 ,
596 1951 621 1969 i.
630 1943 737 1971 Macab.
746 1954 769 1970 c.
782 1954 808 1972 2.

88 1977 333 2008 Pseneros-rus
344 2000 352 2012 ‚
363 1979 435 2017 quasi
444 1982 669 2020 quinquilinguis
680 1983 735 2011 dici
745 1983 833 2022 petest
843 2006 851 2018 ‚
860 1995 928 2024 grae-

129 2028 161 2046 ce
173 2016 390 2062 πενῚαξγλωντσς
400 2039 407 2046 -
420 2021 463 2049 Ita
473 2021 560 2050 dicius
569 2022 680 2051 sanstus
690 2023 858 2063 Epiphanius
869 2047 877 2058 ,
887 2026 928 2054 Sa-

131 2059 242 2087 laminae
254 2068 284 2086 in
292 2059 394 2098 Cypro
403 2060 550 2101 Episcopus
561 2084 570 2095 ,
591 2063 634 2092 vir
645 2064 803 2093 eruditione
814 2088 821 2098 ,
830 2064 926 2094 saneti-

131 2108 198 2133 tate,
209 2103 238 2128 δ(
249 2100 283 2128 ob
292 2100 412 2140 quinque
424 2102 589 2142 linguarum,
600 2105 706 2134 Graecae
719 2105 861 2137 videlicet¹
873 2108 928 2135 He-

100 2179 103 2183 .
131 2141 228 2170 braicae
241 2162 249 2174 ,
262 2141 365 2170 Latinae
379 2163 387 2174 ,
398 2142 515 2177 Syriaca:
526 2166 533 2176 ‚
545 2147 573 2173 ὅ(
584 2143 770 2184 AEgyptiaca:
781 2147 906 2184 peritiam
918 2159 931 2176 :i

134 2183 162 2211 S.
174 2182 354 2217 Hier-otwino
362 2185 570 2213 commendatus
580 2206 587 2217 ,
607 2188 634 2213 ὃ(
646 2186 836 2225 Pentaglotms
846 2188 932 2227 vulgo

133 2231 304 2260 nuncupatus
314 2244 322 2255 ‚
341 2234 355 2267 a
371 2225 468 2253 Graeca
476 2225 600 2254 dictione
617 2225 700 2257 πέντε
709 2248 717 2260 ,
741 2230 862 2266 quinque
873 2250 882 2262 ‚
903 2233 932 2259 ἃ

132 2264 243 2300 Ίλόωαι
254 2289 261 2302 ,
283 2266 381 2293 Attice
389 2265 528 2302 γλόντει,
547 2267 646 2304 lingua
656 2287 666 2300 ,
679 2267 770 2305 sermo
779 2288 788 2301 ,
799 2272 931 2308 interpre-

131 2312 205 2333 tatto
213 2325 222 2333 .

90 2344 281 2376 ΡεκτΑιοκις
291 2365 299 2373 .
311 2345 387 2376 Vide
395 2347 516 2377 Trilm’s
527 2369 536 2376 .

90 2385 341 2427 Pura-nucitum
349 2408 361 2425 ,
370 2385 558 2430 πτντσίτώχσν
565 2409 578 2432 3
585 2387 653 2422 idest
663 2388 784 2431 qiunque
794 2391 852 2422 sac.
862 2391 936 2424 Scri-

983 841 1036 870 hoc
1055 839 1285 869 solemnissimum
1295 838 1393 868 Pascha
1411 840 1471 878 post
1481 841 1686 879 quinquaginta
1699 839 1759 867 dies
1769 849 1786 868 ι

982 881 1083 912 Pascha
1091 891 1255 918 azymorum
1263 881 1421 914 celebratur,
1434 881 1463 910 in
1473 891 1524 920 qua
1535 880 1646 910 Hebraei
1656 879 1785 910 traditio-

983 934 1047 952 nem
1057 923 1127 962 legis
1137 933 1150 951 a
1159 923 1222 951 Deo
1234 921 1324 957 Moysi
1336 921 1431 951 fafiam
1441 921 1605 951 solemniter
1615 931 1787 951 commemo-

983 964 1077 993 rabant
1087 984 1094 991 .
1107 966 1163 993 PR.
1174 960 1269 992 Gloss'a
1280 963 1308 990 in
1323 984 1329 995 ,
1347 973 1406 1002 cap.
1418 963 1501 992 unico
1512 962 1687 992 Clementin.
1699 962 1733 992 de
1745 972 1787 991 re-

982 1006 1032 1043 liq.
1044 1008 1071 1033 8<
1084 1015 1178 1033 vener.
1190 1004 1278 1033 Sanfl.
1291 1004 1317 1034 §-
1330 1004 1502 1033 Pentecostes
1514 1025 1520 1037 ‚
1531 1003 1588 1032 haec
1598 1003 1686 1033 habet:
1699 1007 1788 1039 [Pen-

983 1046 1098 1074 tecostes
1108 1045 1143 1074 fic
1162 1045 1265 1073 dicitur
1276 1054 1289 1073 a
1301 1053 1385 1082 pente
1397 1066 1404 1078 ,
1424 1045 1498 1084 quod
1509 1044 1546 1072 cst
1557 1044 1681 1084 quinque
1699 1044 1787 1079 (facit

983 1087 1016 1116 de
1027 1085 1141 1115 decimis
1152 1095 1209 1124 cap.
1224 1096 1247 1113 i.
1258 1084 1288 1113 in
1298 1084 1348 1113 fin.
1359 1089 1387 1114 δε
1399 1086 1474 1124 quod
1484 1086 1519 1114 ibi
1532 1095 1643 1114 notatur
1654 1108 1663 1119 ,
1674 1089 1688 1118 )
1700 1089 1728 1115 δ(
1736 1096 1787 1114 co-

982 1128 1020 1157 stc
1030 1149 1038 1160 ,
1049 1127 1144 1155 decem
1155 1149 1164 1160 ‚
1184 1126 1247 1165 quia
1258 1125 1404 1164 quinquies
1415 1126 1510 1155 decem
1521 1127 1580 1155 dies
1590 1125 1652 1155 sunt
1661 1127 1737 1156 inter
1749 1125 1788 1154 fc-

982 1169 1050 1198 stum
1061 1167 1293 1199 Resuraeftionis,
1305 1171 1333 1196 δι
1345 1167 1529 1200 Pentecostes‚
1539 1177 1701 1207 computato
1709 1177 1788 1197 utro-

980 1219 1036 1248 que
1044 1208 1112 1237 festo
1121 1230 1129 1242 ‚
1142 1212 1170 1238 &
1181 1208 1294 1247 quidam
1305 1208 1445 1237 declinant
1455 1209 1619 1238 Pentecoste
1630 1231 1638 1242 ‚
1649 1210 1788 1237 Penteco-

983 1251 1044 1282 stes,
1056 1249 1104 1278 alii
1113 1259 1181 1278 vero
1192 1250 1246 1277 hoc
1254 1249 1430 1278 Pentecostes
1439 1249 1636 1278 indeclinabile
1646 1251 1709 1284 1:11:
1723 1251 1787 1279 Hoc

983 1290 1157 1320 Pentecostes
1165 1288 1267 1318 Pascha
1279 1290 1433 1329 appellatur
1442 1291 1525 1319 etiam
1534 1290 1788 1333 Quinquagest’mae,

982 1333 1092 1368 Festum
1101 1331 1303 1360 hebdomadum
1315 1353 1322 1363 ,
1332 1333 1440 1368 Festum
1449 1332 1548 1370 Meffis,
1562 1333 1670 1369 Festum
1684 1334 1790 1361 Primi-

984 1375 1094 1401 tiarum
1103 1391 1110 1399 .
1131 1375 1166 1400 Et
1177 1381 1259 1410 penes
1270 1372 1401 1400 Hebraeos
1411 1373 1580 1411 incipiebant
1590 1372 1714 1411 praedicti
1726 1371 1788 1400 dies

982 1412 1184 1453 quinquaginta
1195 1423 1209 1441 :t
1226 1410 1344 1441 secunda
1352 1413 1398 1441 die
1406 1423 1567 1448 azymorum
1579 1412 1733 1446 numerari,
1755 1412 1791 1442 in

982 1464 1038 1493 quo
1048 1454 1095 1482 die
1105 1452 1190 1492 spicas
1201 1453 1350 1486 metebant,
1363 1463 1392 1482 ut
1404 1453 1531 1482 Domino
1540 1452 1673 1486 offerrent
1687 1475 1695 1482 .
1706 1454 1742 1482 In
1752 1463 1789 1482 eo

983 1505 1052 1523 vero
1062 1505 1136 1522 :inno
1148 1516 1156 1527 ,
1167 1505 1222 1534 quo
1233 1494 1408 1533 Redemptor
1417 1493 1509 1523 noster
1520 1504 1638 1523 mortem
1647 1493 1766 1524 subierat
1777 1515 1790 1528 ,
1830 1493 1834 1495 ’

982 1535 1041 1564 dies
1051 1534 1168 1564 secunda
1179 1545 1342 1571 azymorum
1355 1535 1384 1563 in
1396 1535 1509 1564 Sabbato
1519 1535 1653 1563 acciderat
1664 1557 1671 1568 ,
1696 1535 1726 1563 in
1737 1545 1790 1574 qua.

984 1576 1030 1605 die
1041 1585 1103 1604 cum
1115 1575 1285 1615 prohibitum
1307 1576 1340 1605 fit
1351 1576 1477 1605 chraeis
1486 1586 1570 1604 omne
1586 1574 1688 1605 servile
1699 1585 1767 1614 opus
1777 1596 1789 1609 ‚

986 1617 1051 1646 ideo
1059 1617 1089 1645 in
1098 1618 1214 1646 alterum
1223 1617 1297 1645 diem
1309 1638 1317 1650 ‚
1328 1627 1426 1655 nempe
1438 1638 1446 1650 ,
1459 1616 1642 1646 Dominicum
1652 1614 1788 1646 Resurre-

985 1658 1087 1686 {tionis
1095 1659 1256 1686 obtulerunt
1267 1658 1439 1696 manipulum
1446 1655 1580 1697 spicarum
1589 1657 1790 1696 Hebraei‚quod.

985 1709 1043 1727 non
1061 1698 1117 1727 fine
1136 1698 1328 1728 Providentiae
1339 1698 1445 1727 divinae
1467 1698 1602 1734 mysterio
1611 1707 1765 1727 occurrerat
1775 1708 1788 1729 ς

985 1749 1048 1767 nam
1059 1739 1211 1777 manipulus
1224 1739 1271 1768 ille
1282 1760 1291 1772 ‚
1309 1739 1340 1768 in
1349 1739 1435 1768 altum
1445 1740 1570 1768 elevatus
1586 1742 1682 1776 (juxta
1690 1748 1790 1768 eorum

985 1779 1092 1812 ritum)
1110 1779 1219 1808 Christi
1230 1778 1435 1809 resurrectionis
1444 1779 1600 1816 symbolum
1611 1779 1662 1809 suit
1673 1791 1681 1808 .-
1693 1780 1787 1819 itaque

985 1830 1020 1849 eo
1029 1831 1103 1848 anno
1113 1831 1173 1848 cum
1185 1821 1216 1849 ab
1226 1821 1350 1849 Hebraeis
1361 1821 1529 1860 principium
1541 1831 1636 1850 eorum
1649 1821 1789 1860 quinqua·

983 1861 1092 1900 gelimae
1105 1862 1244 1890 numerari
1254 1861 1391 1900 inciperet
1400 1872 1413 1890 a
1423 1862 1571 1891 Dominica
1583 1873 1589 1893 ς
1603 1862 1637 1891 sic
1648 1862 1732 1890 etiam
1740 1871 1790 1890 eo-

985 1912 1044 1930 rum
1055 1902 1228 1930 Pemecostes
1240 1902 1268 1929 in
1278 1902 1430 1930 Dominica
1439 1903 1699 1937 concludebatur-‚eo
1708 1911 1788 1942 pror-

985 1942 1028 1971 sus
1039 1943 1083 1971 die
1094 1963 1101 1974 ,
1122 1953 1179 1981 quo
1186 1941 1264 1981 supra
1283 1941 1387 1971 sacrum
1407 1943 1604 1982 Apostolorum
1624 1942 1790 1982 Collegium

986 1984 1101 2022 Spiritus
1120 1983 1232 2012 SanCtus
1251 1982 1429 2013 descenderat
1440 2004 1446 2011 .
1469 1985 1531 2013 Hoc
1550 1985 1626 2013 enim
1646 1985 1727 2024 paeto
1735 1984 1790 2014 du-

986 2025 1060 2053 bium
1070 2034 1083 2052 a
1093 2023 1188 2052 multis
1198 2023 1332 2063 agitatum
1341 2022 1470 2057 solvitur,
1482 2026 1632 2064 quomodo,
1644 2026 1788 2057 niminun,

987 2075 1021 2093 eo
1031 2075 1105 2093 anno
1124 2064 1153 2093 in
1164 2065 1210 2093 die
1220 2065 1368 2094 Dominica
1381 2064 1536 2094 hebraicum
1555 2067 1728 2096 Pentecostes
1739 2076 1787 2095 oc-

985 2115 1104 2134 currerat
1115 2127 1123 2138 ,
1143 2105 1214 2143 apud
1226 2107 1355 2134 Bellarm.
1364 2106 1412 2134 lib.
1421 2116 1448 2144 3.
1465 2106 1501 2135 de
1509 2107 1586 2136 cultu
1606 2108 1636 2136 Sa
1642 2108 1767 2136 nftorum
1776 2129 1788 2140 ,

985 2157 1009 2174 c.
1021 2157 1047 2185 3.
1059 2146 1160 2175 Melius
1171 2155 1262 2175 tamen
1273 2146 1432 2185 praedistum
1443 2147 1555 2176 dubium
1565 2170 1573 2181 ‚
1593 2148 1611 2177 fi
1622 2148 1789 2178 rabbinicnin

986 2186 1208 2216 observationem
1217 2188 1426 2216 admitteremus
1434 2209 1442 2221 ,
1454 2187 1640 2218 resolveretur
1649 2211 1657 2222 ,
1677 2199 1729 2227 qua
1739 2189 1789 2217 ob-

986 2227 1145 2257 servatione
1152 2237 1264 2256 cavetur
1276 2228 1304 2256 in
1313 2238 1408 2257 eorum
1417 2229 1589 2258 Calendario
1599 2252 1606 2262 ‚
1627 2240 1663 2258 ne
1672 2239 1787 2264 azymo-

986 2279 1047 2298 rum
1057 2267 1156 2307 pascha
1167 2269 1195 2297 in
1205 2269 1252 2297 die
1259 2271 1343 2298 Lunae
1353 2292 1361 2303 ,
1374 2270 1522 2303 Mercurii,
1533 2281 1562 2299 ac
1575 2270 1692 2299 Veneris
1701 2270 1735 2298 ob
1747 2268 1789 2299 se-

988 2320 1103 2349 quentes
1112 2310 1234 2338 rationes
1247 2310 1351 2339 incidat
1361 2332 1370 2339 .
1379 2312 1448 2340 Non
1459 2312 1535 2340 enim
1544 2312 1578 2340 de
1588 2311 1633 2339 dic
1644 2313 1788 2343 1.un³:,aut

988 2351 1119 2380 Mercurii
1130 2351 1268 2379 celebrant
1278 2351 1437 2389 praedidum
1448 2352 1560 2385 Pascha,
1572 2361 1606 2380 nc
1615 2350 1722 2380 scilicet
1731 2352 1792 2380 die·

990 2392 1098 2430 Chepur
1107 2391 1138 2421 in
1149 2391 1276 2427 Veneris,
1289 2393 1504 2423 autDoniinicae
1515 2392 1608 2426 diebus
1618 2392 1710 2422 cadat:
1723 2393 1793 2421 Che-

1396 2436 1420 2464 Κ
1439 2434 1459 2462 k
1502 2445 1522 2469 4
1702 2441 1756 2472 pur
