1866 2526
69 81 239 112 vunnu„
249 100 256 108 .
279 76 353 107 Vide
370 77 466 107 schola
477 88 583 115 graca-

70 123 288 153 νειοτιπιυκ,
307 122 398 155 januz
418 118 511 147 velum
525 139 533 152 ,
555 115 641 147 dictio
665 115 854 157 latino-graeca
865 121 906 146 Ve—

110 164 154 196 10,
173 165 203 191 ἃ
220 158 312 199 θύρα,
333 169 394 199 quae
416 168 522 197 portam
533 157 685 198 significat.
711 158 812 194 [Fecit
831 161 859 186 ὅ(
878 158 906 187 in

109 202 203 232 eadem
220 200 329 230 Basilica
337 200 442 239 egregii
463 199 594 229 Dodoris
613 199 760 235 velothyra
771 207 888 238 quatuor
898 220 906 232 ,

96 248 101 251 “
114 241 251 280 exquibus
261 251 344 270 unum
357 251 423 269 auro
433 250 541 269 textum
551 260 558 268 .
582 239 705 270 Anastas.
724 238 859 269 Biblioth.
879 239 905 267 in

109 281 249 320 Stephano
268 284 344 313 1v.]
369 281 416 319 qui
436 281 548 309 eandem
566 280 720 310 dictionem
733 281 844 309 reiterat
857 279 905 309 ibi-

109 323 172 352 dem
181 334 189 349 .-
202 322 358 358 [Contulit
371 322 400 350 in
412 322 505 350 eadem
521 321 629 350 Basilica
639 321 834 361 Apostolorum
846 331 904 349 cor-

109 364 196 393 tinam
210 364 309 391 lineam
321 372 403 391 unam
418 384 424 394 ,
443 361 593 398 velorhyra
605 361 688 391 serica
699 362 751 390 tria
770 362 800 390 in
809 361 906 390 circui-

108 414 138 432 tu
149 404 239 433 almis
249 406 279 435 .]
302 404 376 433 Vide
388 404 605 442 Amphithymm
618 423 625 429 .
635 404 726 431 Velum
735 423 742 430 .

69 446 174 475 Vaut-i
187 466 195 478 ‚
217 455 272 483 quo
281 444 442 483 cooperitur
451 443 522 472 calix
534 464 541 471 .
568 449 580 478 [
594 445 647 472 Vas
660 453 766 472 aureum
777 464 785 476 ,
808 443 853 472 vel
864 454 903 471 ar-

104 495 234 525 genteum
244 507 252 518 ‚
274 486 318 514 vel
341 486 433 514 velum
457 483 653 513 sanetificatum
663 505 670 517 ‚
690 493 771 512 nemo
793 485 906 521 amplius

107 527 136 554 in
148 525 225 554 suum
244 525 320 554 usum
332 534 493 557 convertat,
511 535 570 554 can.
592 524 787 563 apostol.73.]
813 524 905 563 Signi-

105 566 166 595 ficat
188 565 316 605 passionis
338 565 449 595 Christi
467 564 606 594 obscuram
629 566 736 593 ποξὶειῐι
756 565 852 598 illam,
877 566 905 593 in
924 565 1032 594 Vnum
1059 566 1328 597 Cossecmnoms
1344 590 1351 601 ‚
1375 577 1432 596 erat
1461 568 1572 601 velum,

107 618 158 646 qua
171 617 286 646 primum
306 606 459 635 institutum
472 605 558 634 suerat
581 606 758 634 incruentum
769 605 860 635 altaris
869 605 904 634 ss-

105 647 257 676 crificium.
280 647 392 676 Dicitur
400 646 483 674 etiam
499 647 650 675 sudarium
661 667 668 674 .
688 648 802 685 Peplum
816 667 823 674 .
848 649 904 676 PR.

105 699 120 717 a
129 689 234 717 Graecis
243 687 346 726 Agnus'
362 697 474 716 vocatur
483 687 575 715 calicis
586 688 677 716 velum
690 709 698 720 ,
724 687 831 716 fortafle
842 688 903 726 quia

103 729 134 758 in
146 739 179 757 eo
191 731 286 767 Agnus
296 728 460 767 pingebatur
470 748 476 755 .
501 729 575 756 Item
588 729 680 757 velum
690 732 748 757 Aer
759 729 842 756 ctiam
862 727 901 755 di-

101 769 175 797 citur
184 789 193 796 .
216 768 315 797 Vclum
325 790 333 802 ,
361 771 419 798 Aer
430 789 440 805 ‚
460 769 515 797 sive
528 771 623 807 Agnus
634 769 672 797 est
684 791 692 801 ,
715 773 741 797 ὅ(
752 769 856 798 dicitur
866 767 905 796 cs-

99 809 128 838 se
139 809 199 838 vice
212 809 308 847 lapidis
319 831 327 843 ‚
349 820 404 848 quo
416 810 538 838 munivit
547 808 650 848 Joseph
673 819 884 838 monumentum
898 832 904 843 ,

101 849 176 887 quod
189 849 348 888 obsignavit
359 871 366 878 .
389 850 499 878 Sanetus
524 853 677 879 Germanus
686 851 905 888 Constantinop.

100 889 260 918 Patriarcha
270 891 300 918 in
310 889 413 919 Theor.
429 892 440 922 ]
463 891 678 930 :11:Antiquitus
689 891 759 930 apud
770 891 882 921 Latinos
893 913 900 924 ,

100 935 128 959 &-
139 933 253 960 Graecos
274 930 372 960 eodem
383 933 448 960 velo
457 931 666 970 cooperiebatur
677 932 833 961 Sacerdotis
844 942 902 960 mo-

101 971 198 999 rientis
209 971 286 1000 facies
299 993 305 999 .
329 979 341 1009 [
356 973 505 1001 Mox-iturus
524 971 701 1002 assistentibus
722 972 777 1011 ipse
787 972 839 1001 suis
850 982 902 1001 ma-

102 1012 184 1040 nibus
195 1013 313 1041 linteum
323 1013 402 1042 dedit
414 1035 422 1047 ‚
445 1014 520 1052 quod
531 1024 564 1043 ex
574 1023 650 1043 more
660 1013 843 1043 morientium
853 1014 900 1043 fibi

1255 21 1296 63 V
1328 21 1365 62 E
1627 26 1708 74 697

957 76 1059 116 stasim
1068 78 1177 108 Primis
1193 79 1248 108 loco
1258 81 1397 118 Principis
1417 78 1522 113 habet)
1539 82 1567 111 8<
1578 78 1612 109 ad
1623 81 1743 119 primum
1751 100 1762 112 ‚

964 120 994 146 δε
1002 117 1150 147 secundum
1160 119 1252 149 velum
1262 121 1381 149 retinuit
1399 129 1511 149 omnem
1521 122 1638 151 Clerum
1646 143 1654 154 ,
1676 124 1703 150 δι
1715 123 1768 159 po-'

965 158 1059 197 pulum
1072 179 1080 191 ,
1100 159 1149 198 qui
1170 170 1277 190 mecum
1286 161 1451 192 veniebant,
1473 163 1620 191 &nullum
1641 161 1766 200 permisit

964 199 1082 228 introire
1092 221 1101 232 ,
1121 199 1171 229 nisi
1180 210 1222 230 me
1232 201 1322 231 solum
1333 223 1340 235 ‚
1362 205 1389 230 ὅ(
1400 201 1537 239 Vigilium
1550 202 1705 232 Diaconum
1718 207 1770 231 noi

965 240 1048 269 strum
1058 261 1066 273 ‚
1090 251 1137 275 24.
1151 242 1244 279 quaest.
1254 254 1281 278 4.
1301 253 1360 271 can.
1372 240 1538 272 Guilisarius
1547 263 1555 270 .
1578 243 1651 272 Vide
1663 246 1766 273 Baton.

964 292 1028 310 ann.
1041 291 1076 320 33
1087 292 1109 309 ι.
1133 291 1207 310 num.
1223 294 1266 318 ¹4·
1277 286 1304 312 δι
1320 295 1328 311 ι
1339 294 1363 319 5.
1377 286 1388 315 ]
1415 282 1487 312 Vide
1498 285 1699 320 Ampithyron.
1723 290 1768 312 Ve-

963 322 1116 360 lothymm.
1140 322 1208 352 Alio
1229 324 1344 352 nomine
1365 324 1457 354 velum
1477 320 1636 353 cubitalia
1647 325 1767 363 appella-

963 362 1038 391 bitur
1049 383 1056 390 .
1081 363 1276 403 [Objestuque
1287 364 1343 394 veli
1353 364 1511 393 cubicularis
1521 387 1528 397 ,
1539 365 1613 403 quod
1625 365 1655 393 in
1666 364 1767 393 introi-

965 413 994 432 tu
1011 402 1128 432 cubiculi
1148 414 1224 438 erat,
1242 403 1272 434 se
1281 405 1370 434 texit.
1389 404 1528 443 Lamprid-
1548 406 1577 434 in
1588 405 1734 445 Heliogab·
1748 408 1763 437 1

964 447 998 472 Et
1007 442 1147 473 dicebatur
1164 445 1246 474 etiam
1258 449 1376 475 Cortina
1388 467 1395 478 ,
1417 455 1477 484 quae
1489 444 1516 473 in
1538 446 1653 475 Ecclesia
1665 456 1720 475 erat
1729 456 1765 475 cx

963 484 1020 512 alba
1030 485 1085 513 tela
1095 506 1104 517 ,
1128 495 1190 514 nam
1199 486 1339 515 lavabatur
1349 507 1356 519 ,
1377 489 1406 515 ὅ(
1415 486 1553 515 dicebatur
1574 487 1656 515 etiam
1669 488 1762 515 Velum

963 527 1064 558 Arrii,
1084 535 1141 554 can.
1160 537 1243 555 nemo
1263 526 1297 555 de
1313 526 1464 556 consecrat.
1477 526 1541 555 dist.
1557 538 1580 556 1.

1603 567 1677 607 quod
1698 566 1764 596 solis

967 606 1122 644 virginibus
1143 608 1341 637 concedebatur
1360 607 1455 637 multis
1473 608 1712 639 solemnitatibus
1735 612 1764 637 δε

963 648 1136 675 ειτεηιοηίἰς
1146 647 1175 676 in
1186 648 1343 677 Pontificali
1353 649 1494 688 descriptis
1505 661 1512 681 ς
1536 649 1589 679 hoc
1599 659 1663 679 ante
1672 650 1762 678 XXV.

964 687 1050 715 :etatis
1068 698 1170 717 :innuni
1181 690 1295 718 concedi
1314 701 1373 719 non
1384 691 1473 728 potest
1482 713 1491 725 ,
1510 702 1570 720 can.
1583 690 1684 730 placuit
1695 712 1702 724 ,
1716 701 1763 719 ιο.

962 728 1056 766 quaest.
1081 739 1103 756 ι.
1122 733 1150 758 δ(
1171 740 1236 758 tunc
1256 730 1393 760 dicebatur
1404 731 1579 764 Diaconiss'a,
1602 730 1664 770 quia
1684 740 1764 770 potc-

963 777 1003 796 rat
1021 769 1112 807 legere
1132 771 1313 810 Evangelium
1332 772 1361 800 in
1378 772 1517 801 matutino
1529 793 1536 799 .
1555 771 1641 802 Glosl2
1662 771 1692 800 in
1701 783 1764 801 can.

962 809 1208 845 sanctimoniales,
1231 813 1381 850 ,zo-quiesi.
1406 823 1428 841 1.
1447 818 1474 842 δε
1496 813 1524 842 in
1545 812 1762 841 can.Diriconis-

960 849 1033 883 sam,
1061 852 1210 890 27.qu.2st.
1229 863 1250 880 i.
1273 853 1421 882 Dicebatur
1441 854 1525 882 etiam
1544 854 1646 881 Velum
1664 852 1761 882 conse-

959 891 1088 920 crationis
1106 892 1191 925 illud,
1213 903 1268 931 quo
1289 893 1518 923 consecrabantur
1536 892 1702 923 Diaconiss‘ae
1715 904 1761 922 an-

959 943 997 961 no
1014 932 1220 972 quadragesimo
1236 944 1331 962 eorum
1350 935 1440 963 aetatis
1451 957 1457 968 ,
1480 934 1736 964 can-Diacouiffam
1747 957 1756 967 ,

962 984 1007 1006 27·
1025 973 1119 1041 ques}
1135 985 1156 1002 ι.
1180 973 1224 1003 hae
1247 984 1337 1004 autem
1357 975 1521 1005 Diaconiss'ae
1541 986 1600 1004 non
1622 975 1685 1004 sunt
1705 986 1762 1004 am-

959 1014 1029 1051 plius
1040 1015 1068 1042 in
1079 1024 1095 1042 u
1109 1025 1125 1043 u
1137 1036 1143 1043 .

99 1062 196 1081 contra
205 1052 300 1082 faciem
313 1054 471 1083 tenderetur
480 1077 488 1088 ‚
499 1065 554 1094 quo
567 1055 646 1084 tenso
657 1055 783 1094 spiritum
793 1054 882 1084 emisit
893 1075 899 1082 .
919 1055 1023 1083 Vetuit
1035 1056 1261 1086 commistos-15
1271 1078 1278 1085 .
1297 1057 1372 1086 Vide
1382 1059 1473 1088 Velum
1493 1058 1658 1097 Prefeffianis
1670 1079 1676 1085 .

102 1094 140 1122 D.
155 1096 242 1132 Greg.
253 1097 324 1133 Papa
350 1094 425 1123 hom.
436 1107 482 1134 37.
502 1097 530 1125 in
545 1099 674 1136 Evang.]
694 1097 737 1124 ubi
747 1097 781 1125 de
794 1097 820 1125 S.
830 1095 897 1125 Cas·
917 1096 1020 1125 vnum
1033 1098 1149 1126 Num-ie
1160 1117 1168 1125 .
1193 1098 1268 1126 Vide
1280 1101 1421 1128 M1vortes
1442 1100 1470 1127 in
1479 1100 1544 1128 dist.
1565 1100 1759 1136 Maphorium.

100 1134 139 1162 sio
152 1134 299 1164 N2rniens1
322 1135 459 1174 Episcopo
469 1137 607 1176 loquitur.
632 1137 734 1166 VeIum
744 1137 811 1165 item
822 1134 896 1166 Alta-
917 1137 1021 1166 Vnt-m
1033 1139 1246 1167 Pmmnoms
1258 1161 1266 1172 ‚
1289 1139 1364 1178 quod
1377 1139 1520 1169 Abbatiffis
1539 1139 1739 1168 concedebatur
1750 1161 1758 1172 ‚

98 1174 133 1202 ris
151 1175 252 1204 dicitur
274 1187 460 1214 paramentum
474 1199 480 1210 ,
503 1178 576 1216 quod
588 1177 702 1216 ponitur
721 1188 784 1207 ante
803 1178 896 1207 Altare
955 1187 1012 1206 can.
1024 1179 1188 1215 Juvenculas
1199 1200 1206 1212 ,
1221 1191 1266 1208 zo.
1280 1191 1325 1219 qu.
1339 1191 1363 1208 1.

98 1225 132 1243 ex
143 1215 238 1245 colore
247 1218 369 1245 currenti
380 1217 527 1246 secundum
537 1219 663 1248 Rubricae
676 1218 894 1248 ordinationem.
915 1219 1018 1247 Vnum
1032 1221 1125 1248 Arnu
1135 1239 1142 1247 .
1153 1219 1227 1248 Vide
1235 1221 1325 1249 Velum
1333 1243 1343 1252 .

101 1254 221 1292 [Fuscus
245 1257 328 1285 Abbas
337 1256 424 1287 sacros
434 1259 553 1288 Codices
565 1281 571 1291 ,
595 1263 621 1287 ὃ(
637 1260 696 1288 veis
704 1259 794 1289 secum
807 1259 895 1299 aspor-
915 1261 1016 1288 Vnum
1034 1260 1241 1289 Paoussxoms
1251 1283 1259 1294 ‚
1270 1263 1344 1300 quod
1354 1261 1516 1301 multiplicis
1525 1261 1626 1301 speciei
1638 1272 1705 1294 erat,
1719 1271 1761 1290 at-

98 1297 168 1324 tabat
179 1317 185 1324 .
198 1297 223 1325 S.
234 1299 354 1336 Gregor.
367 1301 435 1337 Papa
448 1321 455 1332 ‚
468 1300 512 1327 lib.
523 1311 552 1335 9.
563 1300 658 1338 epist-3
669 1305 692 1328 8.
705 1300 803 1338 Jquod
814 1306 895 1329 Fron-

96 1337 196 1366 tellum
205 1337 306 1366 dicitur
319 1360 326 1367 .
351 1339 424 1368 Vide
442 1341 588 1369 Brtcdfztus
598 1360 606 1368 .
629 1342 703 1369 Item
715 1341 809 1370 velum
828 1340 895 1369 dici-

96 1386 140 1405 tur
161 1378 245 1407 etiam
255 1380 374 1408 orarium
385 1401 392 1407 .
416 1381 490 1409 Vide
503 1384 638 1410 Orarium
650 1403 658 1413 ‚
681 1385 708 1410 &
721 1382 872 1411 andeum
887 1401 894 1408 .

97 1417 171 1446 Vide
189 1420 348 1448 Brandeum
359 1440 365 1447 .
389 1420 440 1448 Sed
451 1421 543 1448 velum
555 1443 562 1454 ‚
586 1422 661 1460 quod
670 1423 798 1451 Sacerdos
815 1421 895 1460 super

95 1457 223 1486 humeros
233 1460 308 1497 gerit
318 1481 325 1492 ,
347 1460 414 1488 dum
423 1461 541 1498 exponit
552 1461 753 1491 Sinftisl'imum
767 1463 896 1491 Euchari-

93 1497 152 1526 stiae
173 1499 376 1528 Sacramentum
388 1522 394 1533 ‚
413 1500 518 1539 semper
537 1502 616 1531 debet
636 1501 686 1531 ess'e
698 1503 806 1537 album,
829 1503 895 1532 sicut

94 1538 177 1566 etiam
194 1538 316 1573 ejusdem
332 1541 433 1569 coloris
454 1541 533 1570 debet
552 1543 603 1571 esse
622 1542 831 1576 baldachinum,
854 1554 895 1572 et-

94 1578 149 1607 iam
160 1579 190 1607 in
201 1579 246 1608 die
255 1579 411 1610 Parasceves
422 1603 429 1614 ,
450 1591 479 1611 ut
489 1593 521 1611 ex
533 1584 685 1612 monastico
705 1585 894 1613 caeremonia-

94 1618 136 1655 li,
154 1620 202 1648 lib.
219 1631 310 1660 μαψ.
329 1632 371 1657 ¹4·
391 1624 672 1664 nnm.3.colligitur‚·
695 1635 757 1653 nam
767 1625 894 1654 Christus

93 1660 311 1691 Sacramentatus
325 1684 331 1694 ,
350 1671 379 1690 ut
390 1663 474 1702 aliqui
499 1666 678 1694 Recentiores
690 1665 810 1700 docent,
834 1675 894 1694 curn

92 1701 127 1729 fit
145 1701 282 1740 gloriosus
291 1725 299 1736 ‚
323 1713 379 1731 non
400 1703 480 1733 debet
501 1704 582 1744 nigro
602 1707 666 1735 velo
685 1706 843 1745 cooperiri,
866 1717 895 1735 ut

92 1741 164 1770 male
174 1743 341 1782 intelligunt
361 1744 447 1783 aliqui
460 1745 694 1776 Caeremoniarum
712 1748 875 1777 Diressores
887 1768 893 1775 .

91 1781 206 1811 Planeta
230 1794 320 1813 tamen
329 1783 436 1823 semper
453 1787 618 1816 concordare
636 1788 716 1816 debet
734 1788 822 1816 colori
834 1799 891 1817 cur-

91 1823 179 1851 rentis
189 1824 275 1853 officii
288 1846 295 1856 ,
316 1826 381 1854 licet
391 1826 542 1855 celebretur
552 1828 678 1866 exposito
697 1829 873 1858 Sacramento
885 1849 891 1855 -

90 1863 249 1892 Gentilium
268 1864 411 1894 sacrificuli
428 1868 657 1906 cooperiebantur
678 1869 761 1906 velo,
782 1869 817 1898 de
837 1880 892 1909 quo

89 1903 202 1932 Sanctus
220 1905 378 1943 Cyprianus
389 1928 398 1940 ‚
418 1907 465 1935 lib.
477 1909 511 1936 de
528 1908 606 1947 lapsis
623 1909 734 1948 inquit:
761 1915 773 1945 [
787 1910 830 1939 Ab
841 1911 891 1939 im—

89 1943 140 1982 pio
152 1965 160 1977 ‚
178 1942 364 1985 sceleratoque
382 1949 519 1977 velamtne
531 1969 538 1977 .
560 1951 572 1980 ]
592 1950 683 1983 Velo,
706 1960 830 1988 tempore
849 1950 889 1980 sa»

90 1984 192 2013 crificii
201 2007 208 2018 ‚
234 1984 342 2015 sacrarii
354 1997 433 2026 porta
446 1990 555 2018 obcludi
567 1989 669 2019 solebat
679 2011 686 2017 .
708 1991 780 2019 Vide
791 1997 889 2021 Sacra-

91 2028 165 2054 rium
177 2045 184 2052 -
207 2028 279 2055 Item
291 2028 381 2057 velum
389 2032 477 2065 janum
490 2052 498 2063 ‚
521 2031 595 2069 quod
606 2031 773 2071 Velothyrum
782 2043 870 2071 graece
882 2055 888 2066 ,

89 2065 181 2095 italice
193 2071 319 2097 Portiera
327 2069 428 2098 dicitur
439 2092 448 2104 ,
470 2070 605 2110 significat
616 2093 622 2099 .
643 2075 740 2107 [Tunc
751 2072 814 2101 fecit
824 2075 888 2102 Bea-

88 2115 148 2135 tum
164 2107 323 2142 sylverium
335 2111 435 2148 Papam
457 2112 554 2141 venire
578 2113 610 2140 ed
627 2111 695 2141 sein
717 2113 847 2151 palatium
859 2114 888 2143 in

87 2147 180 2177 Pincis
189 2169 198 2181 ,
221 2152 248 2178 δι
258 2149 291 2178 :id
305 2150 426 2188 primum
438 2172 446 2183 ,
467 2156 495 2181 ὃς
506 2151 655 2181 secundum
666 2154 759 2182 velum
772 2154 886 2183 retinuit

87 2198 200 2217 omnem
219 2190 337 2219 clerum
358 2191 482 2221 Anastas.
501 2193 634 2222 Biblioth.
657 2194 688 2222 in
708 2195 853 2230 Sylverio.
873 2197 884 2227 ]

85 2229 141 2258 FR.
154 2230 228 2258 idem
238 2230 272 2259 de
281 2229 308 2259 se
317 2231 402 2262 refert
413 2234 554 2268 sylverius
566 2236 654 2273 Papa:
680 2235 862 2270 [Guihsarius
873 2257 881 2269 ,

85 2270 177 2307 (idest
195 2272 376 2309 Belisan'us)
398 2274 523 2312 patritius
543 2276 781 2304 nostermandavit
800 2286 842 2305 me
853 2277 884 2305 ad

83 2311 111 2340 se
123 2311 220 2354 yenire
231 2312 341 2352 pacifice
361 2323 412 2352 pro
421 2314 582 2352 quibusdam
592 2315 775 2345 ecclcsnsticis
793 2317 885 2355 dispo-

85 2352 228 2382 iinonibus
238 2354 268 2383 in
279 2353 408 2392 palatium
420 2355 559 2395 Principis
579 2358 651 2391 (ubi
669 2358 793 2395 mendose
804 2362 885 2388 Ana-

953 1299 1044 1338 quein
1055 1300 1220 1338 professione
1232 1303 1395 1331 monialium
1404 1304 1485 1342 capiti
1498 1303 1697 1342 imponebatur3
1711 1302 1760 1332 sed

953 1350 1014 1368 cum
1024 1339 1073 1370 hac
1083 1343 1309 1371 caeremoniarum
1320 1342 1477 1373 differentia
1487 1367 1495 1378 ‚
1509 1344 1584 1383 quod
1597 1344 1759 1383 Virginibus

955 1381 983 1409 :ib
993 1381 1129 1421 Episcopo
1146 1382 1254 1421 imponi
1264 1384 1344 1413 debet
1363 1385 1482 1423 propriis
1503 1385 1641 1416 mambuss
1665 1384 1758 1413 viduae

952 1432 1039 1450 autem
1059 1423 1219 1452 emittentes
1240 1435 1305 1453 vota
1324 1426 1484 1464 Religionis
1495 1447 1502 1458 ‚
1523 1424 1647 1463 ipsaemet
1665 1426 1761 1454 velum

953 1473 985 1491 ex
999 1464 1094 1492 &itare
1105 1463 1345 1502 apprehendentes
1355 1488 1363 1499 ‚
1387 1465 1439 1494 suis
1448 1466 1580 1504 capitibus
1589 1465 1738 1504 imponunt
1748 1487 1758 1499 ‚

953 1504 1090 1541 pra-sente
1103 1514 1195 1533 tamen
1207 1506 1352 1535 Sacerdote
1363 1528 1372 1539 ‚
1391 1516 1420 1535 ut
1439 1517 1472 1535 ex
1483 1505 1641 1535 Pontificali
1652 1509 1758 1536 Roma--

957 1555 994 1572 no
1002 1545 1166 1584 colligirurs
1185 1546 1273 1584 porest
1293 1546 1349 1585 ipse
1359 1547 1487 1576 Sacerdos
1506 1547 1560 1576 suis
1569 1547 1692 1576 manibus
1712 1548 1757 1576 vi-

955 1584 1019 1614 duas
1031 1587 1121 1614 velare
1132 1606 1139 1613 .
1159 1587 1214 1616 1³11.
1226 1587 1322 1616 Omne
1333 1588 1361 1616 id
1371 1586 1483 1616 habetur
1504 1587 1534 1616 in
1544 1598 1603 1616 can.
1614 1588 1736 1617 Devotis
1748 1609 1757 1622 ,

957 1637 1002 1655 20.
1013 1626 1106 1665 quaest.
1123 1638 1144 1655 l.
1155 1627 1200 1655 ubi
1220 1628 1253 1656 sic
1265 1628 1386 1657 Gelasius
1398 1631 1466 1667 Papa
1484 1627 1594 1656 scri-bit:
1619 1634 1631 1663 [
1654 1629 1758 1658 Viduas

953 1677 1043 1695 autem
1055 1668 1146 1696 velare
1159 1690 1165 1700 ,
1178 1668 1345 1697 Pontificum
1355 1669 1444 1698 nullus
1455 1678 1573 1697 attentet
1582 1690 1589 1697 .
1600 1671 1612 1700 ]
1624 1672 1658 1697 Et
1668 1669 1698 1698 in
1709 1681 1756 1703 27.

952 1708 1046 1746 quest.
1071 1718 1094 1736 1.
1116 1719 1175 1737 can.
1202 1715 1245 1738 16.
1262 1709 1358 1739 clarius
1377 1709 1508 1743 habetur,
1527 1710 1580 1739 sic:
1603 1715 1615 1745 [
1633 1709 1756 1744 Viduas,

951 1758 1011 1787 qus:
1022 1748 1172 1787 spontaneo.
1183 1750 1326 1779 voluntate
1335 1751 1366 1779 ab
1377 1751 1466 1779 Altari
1476 1749 1666 1780 conversionis
1674 1749 1758 1780 sacrae

954 1790 1080 1817 velamen
1099 1788 1250 1828 suscipiunt
1269 1795 1321 1820 &o
1343 1794 1356 1823 ]
1378 1792 1519 1820 Caeterum
1537 1791 1611 1830 quod
1629 1791 1759 1821 Sacerdos

950 1829 1046 1859 viduas
1059 1830 1150 1859 velare
1161 1831 1277 1864 debeat,
1297 1832 1335 1860 est
1353 1842 1429 1864 error
1446 1832 1548 1861 Glosl'ae
1569 1833 1599 1860 in
1627 1841 1685 1860 can.
1705 1833 1755 1861 Vi—

949 1870 1017 1904 dua,
1027 1881 1087 1909 quae
1100 1869 1198 1899 sanftae
1210 1893 1217 1903 ,
1239 1884 1284 1900 20.
1304 1873 1397 1910 quaest.
1417 1884 1440 1900 i.
1460 1873 1526 1902 &in
1543 1883 1602 1900 can.
1612 1872 1756 1902 Devotis.

949 1912 1020 1940 Ibid.
1030 1912 1055 1942 ξ.
1066 1911 1231 1939 Pontificum
1242 1932 1248 1939 .
1271 1913 1321 1941 Sed
1332 1912 1446 1941 inferius
1466 1914 1510 1942 vel
1522 1911 1578 1951 ipse
1595 1911 1736 1942 Glossiitor
1744 1934 1756 1947 ‚

948 1952 1003 1980 sive
1015 1952 1106 1990 potius
1115 1953 1235 1989 Joanncs
1246 1952 1281 1980 ibi
1294 1975 1302 1985 ‚
1314 1954 1350 1980 ita
1359 1954 1492 1992 corrigit:
1510 1953 1650 1989 [Quidam
1661 1962 1756 1984 tamen·

947 2004 979 2021 ex
1000 1992 1053 2020 lioc
1071 1993 1158 2030 capite
1178 1992 1306 2022 dicebant
1317 2016 1325 2026 ‚
1348 1994 1424 2033 quod
1443 2005 1491 2022 nec
1511 1994 1660 2033 Episcopus
1670 2016 1678 2028 ‚
1701 2005 1752 2024 net:

949 2034 1095 2068 Presbyter
1109 2034 1198 2071 potest
1209 2034 1352 2073 imponere
1372 2035 1464 2063 velum
1476 2035 1566 2064 viduae
1579 2037 1656 2066 &c.]
1676 2036 1752 2071 Qua-

945 2084 974 2102 re
986 2095 996 2110 ,
1015 2085 1072 2102 can.
1087 2074 1176 2102 Vidua
1185 2085 1245 2112 qua:
1265 2073 1365 2103 sanctce
1376 2075 1534 2115 Religionis
1545 2097 1552 2108 ‚
1572 2086 1623 2114 pro
1639 2075 1667 2104 se
1687 2077 1753 2104 all:-

943 2125 1002 2143 tum
1015 2126 1072 2143 non
1082 2115 1179 2152 proba:
1191 2138 1198 2147 ‚
1216 2116 1290 2153 quod
1301 2116 1426 2144 Sacerdos
1438 2117 1582 2155 imponere
1600 2117 1696 2145 debeat
1708 2117 1752 2144 vi-

948 2156 1009 2184 duae
1022 2156 1114 2183 velum
1123 2167 1132 2185 ,-
1152 2154 1200 2183 sed
1212 2156 1303 2194 inquit
1313 2165 1418 2185 textus:
1442 2160 1541 2193 [Tunc
1550 2166 1658 2195 accepta
1680 2168 1694 2185 a
1705 2157 1751 2186 sa-

944 2196 1057 2225 cerdote
1069 2217 1076 2228 ,
1090 2195 1136 2224 vel
1146 2196 1276 2225 Ministro
1285 2207 1346 2236 apta
1356 2197 1515 2237 Religionis
1526 2195 1688 2237 professioni
1701 2207 1751 2226 ve-

944 2237 1006 2268 ste]
1025 2241 1053 2265 δε
1065 2246 1122 2264 non
1134 2237 1256 2275 loquitur
1265 2237 1300 2266 de
1320 2237 1400 2269 velo,·
1419 2239 1492 2267 unde
1513 2244 1525 2274 [
1539 2237 1628 2267 Vidua
1645 2235 1752 2267 sacrum

944 2279 1035 2306 velum
1047 2274 1186 2315 capitisuo
1199 2277 1330 2316 imposuit
1342 2301 1348 2311 ,
1368 2282 1396 2308 δι
1410 2289 1468 2308 non
1479 2280 1503 2308 ei
1512 2278 1672 2317 impositum
1684 2278 1751 2306 fuis-

942 2317 968 2345 se
983 2318 1073 2356 inquit
1083 2339 1090 2350 ,
1101 2328 1160 2346 can.
1174 2318 1264 2347 Vidua
1273 2319 1387 2358 quidem
1396 2340 1403 2352 .
1415 2331 1462 2352 27·
1475 2320 1568 2358 quaest.
1586 2330 1608 2347 1.
1618 2318 1654 2348 fic
1665 2319 1750 2348 etiarn

943 2359 1008 2387 licet
1021 2358 1138 2388 candem
1149 2358 1296 2399 religionis
1305 2360 1409 2390 vestem
1425 2361 1541 2400 accipiat
1560 2359 1642 2391 vidua
1661 2369 1754 2404 coram

1641 2403 1710 2440 Epi-
