1866 2526
462 37 579 81 HY

106 95 183 124 strati
192 105 260 125 veto
269 96 340 126 intra
350 94 494 124 Eccleliatn
503 104 580 123 retro
589 93 734 122 ambonem
744 92 823 125 stant,
833 101 914 131 atque

107 145 168 164 cum
176 136 379 166 cathecumenis
388 135 566 174 egrediuntur
573 131 802 173 ipli-Blastarius.]
815 133 911 170 Quarti

107 176 206 215 gradus
212 186 288 206 erant
297 176 473 213 consistentes
486 197 492 209 ,
515 175 561 215 qui
574 174 753 204 conlistebant
763 183 825 203 cum
835 183 912 202 εκτε-

108 217 143 244 ris
151 216 274 246 fidelibus
284 218 313 246 in
325 215 497 249 Eccleiiascd
508 217 538 245 in
551 216 733 244 oblationibus
746 213 860 243 minime
869 213 915 242 ad·

1258 38 1306 82 H
1337 39 1379 79 Y
1640 53 1714 95 375

970 96 1136 133 Remigius)
1156 93 1284 123 horarum
1295 95 1384 124 laudes
1396 93 1566 134 persolvebat
1576 95 1774 137 hymnologia-

970 144 1030 163 rum
1041 154 1048 162 .
1061 136 1095 164 In
1104 135 1167 164 hist.
1178 135 1306 164 Remenfi
1318 157 1325 168 ,
1335 146 1392 174 cap.
1404 147 1417 164 ι
1426 144 1449 169 ς.
1462 137 1474 167 ]
1487 137 1558 164 Item
1570 139 1776 176 Hymnologum

971 175 1145 206 Catholicam
1158 177 1195 204 D.
1206 175 1357 210 Dyonilius
1368 176 1518 215 appellavit
1526 175 1680 212 symbolum
1692 177 1755 207 fidei
1765 199 1774 210 ‚

971 215 1045 254 quod
1056 215 1085 245 in
1095 215 1171 245 Miss'a
1182 216 1311 245 recitatur
1322 237 1328 245 .

108 257 290 286 mittebantur
300 278 307 285 .
323 257 534 294 [Confluentes
544 267 629 295 porro
638 255 702 285 sunt
713 277 720 288 ,
731 255 777 294 qui
790 253 914 283 fidelibus
933 256 1056 285 Hymnus
1068 278 1076 290 ,
1088 254 1168 293 ὕμνος
1178 278 1187 289 ‚
1199 257 1327 286 metricus
1340 255 1430 285 versus
1440 277 1446 284 .
1459 259 1515 286 PR.
1528 256 1666 286 Differunt
1676 256 1775 292 hymni

107 306 315 336 comprecantur
327 321 334 331 ‚
354 302 381 327 δε
392 298 468 327 limul
481 297 600 337 psallunt
613 308 619 327 ς
643 297 837 333 mysteriorum
850 304 913 322 vero

106 337 316 377 participatione
335 338 472 367 abstinent
488 359 496 366 .
518 338 599 367 Idem
621 338 731 367 Blallar.
755 338 766 367 ]
791 335 912 364 Tandem

105 378 216 416 quintus
227 401 234 412 ,
245 383 271 408 ὅ(
284 380 395 408 ultimus
403 380 474 408 ordo
485 389 540 408 crat
552 379 672 409 illorum,
686 376 732 416 qui
745 377 849 414 perae&
859 378 912 409 lam

105 420 275 456 poenirentia
285 441 292 451 ‚
304 420 448 458 participes
461 419 559 448 fiebsnt
569 420 801 448 Sacramentorum
815 437 822 448 ,
841 415 888 443 sed
899 425 912 442 a

105 460 211 487 exteris
229 460 354 489 fidelibus
374 461 546 498 aliquatenus
563 457 800 497 distinguebantur
816 466 824 486 ς
856 465 911 482 non

105 500 180 528 enim
189 502 317 529 omnibus
326 501 480 539 privilegiis
492 500 596 529 exteris
607 496 771 528 Christianis
779 493 912 523 conceffu

104 539 261 569 fruebantur
271 564 278 573 ‚
288 546 315 570 ὃ(
327 542 390 570 ideo
399 540 526 570 sedebant
539 541 568 568 in
579 538 724 567 humiliori
734 537 805 565 loco.
817 535 906 564 Verba

105 590 197 608 autem
213 581 410 620 Thaumaturgi
430 592 444 609 a
464 580 625 610 Balsainone
643 578 722 606 allata
734 597 741 608 ‚
752 577 816 619 >htlft
827 575 908 619 sunt:

106 621 216 655 [l-letus
228 643 234 653 ,
246 621 290 650 scu
301 622 385 650 iustus
394 621 431 650 est
439 631 516 650 extra
528 629 634 658 portam
643 617 778 649 oratorii,
789 617 832 644 ubi
844 626 911 654 pec·

102 670 223 689 catorein
235 662 348 691 stantem
365 671 475 700 oportet
496 660 590 689 fideles
608 659 801 698 ingredientes
812 666 906 699 orare,

101 711 131 729 ut
141 710 192 738 pro
202 701 228 731 se
241 711 391 740 precentur.
403 701 522 730 Auditio
531 701 568 730 est
576 704 653 739 juxta
663 708 768 737 portam
780 698 808 726 in
820 705 909 735 porti-

101 751 133 769 cu
143 763 151 774 ‚
162 742 205 769 uhi
215 752 327 780 oportet
337 752 399 770 eum
410 763 417 774 ‚
430 742 475 780 qiii
489 741 615 780 peccavit
628 763 635 773 ‚
647 740 714 767 stare
724 737 806 777 usque
823 738 856 766 ad
867 747 910 765 ca-

99 781 277 810 techumenos
288 804 294 814 ,
305 786 333 811 ὃ(
346 783 423 810 illinc
435 783 547 821 egredi.
558 781 681 811 Audiens
691 780 765 807 enirn
776 800 782 811 ,
795 778 899 816 inquit,

98 821 247 860 Scripturas
258 844 265 854 ,
277 827 303 851 ὃ(
314 823 466 852 doftrinam
477 822 610 858 ejiciatur,
621 826 649 850 &
660 820 818 859 precatione
830 819 902 846 indi-

96 871 166 900 gnus
175 861 316 891 censeatur
325 884 332 890 .
349 864 484 899 subjectio
495 873 586 892 autem
598 884 606 895 ‚
625 861 669 891 seii
678 860 836 890 substractio
847 859 884 887 cst
895 879 904 891 ,

98 911 128 930 ut
141 902 212 931 intra
225 904 323 942 templi
334 914 442 943 portam
454 904 534 937 stans,
546 913 606 931 cum
617 900 818 931 cathecumenis
828 910 908 938 egre-

97 942 187 971 diatur
196 963 203 970 .
214 944 406 984 congregatio
417 967 424 977 ,
435 944 481 973 seu
493 940 669 973 coniistc‘ntia
680 943 718 970 est
731 963 739 974 ‚
764 951 794 969 ut
804 950 865 968 cum
875 940 907 968 fi-

97 982 201 1011 delibus
211 986 338 1013 confluat
349 1007 356 1018 ,
377 988 404 1013 ὃ(
416 996 475 1013 cuin
487 983 686 1013 catechumenis
707 993 764 1011 non
783 981 906 1020 egredia-

97 1031 141 1051 tur
153 1043 159 1050 .
170 1024 311 1053 Postremo
322 1026 359 1053 est
371 1027 546 1064 participatio
558 1026 792 1061 Sacrainentotum
803 1034 808 1048 :
821 1023 832 1053 ]
857 1023 905 1049 Su-

97 1072 145 1100 pra
155 1064 184 1091 in
196 1064 318 1093 dic'tione
329 1067 551 1094 Catechumenus
569 1065 746 1093 distinximus
765 1062 903 1100 duplicem

95 1103 368 1134 Catechumenorum
382 1107 507 1145 gradum,
518 1115 635 1145 quorum
647 1115 734 1134 unuin
744 1108 905 1142 Competm-

96 1147 169 1172 tium
184 1143 234 1173 csse
243 1146 489 1175 demonstravimus
499 1169 506 1179 ,
518 1157 563 1185 qui
576 1155 640 1174 ante
653 1146 812 1184 prsdiftam
821 1145 907 1173 bene-

95 1184 247 1214 dictionem
260 1186 450 1225 Episcopalem
464 1198 523 1216 non
534 1185 708 1216 discedebant
719 1207 726 1213 .
752 1185 826 1214 Vide
847 1189 906 1213 1¹oe-

95 1233 218 1254 nitentes
229 1247 236 1254 .

55 1266 156 1295 Hi'ffls
167 1267 301 1300 Lucius,
311 1279 325 1296 a
335 1269 372 1297 D.
386 1267 545 1306 Epiphanio
555 1266 690 1306 Episcopo
700 1266 753 1295 hoc
765 1266 847 1294 titulo
858 1276 905 1304 ap-

93 1306 192 1344 pellata
201 1308 341 1347 eleganter
355 1308 405 1337 suit
417 1309 563 1347 Synagoga
581 1309 611 1336 in
622 1307 748 1336 sermone
758 1307 792 1336 de
802 1308 903 1335 Domi-

92 1347 152 1375 nica
162 1347 314 1377 palmarum
325 1361 338 1378 a
348 1349 494 1378 Gonsalvo
505 1349 680 1382 Ponceleone
690 1349 719 1376 in
732 1347 849 1376 latinum
860 1346 903 1375 his

93 1387 184 1416 verbis
194 1390 344 1418 translato:
366 1390 509 1425 [Plantati
520 1390 550 1418 in
561 1389 646 1418 domo
655 1389 774 1418 Domini
796 1389 824 1416 in
837 1389 903 1416 aulis

95 1427 177 1465 ipiius
188 1450 196 1460 ,
219 1440 306 1458 verno
317 1439 444 1469 tempore
454 1429 656 1460 efflorescentes
673 1429 770 1457 festum
780 1428 902 1457 ducimus

96 1468 170 1496 diem
185 1490 192 1501 ,
202 1470 318 1507 legalem
330 1470 460 1505 hyemem
474 1471 617 1499 abeuntem
630 1471 804 1499 cernentes.]
817 1470 901 1503 Syna-

92 1517 163 1545 goga
174 1509 248 1536 enim
258 1510 342 1549 figura
352 1510 522 1549 rigidillimae
542 1509 651 1544 hyemis
670 1509 721 1537 fuit
733 1531 740 1541 ,
760 1510 805 1537 cui
816 1509 902 1547 placi-

92 1545 231 1577 dissimum
240 1551 406 1589 evangelicae
418 1552 515 1590 gratiae
528 1559 577 1578 vei·
584 1549 752 1585 subsecutum
764 1549 814 1577 suit
824 1569 832 1576 .

51 1588 209 1622 Eumeis
222 1591 355 1620 Civitas
371 1591 400 1619 in
413 1592 538 1620 Calabria
548 1612 555 1618 .
579 1591 651 1619 Vide
661 1593 797 1630 cyriaca.

53 1628 240 1659 ΗΥΜΝΑκιυΜ
254 1653 262 1664 ,
273 1632 329 1660 PR.
339 1631 408 1659 liber
417 1653 425 1664 ,
439 1633 468 1660 in
479 1642 533 1670 quo
544 1630 644 1666 hymni
653 1630 832 1660 continentur
843 1653 852 1665 ‚
873 1641 900 1661 at

91 1669 124 1697 in
134 1671 269 1708 corruptis
278 1671 383 1700 saeculis
394 1677 550 1700 Imnarmm
561 1672 712 1700 dicebatur:
734 1671 769 1700 iic
788 1672 818 1700 in
829 1681 897 1711 quo—

91 1710 153 1737 dam
163 1710 253 1748 lapide
263 1721 387 1751 tempore
397 1713 512 1749 Joannis
525 1715 602 1750 Papae
616 1713 665 1740 IX.
686 1712 714 1740 in
734 1712 760 1740 S.
770 1713 854 1740 Maria
865 1714 897 1742 ad

90 1748 212 1778 scholam
222 1762 340 1790 graecam
352 1753 453 1791 legitur
464 1774 471 1785 ,
491 1753 534 1781 ubi
546 1753 582 1782 sic
591 1752 692 1791 incipit
704 1764 711 1779 :
730 1757 811 1782 sume
823 1755 895 1782 Vale-

92 1793 190 1822 rianes
203 1792 237 1820 ibi
247 1793 322 1821 enim
333 1794 406 1822 intei-
414 1803 515 1822 caetera
525 1792 694 1832 relinquitur
703 1792 793 1822 cidem
803 1795 896 1824 Eccle-

91 1829 135 1858 fise
146 1834 238 1860 Unum
247 1837 403 1862 lmnartum
416 1855 423 1862 .

51 1871 213 1900 Hmmsu
225 1894 233 1906 ‚
245 1874 350 1902 Austor
359 1896 367 1906 ,
386 1873 431 1902 scu
441 1883 538 1902 cantor
546 1873 715 1910 hymnorum
725 1894 733 1901 .

133 1913 213 1940 Statae
224 1923 295 1942 nunc
305 1913 452 1949 hymnistae
465 1925 515 1953 pro
524 1915 640 1953 receptis
649 1916 787 1954 parvulis-

92 1953 258 1982 Prudentius
270 1966 276 1982 :
295 1956 342 1992 qui
356 1954 446 1984 versus
456 1956 560 1995 corrigi
578 1966 637 1984 non
648 1956 727 1984 debet
737 1978 746 1990 ‚
767 1956 895 1995 quemad-

89 1993 202 2022 modum
211 1995 294 2033 aliqui
305 1995 513 2027 existimarunts
533 2005 597 2025 nam
606 1997 732 2036 quamvis
743 1997 838 2025 tertius
848 2007 894 2036 pes

89 2033 199 2064 deberet
208 2034 259 2063 esse
270 2035 407 2067 trocheuss
419 2046 544 2075 tempore
556 2047 649 2065 tamen
658 2038 800 2067 Prudentii
810 2037 893 2076 diph-

89 2074 210 2113 thongus
219 2076 337 2104 eundem
348 2077 506 2115 quantitatis
515 2078 638 2106 valorem
649 2077 761 2107 habebat
771 2088 893 2108 commu·

91 2115 164 2144 niter
174 2138 182 2148 ‚
193 2126 222 2144 ac
232 2116 251 2146 st
260 2116 324 2145 efl‘et
336 2117 450 2157 simplex
461 2138 469 2150 ,
479 2122 501 2147 E
511 2139 520 2151 ‚
533 2118 615 2147 breve
626 2138 634 2145 .

49 2156 194 2186 Hrmuzo
204 2178 212 2189 ,
226 2155 346 2191 hymnos
357 2180 366 2191 ‚
377 2169 517 2197 compono
527 2180 535 2191 ‚
547 2159 634 2187 recito
644 2180 652 2191 ‚
663 2157 710 2188 seu
717 2169 799 2188 canto
808 2180 815 2187 .
838 2165 893 2197 [Et

89 2197 136 2234 qui
147 2207 198 2236 pro
208 2197 391 2238 indulgentiae
403 2199 538 2228 deiiderio
548 2200 709 2238 iniquitates
720 2200 779 2228 suas
787 2211 893 2230 annun-

89 2237 164 2266 ciant
175 2260 183 2270 ,
205 2238 235 2266 in
247 2239 426 2268 tabernaculis
434 2240 567 2275 justorum
578 2239 747 2275 hymnizant
758 2261 765 2269 .
775 2244 892 2282 Gregor.

90 2277 120 2305 in
130 2279 252 2317 prologo
262 2279 296 2308 ad
306 2279 426 2309 Psalmos
436 2281 645 2319 poenitentiales
654 2303 662 2309 .

47 2316 255 2350 Hmuotoom
265 2341 274 2354 ,
285 2319 440 2360 ὐμνοληιά
451 2344 459 2354 ,
482 2321 651 2358 hymnorum
664 2322 806 2352 recitatio:
832 2329 843 2358 [
853 2325 892 2353 Si·

86 2367 145 2400 gno
155 2359 221 2401 siqui
226 2361 287 2390 dem
298 2362 363 2391 dato
370 2372 433 2392 cum
445 2361 570 2393 fratribus
580 2364 750 2395 couveniens
760 2369 772 2399 (
782 2365 858 2403 idest,
868 2371 892 2394 s.

969 295 1110 327 aThrcnis
1121 318 1129 330 ‚
1139 297 1203 336 quia
1214 296 1314 333 hymni
1326 296 1388 326 sunt
1400 297 1505 326 cantica
1514 297 1601 326 laudis
1610 319 1619 330 ,
1641 301 1670 327 ὅ(
1680 297 1773 325 threni

969 337 1073 366 cantica
1082 337 1311 366 lamentationum
1322 358 1330 365 .
1347 336 1441 367 Glossa
1452 359 1460 371 ‚
1478 337 1512 366 de
1525 337 1648 376 reliquiis
1660 359 1669 371 ‚
1688 341 1715 366 δι
1731 347 1774 366 ve-

971 386 1055 405 nerat.
1065 379 1239 406 Sanctorum:
1253 380 1282 412 ll.-
1295 378 1401 407 Primus
1413 378 1442 406 in
1451 379 1508 407 Sac.
1519 379 1657 417 Scriptura
1667 379 1772 407 Auctor

968 415 1138 452 hymnorum
1148 417 1258 453 Moyses
1271 417 1346 448 fuiss'e
1357 419 1501 457 reperitur,
1515 429 1549 446 ex
1560 421 1632 454 cujus
1643 419 1773 456 exemplo

968 456 997 484 in
1010 458 1125 487 Ecclelia
1136 457 1270 487 catholica
1279 460 1310 488 ab
1320 459 1468 496 apostolica
1478 459 1628 487 traditione
1646 458 1772 487 introdu-

967 498 1023 526 ἕως
1033 498 1070 527 est
1081 498 1251 534 hymnorum
1260 509 1362 529 cantus.
1376 500 1443 534 [De
1452 500 1546 538 quibus
1557 498 1671 536 hymnis
1684 500 1711 527 in
1723 502 1773 527 Ec-

967 538 1043 567 clefia
1054 539 1184 568 canendis
1195 560 1202 572 ,
1213 543 1240 568 δι·
1250 539 1329 579 iplius
1340 540 1470 573 Domini,
1480 543 1508 568 ὃ(
1519 539 1714 578 Apostolorum
1725 538 1775 567 lia-

968 578 1058 607 bemus
1067 579 1231 608 documenta
1241 603 1248 613 ,
1270 581 1395 618 exempla
1405 602 1412 613 ,
1435 585 1462 609 ὃ(
1481 589 1615 619 praecepta
1626 600 1634 609 .
1653 579 1772 618 August.

966 619 1043 656 epist.
1060 631 1068 647 ι
1081 631 1124 655 ¹9·
1137 630 1195 658 cap.
1211 623 1276 652 18.]
1291 622 1386 649 Paulus
1398 620 1585 650 samosatenus
1595 619 1771 649 haeresiarcha

965 660 1125 688 excutiebat
1135 659 1221 688 sacros
1232 660 1351 696 hymnos
1360 661 1390 689 ab
1401 661 1517 690 Ecclesia
1527 683 1535 694 ,
1554 661 1629 700 quod
1637 671 1723 690 unum
1734 671 1770 689 ex

964 700 1096 736 capitibus
1110 701 1161 729 fuit
1172 722 1180 733 ‚
1202 711 1250 739 per
1260 711 1319 740 quae
1331 701 1379 730 ille
1396 702 1568 730 inConcilio
1585 700 1767 731 Antiocheno

963 739 1106 769 damnatus
1115 740 1177 769 ell'et
1188 762 1195 769 .
1207 743 1323 778 Quanta:
1335 751 1424 770 autem
1435 743 1563 770 efficaciae
1575 742 1628 771 sint
1637 741 1703 770 sacri
1712 740 1767 776 hy-

963 781 1040 813 mni,
1051 782 1220 820 experientia
1232 781 1287 820 ipsa
1296 782 1514 813 demonstravim
1537 792 1599 810 iiam
1611 784 1636 811 S.
1647 782 1770 821 Ephreiir

962 821 1077 857 hymnis
1089 822 1120 850 ab
1130 833 1163 850 eo
1175 823 1333 860 compositis
1345 822 1504 851 harmonice
1523 823 1674 851 Har-monii
1691 832 1767 850 erro-

961 871 1002 889 res
1019 862 1175 891 confutavit
1187 884 1194 895 ,
1215 873 1270 901 quo
1282 863 1353 899 stylo
1373 863 1411 892 usi
1430 862 1491 891 sunt
1500 865 1610 902 Gregor
1632 863 1773 892 Nazianz-

961 911 1058 931 contra
1070 904 1261 941 Apollinarem
1273 925 1281 937 ‚
1292 904 1455 932 Prudentius
1466 904 1496 931 in
1505 903 1610 933 diversa
1620 903 1766 932 haeretico-

962 952 1021 970 rum
1030 943 1172 982 dogmata,
1185 944 1219 973 fic
1229 948 1256 973 δε
1268 945 1313 973 alii
1323 943 1458 973 similiter.
1469 945 1592 982 Antiqua
1602 944 1640 973 est
1649 943 1767 982 quaestio

960 983 1061 1021 agitata
1070 1005 1077 1016 ‚
1088 984 1176 1023 qualis
1187 1006 1193 1016 ‚
1203 983 1308 1013 scilicet
1320 1007 1327 1017 ,
1339 984 1429 1014 fuiss'et
1438 985 1559 1020 hymnus
1568 1006 1575 1017 ‚
1586 995 1667 1024 quem
1678 983 1766 1013 Chri-

961 1025 1013 1052 stus
1024 1025 1163 1053 Dominus
1175 1035 1226 1053 una
1234 1035 1295 1053 cum
1306 1025 1444 1063 discipulis
1454 1025 1512 1063 post
1521 1025 1648 1053 ultimam
1656 1035 1766 1053 coenam

961 1074 1095 1093 cecinerat
1107 1087 1114 1097 ,
1132 1065 1166 1092 de
1178 1076 1232 1104 quo
1241 1066 1417 1105 Evangelista
1435 1066 1561 1095 testatur:
1583 1071 1596 1101 [
1614 1069 1647 1094 Et
1656 1064 1765 1099 hymno

959 1106 1035 1134 disto
1045 1127 1053 1138 ‚
1073 1107 1204 1135 exierunt
1225 1107 1255 1134 in
1265 1107 1391 1135 Montem
1399 1107 1466 1136 Olix
1475 1115 1548 1134 etum
1559 1108 1634 1137 &cc-J
1655 1106 1693 1135 D.
1707 1109 1765 1134 Au-

958 1146 1028 1185 gust.
1040 1156 1069 1174 in
1078 1145 1156 1185 epist.
1169 1158 1182 1174 2
1191 1156 1235 1184 53.
1245 1147 1278 1176 :id
1287 1147 1432 1176 Cerctium
1444 1146 1534 1185 Episc.
1544 1146 1640 1179 aflei-it,
1649 1146 1723 1184 quod
1734 1146 1764 1176 in.

960 1191 1016 1223 ejus
1029 1197 1091 1215 aei'o
1100 1186 1221 1222 hymnus
1232 1188 1417 1225 reperiebatur
1427 1210 1434 1221 ,
1444 1196 1524 1226 quem
1535 1187 1672 1216 Dominus
1681 1187 1711 1215 in
1720 1185 1763 1215 su-

959 1226 1079 1265 pradicta
1091 1237 1170 1257 coena
1178 1227 1301 1257 ceciniffe
1320 1228 1540 1258 existimabatur5
1558 1227 1606 1257 sed
1615 1229 1672 1264 ejus
1684 1228 1765 1256 verba

959 1267 1116 1307 apocrypha
1129 1278 1291 1307 reputantur
1302 1279 1315 1296 a
1325 1269 1445 1298 Baronio
1456 1269 1490 1297 ad
1502 1271 1556 1297 An.
1566 1279 1614 1307 34.
1628 1278 1701 1296 nurn-
1714 1275 1762 1303 65.

961 1319 1023 1338 narn
1034 1309 1191 1337 Cardinalis
1200 1308 1246 1338 hic
1256 1310 1347 1342 docet,
1359 1309 1434 1348 quod
1444 1309 1472 1338 in
1483 1309 1635 1339 Ritualibus
1645 1309 1762 1338 Hebrae·

957 1360 1037 1378 orum
1049 1350 1254 1387 reperiebantur
1263 1350 1360 1389 aliqua.-
1372 1360 1462 1388 preces
1485 1350 1543 1388 post
1552 1347 1686 1378 solemnes
1705 1359 1763 1377 coe-

958 1401 1003 1418 nas
1013 1391 1158 1419 recitandae
1169 1413 1176 1424 ‚
1189 1395 1215 1420 ὃ(
1227 1401 1278 1430 pro
1286 1390 1335 1418 hac
1344 1401 1423 1419 coena
1434 1391 1497 1429 :igni
1509 1389 1640 1428 paschalis
1648 1409 1658 1424 ,
1668 1390 1698 1417 in
1707 1400 1759 1428 qua

957 1429 1237 1467 Chiystushyinnum
1249 1432 1357 1460 dixerat
1368 1453 1376 1464 ,
1399 1431 1538 1470 signanter
1559 1430 1589 1458 in
1606 1440 1640 1458 eo
1651 1429 1761 1459 Rituali

956 1470 1072 1509 psalmus
1082 1477 1114 1500 In
1124 1476 1204 1500 exitu
1215 1473 1300 1509 Israel
1309 1472 1366 1505 &a
1377 1481 1405 1499 ac
1415 1471 1462 1499 alii
1472 1471 1567 1499 breves
1576 1469 1672 1508 psalmi
1683 1480 1762 1509 repe-

957 1512 1096 1540 riebantur
1106 1512 1260 1551 praescripti
1275 1533 1281 1539 .
1300 1512 1395 1540 Paulus
1404 1511 1548 1550 Burgensis
1567 1511 1597 1538 in
1615 1511 1690 1539 rebus
1708 1510 1759 1539 he-

957 1553 1051 1581 braicis
1061 1563 1187 1591 expertus
1198 1575 1205 1586 ‚
1227 1552 1313 1580 scierat
1325 1552 1401 1581 enim
1420 1551 1467 1580 ille
1484 1551 1606 1580 hebraeus
1626 1551 1735 1590 origine
1747 1574 1758 1585 ‚

956 1592 1089 1632 psalmum
1105 1605 1112 1621 i
1125 1605 1167 1622 12.
1190 1594 1235 1632 qui
1247 1594 1316 1632 apud
1327 1592 1457 1621 Hebroeos
1477 1592 1514 1620 est
1538 1602 1546 1619 i
1558 1601 1600 1629 ¹3·
1619 1601 1760 1621 commcn-

955 1633 1162 1670 t.2ns,hymnum
1174 1633 1304 1662 aChristo
1315 1634 1418 1662 dictum
1427 1631 1684 1671 psalmumLaudaee
1690 1641 1759 1671 put-

957 1679 980 1702 η’
993 1685 1054 1702 cum
1064 1675 1124 1703 aliis
1134 1675 1254 1714 quinque
1265 1673 1438 1713 sequentibus
1457 1671 1530 1701 fuisse
1539 1673 1594 1703 :titi
1618 1683 1680 1702 nam
1692 1674 1752 1702 He-

953 1715 1018 1743 braei
1029 1714 1075 1744 sex
1086 1714 1201 1754 psalmos
1211 1714 1270 1752 post
1283 1724 1390 1742 coenam
1402 1714 1463 1753 agni
1477 1712 1605 1752 paschalis
1613 1714 1756 1749 canebant,

953 1756 1114 1794 incipiendo
1133 1755 1258 1794 apsalmo
1268 1756 1479 1791 Laudatepueri
1497 1764 1557 1782 cum
1575 1754 1698 1794 quinque
1714 1752 1757 1784 se-

954 1797 1109 1834 quentibus,
1121 1795 1301 1834 omnibusque
1310 1796 1341 1824 ab
1351 1795 1477 1830 Alleluia
1486 1794 1691 1832 incipientibus,
1705 1795 1753 1834 qui

954 1837 1031 1865 simul
1044 1836 1119 1866 uniti
1129 1842 1266 1873 Magnum
1276 1837 1405 1871 Alleluia
1413 1835 1636 1874 nuncupabantur
1644 1856 1652 1864 .
1675 1836 1756 1864 Albi·-

952 1887 1002 1906 nus
1013 1887 1080 1906 vero
1092 1877 1198 1906 Flaccus
1206 1876 1313 1904 semela
1321 1876 1427 1906 Carolo
1438 1877 1541 1915 Magno
1551 1879 1607 1911 ejus
1616 1875 1756 1914 discipulo

951 1918 986 1946 de
1006 1917 1060 1946 hoc
1070 1918 1151 1947 dubio
1169 1918 1352 1956 interrogatus
1364 1938 1371 1949 ,
1393 1915 1537 1954 respondit
1553 1915 1581 1945 sc
1599 1915 1754 1946 existimare

950 1969 1008 1987 tion
1029 1958 1104 1988 fuisse
1113 1957 1251 1994 hymnum
1271 1957 1413 1986 metricum
1426 1978 1434 1990 ‚
1451 1967 1532 1995 quem
1543 1956 1670 1987 Christus
1682 1958 1753 1986 ceci-

949 2006 1039 2033 nerat;
1053 2009 1146 2028 verum
1157 1998 1248 2037 potius
1258 1999 1384 2026 ultimum
1392 1996 1546 2026 sermonem
1558 1997 1750 2027 Dominicum:

949 2045 1033 2069 Pater
1043 2039 1268 2077 clarificafilmm
1278 2048 1360 2067 tuum
1369 2037 1428 2071 &n
1450 2039 1484 2067 de
1500 2049 1556 2077 quo
1574 2039 1752 2077 Evangelista

948 2082 994 2118 Jo.
1003 2091 1059 2119 cap.
1076 2091 1118 2113 17.
1138 2082 1216 2108 Inter
1225 2082 1337 2108 Graecos
1347 2079 1449 2118 primus
1457 2089 1610 2119 graecorum
1628 2079 1751 2115 hymno-

949 2131 1009 2149 rum
1021 2122 1126 2150 Auftor
1137 2119 1305 2149 Hierotheus
1313 2120 1343 2148 ab
1353 2118 1466 2148 Eusebio
1476 2120 1552 2152 1ib.7.
1563 2120 1627 2148 hist.
1637 2131 1695 2159 cap.
1704 2132 1749 2157 ¹9·

949 2161 1084 2191 refertum
1103 2162 1169 2190 sicut
1188 2164 1215 2189 δε
1235 2161 1310 2189 inter
1319 2161 1431 2189 Latinos
1442 2161 1563 2189 Hilarius
1572 2162 1748 2189 Piftavicniis

949 2201 1039 2241 Epii'c.
1051 2203 1153 2241 primus
1165 2200 1249 2230 fuerat
1263 2223 1270 2234 ,
1281 2211 1310 2229 ut
1321 2201 1439 2230 Isidorus
1449 2201 1483 2230 de
1493 2200 1594 2231 Eccles.
1604 2201 1650 2230 off.
1663 2202 1707 2230 lib.
1723 2212 1747 2228 i.

947 2253 1006 2281 cap.
1020 2250 1046 2272 6.
1066 2242 1329 2281 testaturinquiens:
1353 2242 1444 2278 [Sunt
1452 2252 1542 2271 autem
1560 2243 1653 2271 divini
1665 2243 1747 2277 hym·

950 2286 996 2315 ni,
1009 2283 1070 2312 sunt
1081 2284 1233 2322 &ingenio
1248 2283 1370 2311 humano
1378 2283 1521 2323 compositi
1533 2305 1540 2312 .
1563 2283 1684 2311 Hilarius
1702 2291 1748 2310 au-

949 2335 1004 2353 tern
1014 2325 1109 2353 Gallus
1120 2323 1392 2363 Epist-PiCtavienlis
1413 2325 1572 2363 eloquentia
1591 2320 1751 2361 conspicuus

947 2365 1117 2402 hymnorum
1134 2365 1255 2394 carmine
1263 2366 1358 2394 floruit
1369 2365 1471 2404 primus
1481 2387 1490 2399 ‚
1509 2365 1568 2404 post
1585 2373 1669 2432 quenz²
1678 2366 1746 2392 Am-

1314 2407 1342 2436 A
1353 2416 1367 2435 a
1410 2417 1428 2442 4
1671 2413 1716 2434 ro-
