1866 2526
458 38 571 84 CO

110 98 456 135 vammramlvams,
478 100 509 128 in
516 98 581 128 hist.
591 94 776 136 AEthiopica.
797 95 832 130 :ll
846 107 851 124 :
863 95 899 124 In

110 143 268 184 prola-tione
290 140 424 178 Confiteor
433 140 492 174 όιι.
510 139 625 169 nomina
633 139 793 168 Sanctorum
805 140 901 167 Patro-

1235 34 1275 80 C
1304 38 1346 81 Ο
1604 57 1703 96 209

956 94 992 124 de
1001 93 1100 135 poenit.
1110 94 1176 125 dist.
1192 106 1215 125 ι.
1226 106 1285 125 can.
1298 106 1312 132 5
1321 107 1344 125 1.
1363 99 1375 129 ]
1388 93 1462 126 Vide
1474 99 1741 132 Poenitentialis.su.

949 137 1081 174 surrium
1088 156 1096 164 .

110 193 208 214 nomm
218 204 226 216 ‚
248 181 294 211 seu
304 181 471 210 Titularium
479 181 543 210 addi
564 191 622 209 non
631 179 732 208 debent
744 201 752 212 ‚
773 189 835 208 curn
846 178 898 206 hoc
914 176 1092 206 Couresson
1104 199 1112 211 ,
1122 177 1183 208 haec
1194 189 1251 208 vox
1261 178 1333 218 apud
1341 178 1470 218 antiquos
1480 200 1488 212 ,
1499 179 1742 222 ecclesiasticosque

109 235 143 254 ex
151 223 302 263 privilegio
312 223 343 251 B.
354 220 398 250 Pii
409 223 446 251 V.
458 221 602 260 Hispaniae
614 220 739 249 Eccleliis
747 219 900 249 concessiiin

105 264 144 295 fit
153 283 161 292 .
172 266 246 294 Item
257 261 392 297 Moniales
403 262 433 290 in
444 262 578 299 Confiteor
586 262 678 290 dicere
689 262 791 291 debent
803 267 839 290 Et
850 271 886 288 m
903 268 909 318 Ι

106 304 262 344 bisfratres
277 324 284 336 ,
305 306 335 332 ὁ(
347 313 404 332 non
413 325 422 336 ‚
441 309 478 332 Et
489 303 568 332 vobis
581 304 683 340 shrores
695 323 702 330 .
723 303 779 332 Sac.
790 303 898 346 Congr-

108 346 169 375 Rir.
181 350 207 374 8.
220 348 295 384 Aug.
309 350 394 380 ¹⁶²9·
414 344 476 383 quia
485 353 548 372 cum
559 343 677 373 Ecclefia
696 344 774 383 loqui
792 343 899 373 intelli-

107 393 228 424 guntur;
249 385 348 414 eodem
357 385 442 413 modo
453 407 461 418 ‚
480 395 535 423 quo
547 385 676 413 Sacerdos
692 383 762 412 dicit
772 406 778 417 ,
801 385 898 412 Domi·

109 437 160 455 nus
182 427 327 464 vobiscum
339 447 346 458 ,
371 426 437 454 licet
459 436 528 454 unus
551 435 660 455 tantum
683 425 750 455 adlit
759 444 766 452 .

67 466 242 496 Commio
261 467 511 496 Silenum-nris
525 487 532 494 .
554 468 613 496 PR.
632 466 677 494 Est
697 466 849 510 praecipua,
871 467 900 492 δι

106 506 250 537 ess'entialis
258 507 432 546 poenitentiae
444 508 608 536 Sacramenti
619 517 679 545 pars
689 526 696 533 .
706 506 793 550 Gloss.
804 515 833 533 in
839 514 898 542 cap.

107 549 183 587 quod
193 549 212 578 fi
222 549 418 587 paenitentiam
431 570 438 581 ,
453 559 498 580 27.
509 547 602 587 quaest.
618 558 642 575 1.
654 549 728 591 Aug.
739 546 786 574 hb.
793 546 829 590 de
839 555 899 584 poe-

107 588 160 617 nit.
172 589 219 618 ait:
234 596 246 625 [
258 589 313 625 Qui
324 589 451 618 confiteri
463 591 525 618 vult
535 597 651 627 peccata,
661 596 692 616 ut
701 596 828 616 inveniat
837 596 898 625 gra.—

104 629 172 658 tiam
181 641 190 661 5
212 639 316 669 quaerat
325 631 494 659 Sacerdotem
499 629 635 659 scientem
646 628 732 672 ligare
742 649 751 660 ,
772 631 800 657 ὃς
809 626 898 670 solve-

106 678 135 697 re
146 680 154 701 5
177 680 212 699 ne
224 692 232 703 ,
254 681 315 699 cum
326 671 472 709 negligens
481 668 588 698 circase
604 669 732 698 extiterit
743 689 752 701 ‚
775 668 897 712 negllga-

107 719 152 738 tur
161 711 253 740 abillo
262 733 270 745 ,
292 711 410 750 quicum
421 709 636 739 misericorditer
643 718 740 737 monet
749 730 758 741 ,
768 713 796 738 δ(
808 718 878 747 petit
888 729 896 741 ‚

109 761 144 779 ne
155 753 234 781 ambe
243 751 273 779 in
281 751 390 780 foveam
399 752 498 780 cadant
507 773 515 784 ‚
537 761 618 789 quam
629 750 721 779 stultus
731 750 836 778 evitare
847 760 896 777 no-

106 791 159 819 luit
168 812 176 823 ,
199 792 270 829 apud
278 792 405 821 Gratiam
415 792 449 820 de
461 791 560 830 poenit.
570 792 632 820 dist.
650 803 672 819 ι.
693 801 753 818 can.
768 795 812 819 88.
824 793 836 821 ]
849 792 895 818 In-

105 830 201 860 stituta
210 831 343 861 conseffio
357 831 409 861 fuit
419 834 450 861 in
459 832 554 860 mundi
563 832 682 860 exordio
693 842 699 858 τ
723 830 771 859 sub
782 831 842 869 lege
851 841 894 858 au-

106 880 163 900 tem
173 893 181 904 ,
203 873 315 911 quando
332 872 416 911 Josue
435 874 568 912 praecepit
590 872 687 902 Achor
697 872 803 900 crimen
819 869 895 898 suum

107 912 253 947 confiteri,
275 917 303 942 ὃ(
315 914 450 952 lapidatus
459 914 498 942 est
509 926 516 945 ,-
529 917 558 942 ὃ(
569 914 678 941 tandem
688 913 718 956 in
727 922 804 940 novo
814 911 893 940 testa-

106 961 203 982 mento
211 964 226 982 a
234 956 336 992 Jacobo
344 976 354 987 ‚
374 955 485 983 dicente
497 966 502 984 ;
526 954 719 996 (Ξοηὶῐῑεῖηὶηι-
732 953 892 998 alterutrum

104 1002 214 1031 peccata
222 994 310 1023 vestra
318 998 371 1023 διε.
381 994 430 1023 sed
439 996 536 1023 melius
545 994 647 1022 dicitur
659 994 809 1021 institutam
819 993 893 1037 fuisse

105 1043 120 1060 a
130 1033 244 1070 quadam
251 1034 415 1062 universalis
426 1035 551 1064 Ecclefiae
560 1033 759 1062 consuetudine
771 1054 777 1060 .
800 1034 894 1062 Glofla

106 1073 136 1102 in
145 1083 204 1102 can.
212 1074 388 1103 confideret.
400 1076 434 1104 de
443 1076 542 1114 poenit.
552 1075 645 1109 dist.5.
657 1076 668 1105 ]
680 1077 712 1102 Et
724 1074 836 1103 inferius
848 1075 893 1103 ad-

105 1113 149 1142 dit
159 1135 168 1147 ,
184 1115 265 1153 ‘quod
273 1115 364 1143 Graeci
377 1127 435 1145 non
444 1125 573 1146 tenentur
584 1125 680 1143 eorum
692 1125 799 1152 peccata
808 1115 894 1143 confi-

104 1155 159 1183 teri
172 1176 178 1182 .
191 1155 285 1190 [Quia
295 1166 352 1184 non
359 1157 494 1186 emanavit
504 1155 574 1195 apud
583 1155 647 1183 illos
659 1155 772 1183 traditio
791 1157 862 1184 talis.
879 1159 890 1188 ]

105 1195 158 1223 Sed
167 1195 196 1223 hi
208 1195 309 1225 Glofl'ae
320 1206 426 1224 errores
434 1206 566 1226 notantur
575 1196 613 1224 ibi
623 1205 637 1224 a
646 1195 822 1224 Postillatore
830 1218 838 1230 ,
859 1197 894 1224 de

104 1236 273 1273 poenirentia
283 1257 292 1269 ‚
315 1236 408 1264 dist-r.
419 1248 495 1276 can.3
503 1244 530 1265 6.
554 1237 589 1265 sic
607 1244 717 1271 afente5
738 1241 750 1271 [
762 1237 893 1272 Irnojure

103 1276 204 1304 divino
214 1277 309 1314 Jo.20.
319 1276 445 1306 instituta
453 1279 493 1307 est
504 1278 560 1306 oris
573 1276 705 1305 confeffio
715 1298 722 1309 ,
733 1287 793 1314 quae
803 1278 841 1306 est
852 1278 892 1306 se-

96 1316 191 1345 cunda
202 1327 260 1355 pars
271 1317 446 1355 poenitentiae
461 1345 465 1348 Δ
477 1323 505 1348 δ(
516 1329 573 1346 non
582 1328 632 1357 per
643 1318 824 1347 traditionem
834 1340 842 1352 ‚
863 1329 892 1347 ut

101 1356 150 1385 hic
161 1358 230 1385 male
249 1357 319 1386 dicit
329 1359 421 1387 Glosia
432 1381 440 1393 ,
452 1364 479 1388 &
489 1358 693 1398 consequenter
703 1360 828 1388 omnibus
837 1370 890 1388 tam

104 1397 210 1426 Graecis
222 1420 229 1431 ,
253 1409 333 1438 quam
353 1399 460 1429 Latinis
471 1399 612 1429 necefl'ana
621 1411 655 1428 ex
667 1399 822 1439 Theologis
833 1422 840 1433 ,
863 1404 891 1430 ἃ

97 1439 269 1472 conciliis]
281 1440 325 1469 Sic
335 1441 420 1469 etiarn
430 1442 485 1470 alio
495 1451 588 1470 errore
596 1450 707 1470 notatur
718 1441 811 1470 Gloll‘a
822 1463 830 1474 ‚
841 1442 891 1470 do-

104 1481 256 1517 cens‚quod
268 1481 298 1508 in
308 1481 368 1509 casu
380 1481 543 1511 necessitatis
552 1482 680 1511 confiteri
689 1482 830 1510 dcbeamuv
841 1482 891 1510 lai—

105 1528 149 1551 co,
159 1520 305 1548 deficiente
317 1522 472 1555 Sacerdote,
484 1524 514 1551 in
525 1520 671 1552 can-unum
682 1522 800 1551 orarium
811 1543 818 1550 .
827 1523 889 1551 dist.

107 1569 122 1587 2
131 1568 155 1593 ς.
166 1563 193 1588 &
204 1561 268 1588 licet
282 1562 450 1600 Augustinus
472 1564 534 1592 loco
553 1563 631 1602 supra
642 1564 689 1591 cit.
699 1574 757 1591 can.
766 1569 785 1592 -8
792 1568 816 1592 8.
826 1563 889 1591 dist.

104 1608 121 1627 y1
129 1619 135 1626 .
147 1599 273 1629 videatur
285 1600 321 1629 ibi
331 1603 385 1630 hoc
395 1604 558 1633 confirmare
566 1617 577 1638 3
588 1604 716 1633 existimo
728 1614 819 1633 tamen
829 1614 890 1632 tex-

105 1648 165 1667 tum
178 1641 328 1680 Augustini
338 1643 520 1673 adulteratum
533 1645 606 1673 fuisse
618 1656 625 1675 ς
649 1655 711 1673 nam
734 1655 768 1673 ex
790 1645 888 1673 eodem

103 1680 226 1710 Dostore
238 1703 244 1714 ,
267 1683 300 1711 de
310 1684 460 1721 poenitent.
472 1686 564 1714 dist-1.
582 1696 640 1724 cap.
655 1697 702 1722 44.
721 1686 888 1714 contrarium

104 1721 228 1750 constare
239 1723 351 1752 videtur
362 1747 369 1757 ,
393 1725 438 1754 ubi
450 1727 542 1765 inquit
554 1738 560 1754 ε
587 1733 598 1761 [
610 1731 685 1765 Ergo
697 1727 753 1756 line
763 1725 836 1755 causa
846 1728 888 1756 di-

955 217 1106 256 scriptores
1116 218 1188 258 sxepe
1200 221 1354 255 Martyrem
1363 219 1507 259 fignificat,
1516 221 1574 253 five
1584 224 1664 254 illum
1674 246 1683 258 ‚
1694 224 1741 262 qui

955 259 1102 288 tormentis
1113 259 1195 289 fidem
1205 262 1231 290 C
1233 259 1392 289 hristianam
1403 260 1534 290 consessus
1555 265 1643 295 fuisset
1653 287 1661 298 ‚
1684 265 1741 293 five

957 308 1064 329 tantum
1073 311 1164 330 coram
1181 301 1320 341 Judicibus
1340 301 1446 340 publice
1465 301 1578 335 Christi
1588 305 1745 336 doctrinam

957 340 1084 378 proiessiis
1094 340 1158 370 esset
1167 364 1176 376 ,
1193 347 1221 371 ὅ(
1230 340 1261 370 hi
1271 347 1411 383 Martyres
1420 342 1554 382 dcssgnati'
1566 357 1580 375 a
1591 348 1742 377 Tertullia-

957 390 993 411 no
1002 384 1194 422 appellantur,
1216 386 1244 412 ὅ(
1254 393 1267 412 a
1278 383 1304 412 S.
1314 382 1462 421 Cyprinno
1473 405 1481 417 ,
1503 387 1582 426 epist.
1594 400 1640 418 21-
1649 388 1741 418 Flori-

956 422 1007 453 ἄνις
1018 434 1134 464 uterque
1141 422 1275 453 confefl'or
1284 423 1396 457 dicitur,
1407 423 1484 458 idest,
1495 438 1649 461 cot-onnus
1659 437 1742 468 atque

958 470 1133 503 Purpuratus
1143 464 1268 503 confhffor
1277 475 1292 492 a
1302 465 1340 493 D.
1359 465 1506 496 Ambrofio
1517 491 1525 503 ‚
1547 469 1582 497 de
1593 470 1693 510 poenit.
1715 480 1740 498 c.

963 516 971 533 1
984 515 1120 534 nvocatus
1129 505 1183 535 suit
1203 506 1295 534 lati-02
1307 505 1434 535 Domino
1445 507 1474 535 in
1484 519 1563 539 cruce
1573 512 1740 550 redemptus.

958 547 1016 575 FR-
1026 546 1101 574 Vide
1112 545 1277 579 Gloss'am,in
1285 557 1344 574 can.
1358 539 1740 588 Impot'tuna,§.M2rtyrium,

955 586 990 614 de
999 587 1100 624 poenit.
1109 586 1171 616 dist.
1189 598 1212 615 1.
1223 590 1251 615 δι
1260 597 1317 616 can.
1327 586 1470 624 Baptismi,
1478 591 1507 622 §.
1518 593 1676 622 Crucifixus
1685 615 1694 627 ‚
1705 593 1742 621 de

955 626 1103 655 consecrat.
1113 627 1205 662 dist.4.
1216 626 1309 666 ibique
1317 626 1535 671 Gloslb-Martyr
1543 634 1742 673 interpretatur

955 667 1241 706 confitens.:ll:Itaque
1253 670 1361 703 Martyr
1369 667 1682 714 dicebatur,nempe‚qui
1692 685 1741 703 an—

956 716 983 736 te
992 708 1118 746 Judicem
1130 709 1337 741 vocatus,libere
1346 709 1429 738 fidem
1438 712 1496 742 chri
1501 713 1612 744 stiamm
1623 715 1741 745 confite-

955 749 1030 777 batur
1042 770 1049 780 ,
1071 753 1099 778 δε
1116 748 1162 777 hic
1181 749 1292 787 proprie
1308 749 1444 787 Confeffor
1463 757 1648 793 appellabatur
1659 769 1667 788 i
1691 756 1738 795 qui

955 798 1022 817 vero
1031 788 1149 827 sponte,
1171 790 1246 817 nulla
1268 791 1369 829 praevia
1378 794 1510 824 citatione
1518 797 1553 825 ad
1572 798 1741 832 Martyrium

954 827 981 857 se
990 828 1117 859 offercbst
1126 852 1134 863 ‚
1158 829 1205 858 hic
1221 830 1351 869 Profeſjor
1370 834 1512 864 vocabatur
1524 848 1532 868 ς
1555 847 1581 866 at
1599 838 1648 866 ille
1659 860 1669 872 ,
1691 837 1741 875 qui

953 880 1027 899 metu
1039 871 1165 906 martyrii
1176 869 1203 899 se
1212 870 1369 906 abdicabat,
1383 879 1511 905 Est-torris
1522 878 1668 908 dicebatur.
1680 880 1739 907 PR.

953 911 1016 939 Hoc
1026 921 1118 939 tamen
1129 912 1257 940 ultimum
1271 914 1433 943 vocabulum
1442 917 1590 956 aliquando
1598 929 1648 958 pro
1670 919 1735 949 :ilic-

951 961 988 979 no
998 972 1007 984 ,
1029 962 1058 981 ac
1077 951 1172 980 diviso
1187 953 1320 991 accipitur
1330 969 1339 984 .·
1363 955 1402 984 ita
1419 959 1489 996 apud
1504 960 1665 999 Virgilium
1686 963 1738 989 T:-

951 990 1078 1029 psensem
1087 991 1253 1032 Episcopum
1265 1015 1273 1027 ‚
1297 995 1341 1023 ubi
1350 1006 1446 1027 contra
1464 999 1673 1036 Euthychianos
1693 1000 1739 1029 in-

951 1032 1013 1070 quit
1026 1043 1032 1059 :
1056 1039 1070 1068 [
1079 1033 1127 1062 Ut
1138 1032 1277 1064 fateamini
1290 1035 1388 1064 Filium
1398 1048 1432 1067 ex
1442 1042 1523 1069 Patre
1540 1042 1669 1080 genitum
1690 1052 1737 1080 pa-

951 1073 1152 1102 ternaedivinae
1164 1084 1304 1103 extorrem
1313 1075 1364 1104 esse
1373 1089 1478 1109 naturae
1499 1102 1506 1108 .
1517 1084 1529 1113 ]
1542 1083 1628 1118 Cujus
1648 1082 1736 1122 aliqui

951 1113 1074 1142 mendosi
1084 1114 1192 1142 codices
1203 1137 1210 1147 ,
1233 1121 1381 1146 Extortem
1390 1118 1488 1150 habent
1502 1143 1510 1150 .
1526 1124 1565 1157 :ll-
1584 1124 1680 1152 Hodie
1699 1133 1820 1162 ta-J--J

952 1163 1016 1181 men
1029 1153 1164 1192 Confeſjbr
1171 1155 1271 1183 dicitur
1281 1156 1301 1184 is
1311 1178 1319 1189 ,
1341 1160 1387 1197 qui
1400 1161 1446 1198 pie
1457 1184 1464 1196 ‚
1475 1161 1620 1203 sancteque
1637 1164 1738 1193 viven-

951 1194 989 1222 do
1028 1194 1060 1222 in
1069 1195 1214 1229 Domino,
1238 1195 1300 1225 suos
1309 1198 1412 1230 claudit
1420 1202 1479 1231 dies
1489 1226 1497 1237 ‚
1520 1205 1587 1233 &in
1606 1206 1732 1245 catalogo

950 1235 1108 1263 Sanstorum
1117 1236 1147 1264 ab
1158 1237 1273 1267 Ecclesia
1285 1248 1442 1272 numeratur
1451 1265 1458 1271 .
1481 1245 1596 1284 Legiiur
1614 1247 1698 1275 etiam
1708 1247 1738 1275 in

950 1276 1059 1304 Codice
1071 1277 1194 1305 Rodradi
1206 1288 1307 1307 nomen
1319 1281 1448 1322 Virginis
1458 1306 1467 1318 ,
1489 1289 1517 1314 ὃ(
1528 1298 1584 1315 non
1606 1287 1737 1323 Martyris

949 1316 1033 1345 titulo
1044 1317 1170 1361 anf'c'ffa
1179 1340 1186 1351 ,
1210 1319 1244 1348 fic
1255 1331 1261 1347 :
1272 1322 1355 1359 Missa
1365 1328 1395 1352 in
1407 1327 1506 1354 Natali
1517 1328 1652 1366 confessa.
1663 1330 1737 1357 Item

948 1357 979 1385 in
989 1359 1125 1387 Concilio
1134 1359 1270 1389 Toletano
1280 1363 1333 1390 IV.
1347 1366 1372 1393 S.
1384 1367 1515 1395 Leucadia
1526 1369 1662 1407 Confeffor
1680 1380 1730 1407 np-

949 1399 1020 1436 pella
1040 1398 1091 1427 fuit
1103 1421 1110 1427 .
1133 1400 1257 1430 Tandem
1276 1404 1416 1434 confessor
1437 1407 1540 1436 dicitur
1551 1420 1647 1438 cantor
1660 1431 1666 1442 ,
1689 1409 1736 1438 seu

949 1438 1083 1477 psalmista
1093 1462 1101 1473 ‚
1125 1441 1194 1469 idest
1204 1463 1212 1474 ‚
1234 1443 1330 1480 primse
1352 1446 1471 1476 tonsura:
1487 1450 1614 1478 Clericus
1624 1472 1631 1483 ,
1654 1454 1680 1479 ἃ
1704 1451 1735 1479 in

950 1479 1003 1507 hoc
1014 1480 1092 1509 sensu
1102 1481 1302 1521 intelliguntur
1313 1487 1342 1514 in
1351 1488 1476 1517 oratione
1487 1490 1572 1519 Feriae
1586 1491 1640 1519 VI.
1651 1494 1736 1526 majo-

948 1520 984 1548 ris
995 1520 1172 1551 hebdomad-2
1183 1544 1191 1555 ‚
1202 1523 1249 1552 1111
1262 1527 1359 1560 verba.
1373 1535 1384 1563 [
1396 1529 1547 1565 Acolyrhis
1557 1553 1565 1563 ‚
1577 1532 1735 1565 Exorcistis,

946 1562 1116 1596 Lectoribus,
1126 1563 1267 1597 OstiariiS,
1279 1568 1488 1598 confessoribus
1500 1591 1506 1597 .
1518 1573 1529 1602 ]
1543 1572 1667 1600 Eundem
1676 1572 1736 1600 sen-

945 1601 1002 1630 sum
1014 1602 1114 1632 habent
1124 1604 1172 1632 illa
1182 1606 1260 1633 verba
1271 1608 1397 1637 Concilii
1406 1611 1535 1639 T0¹et2ni
1553 1623 1630 1648 1.c.9.
1643 1614 1734 1647 [Nul-

945 1645 969 1673 la
978 1643 1096 1682 professa
1106 1666 1115 1678 ‚
1139 1646 1185 1673 vel
1198 1646 1280 1674 vidua
1294 1670 1300 1681 ‚
1311 1648 1422 1678 absente
1434 1651 1570 1690 Episcopo
1584 1675 1591 1685 ‚
1603 1653 1646 1681 vel
1658 1653 1734 1692 pres-

944 1685 1043 1720 bytero
1054 1708 1060 1718 ‚
1083 1686 1210 1716 inrdomo
1220 1686 1263 1715 sua
1274 1690 1440 1728 antiphonas
1450 1702 1512 1720 cum
1520 1693 1734 1727 consessorc‚vel

943 1726 1024 1755 servo
1035 1726 1083 1754 suo
1093 1726 1170 1756 faciat
1181 1748 1188 1755 .

102 1763 177 1791 &um
185 1764 224 1791 cst
233 1785 240 1796 ,
252 1764 321 1798 Quae
330 1764 448 1796 solveris
460 1777 490 1795 m
502 1776 573 1795 terra
584 1789 591 1799 ,
601 1766 689 1797 soluta
701 1777 781 1796 erunt
790 1768 820 1795 in
831 1779 887 1797 coe-
903 1769 1102 1797 Commius
1115 1790 1123 1800 ‚
1145 1769 1287 1800 0:521'211‘5
1297 1793 1305 1805 ‚
1339 1772 1385 1811 qui
1400 1773 1512 1802 habebat
1531 1785 1622 1803 curam
1644 1776 1731 1805 confi-

102 1803 131 1831 lo
141 1823 149 1830 .
173 1807 247 1843 Ergo
257 1805 314 1834 line
321 1805 399 1835 causa
408 1808 495 1835 claves
505 1808 575 1837 datae
588 1807 651 1836 sunt
669 1808 792 1838 Ecclesiae
815 1810 869 1838 Dei
880 1830 886 1837 .

106 1844 268 1873 Frustramus
288 1847 469 1886 Evangelium
500 1849 555 1877 Dei
567 1871 575 1882 ,
599 1848 751 1880 frustramus
775 1850 886 1878 verbum

104 1883 215 1912 christi
226 1906 233 1917 ,
257 1885 275 1914 fi
285 1888 476 1924 promittimus
485 1889 616 1928 quodille
627 1900 707 1929 negat
719 1891 749 1921 .]
763 1891 886 1919 Contra-

944 1808 1020 1837 nium
1030 1808 1249 1838 Provinciarum.
1264 1819 1275 1848 [
1287 1813 1437 1850 Quomodo
1447 1817 1534 1844 Mares
1544 1816 1634 1844 nostra
1645 1817 1678 1846 lit
1686 1828 1731 1846 or-

943 1850 1037 1878 dinata
1046 1871 1054 1883 ‚
1067 1852 1094 1877 ὅ(
1105 1859 1165 1887 quae
1175 1861 1223 1889 pei·
1234 1851 1261 1881 se
1274 1853 1398 1883 fecerunt
1409 1856 1571 1884 confiniales
1580 1857 1668 1886 nostri
1677 1877 1683 1886 .
1695 1859 1731 1887 In

947 1890 1034 1919 const.
1044 1890 1140 1919 Caroli
1152 1892 1265 1931 Magni.

104 1934 151 1952 [ιε
163 1926 292 1963 equidem
303 1927 439 1957 illationes
449 1929 514 1958 sunt
522 1931 578 1959 istze
592 1942 598 1961 ς
610 1941 671 1959 nam
681 1930 746 1959 solis
758 1932 885 1960 Sacerdo-
902 1931 1123 1960 CoNHRMATlo
1139 1951 1145 1958 .
1169 1934 1242 1961 Vide
1254 1937 1446 1964 Ratibabin'o.

103 1965 172 1993 tibus
182 1966 251 1995 dntae
262 1966 325 1995 sunt
334 1968 422 1998 claves
432 1992 440 2002 ‚
452 1975 479 2000 δε
495 1971 641 2009 potestates
650 1972 766 2011 ligandi,
776 1971 887 2002 solven-
902 1972 1168 2001 coxi-mmmmm
1180 1974 1358 2004 Saeuum-1
1367 1987 1407 2004 um
1419 1998 1424 2004 .
1448 1977 1522 2006 Vide
1543 1979 1672 2017 chrisma
1682 2000 1689 2007 .

103 2006 186 2044 dique
198 2029 205 2039 ‚
226 2012 253 2037 ἃ
264 2007 463 2048 consequenter
479 2022 493 2039 a
510 2012 626 2041 Christo
637 2013 711 2041 laicis
730 2023 865 2052 negantur
876 2036 884 2047 ‚
903 2013 1064 2042 Cosrnmo
1074 2034 1083 2045 ,
1106 2011 1177 2051 saepe
1186 2015 1215 2042 in
1227 2017 1338 2044 Ordine
1349 2019 1480 2046 Romano
1490 2018 1623 2057 significat
1636 2020 1730 2048 distri-

102 2047 165 2075 alias
177 2047 361 2077 frustrat-emus
382 2053 564 2091 Evangelium
584 2053 641 2082 Dei
652 2075 659 2086 ‚
683 2053 867 2083 frustraremus
877 2077 885 2088 ,

104 2088 216 2127 inquam
225 2111 234 2123 ‚
259 2091 371 2118 verbum
383 2091 495 2120 Christi
507 2115 515 2125 ,
536 2093 556 2122 fi
579 2094 653 2122 laicis
674 2095 863 2132 permittamus
876 2117 884 2129 ,

101 2130 176 2166 quod
185 2130 228 2158 eis
236 2129 363 2159 Christus
375 2142 457 2171 negat
466 2153 473 2160 .
496 2133 587 2172 Igitur
597 2133 766 2163 confeffione
778 2157 785 2168 ‚
808 2139 836 2164 ὃ(
846 2135 886 2164 sa-

101 2170 256 2200 tisfactione
266 2183 280 2200 a
290 2172 408 2210 peccati-5
417 2173 599 2206 mundamur5
621 2174 669 2203 sed
687 2175 820 2204 conseffio
841 2177 886 2206 Sa-

99 2211 205 2239 cerdon·
220 2233 227 2244 ,
249 2216 278 2242 ὅ(
289 2223 346 2241 non
359 2214 428 2242 laico
441 2213 562 2244 facienda
572 2216 610 2245 est
621 2237 629 2248 ,
652 2216 686 2244 de
703 2217 804 2254 poenit.
821 2217 884 2246 dist.

103 2260 126 2279 1.
139 2261 198 2280 can.
211 2259 258 2290 36.
272 2252 388 2292 Insuper
408 2254 446 2282 D.
460 2256 575 2294 August.
596 2266 654 2284 non
664 2266 772 2294 poterat
788 2267 885 2287 contra

97 2290 135 2319 D.
146 2293 284 2322 Ambrosii
294 2297 349 2329 ejus
360 2295 484 2334 Magistri
495 2296 658 2325 documenta
668 2299 697 2325 in
719 2298 796 2326 rebus
815 2301 884 2328 tanti

94 2334 228 2362 momenti
248 2333 359 2364 asserere
370 2347 378 2367 ς
400 2336 483 2372 ajebat
493 2336 627 2375 siquidem
635 2338 683 2367 ille
694 2353 702 2366 .-
728 2340 797 2376 [Jus
807 2339 882 2368 enim

90 2372 146 2402 hoc
157 2372 222 2403 solis
235 2376 390 2414 permissiim
401 2376 439 2405 est
449 2378 635 2409 Sacerdotibus
647 2399 655 2412 ,
672 2379 743 2418 apud
754 2379 880 2410 Gratian.

128 2416 319 2448 Hierolexicm
340 2423 432 2448 Macri
445 2438 452 2446 .

942 2055 1023 2083 buere
1033 2052 1194 2092 sznguinem
1206 2055 1312 2084 Christi
1325 2057 1448 2086 fidelibus
1457 2058 1487 2086 in
1498 2058 1578 2088 Missa
1589 2061 1648 2098 post
1672 2071 1730 2099 par-

944 2094 1137 2132 ticipationem
1147 2096 1281 2134 Corporis
1291 2097 1360 2126 Sacri
1372 2120 1380 2131 ‚
1404 2109 1464 2137 quae
1477 2098 1581 2128 fiinstio
1591 2112 1604 2129 a
1626 2101 1729 2130 Diaco-

944 2146 981 2164 no
991 2135 1088 2163 fiebat:
1115 2142 1127 2171 [
1139 2135 1200 2174 Ipse
1211 2137 1340 2167 Pontifex
1351 2139 1528 2168 confirmatur
1537 2141 1568 2169 ab
1578 2141 1728 2171 Archidia.

942 2186 1013 2204 cono
1025 2176 1054 2203 in
1062 2176 1144 2205 calice
1154 2175 1246 2205 sanc'to
1257 2198 1263 2204 .
1276 2179 1287 2208 ]
1302 2182 1342 2207 Ac
1353 2180 1388 2207 de
1407 2181 1604 2210 communione
1624 2185 1729 2222 populo

944 2216 1065 2245 facienda
1076 2217 1177 2245 ibidem
1188 2218 1308 2247 dicitur:
1331 2226 1342 2255 [
1355 2223 1482 2260 Recepto
1499 2222 1583 2251 calice
1593 2245 1602 2255 ‚
1625 2224 1729 2252 Archi-

942 2258 1074 2286 diaconus
1082 2257 1227 2286 confirmat
1237 2269 1331 2288 omnes
1339 2259 1472 2300 sanguine
1482 2263 1647 2296 Dominico,
1661 2275 1728 2302 quos

941 2298 1186 2326 communicaverit
1207 2300 1338 2329 Pontifex
1349 2303 1379 2333 .]
1405 2303 1474 2331 Haec
1495 2303 1649 2332 distributio
1670 2303 1728 2333 san-

940 2339 1033 2378 guinis
1042 2349 1091 2377 per
1100 2340 1230 2367 calamum
1240 2339 1318 2369 flebit
1330 2364 1338 2375 ,
1360 2353 1391 2371 ut
1402 2343 1490 2372 adhuc
1500 2343 1630 2372 Pontifex
1641 2344 1705 2374 facit
1716 2369 1724 2380 ‚

940 2390 1000 2420 quae
1009 2380 1161 2418 antiquitus
1170 2379 1254 2412 etiam
1262 2380 1292 2410 in
1301 2383 1426 2423 populari
1435 2384 1631 2414 communione
1648 2384 1727 2415 adhi-

1640 2426 1683 2454 be-
