1866 2526
147 55 226 103 516
490 55 522 97 P
556 54 594 96 A

89 112 150 141 PAx
163 113 278 139 Tecum.
291 107 365 140 Vide
375 115 556 150 Deogratias.
570 114 628 142 FR.
639 110 776 141 dicebatur
787 111 846 150 post
857 109 933 139 ‹iscu-

129 153 186 181 lum
196 152 269 190 pacis
278 171 285 179 .
297 155 396 181 Barou.
408 163 470 181 ann.
481 162 528 189 45.
538 163 613 181 num.
624 164 670 189 24.
679 157 708 183 ὃς
721 162 767 188 25.
784 152 934 181 Dicebatur

132 192 192 231 post
202 194 280 221 Pater
294 193 386 221 noster
396 193 427 221 in
440 193 516 222 Mifl'a
529 214 537 221 .
548 194 654 222 Ibidem
663 214 670 221 .

90 234 151 262 Pax
164 234 255 262 Voeis
267 254 274 265 ,
293 244 352 271 quae
363 234 503 262 salutatio
515 235 683 272 Episcopalis
703 244 716 262 a
725 235 809 262 Petro
821 232 932 261 Damia-

129 283 166 302 no
178 272 330 311 appellatur
339 295 346 306 ,
359 284 421 302 nam
432 273 579 313 Episcopus
590 275 677 312 prima
687 274 747 302 vice
758 273 875 302 salutans
885 283 933 311 po-

131 314 225 352 pulum
236 314 267 341 in
276 313 352 343 Misia
361 315 424 343 loco
435 319 572 343 Dominus
582 317 722 352 vobiscum
735 314 803 342 dicit
813 319 875 342 Pax
886 325 922 342 vo

130 356 171 384 bis
182 367 192 388 ,ς
204 365 283 393 quam
297 354 412 383 formam
424 354 477 383 suis
488 355 629 393 discipulis
639 353 782 383 Christum
799 353 933 382 ordinasse

132 396 169 423 ait
180 395 313 424 Alcuinus
322 396 357 425 de
366 395 457 425 divin.
466 395 512 423 off.
523 396 587 423 ideo
597 394 723 432 Episcopi
735 395 933 433 Apostolorum

1291 54 1390 96 PE

992 110 1117 150 est,quod
1126 111 1234 150 qua-ndo
1244 112 1334 142 Siiidas
1343 113 1451 142 dixerat
1462 111 1532 141 hanc
1544 121 1641 142 vocem
1652 117 1790 144 romanam

992 150 1048 179 esse
1059 173 1066 185 ,
1078 162 1136 180 non
1145 153 1209 180 ideo
1220 153 1396 183 intellexerat
1405 151 1584 186 latinam,'sed
1594 165 1721 194 grecam,
1733 156 1789 185 five

989 191 1329 231 Constantinopolitanam
1338 206 1349 227 ,-
1362 204 1424 224 nam
1435 193 1494 223 haec
1504 195 1579 224 Urbs
1590 206 1662 225 nova
1676 198 1764 225 Roma
1773 206 1788 223 a

990 233 1179 262 Constantino
1189 235 1292 272 Magno
1303 236 1434 273 appellata
1445 235 1508 269 fuit,
1518 239 1546 264 ὃ(
1555 237 1649 266 Graeci
1662 235 1746 274 usque
1754 236 1787 264 ad

990 273 1107 311 praesens
1116 273 1143 302 se
1154 277 1301 307 Romceos',
1322 275 1390 304 idest
1402 297 1410 308 ,
1429 279 1570 306 Romanos
1581 277 1736 315 appellant:
1760 279 1788 303 &

989 314 1063 352 quod
1074 315 1126 343 boc
1137 315 1229 344 Suidas
1238 315 1465 350 intellexisset,ex
1476 316 1649 356 sequentibus
1658 321 1715 356 ejus
1728 327 1790 344 ver-

990 354 1029 382 bis
1039 365 1130 392 patet5
1144 355 1182 383 ibi
1191 355 1267 385 enim
1276 355 1467 393 subjunxerat,
1487 358 1560 396 quod
1571 368 1695 396 paxamas
1716 367 1729 385 a
1739 359 1789 385 La-

993 395 1057 423 tinis
1067 396 1235 425 Bucellatum
1245 397 1347 426 dicitur
1359 419 1366 426 .

130 435 289 464 successores
299 437 393 465 eadem
406 437 491 464 forma
501 435 618 464 salutant
631 446 637 462 :
655 435 690 463 lic
701 434 858 464 miraculose
876 446 932 464 cor-
950 437 1081 465 PAxiLio
1093 458 1100 470 ‚
1121 437 1214 466 Palare
1225 459 1233 470 ‚
1256 437 1323 476 palis
1334 439 1458 468 munire:
1480 440 1615 477 [Magnus
1624 449 1740 477 namque
1752 437 1791 466 la-

129 486 178 514 pus
197 477 221 505 5.
234 478 349 514 Joannis
358 475 554 509 Chi-ysostomi
567 497 574 508 ,
595 476 704 515 quando
724 478 749 504 S.
762 477 871 505 Proeliis
884 478 932 505 Pi-

128 515 249 545 triarcha
259 517 327 546 illud
339 517 368 544 in
378 517 492 545 Tliroiio
503 515 660 555 reposuerat
670 538 677 549 ‚
698 517 790 546 dicens
803 529 810 549 ς
828 525 839 553 [
851 518 933 546 Reci-

132 568 164 595 pe
175 557 307 586 thronum
316 567 392 586 tuum
403 568 420 585 o
429 558 529 589 Pater]
543 568 576 586 ex
586 567 634 586 ore
643 557 765 586 defunffi
781 568 847 587 tunc
858 558 931 586 audi-

133 608 157 626 ta
167 598 204 625 cst
215 599 247 625 ad
258 598 390 636 populum
403 597 460 626 haec
471 597 614 626 salutatio:
635 603 696 627 Pax
714 599 791 628 vobis
803 618 809 626 ·
832 602 932 628 Baton.

130 648 194 666 ann.
207 648 239 675 43
249 644 273 666 8.
286 649 359 667 num.
378 649 385 666 ι
399 649 419 666 ι.
433 641 500 667 Haec
511 638 638 668 salutatio
648 638 813 678 relinquitur
827 648 933 676 tempo-

130 689 158 706 re
169 679 329 707 Adventus.
351 680 471 708 Caerem.
487 678 574 718 Epist.
586 680 632 708 lib.
646 692 671 708 ι.
684 690 707 708 c.
725 690 765 717 ¹3·
779 683 847 709 Non
858 679 932 710 enini

131 717 219 747 adhuc
229 719 392 756 pei-Christi
414 721 600 750 Nativitatem
620 731 671 759 pax
683 721 713 749 in
730 730 801 749 tei-ra
814 720 933 748 homini-

988 477 1038 504 bor
1048 477 1190 515 impendet
1200 478 1231 506 iu
1241 481 1323 508 vinea
1332 479 1483 508 excolenda
1495 500 1503 512 ,
1523 488 1620 517 utpote
1631 501 1638 512 ,
1660 490 1720 518 qux
1732 478 1788 516 pri-

990 527 1064 545 mum
1075 518 1111 546 est
1124 519 1243 556 putanda
1253 542 1261 554 ,
1272 519 1392 549 secundo
1404 519 1535 548 fodienda
1543 541 1551 552 ‚
1563 521 1645 548 tertio
1654 520 1791 558 paxillan-

988 558 1037 586 da..
1056 561 1131 587 Petr.
1144 557 1250 588 Blesen.
1260 560 1310 589 ser.
1324 572 1369 600 37.
1381 563 1393 592 ]
1406 561 1496 591 Miror
1509 561 1649 598 quomodo
1667 561 1791 589 Ludovi-

990 609 1034 626 cus
1044 600 1165 628 laCerda
1180 609 1235 628 tam
1245 601 1440 631 oculatissimus
1451 603 1481 630 in
1491 601 1689 640 significatione
1700 601 1791 629 barba-

991 649 1080 667 rarum
1091 651 1190 668 vocum
1203 663 1211 674 ‚
1223 642 1319 680 absque
1331 642 1510 672 fundamento
1521 663 1527 674 ,
1539 641 1594 670 hoc
1607 641 1717 670 verbum
1726 641 1791 669 her-

989 680 1031 708 bas
1041 679 1136 709 noxias
1146 682 1282 720 extirpare
1292 684 1445 722 fignificare
1455 682 1609 715 asseruerit,
1620 692 1681 710 cum
1693 692 1792 711 notum

991 720 1022 748 sit
1033 721 1135 749 cunstis
1150 723 1293 754 Paxt'llum
1304 725 1435 752 denotare
1445 724 1544 762 palum.
1557 723 1629 752 Vide
1641 723 1793 752 Pedatam.

129 760 175 788 bus
186 760 344 789 descendit.
367 763 439 790 Item
458 763 488 790 in
498 762 611 791 Sabbato
629 761 723 790 saneto
738 773 794 791 non
811 761 931 793 dicitur,
951 763 1031 794 DAz,
1060 772 1162 791 nomen
1182 764 1351 797 hebraicum,
1380 770 1407 794 δε
1428 765 1563 802 significat
1585 773 1678 792 aurum
1705 762 1794 801 puris-

129 801 192 838 quia
201 801 287 830 adhuc
298 802 426 830 Christus
435 814 491 832 non
505 802 667 836 resurrexit,
689 802 736 841 qui
748 803 805 841 post
818 801 933 830 resurre-

128 842 248 870 ctionem
261 842 303 871 liis
314 843 404 871 verbis
414 843 573 882 Discipulos
585 843 715 872 salutavit
725 864 732 870 .
743 843 866 873 Durand.
877 843 895 870 l.
906 849 932 870 6.

128 892 152 909 c·
168 887 212 918 85.
231 885 287 913 PR.
300 884 386 913 Giofll
398 884 427 911 in
445 895 502 913 can.
515 887 577 913 Hoc
587 895 695 923 quoque
706 907 714 918 ‚
733 886 766 914 de
784 882 931 912 consecrat.

128 923 189 951 dist.
207 925 395 963 1.lici11qiiit:
411 925 585 964 [Episcopus
594 927 680 954 etiam
688 937 748 955 cum
761 926 881 965 primum
893 922 931 950 sa-

128 964 200 992 lutat
211 968 353 1003 populum,
368 976 425 994 nou
436 966 504 994 dicit
517 968 656 995 Dominus
669 964 865 995 vobisc-ainfal
876 967 930 992 Pax

131 1005 207 1032 vobis
218 1027 225 1038 ,
246 1008 308 1045 quia
320 1007 379 1036 haec
390 1006 441 1034 fuit
450 1008 537 1044 prima
550 1019 605 1037 vox
615 1007 721 1036 Christi
732 1009 765 1037 :id
775 1004 931 1044 Discipulos

994 802 1108 830 fimum:
1122 803 1155 831 fic
1167 805 1196 831 in
1206 805 1332 838 Daniele,
1343 816 1399 844 cap.
1415 817 1424 833 1
1432 817 1458 833 0.
1469 815 1499 832 in
1509 815 1587 833 teXtu
1598 814 1688 832 tamen
1699 814 1792 842 graeco

990 839 1070 881 ὥφεέζ
1081 844 1182 881 legitur
1193 866 1200 877 ‚
1219 855 1246 873 at
1266 846 1296 875 in
1305 846 1411 875 Codice
1424 846 1559 874 Vaticano
1573 845 1684 873 habetur
1695 842 1792 882 κεφὲζ,

992 883 1066 920 quod
1078 885 1239 913 vocabulum
1249 887 1369 925 lapidem
1388 885 1539 925 pretiosum
1551 908 1559 919 ‚
1582 889 1609 914 δε
1621 895 1678 913 non
1697 895 1793 913 aurun}

990 923 1165 958 Symmachus
1179 927 1272 955 vertit.
1284 927 1481 956 communiter
1493 936 1584 955 rameii
1593 936 1687 955 :iurum
1705 924 1794 964 puris-

990 964 1086 992 1imum
1098 965 1232 1003 fignificat
1244 988 1251 995 .
1264 974 1275 1002 [
1287 968 1330 996 De
1342 979 1396 1006 quo
1408 967 1525 997 dicitur:
1538 969 1630 1005 Caput
1640 977 1694 1000 eius
1705 976 1734 994 iit
1746 978 1791 995 au-

989 1013 1048 1032 rum
1059 1015 1117 1043 paz.
1130 1008 1237 1035 Paulin.
1252 1008 1330 1046 epist.
1341 1010 1374 1037 acl
1385 1010 1474 1038 Sevcr.
1489 1011 1500 1039 ]
1513 1008 1586 1035 Vide
1597 1008 1680 1044 ophir
1691 1028 1698 1034 .

129 1045 188 1081 1³0st
200 1045 442 1076 resurrectionem:
467 1058 533 1086 ergo
553 1059 582 1077 ut
600 1047 627 1076 se
644 1048 767 1077 ostendat
789 1047 930 1076 Vicarium
949 1047 1128 1079 Peccanm,
1149 1057 1302 1085 peccatum:
1324 1049 1458 1084 [Cessare
1469 1058 1559 1076 autem
1570 1047 1666 1075 divina
1678 1058 1793 1075 miracu-

129 1084 237 1115 Christi
246 1109 255 1121 ,
267 1088 330 1117 ideo
341 1090 375 1118 sic
385 1087 453 1117 dicit
462 1108 469 1115 .
487 1089 551 1117 Post
562 1099 628 1118 vei-o
638 1090 707 1118 dicit
720 1089 860 1118 Dominus
882 1097 931 1115 vo-

128 1126 231 1155 biscum
244 1151 251 1161 ,
270 1139 297 1157 iit
310 1130 344 1159 sic
355 1129 514 1158 ostendatur
524 1128 574 1158 effe
586 1131 620 1159 de
632 1141 744 1159 numero
762 1132 878 1159 aliorum
891 1130 933 1157 Sa-

127 1169 267 1197 cerdotum
280 1190 287 1197 ·
308 1173 319 1201 ]
335 1173 402 1200 Non
422 1172 459 1198 eil
479 1172 718 1208 praetcrmittenda
736 1173 772 1200 D.
786 1169 933 1208 Augustini

129 1209 267 1243 monitio,
281 1221 339 1249 qua:
350 1212 420 1251 apud
431 1211 556 1240 Gratian.
571 1224 596 1240 z.
608 1223 652 1250 qu.
665 1224 692 1244 7.
703 1223 762 1240 can.
775 1223 821 1248 29.
835 1210 868 1238 fic
888 1210 934 1237 lia-

129 1248 204 1276 betur
218 1253 307 1285 [Non
317 1252 417 1284 omnis,
429 1253 472 1290 qui
487 1252 554 1280 dicit
566 1264 571 1280 ε
583 1255 636 1282 Pax
648 1253 736 1281 vobis:
749 1253 819 1291 quali
830 1251 932 1279 colum-

129 1289 158 1317 ba
171 1290 207 1318 cst
219 1292 383 1321 audiendus:
404 1293 481 1320 corvi
493 1292 525 1320 de
537 1303 625 1321 morte
647 1293 787 1331 pascuntur
800 1314 806 1324 ,
826 1291 879 1319 hoc
890 1301 934 1318 co-

129 1329 218 1359 lumba
230 1332 384 1366 nonhabet,
398 1333 454 1360 imo
465 1333 498 1361 de
510 1332 634 1361 fructibus
647 1344 726 1361 terrae
741 1333 813 1361 vivit
827 1353 834 1364 ‚
846 1331 927 1358 inno-

130 1380 194 1399 cens
204 1372 241 1400 est
253 1373 338 1401 vistus
348 1377 412 1410 ejus.
428 1376 439 1404 ]
454 1373 526 1401 Vide
538 1374 653 1402 similem
664 1374 886 1402 admonitionem
898 1382 928 1399 in

130 1411 195 1438 dist.
207 1415 349 1451 Episcopus
363 1437 367 1445 ,
380 1414 426 1452 qui
438 1414 497 1441 cani
510 1415 694 1452 aeqniparatur
704 1435 712 1442 .

992 1085 1026 1117 la,
1040 1086 1084 1114 vel
1096 1087 1146 1120 ibi,
1163 1090 1205 1117 vel
1216 1090 1278 1118 alias
1295 1090 1400 1120 ,nostra
1411 1089 1562 1118 enormitas
1573 1089 1743 1126 pecaminum
1755 1088 1792 1117 fa-

991 1126 1031 1154 cit
1043 1148 1050 1159 ‚
1069 1128 1115 1164 qui
1126 1128 1184 1166 post
1197 1131 1346 1158 revelatam
1356 1130 1462 1159 Christi
1481 1130 1596 1169 gratiam
1618 1138 1693 1156 retro
1704 1128 1792 1157 snmus

994 1169 1120 1196 conversi
1132 1189 1138 1196 ·
1160 1170 1229 1199 Odo
1243 1172 1310 1199 Abb.
1324 1173 1353 1199 in
1363 1170 1443 1199 serm.
1457 1174 1482 1200 S.
1493 1170 1652 1199 Benedith]
1673 1169 1751 1197 Idem
1763 1170 1793 1198 in

990 1208 1109 1246 quodam
1120 1210 1405 1250 privilegParifienfis
1416 1211 1543 1251 Episcopi
1555 1211 1587 1238 ad
1598 1210 1719 1238 savorem
1730 1213 1792 1239 Mo.

991 1248 1100 1277 nasterii
1113 1252 1202 1279 Sanfti
1213 1252 1343 1287 Dionysii
1356 1253 1456 1290 legitur
1466 1252 1519 1281 sici:
1532 1253 1659 1288 [De-cet,
1683 1254 1709 1278 δ(
1722 1260 1791 1288 pne-

990 1288 1086 1317 sei·tim
1096 1300 1141 1318 cos
1152 1313 1160 1323 ,
1171 1293 1218 1330 qui
1228 1293 1257 1320 in
1268 1292 1345 1321 sacris
1355 1293 1495 1320 ordinibus
1505 1292 1627 1320 eminere
1639 1291 1790 1322 videntur,

992 1332 1117 1367 privatae,
1131 1335 1157 1359 ὅ(
1171 1333 1282 1369 publica?
1295 1334 1333 1360 rei
1346 1333 1381 1361 ita
1391 1333 1480 1361 curam
1492 1342 1580 1371 agere,
1592 1341 1620 1359 ut
1634 1336 1659 1360 δ(
1671 1331 1714 1359 sua
1728 1341 1791 1369 pec*

990 1372 1096 1398 camina
1115 1372 1259 1401 adnullare
1279 1373 1402 1401 studeant
1412 1375 1441 1403 .]
1464 1373 1536 1402 Vide
1547 1373 1688 1401 Deliam
1700 1393 1708 1404 ,
1726 1378 1790 1400 Du-

987 1412 1103 1448 plicitas
1114 1433 1122 1444 ‚
1146 1418 1295 1441 Peccatum
1306 1435 1314 1440 .

92 1453 299 1482 ΡΑΧΑΜΑΥΝΜ
310 1452 444 1491 vuinidi-
454 1476 460 1486 ,
472 1464 595 1492 quamvis
605 1465 701 1484 vocem
712 1454 825 1483 latinam
836 1452 886 1481 ess'e
899 1452 935 1480 ait
953 1453 1108 1480 Peccmou
1119 1472 1127 1479 .
1152 1454 1223 1482 Vide
1248 1455 1368 1482 Delzchr
1379 1476 1386 1487 ,
1411 1461 1520 1483 Norizx.

133 1493 235 1525 simias,
248 1498 274 1522 ἃ
287 1495 422 1532 fignificat
433 1504 532 1531 panem
541 1494 699 1525 biscoftum5
713 1496 740 1523 in
754 1505 832 1523 textu
843 1485 1067 1522 tanicn'Piccm
1077 1503 1118 1520 uni
1129 1514 1135 1519 .
1156 1495 1212 1522 FR-
1227 1494 1299 1522 Vide
1308 1499 1455 1523 Ptccamen
1466 1514 1473 1521 .
1494 1492 1598 1521 Peccati
1619 1493 1714 1531 gradus
1725 1504 1788 1531 qua-

131 1543 224 1570 grseco
235 1533 409 1572 παξημάδὶον
428 1535 529 1573 legitur
549 1541 561 1570 [
582 1539 686 1564 Praeter
696 1536 751 1564 duo
769 1534 917 1573 paxamatia
929 1555 935 1566 2

131 1583 190 1611 quae
201 1575 284 1603 tribus
299 1575 345 1603 vix
358 1575 477 1603 denariis
498 1575 687 1604 distrahuntur
698 1598 706 1609 ‚
726 1576 800 1604 nihil
820 1575 935 1613 amplius

132 1613 314 1653 unusquisque
326 1615 465 1654 praesumit
475 1636 481 1643 .
493 1615 611 1645 Caffian.
622 1618 668 1645 lib.
680 1627 783 1652 4.c.14.
800 1619 811 1648 ]
823 1616 934 1645 Dicitur

132 1655 214 1683 etiam
233 1659 433 1685 Paximatmm
452 1657 482 1685 in
499 1657 598 1685 eodem
614 1657 766 1696 fignificatu
787 1663 799 1692 [
816 1660 934 1685 Tantum

132 1705 215 1724 uuum
228 1696 408 1734 paximatium
420 1720 427 1730 ,
449 1701 476 1726 &
487 1697 609 1736 quinque
621 1699 709 1727 olivas
731 1698 759 1726 in
769 1698 829 1726 cibo
847 1697 935 1734 capie-

134 1736 178 1764 bat
192 1757 197 1763 .
218 1739 326 1766 Ruffin.
338 1737 383 1765 lib.
397 1740 444 1775 3.]
460 1739 532 1766 Itein
546 1749 680 1776 reperitur
691 1738 773 1767 etiam
792 1737 820 1765 in
839 1738 935 1766 eodem

133 1776 211 1805 sensu
223 1779 428 1806 Pas-amidam
439 1799 446 1806 .
469 1780 550 1813 [Fert
566 1789 645 1817 panes
657 1779 799 1808 Antonius
812 1800 817 1810 ,
838 1782 864 1806 ἃ
885 1778 934 1804 im-

993 1542 1072 1560 tuor.
1095 1533 1167 1561 Vide
1178 1535 1295 1571 Objecbt'o
1307 1554 1313 1561 .
1328 1535 1492 1572 Aliquando
1509 1534 1569 1561 liaec
1590 1543 1642 1561 vox
1657 1543 1706 1570 pro
1717 1535 1790 1562 obla-

993 1574 1072 1601 tione
1084 1572 1236 1612 usurpatur,
1249 1585 1308 1612 quae
1322 1575 1352 1602 in
1364 1574 1547 1603 remissionem
1559 1583 1728 1611 peccatorum
1740 1574 1786 1602 fie-

992 1624 1015 1642 ri
1025 1611 1115 1641 solent
1127 1635 1133 1641 .
1146 1617 1180 1643 In
1191 1625 1245 1652 quo
1254 1614 1331 1643 sensu
1343 1615 1491 1653 Apostolus
1504 1626 1529 1642 ι.
1542 1614 1664 1642 Corinth
1692 1625 1753 1652 cap.
1764 1625 1789 1647 ς.

992 1663 1047 1682 ait:
1072 1655 1153 1690 [Qui
1163 1665 1227 1684 non
1240 1665 1354 1683 noverat
1366 1664 1505 1693 peccatum
1516 1675 1524 1686 ,
1545 1665 1594 1692 pro
1607 1655 1684 1683 nobis
1697 1665 1790 1693 pecca-

994 1704 1051 1722 tum
1063 1694 1126 1723 fecit
1139 1707 1144 1723 :
1159 1698 1169 1727 ]
1191 1695 1257 1724 idest
1269 1718 1276 1728 ‚
1287 1715 1291 1717 -
1301 1696 1363 1724 fecit
1375 1695 1543 1724 oblationem
1553 1704 1602 1732 pro
1615 1694 1712 1722 nostris
1727 1705 1787 1732 pec-

992 1735 1058 1763 catis
1070 1757 1077 1764 .
1099 1738 1135 1765 In
1146 1747 1200 1774 quo
1209 1735 1286 1765 sensu
1297 1736 1372 1766 Osea
1382 1758 1389 1769 ‚
1409 1747 1465 1774 cap.
1477 1747 1504 1771 4.
1524 1735 1579 1763 ait:
1607 1730 1788 1770 [Comedenc

994 1785 1100 1813 peccata
1112 1777 1220 1815 populi:
1233 1779 1243 1808 ]
1257 1787 1356 1815 nempe
1367 1799 1375 1810 ,
1386 1777 1537 1805 oblationes
1549 1795 1555 1802 .

134 1817 214 1855 ponit
225 1817 323 1847 mcnsae
336 1828 450 1856 quatuor
462 1819 612 1856 paxamidia
623 1819 668 1848 sex
680 1820 837 1851 unciarum,
849 1823 875 1847 ἃ
888 1818 933 1845 libi
952 1817 1069 1845 PECTEN
1084 1839 1091 1849 ,
1104 1818 1313 1846 instrumentum
1325 1839 1332 1850 ‚
1343 1828 1398 1855 quo
1407 1826 1486 1854 caput
1496 1816 1615 1854 pefiimr
1624 1836 1631 1843 .
1652 1817 1787 1853 Antiqui-

135 1858 247 1896 quidem
258 1869 342 1886 unum
352 1859 497 1887 madefecit
507 1880 514 1886 .
535 1860 637 1889 Pallad.
660 1861 689 1888 in
699 1861 755 1888 vita
767 1858 844 1888 Pauli
866 1860 935 1886 Sim-

134 1899 213 1936 plicis
225 1901 253 1930 .]
270 1901 367 1938 Itaque
378 1899 427 1928 fuit
438 1910 513 1928 error
524 1901 700 1933 Ilidori‚dum
710 1901 763 1928 hoc
774 1899 933 1928 vocabulum

138 1950 237 1977 panem
248 1939 456 1968 subcinericium
467 1940 619 1979 significare
628 1941 737 1969 asseruit
748 1952 754 1970 5
768 1950 827 1968 mm
839 1949 935 1977 panem

993 1867 1033 1884 tus
1043 1858 1199 1886 Sacerdotes
1214 1867 1276 1886 ante
1285 1858 1495 1886 celebrationem
1506 1855 1593 1885 Mifl'ae
1613 1856 1712 1884 nedum
1732 1866 1788 1884 ina-

995 1907 1042 1924 niis
1054 1897 1176 1926 lavabant
1187 1921 1194 1932 ‚
1204 1899 1252 1927 sed
1262 1898 1343 1926 etiam
1353 1898 1406 1926 hoc
1416 1898 1598 1926 instrumento
1609 1907 1690 1935 caput
1700 1897 1789 1934 polie-

996 1938 1060 1966 bant
1071 1959 1078 1966 .
1091 1939 1222 1973 [Deinde
1233 1939 1403 1968 ministretur
1412 1939 1437 1966 ei
1449 1948 1514 1976 aqua
1526 1937 1559 1965 ad
1569 1947 1662 1965 manus
1672 1959 1680 1970 ‚
1702 1941 1729 1966 ὅ(
1741 1947 1788 1975 pe—

135 1979 283 2009 biscoeium
296 1991 328 2009 ex
339 1981 426 2009 allatis
436 1982 553 2009 textibus
563 1982 717 2020 significare
727 1980 890 2018 colligitur,
908 1984 935 2008 ἃ
992 1978 1055 2006 &en
1065 1980 1098 2007 ad
1106 1990 1185 2017 caput
1196 2001 1203 2007 .
1225 1981 1260 2007 In
1270 1980 1388 2018 quodam
1398 1978 1554 2018 pervetusto
1568 1979 1728 2006 Caeremon.
1743 1980 1785 2007 M.

134 2022 202 2058 apud
216 2022 316 2050 Arabes
338 2022 413 2059 panis
431 2021 560 2050 biscotstus
573 2028 699 2051 Baxmas
718 2022 870 2060 appellatur
888 2020 934 2048 ad—

992 2018 1018 2046 S.
1029 2019 1097 2047 Abb.
1107 2020 1219 2049 Rotaldi
1230 2040 1237 2047 .

135 2060 187 2089 liuc
199 2084 206 2094 ‚
218 2072 272 2089 vox
287 2062 399 2100 quidem
411 2072 484 2090 certe
495 2073 527 2091 ex
539 2063 832 2099 Paxamatiocorrupta
843 2073 854 2094 ;
878 2061 933 2089 imo
951 2060 1126 2089 chroimiz
1137 2082 1144 2093 ,
1156 2061 1191 2089 fic
1200 2060 1351 2098 appellatur
1359 2070 1467 2098 gemma
1479 2059 1525 2088 illa
1536 2081 1543 2092 ‚
1554 2069 1612 2098 qua:
1626 2059 1656 2087 in
1668 2058 1787 2087 Pontifi-

134 2102 217 2139 aliqiii
230 2102 312 2130 etiam
324 2113 411 2141 graece
421 2107 557 2131 Pas-imas
568 2124 576 2135 ‚
596 2107 623 2131 ὃ(
635 2108 776 2132 Pas-amas
786 2100 915 2139 scripsere
926 2113 933 2132 ς

137 2152 172 2170 cn
182 2143 336 2179 exemplum
348 2143 446 2181 prioris
462 2143 574 2181 [Rapui
592 2154 677 2171 unum
698 2152 795 2181 panem
814 2142 934 2180 paxima-

135 2192 191 2211 tem
204 2204 211 2215 ‚
223 2184 422 2213 &manducavi
435 2194 495 2212 cuin
504 2184 611 2212 occulte
623 2205 629 2211 .
639 2184 732 2222 Pelag.
742 2183 818 2217 lib.4.
832 2193 858 2210 n.
873 2195 886 2211 2
895 2185 933 2217 5.]

137 2227 179 2252 En
188 2222 299 2251 secundi
312 2230 322 2258 [
335 2226 461 2252 Paxamas
471 2225 547 2262 panis
559 2224 690 2253 biscoeius
702 2246 709 2257 ‚
730 2223 768 2252 est
778 2233 868 2251 autem
878 2233 933 2251 vot,¹

134 2266 271 2293 Romana.
282 2264 383 2292 Suidas.
395 2267 406 2296 ]
419 2266 566 2303 Reperitur
576 2265 660 2293 etiarn
673 2263 932 2294 Paxamadimmita

136 2307 193 2336 Leo
203 2306 273 2343 Imp.
285 2304 315 2332 in
325 2306 387 2333 tati.
398 2316 420 2332 c.
438 2317 479 2333 io.
494 2307 693 2340 [Commeatus
705 2304 855 2344 paxamadii
868 2325 876 2336 ,
887 2313 931 2331 aut

138 2346 201 2384 pisti
216 2366 223 2377 ,
244 2354 288 2374 aut
302 2345 411 2374 alterius
421 2345 578 2383 cujusquam
588 2345 725 2384 expeditae
735 2345 774 2373 rei
784 2344 878 2372 habeas
889 2344 931 2372 vi-

135 2387 211 2425 ginti
220 2408 229 2420 ‚
239 2396 282 2417 aut
292 2387 408 2427 triginta
419 2386 507 2417 libras.
521 2392 533 2422 [
545 2389 602 2418 FR.
611 2385 825 2426 Advenendum
836 2394 928 2413 tamen

991 2100 1042 2127 cali
1062 2099 1248 2129 celebratione
1270 2102 1382 2138 ponitur
1392 2101 1514 2138 pendens
1536 2110 1601 2128 ante
1619 2100 1709 2138 pec‘ius
1720 2099 1784 2136 Epi-

991 2139 1085 2177 scopi,
1106 2141 1144 2169 ita
1153 2151 1182 2170 ut
1193 2141 1302 2170 fibulam
1314 2141 1441 2179 pluvialis
1450 2140 1589 2178 cooperiat
1601 2162 1608 2172 ,
1627 2140 1672 2168 vel
1690 2140 1720 2167 in
1729 2139 1782 2167 fine

993 2191 1125 2219 aperturae
1138 2183 1245 2210 collaris
1260 2181 1363 2210 casulae.
1374 2181 1516 2219 Significat
1527 2180 1668 2218 antiquum
1680 2177 1781 2208 Summi

992 2222 1143 2250 Sacerdotis
1153 2222 1363 2252 rationalcsideo
1375 2223 1458 2250 etiam
1467 2223 1614 2251 Rationale
1625 2221 1655 2248 in
1664 2218 1780 2257 quodam

991 2262 1106 2300 antiquo
1117 2265 1155 2291 M.
1167 2264 1191 2292 S.
1201 2263 1399 2291 Caeremoniali
1407 2262 1558 2300 appellatur
1567 2281 1574 2289 .
1592 2264 1626 2288 Et
1645 2259 1674 2286 in
1685 2259 1781 2287 Caere-

991 2303 1107 2331 moniali
1120 2303 1317 2342 Episcoporum
1329 2303 1503 2332 Formali'um
1513 2299 1707 2329 denominatur
1717 2318 1724 2330 ‚
1748 2307 1778 2326 iit

989 2344 1091 2371 ditium
1103 2344 1140 2372 est
1151 2343 1199 2371 suo
1209 2345 1272 2372 loco
1281 2364 1288 2371 .
1310 2344 1408 2372 Italice
1420 2343 1502 2371 etiam
1513 2339 1636 2369 Fermale
1649 2359 1655 2370 ‚
1678 2341 1705 2366 ὃ(
1716 2343 1779 2365 Fer·

989 2385 1087 2422 maglto
1102 2384 1203 2416 dicitur
1217 2405 1223 2413 .
1244 2386 1319 2415 Item
1327 2382 1474 2423 aliquando
1483 2379 1617 2411 pestorale
1634 2377 1779 2407 scabellum

1692 2427 1740 2456 3⁶³.-

1449 2483 1457 2496 Q
