1866 2526
493 25 590 70 ST

141 92 268 134 quae‘alba
277 89 316 120 est
325 110 334 123 ‚
351 84 509 119 divinitatis
519 81 696 123 splendorem
707 78 813 110 indicat
824 102 831 125 3
851 82 876 107 ἃ
889 79 931 108 Ξει-

141 133 258 164 cerdotis
265 126 436 170 splendidam
453 122 733 167 conversationem-J
755 120 844 150 Addit
858 118 932 164 insu-

143 171 296 214 per-citatus
306 166 550 200 Thessalonicensis
561 187 568 198 ‚
580 163 745 206 sticharium,
756 159 803 206 seu
815 170 934 190 tunicam

143 212 328 253 Episcopalem
338 208 428 238 sericis
438 207 523 237 rubris
541 203 658 242 albisque
669 200 753 247 fasciis
762 201 934 247 st'lrgffuidam

141 253 192 284 elle
201 275 210 287 ‚
220 263 279 292 quae
291 250 403 280 flumina
417 249 591 288 appellantur
603 244 769 273 insinuatis-e
781 264 789 276 ‚
807 242 932 286 scilicet,

141 293 294 324 adProelati
315 291 488 320 doRrinann
509 288 542 316 fic
553 286 630 314 enim
648 285 696 313 ille
705 284 759 313 air:
784 281 933 328 [Episcopi

142 333 302 363 sticharium
313 330 428 369 desuper
437 326 632 359 descendentia
646 324 728 370 habet·
736 325 849 369 flumina
860 344 868 352 .
890 323 934 352 Est

140 374 215 404 enim
227 374 387 403 undulatuiii
398 392 406 404 ‚
425 375 451 400 &
461 370 575 410 gratiam
584 365 703 395 docendi
723 376 752 393 in
765 363 824 410 ipso
834 373 933 403 reprae-

139 414 230 444 seiitat
242 435 248 442 .
261 416 273 445 ]
293 415 374 452 Juxta
384 422 472 440 tamen
481 411 599 439 aliorum
610 406 876 449 contemplationem
887 404 934 433 de-

140 465 220 484 notat
232 454 393 492 sanguinem
404 474 412 485 ‚
422 456 450 481 δε
460 459 555 490 aquam
566 448 600 476 de
612 448 696 476 latere
706 445 813 489 Christi
825 455 933 474 emana-

139 505 195 525 tam
208 517 215 528 ,
228 495 302 534 quod
312 493 396 532 magis
408 502 468 521 cum
479 491 560 520 rubro
569 510 578 522 ‚
598 489 711 525 alboque
722 486 859 530 coloribus
868 496 933 514 con-

142 537 216 576 gruit
227 547 232 563 :
249 541 260 571 [
275 533 402 573 Episcopi
413 533 503 561 ferunt
515 531 545 558 in
555 527 914 571 tunicis-fluvios-coccineos
925 547 933 559 ‚

141 581 168 606 «St
180 577 261 609 albos,
271 576 333 614 quia
342 575 425 603 fluxit
436 584 450 601 e
461 574 545 601 latere
555 568 663 599 Christi
675 566 782 605 linguis
791 588 799 599 ‚
810 570 836 595 δε
848 577 914 605 :iqua
927 577 932 594 :

1301 20 1328 61 S
1361 20 1401 62 T
1657 19 1738 76 633‘

988 75 1086 117 genuis
1094 75 1122 106 se
1132 76 1269 107 ostentare
1280 98 1287 105 .
1300 75 1465 113 Huiusmodi
1475 80 1554 106 erant
1565 75 1649 107 etiam
1660 80 1790 117 aquarum

989 117 1112 148 custodes
1123 137 1130 144 .
1152 123 1164 153 [
1176 121 1210 147 Et
1219 117 1342 146 custodes
1352 126 1480 156 aquarum
1491 138 1499 149 ,
1519 122 1531 151 (
1543 128 1610 156 quos
1621 117 1788 157 liydrophy-

990 159 1059 188 lacus
1069 158 1216 187 nominant
1226 179 1236 192 ,
1247 162 1329 196 )quae
1341 157 1381 186 eis
1395 156 1473 195 infigi
1482 155 1552 185 solet
1562 158 1743 188 annotatione
1754 158 1788 188 si-

989 199 1086 240 gnati,
1095 198 1232 228 manifesti
1243 197 1306 228 sunt
1315 198 1441 227 omnibus
1452 220 1460 232 ‚
1479 201 1506 226 ὃ(
1518 199 1690 236 angariarum
1701 199 1790 227 nomi-

992 251 1027 269 ne
1039 249 1096 268 non
1107 249 1238 269 tenentur
1248 261 1256 273 ,
1269 240 1296 268 d.
1306 249 1361 277 cap.
1370 239 1453 275 judex
1464 241 1495 270 .]
1517 238 1562 266 De
1574 238 1668 276 quibus
1681 238 1789 277 stigma-

990 281 1062 310 tibus
1073 279 1238 319 fitexpress‘e
1249 280 1354 309 mentio
1364 301 1371 312 ‚
1396 280 1425 307 iii
1435 281 1471 309 C.
1485 279 1519 307 de
1531 277 1594 322 fabr.
1614 278 1632 306 l.
1645 279 1770 316 stigmata
1780 301 1789 314 ‚

989 322 1038 351 lib.
1050 331 1092 349 ii·
1118 321 1175 355 Qui
1195 329 1287 350 tamen
1306 320 1338 349 in
1354 320 1469 349 brachiis
1487 328 1600 348 nomine
1612 320 1791 357 Imperatoris

990 362 1245 401 stigmatizabantur
1258 361 1332 390 Cod.
1344 361 1378 390 de
1390 371 1466 399 poen.
1476 360 1495 388 l.
1505 360 1524 388 si
1536 359 1596 397 quis
1608 359 1635 387 in
1647 360 1789 388 metallum

991 403 1065 432 Vide
1083 414 1143 443 qnae
1154 401 1274 431 diximus
1287 403 1317 431 in
1327 401 1391 430 dist.
1403 403 1594 430 Damnaticus
1604 419 1612 427 .
1635 400 1699 435 Quo
1709 400 1788 439 signo

990 443 1072 472 etiarn
1083 444 1201 473 aliorum
1210 442 1358 472 criminum
1378 442 1417 471 rei
1429 440 1602 480 signabantur
1612 460 1621 472 ,
1643 443 1671 468 δι
1683 440 1790 470 Clerici

989 484 1112 522 graviter
1120 484 1312 522 delinquentes
1330 483 1414 512 etiarn
1431 483 1522 521 aliquo
1541 479 1676 508 consimili
1696 479 1790 521 chem!

989 525 1063 553 &ere
1075 525 1248 564 signabantur
1257 547 1265 558 ‚
1275 534 1332 563 cap.
1341 524 1375 553 ad
1384 522 1553 553 audientiam
1562 541 1571 554 ‚
1584 519 1618 548 de
1629 521 1706 549 crim.
1718 520 1788 553 falfi.

992 565 1065 593 Vide
1077 571 1150 594 Nota
1159 587 1166 593 .
1176 570 1295 594 Notatus
1307 585 1315 593 .

141 619 279 655 Gregoras
292 639 298 650 ,
315 615 332 644 l.
349 621 376 644 6.
386 624 409 642 c.
424 624 446 641 i.
461 615 472 644 ]
485 611 582 640 Eadem
592 608 706 637 flumina
716 607 844 650 Episcopi
854 609 934 651 Gijae—
950 605 1117 635 STIMULATI
1129 626 1136 633 .
1159 605 1234 650 Vide
1252 604 1418 650 Majorenses
1431 625 1438 632 .
1512 646 1518 652 ι

140 657 167 685 ci
187 657 275 686 ferunt
287 657 316 684 in
334 664 427 683 manto
437 675 445 687 ,
462 651 509 680 sed
519 647 634 679 diversa:
655 648 750 677 formae
759 669 767 680 ‚
789 657 818 676 ut
828 658 857 675 in
868 648 934 676 dict.
949 647 1050 675 Sum-:s
1062 666 1068 673 .
1083 648 1139 675 FR.
1151 645 1327 684 stipendium,
1337 656 1470 684 accipitur
1481 657 1564 678 etiam
1574 661 1625 689 pro
1633 649 1787 688 eleemosy-

140 698 278 732 Mandra,
298 695 400 724 distuni
413 692 463 722 fuit
473 712 481 720 .
503 689 665 721 Notandum
677 698 768 717 tamen
786 687 823 717 est
835 699 867 732 ex
879 690 934 717 De-

139 737 240 765 metrio
248 735 425 765 Chomateno
433 756 442 767 ‚
451 731 526 771 quod
537 729 713 773 Episcopi’.3.‘
722 729 844 758 Diaconi
854 731 934 758 Ginn-

140 786 233 805 corum
250 776 280 804 in
292 772 515 814 quadragesimali
528 794 535 805 ,
557 775 584 800 &
595 770 734 814 moestitiae
752 779 876 813 tempore
888 770 933 814 de-

138 816 204 844 bent
213 815 317 845 deferre
333 814 490 844 sticharium
499 812 599 841 coloris
612 811 702 843 rubri,
721 820 782 848 quia
792 811 872 838 color
888 809 933 838 hic

137 856 208 894 apud
216 867 262 885 eos
273 855 311 884 est
321 856 448 884 moeroris
458 855 565 893 signum
574 863 583 883 5
603 852 670 880 sicut
680 850 760 878 ctiam
769 852 835 889 Papa
844 849 934 879 obser-

139 906 186 925 vat
197 918 205 930 ‚
223 897 270 935 qui
282 906 405 935 ternpore
417 895 562 924 Adventus
575 914 581 926 ,
602 896 630 921 ὅ(
639 890 860 935 Quadragesimae
881 891 933 919 fert

136 947 249 975 cappam
258 959 266 970 ‚
278 938 322 965 vel
335 936 455 974 pluviale
468 934 575 963 rubrum
587 933 618 961 in
627 932 760 970 Cappella
770 953 777 960 .
797 931 869 960 Vide
881 933 934 961 Al-

137 978 189 1006 ba.
200 978 256 1007 PR.
268 979 303 1006 In
312 975 437 1014 Liturgia
449 976 474 1003 S.
486 976 530 1012 Jo.
541 972 688 1009 Chrysost.
711 971 844 1010 ςοιχοὶριον
852 971 933 1000 habe-

140 1026 184 1045 tur
194 1039 203 1051 ,
221 1021 248 1046 δι
258 1018 421 1045 stoechomn
432 1037 439 1049 ‚
459 1019 486 1044 ὅ(
496 1015 644 1044 Stoechorm
654 1011 749 1040 scribit
761 1032 768 1039 .
787 1013 825 1040 D.
837 1012 932 1041 Philo-

139 1057 217 1086 theus
228 1057 257 1086 in
268 1056 439 1086 Bibliotheca
449 1058 560 1084 Pati-um
569 1052 702 1083 editionis
713 1052 876 1082 parisien-de
886 1064 932 1082 an-

989 696 1022 713 na
1033 692 1063 721 .[
1077 688 1139 715 Hoc
1149 697 1232 715 omne
1241 697 1409 725 praeceprum
1428 688 1462 716 de
1473 686 1513 717 his
1535 691 1573 719 est
1584 691 1683 720 Viduis
1693 714 1703 726 ,
1725 702 1786 731 quae

989 726 1113 755 Ecclesiae
1125 725 1269 765 pascuntur
1277 727 1462 763 eleemosynis
1474 738 1480 755 :
1492 732 1518 759 &
1532 730 1636 760 idcirco
1647 742 1710 761 aetas
1720 742 1789 771 prx-

988 765 1114 796 scribitur
1124 789 1132 800 ‚
1156 777 1185 796 ut
1198 768 1251 796 iiiae
1263 777 1369 796 tantum
1381 767 1514 806 accipiant
1534 780 1684 809 pauperum
1694 774 1766 803 cibos
1777 794 1787 807 ,

989 817 1049 846 quae
1060 810 1114 842 jam
1125 809 1245 837 laborare
1254 819 1314 836 non
1325 809 1433 847 poliunt
1443 829 1450 836 .
1471 810 1612 850 Simulque
1621 813 1764 842 considera
1777 836 1786 848 ‚

988 847 1063 886 quod
1077 859 1137 887 quae
1149 849 1216 877 duos
1226 848 1318 877 habuit
1331 850 1403 878 viros
1413 871 1422 883 ,
1432 850 1515 878 etiam
1527 851 1546 880 fi
1561 862 1624 881 anus
1635 853 1672 881 est
1682 874 1691 886 ‚
1701 857 1729 882 &
1739 854 1787 882 de-

987 888 1091 926 crepita
1102 910 1111 923 ,
1130 893 1157 918 &
1168 900 1250 928 egens
1259 911 1267 922 ,
1289 891 1413 920 Ecclesiae
1427 891 1505 930 stipes
1516 902 1572 920 non
1586 902 1706 922 meretur
1719 895 1788 922 acci-

988 938 1052 968 pere
1063 939 1071 958 5
1084 930 1103 959 si
1114 940 1204 958 autem
1214 929 1289 968 panis
1299 930 1352 959 illis
1362 931 1473 961 tollitur
1482 931 1667 968 elcemosynae
1677 955 1685 967 ‚
1697 945 1787 974 quan-

987 978 1018 997 to
1029 970 1114 1009 magis
1126 971 1173 999 ille
1183 971 1271 1010 prinis,
1282 970 1328 1009 quii
1337 972 1370 1000 de
1381 974 1467 1002 Coelo
1477 971 1632 1003 descendit?
1644 976 1785 1010 can.Quo-

989 1010 1072 1038 modo
1083 1010 1246 1049 Virginibus
1255 1032 1263 1044 ‚
1274 1022 1286 1049 3
1299 1022 1321 1040 i.
1333 1023 1360 1051 q.
1376 1024 1398 1041 i.
1410 1017 1467 1043 Aut
1478 1013 1509 1041 in
1518 1015 1616 1052 templi
1629 1014 1712 1053 stipes
1722 1037 1730 1049 ‚
1740 1025 1784 1045 :itit

989 1051 1018 1078 in
1029 1049 1171 1079 sordidum
1180 1052 1320 1080 convertit
1331 1053 1446 1088 lucrum,
1459 1064 1518 1083 can.
1531 1054 1632 1092 legant.
1643 1055 1704 1086 dist.
1716 1067 1762 1095 37.

139 1108 178 1126 no
195 1102 277 1133 1589.
289 1107 356 1126 tom.
368 1104 394 1126 6.
414 1097 512 1125 colum.
527 1105 594 1130 245.
612 1094 656 1122 ubi
665 1093 699 1121 sic
711 1092 824 1121 liabetur
839 1105 844 1121 :
861 1096 931 1129 [Be.
948 1093 1038 1120 Sripo
1050 1113 1058 1124 ‚
1082 1092 1180 1120 obturo
1191 1114 1197 1120 .
1222 1093 1295 1121 Vide
1316 1094 1473 1131 subcisivus
1484 1115 1492 1123 .

139 1137 222 1166 „edic
232 1160 239 1171 ,
251 1138 376 1166 Domine
385 1160 392 1171 ,
406 1135 573 1166 stoechorion
583 1138 639 1170 ejus
650 1155 656 1161 .
678 1133 821 1162 Diaconus
831 1135 932 1163 accedit
948 1133 1030 1161 STli’s
1044 1154 1052 1165 ,
1065 1131 1144 1177 sirpor
1156 1133 1215 1161 vini
1224 1132 1309 1171 asperi
1321 1155 1329 1166 ,
1340 1137 1367 1163 δε
1377 1136 1461 1163 acerbi
1473 1157 1479 1163 .

137 1179 171 1207 :id
184 1178 355 1207 Sacerdotem
365 1199 373 1211 ‚
383 1182 410 1206 ὃ(
420 1177 489 1205 dicit
501 1176 612 1205 benedic
622 1174 744 1203 Domine
755 1174 930 1203 stoechoriam

137 1229 197 1248 cum
209 1218 337 1247 horario.
349 1222 361 1250 ]
386 1216 504 1247 Fortasle
513 1228 527 1245 :i
538 1217 622 1245 verbo
633 1212 764 1252 Σνεγοὶζω
774 1236 782 1247 ,
796 1215 851 1244 sive
861 1215 905 1245 Στ
912 1214 930 1245 ε’-

137 1271 193 1296 70,
206 1269 265 1298 quae
277 1269 386 1297 tegere,
399 1262 426 1287 δε
437 1258 578 1296 cooperire
587 1254 741 1294 significant
750 1277 759 1290 ‚
779 1255 852 1286 unde
862 1252 932 1287 Σῑέ-

136 1311 186 1336 704·
193 1301 292 1328 teftum
305 1319 312 1326 .

96 1339 210 1368 sricm
222 1361 230 1373 ,
241 1337 338 1376 ςίγμα
348 1360 356 1369 .
378 1341 434 1368 FR.
445 1337 584 1378 impressio
596 1358 604 1370 ,
615 1337 721 1376 signum
731 1358 738 1366 .
759 1339 855 1373 [Nam
866 1337 933 1377 legi-

137 1389 182 1407 tui·
190 1401 199 1413 ‚
210 1380 283 1418 quod
294 1380 382 1410 Mari:
391 1379 468 1408 soror
479 1383 572 1409 Aaron
582 1377 759 1416 pi‘ophetissin
770 1379 834 1407 dum
846 1379 934 1407 detra.

135 1420 235 1448 {tionis
252 1419 379 1449 adversus
390 1419 509 1454 Moysen
522 1417 674 1448 incui‘rislet
686 1419 816 1448 delictum
829 1430 835 1446 :
857 1419 934 1449 illico

135 1459 262 1498 stigmate
272 1461 353 1498 lepra:
365 1458 481 1498 percusti
491 1460 529 1488 est
540 1481 547 1491 ,
559 1470 617 1487 can.
630 1459 682 1488 hoc
692 1458 779 1497 ipsum
789 1481 798 1493 ‚
810 1470 933 1497 33.qii.2.

137 1499 244 1535 Justuni
255 1500 294 1527 est
304 1501 378 1528 enim
391 1521 399 1532 ,
409 1510 439 1528 ut
451 1499 506 1537 ipse
517 1500 578 1528 talis
589 1521 596 1532 ,
607 1510 687 1537 quern
698 1499 784 1539 gestat
795 1510 828 1527 ex
839 1498 933 1544 hgbitu

137 1542 151 1570 (
162 1538 301 1577 quousque
310 1549 435 1578 appireat
444 1540 540 1572 aliud)
560 1539 734 1577 praesuuiatur
744 1561 752 1573 ‚
766 1540 850 1578 qualis
863 1550 883 1568 is
893 1540 932 1569 es—

137 1576 165 1606 se
177 1600 185 1612 ‚
204 1582 277 1615 cujus
298 1579 348 1608 ferr
360 1580 480 1608 habitum
491 1601 498 1612 ‚
519 1581 712 1618 comprobatur
720 1600 728 1607 .
749 1584 789 1609 Ex
808 1580 932 1620 stigmate

134 1629 252 1658 namque
262 1619 394 1648 consueto
404 1620 588 1650 fabricensibus
599 1620 847 1658 impi-imi‚latitans
857 1621 931 1650 fabri.

136 1660 223 1688 censis
233 1659 390 1698 :ignoscitur
398 1682 406 1694 ‚
419 1672 442 1689 c.
453 1661 470 1689 s'i
478 1661 559 1696 judex
571 1683 579 1694 ‚
588 1661 622 1689 de
632 1660 752 1691 sentent.
761 1673 869 1692 excom.
880 1667 931 1691 &a

136 1698 168 1728 in
177 1698 255 1728 sexto
265 1703 295 1732 .]
320 1701 483 1730 Fabricenlis
494 1721 502 1733 ,
523 1702 631 1730 Ludov.
643 1703 676 1730 de
689 1704 712 1731 la
724 1704 816 1732 Cerda
827 1725 835 1737 ‚
854 1712 930 1742 putat

137 1750 201 1768 eum
210 1741 286 1774 dici,
306 1742 352 1780 qui
363 1742 392 1769 in
404 1740 517 1780 publicis
529 1741 633 1770 fabricis
654 1743 750 1771 bellica
769 1754 841 1772 arma
852 1744 930 1772 fabri-

137 1790 179 1808 cat
188 1800 195 1807 .
215 1781 268 1809 Sed
279 1792 312 1810 ex
323 1781 478 1820 supradifto
496 1791 518 1808 c.
529 1781 548 1810 si
559 1782 648 1820 Jiidex
658 1804 669 1821 ,
687 1785 821 1822 mancipia
840 1783 930 1820 hujus-

135 1820 213 1848 modi
224 1820 382 1850 fabric-enses
403 1821 478 1851 fuisse
488 1821 649 1860 colligitur,
665 1835 727 1852 nain
739 1834 802 1853 :inte
820 1835 929 1862 compri-

137 1861 273 1889 rationem
283 1862 442 1901 praesumpti
452 1862 544 1890 clerici
555 1883 563 1894 ,
584 1873 616 1891 ex
626 1862 718 1894 habitu
729 1865 844 1894 indicati
854 1887 861 1898 ‚
872 1864 929 1894 sub-

135 1901 230 1940 jungit
247 1902 284 1930 ibi
305 1911 395 1931 textus
406 1925 414 1936 ,
432 1902 503 1931 hanc
523 1902 734 1934 similitudinem
754 1906 788 1934 de
808 1906 929 1944 ingenuo

132 1940 323 1980 fflraesumpzo,
333 1943 476 1982 inquiens:
499 1943 596 1978 [Sicut
606 1945 640 1973 de
651 1945 702 1974 illo
712 1967 720 1979 ,
734 1947 782 1984 qui
794 1946 822 1974 in
832 1945 929 1984 posses-

135 1981 212 2011 sione
224 1982 404 2020 ingenuitatis
413 1983 515 2012 existit:
526 1983 545 2012 si
554 1984 660 2014 dicatur
670 1987 700 2015 ab
711 1987 765 2015 :ilio
776 1986 927 2020 libertinus,

136 2022 232 2060 legalis
242 2021 333 2052 sanxit
346 2024 498 2057 austeritas,
509 2033 539 2052 ut
550 2026 681 2063 probandi
692 2025 858 2061 necessitate,
871 2038 926 2056 non

136 2062 195 2100 ipse
204 2084 212 2095 ‚
224 2061 270 2091 scd
280 2063 446 2094 adversarius
455 2064 646 2104 adstringatur.
658 2069 670 2098 ]
682 2068 749 2104 Qiiae
760 2069 803 2096 lex
815 2067 927 2097 liabetur

135 2103 165 2131 in
177 2103 251 2132 cod.
264 2104 298 2132 de
307 2104 397 2134 libert.
406 2115 462 2134 cau.
474 2105 493 2133 l.
504 2113 533 2132 ea
546 2126 555 2139 ,
565 2117 625 2145 quae
645 2106 673 2137 ff.
682 2108 715 2136 de
728 2108 831 2136 libertis
841 2129 850 2141 ‚
871 2109 897 2140 §.
908 2110 927 2138 si

134 2146 161 2173 ὅ(
175 2144 192 2171 l.
203 2154 263 2172 cum
274 2144 412 2174 necessitas
421 2168 429 2180 ,
443 2144 470 2174 ff.
480 2145 515 2174 de
523 2148 628 2185 probat.
638 2147 656 2176 l.
666 2149 742 2176 circa.
753 2148 843 2186 Igitur
854 2159 927 2178 man-

135 2184 205 2223 cipia
219 2206 226 2217 ,
236 2183 281 2213 seu
292 2183 364 2214 servi
374 2187 409 2215 ob
419 2185 548 2216 timorem
561 2187 630 2226 fugae
644 2210 652 2221 ,
674 2197 704 2218 ut
722 2189 752 2216 in
762 2199 795 2217 eo
806 2187 866 2218 casii
878 2200 928 2228 pro

135 2225 228 2253 talibus
241 2225 472 2264 cognoscerentur
482 2250 490 2261 ,
501 2228 668 2267 stigmatibus
679 2229 852 2268 signabantur
862 2251 870 2263 ,
882 2230 928 2269 qui

134 2266 200 2293 licet
211 2266 365 2296 libertatem
376 2267 466 2306 postea
475 2268 704 2307 consequerentur
713 2269 858 2308 aliquando
868 2282 877 2302 5
889 2271 930 2299 ni-

134 2305 287 2335 hilominus
298 2318 330 2336 ex
341 2307 510 2347 stigmatibus
532 2308 720 2338 indelebilibus
737 2319 788 2348 pro
806 2310 911 2339 libertis
922 2332 930 2343 ,

129 2350 157 2376 ὃς
170 2346 305 2377 libertinis
317 2347 544 2389 dignoscebantur
554 2361 564 2383 5
585 2351 623 2380 ita
633 2360 663 2380 ut
673 2351 818 2390 nequibant
827 2361 879 2390 pro
890 2351 931 2380 in-

357 2472 364 2485 ἱ

1503 1139 1726 1174 [Palmatianum
1737 1147 1786 1165 no·

986 1172 1104 1201 minavit
1113 1173 1259 1211 antiquitas
1269 1195 1277 1207 ‚
1297 1185 1345 1202 nos
1364 1175 1436 1213 stipsi
1448 1174 1570 1218 asperum
1580 1191 1588 1210 ς
1612 1179 1659 1209 sed
1676 1186 1787 1218 gratum

988 1211 1121 1242 suavitate
1133 1214 1260 1252 perquire
1269 1235 1276 1242 .
1288 1213 1410 1244 Cassiod.
1420 1227 1478 1255 cap.
1487 1231 1516 1256 9.
1529 1223 1541 1252 ]
1558 1220 1630 1250 Vide
1639 1220 1788 1250 Palmati-u

989 1265 1019 1282 ca
1031 1273 1038 1281 .
1050 1256 1106 1283 FR.
1115 1254 1198 1291 stipst
1207 1266 1263 1284 non
1273 1257 1422 1285 concordat
1434 1268 1494 1288 cum
1504 1260 1630 1289 dic'tioue
1640 1260 1765 1300 asperum
1775 1270 1781 1286 :

988 1304 1051 1322 nam
1063 1293 1131 1322 illud
1140 1295 1177 1323 est
1189 1296 1339 1326 ablativum
1348 1320 1356 1332 ‚
1369 1302 1396 1326 &
1405 1298 1459 1328 hoc
1468 1301 1650 1330 accusativum
1659 1322 1667 1328 .
1682 1303 1783 1339 Itaque

988 1337 1245 1374 pi‘aeterquaniquod
1256 1338 1330 1366 locus
1340 1337 1497 1369 Caffiodori
1519 1341 1650 1371 mendose
1667 1342 1765 1370 citatur
1775 1361 1783 1374 ,

989 1376 1070 1404 etiam
1081 1377 1203 1405 nominis
1212 1378 1360 1408 declinatio
1373 1391 1486 1410 erronea
1496 1382 1534 1410 cst
1544 1404 1552 1416 ,
1577 1393 1639 1411 nam
1649 1385 1734 1420 stipis
1745 1380 1783 1410 est

990 1419 1045 1451 ejus
1055 1417 1240 1447 nominativus
1251 1430 1257 1450 i
1269 1419 1302 1448 sic
1313 1421 1384 1449 reste
1395 1420 1474 1450 habet
1486 1423 1559 1451 idem
1569 1423 1745 1452 Cassiodorus
1754 1421 1785 1449 in

988 1460 1044 1492 ejus
1055 1458 1167 1485 tristani
1180 1459 1322 1493 variarum,
1333 1461 1380 1488 lib.
1396 1472 1404 1488 ι
1413 1473 1438 1489 ι..
1450 1463 1527 1500 epist.
1541 1475 1566 1498 4.
1581 1463 1680 1501 [Stipis
1692 1461 1785 1491 nescio

988 1507 1040 1535 qua
1050 1497 1181 1527 firmitate
1192 1501 1350 1529 roborarur:
1363 1502 1444 1530 [aftus
1455 1505 1511 1538 ejus
1523 1503 1657 1532 densitate
1667 1503 1784 1541 pingue-

989 1537 1040 1566 scit
1050 1559 1058 1571 ,
1069 1549 1098 1566 ut
1108 1539 1180 1567 dicas
1192 1539 1242 1568 esse
1251 1551 1295 1569 aut
1305 1552 1431 1571 carneum
1441 1544 1588 1582 liquorem,
1599 1553 1643 1572 aut
1654 1544 1784 1572 edibilem

986 1579 1131 1617 potionem
1142 1600 1148 1607 .
1161 1581 1238 1610 Libet
1249 1581 1350 1610 referre
1362 1603 1370 1615 ‚
1388 1594 1466 1622 quam
1478 1584 1618 1622 singularis
1630 1582 1680 1612 effe
1692 1583 1784 1612 videti-

990 1629 1034 1647 tur
1044 1623 1098 1656 ejus
1109 1621 1237 1650 collesftio
1249 1643 1256 1649 .
1268 1625 1413 1653 Autumno
1422 1625 1489 1652 lefta
1500 1625 1533 1652 de
1545 1624 1633 1652 vincis
1644 1624 1673 1652 in
1684 1633 1783 1662 pergu-

988 1661 1021 1688 lis
1031 1660 1186 1690 domesticis
1197 1669 1246 1691 uvii
1256 1662 1382 1702 resupina
1402 1663 1578 1703 suspenditur
1588 1686 1595 1698 ,
1616 1663 1740 1692 servatur
1752 1663 1783 1692 in

988 1701 1056 1729 vasis
1066 1700 1129 1734 silis,
1140 1701 1226 1731 thecis
1235 1705 1400 1733 naturalibus
1409 1706 1568 1734 custoditur.
1579 1704 1714 1743 Rigescit‚
1725 1714 1783 1732 non

988 1741 1114 1780 liquescit
1133 1753 1165 1770 ex
1177 1743 1254 1772 senio
1264 1766 1272 1778 ‚
1296 1754 1360 1773 tunc
1385 1746 1469 1774 fatuos
1491 1745 1618 1774 humores
1631 1744 1762 1774 exsudans
1772 1765 1783 1778 ,

986 1792 1086 1821 magna
1096 1781 1227 1813 suavitate
1237 1784 1369 1814 dulcescit
1379 1807 1385 1814 .
1405 1786 1535 1816 Trahitur
1551 1786 1584 1815 :id
1594 1785 1714 1814 mensem
1724 1785 1783 1814 Dc-

985 1824 1120 1852 cenibrem
1130 1846 1138 1857 ,
1147 1825 1234 1854 donec
1245 1827 1347 1854 fluxum
1357 1829 1411 1863 ejus
1422 1827 1530 1862 hyemis
1541 1837 1646 1865 tempus
1656 1826 1761 1864 aperiat
1770 1846 1782 1859 ‚

987 1864 1112 1902 miroque
1125 1866 1208 1894 modo
1219 1866 1317 1904 incipit
1328 1866 1377 1896 elle
1387 1877 1500 1901 novum,
1512 1868 1623 1906 quando
1632 1866 1710 1895 cellis
1720 1876 1782 1895 om-

984 1904 1061 1933 nibus
1073 1906 1209 1943 reperitur
1217 1906 1370 1944 antiquum.
1383 1908 1519 1942 Hycmale
1529 1907 1655 1940 mustum,
1666 1916 1781 1936 uvarum

984 1944 1100 1984 frigidus
1108 1944 1226 1985 sanguis,
1238 1947 1267 1975 in
1281 1948 1372 1985 rigore
1383 1948 1662 1981 vindemia,cruentus
1675 1948 1778 1986 liquor,

985 1995 1103 2024 purpura
1114 1987 1241 2024 potabilis
1252 2008 1260 2020 ‚
1272 1988 1394 2016 violeum
1407 1989 1510 2017 nestar:
1523 1988 1650 2018 defervet
1661 1989 1781 2027 primum

985 2037 1017 2054 in
1028 2026 1136 2065 origine
1147 2026 1200 2060 suri,
1210 2032 1237 2056 &
1247 2038 1306 2056 cum
1320 2029 1439 2066 potuerit
1447 2028 1611 2062 adolescere,
1622 2038 1781 2067 perpetuam

983 2067 1085 2105 incipit
1095 2067 1193 2096 habere
1204 2068 1368 2102 novitatem,
1382 2080 1438 2098 non
1448 2070 1562 2099 calcibus
1573 2068 1705 2106 injuriose
1715 2079 1779 2098 tun-

983 2107 1075 2140 ditur,
1087 2118 1135 2136 nec
1145 2109 1232 2147 aliqua
1240 2107 1383 2138 sordidum
1394 2110 1568 2139 admixtione
1578 2109 1712 2139 fuscatur:
1732 2109 1780 2139 sed

983 2149 1212 2186 quemadmodum
1223 2149 1300 2178 decet
1310 2150 1441 2179 nobilitas
1453 2160 1526 2180 tanta
1537 2160 1721 2190 provocatum
1732 2151 1779 2178 de.-

984 2187 1045 2217 fluit
1058 2210 1067 2222 ,
1078 2189 1141 2218 dum
1152 2201 1217 2229 aqua
1227 2190 1347 2219 durescit
1359 2201 1368 2223 5
1381 2190 1506 2220 foecunda
1515 2192 1554 2220 est
1564 2213 1572 2225 ‚
1582 2201 1644 2220 cum
1652 2191 1778 2220 omnibus

985 2240 1111 2268 agrorum
1126 2230 1222 2259 fructus
1232 2229 1347 2259 obsedit.
1360 2232 1485 2261 Distillat
1495 2232 1611 2271 gemmis
1624 2240 1780 2268 comparem

984 2271 1120 2308 liquorem
1133 2293 1139 2299 .
1149 2271 1305 2309 Jucundum
1317 2270 1408 2301 nescio
1417 2273 1485 2311 quid
1497 2273 1660 2306 illacrymat:
1671 2275 1699 2300 ὅ(
1709 2281 1781 2309 prae-

986 2320 1028 2338 ter
1038 2311 1112 2349 quod
1122 2315 1176 2348 ejus
1186 2311 1302 2340 delectat
1311 2312 1427 2342 dulcedo
1437 2334 1446 2346 ,
1467 2313 1498 2341 in
1515 2310 1620 2350 aspectu
1639 2312 1783 2351 singularis

987 2351 1025 2381 est
1035 2361 1090 2388 cius
1099 2351 1357 2391 pulchritudo-Hoc
1366 2353 1511 2393 quitocius
1523 2354 1590 2388 (alii
1602 2363 1688 2391 quam
1706 2363 1783 2421 «ἐι-γυ

1722 2404 1749 2423 e-
