1866 2526
454 20 566 64 CA

105 82 145 111 est
155 103 164 116 ‚
186 82 331 111 Praelatum
340 78 468 110 meminit
488 89 658 118 peccatorem
677 78 727 109 efl‘e
737 100 744 108 .
766 79 803 108 D.
818 81 903 117 Aug.·

104 132 195 152 contr.
205 121 378 152 mendacium
386 143 395 155 ,
417 130 480 159 cap.
492 131 536 149 io.
546 119 591 149 seu
600 130 631 149 ut
641 120 762 160 Origeni
783 119 871 158 placet
882 139 890 151 ‚

104 163 139 192 ob
149 162 246 192 mhi-iis
257 162 419 191 memoriam
429 181 439 189 .
447 161 515 190 Pisis
524 162 663 191 Canonici
675 172 710 190 ex
721 161 894 189 immemora-

104 203 153 232 bili
162 203 315 242 privilegio
323 212 435 241 cappam
442 201 548 230 rubeam
561 202 590 230 in
601 201 729 237 hyberno
749 210 872 239 tempore
885 219 892 232 ‚

103 247 132 272 δι
145 243 269 280 ejusdem
277 243 380 272 coloris
390 251 545 271 mozettam
552 241 630 281 supra
639 242 797 272 rochettum
816 242 849 270 in
856 242 900 284 23¹

101 283 169 313 stare
179 284 317 317 deferunt,
328 283 403 322 quod
413 283 593 322 privilegium
602 293 616 311 a
627 284 679 312 Pio
688 285 741 312 IV.
753 288 886 317 :in-1560.

101 325 158 353 illis
177 324 371 354 confirmatum
390 323 441 352 suit
451 344 458 355 ‚
482 324 550 352 code
556 333 638 362 nique
661 324 813 362 privilegio
822 303 900 366 gau-i

101 365 171 394 dent
180 366 262 394 etiam
274 365 376 404 viginti
388 363 600 393 Mediolanensis
609 365 785 393 Cathedralis
795 363 897 404 Cano-⁴

101 407 178 438 nici,
199 406 364 434 Cardinales
381 404 511 443 appellati
527 425 534 432 .
557 405 683 442 Capuani
700 402 839 434 Canonici
858 403 889 430 in

100 446 234 485 aliquibus
253 445 472 475 solemnitatibus
488 446 572 473 ctiam
591 445 680 473 rubras
698 453 791 482 cappas
813 439 896 486 desc-4¹

99 497 185 516 runt.
205 487 472 526 Antiquitustamen
488 486 698 514 canonicorum
715 485 810 522 Cappa
830 491 887 510 crat

100 527 174 566 nigri
183 528 284 557 coloris
293 527 326 555 ad
339 527 421 556 instar
432 525 639 565 Religiosorum
647 546 656 558 ,
677 535 711 553 ex
723 534 797 562 parte
808 532 884 551 ante-

100 567 169 596 riori
178 579 268 607 apert:
277 590 285 602 ‚
308 571 335 596 δε
355 568 433 596 unita
451 575 559 595 tantum
573 565 687 594 inferius
697 587 706 598 ,
728 573 761 593 eo
781 563 866 592 modo
877 584 885 595 ,

99 618 155 646 quo
164 619 177 636 a
188 610 307 638 Nicolao
319 609 380 636 111.
397 609 426 636 in
434 606 569 646 aliquibus
575 605 829 635 Constitutionibus
845 589 896 646 hh}

1212 21 1250 63 C
1281 25 1319 62 A
1612 37 1684 75 151

949 77 977 107 se
989 77 1113 109 deserre÷
1136 87 1204 117 ergo
1214 79 1282 108 bene
1291 77 1409 107 insertur
1419 98 1428 110 ‚
1452 79 1526 116 quod
1544 80 1627 109 etiarn
1639 79 1740 110 Cardi-

946 120 1020 148 nales
1030 118 1177 148 utebantur
1185 118 1278 158 cappis
1288 118 1375 158 nigris
1384 127 1445 146 cum
1463 119 1542 159 nigra
1561 121 1676 157 pellicea
1698 123 1736 155 :n:

948 162 1182 199 Extravagamem
1193 160 1387 188 caeremom'am
1395 160 1547 197 aliquarum
1557 161 1737 190 Ecclefiarum

945 199 1033 229 refert
1040 200 1187 230 Duraudus
1198 210 1206 230 ς
1229 198 1276 228 ubi
1286 199 1414 228 Sacerdos
1424 199 1454 228 in
1464 199 1539 229 Missa
1549 210 1657 230 cantata
1676 201 1737 239 post

945 240 1132 270 elevationem
1143 239 1240 269 hostiae
1250 261 1259 272 ,
1283 242 1311 269 ὅ(
1323 239 1414 268 calicis
1426 262 1434 273 ‚
1455 250 1506 278 per
1522 250 1616 271 manus
1629 241 1736 271 Clerici

946 279 1106 311 induebamr
1115 280 1216 310 ordine
1240 279 1354 309 inverso
1372 290 1455 319 cappa
1471 282 1622 311 canonicali
1633 303 1642 316 ,
1663 284 1737 317 cujus

944 321 1026 350 cauda
1036 322 1070 350 ad
1078 322 1180 351 collum
1189 320 1374 360 applicabatur
1383 343 1391 355 ‚
1403 325 1432 350 ὁ(
1441 321 1583 360 capucium
1593 323 1627 352 ad
1638 322 1718 362 pedes
1729 343 1738 354 ‚

943 366 969 391 ἃς
980 371 1010 390 ut
1021 362 1078 402 ipse
1086 362 1140 391 ait:
1154 363 1226 399 [Ad
1237 361 1291 390 deli
1316 362 1433 391 nandum
1442 385 1450 396 ‚
1462 363 1537 401 quod
1546 373 1627 402 caput
1637 385 1645 397 ‚
1657 362 1738 395 idest,

943 403 1035 441 Judaei
1043 403 1216 442 expeftantes
1227 372 1349 431 Mesligam
1359 425 1368 436 ,
1390 403 1460 432 idest
1470 425 1478 436 ,
1498 403 1644 433 Christum
1653 426 1661 437 ,
1671 412 1734 432 cum

942 445 998 478 jam
1008 444 1117 472 venerit
1129 464 1137 476 ,
1161 441 1346 472 transversum
1356 443 1395 472 est
1406 444 1436 472 in
1446 443 1558 473 caudam
1567 465 1574 472 .
1587 446 1625 473 In
1634 443 1734 474 Ratio-

943 484 998 512 nal.
1009 483 1054 512 lib.
1066 495 1095 523 3.
1103 494 1162 523 cap.
1172 490 1221 519 4⁶·
1231 483 1324 523 Igitur
1333 484 1510 514 Canomcaii‘s
1520 486 1614 523 Cappa
1633 484 1736 513 utrius·

940 534 992 562 que
1009 524 1166 553 testamenti
1177 525 1312 562 populum
1323 525 1460 564 fignificat
1469 545 1477 552 .
1499 525 1624 554 Tandem
1633 525 1731 554 adver-

943 565 1059 592 tendum
1069 586 1077 598 ‚
1088 565 1164 604 quod
1172 569 1265 603 Cappa
1274 575 1356 603 penes
1368 566 1500 594 Λιιᾶοιτς
1510 569 1663 604 Caputium
1674 586 1683 598 ,
1703 569 1733 594 ὃς

942 607 1090 641 Capitium
1100 605 1205 634 dicitur
1215 625 1222 632 .
1247 605 1321 634 Vide
1332 606 1469 646 Mandyas
1479 626 1487 633 .
1744 607 1750 613 '

99 650 126 677 S.
138 649 264 678 Ecclesia:
277 649 417 677 Vaticanae
430 646 475 675 his
483 646 570 675 verbis
581 646 714 674 refertur:
741 651 752 680 [
767 648 791 674 A
803 646 887 683 Vigi-
901 644 1040 673 CAPELLA
1054 667 1060 677 ‚
1072 646 1110 674 est
1120 656 1203 684 pai-va
1213 646 1349 679 Ecclesia,
1359 655 1418 684 quae
1431 645 1522 675 differt
1533 648 1563 676 ab
1573 645 1710 677 oratorio
1722 666 1733 673 -

98 688 136 717 lia
145 711 154 722 ,
176 689 283 718 scilicet
292 710 302 722 ‚
322 688 449 716 omnium
457 687 613 716 Sanstorum
624 709 632 720 ,
654 685 738 724 usque
746 685 780 714 ad
791 685 887 715 Sabba-

98 738 156 758 tum
168 731 293 759 Sanctum
303 749 312 761 ‚
332 727 543 766 superpelliceas
561 727 643 756 lineas
651 726 775 755 deferant
786 748 795 760 ‚
822 736 885 764 cap-

98 779 144 807 pas
153 769 244 808 nigras
254 770 288 797 de
299 767 370 807 fagia
379 769 531 806 simplicem
556 769 601 797 vel
612 789 620 801 ,
631 767 653 797 si
661 767 801 796 voluerint
812 789 820 799 ,
838 766 880 794 fo-

96 810 199 838 dei-:itas
209 820 223 838 a
233 809 344 848 cingula
352 831 360 842 ‚
385 809 429 838 vel
437 809 508 837 circa
519 818 552 837 ex
565 819 641 848 parte
653 807 800 840 interiori,
819 807 884 836 fixas

95 849 209 878 inferius
219 872 226 883 ,
238 854 267 879 δε
276 859 388 888 apertas.
397 851 410 880 ]
422 851 479 878 PR.
491 850 646 878 Secundum
656 847 803 877 textumin
811 849 881 876 Cle-

94 900 180 919 ment.
192 891 226 919 de
237 892 307 920 Stat.
315 889 512 928 Monachcap.
524 891 568 918 Ne
580 891 610 918 in
619 900 687 928 agro
697 910 704 921 ,
727 889 754 919 ξ.
763 898 825 916 cum
835 898 884 916 ve-

96 942 127 959 ro
139 953 147 964 ‚
170 931 343 960 scribendum
352 929 415 959 ess'et
425 931 508 959 unico
518 932 547 958 P.
557 934 585 959 δι
597 931 634 959 ibi
644 929 737 959 Gloss'a
747 929 882 957 rationem

94 973 274 1011 etymologiae
287 982 302 999 a
310 975 409 1009 Capite
418 971 554 999 deducens
565 975 642 1007 Capa
649 969 822 998 scribendum
843 969 882 997 as-

95 1010 160 1041 serit
171 1033 177 1039 .
189 1013 311 1050 Cappam
322 1012 394 1050 nigri
404 1012 505 1039 coloris
513 1011 669 1039 deserebant
678 1012 818 1038 Vaticanae
831 1013 882 1038 Ec>

95 1052 182 1080 ciciiae
202 1051 342 1080 canonici
360 1052 442 1080 etiam
461 1061 587 1089 tempore
605 1051 768 1079 Innocentii
785 1052 842 1079 III.
853 1060 882 1078 ut

93 1093 165 1129 apud
174 1094 284 1131 Torrig.
303 1092 337 1120 de
357 1093 459 1131 Crypr.
473 1092 597 1120 Vatican.
616 1089 740 1120 secundae
760 1089 884 1129 impress.

97 1141 160 1171 pag.
172 1138 239 1170 308.
249 1133 280 1161 in
289 1135 344 1169 ejus
356 1133 432 1161 Bulla
443 1142 492 1170 pro
512 1131 635 1167 ejusdem
654 1131 732 1160 Basir.
751 1132 879 1160 Canoni-

93 1172 148 1200 cis:
171 1174 216 1201 ubi
227 1173 261 1202 fic
275 1184 282 1201 :
305 1180 316 1209 [
329 1176 413 1201 Extra
420 1172 496 1210 sepra
507 1183 575 1200 vero
588 1171 740 1200 Canonicae
753 1172 808 1199 sine
817 1182 883 1209 cap-

95 1223 145 1251 pas
169 1213 215 1243 vel
236 1223 299 1251 tog:
320 1213 411 1241 nullus
430 1222 557 1251 appareat
569 1233 576 1240 .
600 1214 613 1243 ]
636 1211 692 1246 Qui
714 1212 859 1250 Torrigius
871 1234 878 1244 ,

93 1263 156 1292 pag.
167 1264 179 1291 3
190 1264 234 1281 ιο.
243 1255 283 1282 :iit
292 1275 300 1286 ,
322 1253 397 1291 quod
407 1263 490 1291 cappa
500 1257 561 1282 erat·
579 1252 673 1281 similis
691 1252 736 1280 illi
749 1253 880 1281 Canoni-

93 1304 188 1321 corum
197 1293 380 1334 Regularium
388 1294 608 1323 Lateranenfium
616 1315 624 1326 ,
650 1303 710 1330 quse
734 1293 763 1321 in
784 1294 864 1321 multi

90 1334 228 1363 codicibus
239 1335 359 1373 antiquis
369 1334 502 1363 Vaticani
512 1333 643 1363 Archivii
652 1333 768 1371 depi&ae
781 1334 879 1363 viden-

94 1384 140 1403 tur
149 1395 159 1402 .
180 1375 253 1404 Vide
273 1376 370 1404 clocca
379 1395 390 1403 .
409 1376 556 1404 Caeterum
574 1384 656 1413 cappa
678 1374 800 1402 violacea
817 1385 879 1403 cum

94 1415 167 1453 pelle
176 1426 190 1444 a
202 1416 323 1445 Nicolao
335 1418 370 1444 V.
382 1415 416 1444 de
423 1427 496 1444 anno
510 1427 519 1444 i
527 1426 594 1451 454.
605 1415 760 1444 Canonicis
768 1415 878 1444 Vatica—

91 1466 134 1483 nae
145 1456 265 1485 Bafilicae
275 1478 283 1490 ‚
294 1460 322 1485 δε
333 1456 507 1485 Beneficiatis
518 1454 640 1484 concesse
649 1455 735 1484 suerat
748 1457 879 1495 ›Tei-rig.

941 685 1014 713 Vide
1025 689 1190 714 Oratorium
1201 697 1209 713 :
1231 685 1318 714 hodie
1334 695 1427 714 tamen
1445 697 1499 725 pro
1506 688 1631 716 Ecciefiae
1652 695 1730 726 parte

940 725 1074 764 accipitur,
1085 746 1092 752 .
1115 731 1128 761 [
1141 725 1262 764 Antiqui
1273 727 1348 754 enim
1357 727 1462 756 nobiles
1471 728 1632 758 Ecclefiolas
1642 728 1672 756 in
1681 727 1732 756 iti-

940 775 1006 795 nere
1015 766 1048 794 de
1060 767 1174 804 pellibus
1187 777 1326 804 caprarum
1336 767 1416 795 saetas
1424 766 1557 796 habebant
1568 791 1576 801 ‚
1587 769 1698 797 Geni-1.
1706 777 1731 796 ι.

941 816 1001 844 cap.
1013 818 1022 834 1
1031 812 1076 835 ιδ’.
1089 808 1101 837 ]
1114 808 1206 835 Aliam
1217 808 1423 846 etymologiam
1432 808 1509 836 idem
1518 809 1622 837 Auftor
1630 808 1707 838 affert
1719 828 1728 840 ,

939 856 1038 886 nempe
1049 860 1056 875 ;
1072 853 1083 882 [
1095 848 1240 885 Capenum
1251 848 1354 876 dicitur
1362 848 1459 876 domus
1470 870 1478 881 ‚
1496 849 1531 877 :id
1539 859 1620 888 quam
1630 858 1729 888 paupe-

939 897 979 915 res
995 888 1031 916 ad
1049 888 1238 926 postulandam
1250 887 1453 924 eleemosynam
1472 891 1617 918 confluunt
1627 910 1638 918 .
1658 889 1729 918 Iride

939 927 1106 957 diminutum
1116 929 1238 967 cappella
1246 928 1356 957 dicitur
1365 950 1372 961 ,
1393 929 1423 958 in
1433 939 1483 968 qua
1496 929 1651 959 Christiani
1663 939 1728 968 pau-

939 978 1014 1006 peres
1031 967 1131 1007 spiritu
1148 970 1182 997 :id
1203 969 1396 1007 postulandam
1405 971 1504 999 aruino:
1524 969 1729 1006 eleemosynam

939 1010 1120 1038 conveniunt.
1132 1009 1203 1038 Ibid.
1215 1012 1227 1042 ]
1240 1012 1275 1038 In
1289 1010 1366 1038 Festo
1375 1011 1467 1039 Sansti
1478 1011 1610 1041 Titularis
1619 1011 1728 1050 cappe!-

938 1050 971 1077 1ae
983 1049 1084 1078 dicitur
1093 1050 1215 1079 officium
1235 1049 1283 1078 sub
1300 1059 1355 1078 ritu
1371 1050 1403 1079 in
1412 1052 1578 1080 Kalendario
1588 1055 1673 1081 Rom.
1681 1062 1728 1079 or-

937 1089 1034 1118 dinato
1043 1111 1052 1118 .
1062 1092 1208 1130 Congreg.
1217 1091 1276 1120 Rit.
1289 1102 1301 1119 2
1310 1095 1334 1119 8.
1348 1092 1454 1160 1³?prilis
1469 1097 1552 1121 1628.
1564 1093 1727 1121 Celebratur

937 1140 1029 1159 tamen
1040 1130 1116 1159 Milia
1125 1141 1187 1160 cum
1199 1131 1308 1164 Gloria,
1320 1135 1347 1159 &-
1369 1142 1415 1160 ine
1425 1133 1530 1166 Credo,
1540 1143 1571 1161 ut
1585 1134 1614 1161 in
1624 1133 1727 1162 Rubri-

937 1170 992 1202 ci55
1013 1170 1061 1200 sed
1071 1172 1090 1200 si
1099 1172 1222 1210 cappella
1232 1172 1287 1199 erit
1305 1172 1402 1200 titulus
1411 1173 1538 1211 antiquus
1552 1173 1623 1201 illius
1633 1174 1725 1202 Eccle-

936 1210 980 1239 fiae
991 1233 998 1244 ‚
1013 1213 1057 1240 vel
1070 1213 1165 1241 titulus
1176 1212 1285 1240 alterius
1296 1212 1422 1241 Ecclefiae
1431 1215 1486 1248 jam
1496 1213 1648 1245 destructa
1661 1223 1725 1242 tunc

935 1252 1066 1280 recitatur
1077 1254 1203 1281 officium
1213 1252 1342 1281 Titulei‘is
1355 1274 1364 1286 ‚
1384 1263 1412 1281 ac
1423 1253 1516 1282 fiesset
1531 1253 1702 1293 semiduplex
1716 1265 1724 1284 ς

934 1291 974 1320 ita.
983 1293 1119 1321 observari
1129 1303 1256 1331 expertus
1267 1293 1324 1321 sum
1335 1304 1350 1322 a
1359 1294 1509 1322 Canonicis
1521 1295 1663 1324 Vaticanae
1676 1298 1726 1323 Ec-

934 1332 1022 1362 clesiae
1034 1334 1064 1362 in
1075 1334 1120 1362 die
1132 1335 1159 1363 S.
1166 1334 1243 1364 Blasii
1254 1356 1262 1367 ‚
1274 1337 1347 1371 cujus
1358 1334 1537 1371 Ecclefiajam
1547 1335 1638 1364 diruta
1648 1357 1657 1369 ,
1677 1346 1724 1364 eo-

935 1383 998 1401 rum
1004 1375 1125 1403 Bafiiicae
1136 1375 1214 1403 unita
1225 1374 1275 1402 suit
1285 1397 1291 1407 ,
1314 1375 1405 1413 ibique
1424 1375 1458 1403 ad
1467 1375 1546 1410 hujus
1555 1377 1648 1405 Sane‘h
1667 1386 1725 1405 me-

935 1415 1052 1444 moriam
1064 1415 1114 1443 suit
1123 1416 1216 1453 postea
1226 1416 1324 1444 Altare
1334 1416 1466 1444 ereetum.
1474 1418 1637 1451 Synonynia
1648 1437 1655 1444 .
1672 1417 1724 1445 Vi-

935 1455 969 1483 de
979 1456 1106 1495 Confeffio
1117 1477 1124 1483 .
1144 1456 1299 1485 oraculum
1309 1476 1316 1483 .
1337 1461 1500 1485 oratorium
1510 1477 1518 1483 .
1526 1457 1664 1486 Sacellum
1673 1477 1680 1484 .

94 1495 215 1528 ibidem,
238 1507 298 1535 pag.
309 1501 377 1534 384.
388 1497 442 1525 Sed
452 1496 614 1526 Beneficiati
630 1505 732 1534 praeter
747 1495 878 1525 differen—
893 1497 1054 1525 Civium
1076 1499 1201 1526 PAPAus
1224 1497 1419 1525 CAEREMONIAE
1430 1517 1437 1525 .
1461 1497 1535 1525 Vide
1546 1498 1659 1535 Papales
1678 1509 1725 1527 ca-

92 1536 159 1563 tiam
170 1536 291 1574 pelliciae
312 1537 413 1564 coloris
426 1558 434 1569 ,
456 1536 548 1566 ferunt
564 1547 678 1575 cappam
696 1537 877 1576 undequaque

89 1575 205 1604 clausam
217 1597 225 1609 ,
237 1587 265 1605 ac
276 1575 365 1605 solum
374 1587 496 1616 apertam
507 1599 515 1611 ‚
537 1588 569 1606 ut
578 1576 681 1616 poffinr
691 1587 782 1605 maniis
793 1588 876 1606 emit-

93 1625 150 1644 tere
160 1637 168 1649 ,
179 1616 214 1644 ad
223 1616 306 1645 instar
314 1627 406 1656 cappae
418 1617 628 1647 Advocatorum
637 1618 874 1653 Confistoralium,
893 1618 1108 1648 CAppziiAst
1127 1640 1135 1652 ,

89 1660 119 1685 §e
129 1656 286 1685 rochettum
297 1668 397 1696 gerunt
409 1658 464 1686 [ine
475 1659 588 1687 manicis
599 1662 637 1693 ;Η;
649 1659 808 1697 Eodemque
817 1670 876 1689 mo—

90 1697 128 1725 do
139 1707 218 1726 erant
229 1698 425 1727 Cardimlitiae
443 1709 535 1737 cappae
548 1720 556 1732 ‚
579 1709 610 1728 ut
630 1710 666 1728 ex
683 1700 810 1738 antiquis
834 1701 875 1740 pi-

89 1737 172 1766 c‘kuris
183 1760 194 1772 ‚
213 1742 243 1767 δ(
252 1738 460 1768 numismatibus
470 1749 582 1779 apparet
591 1751 602 1771 ς
622 1739 655 1767 in.
672 1740 766 1769 diebus
786 1751 874 1771 autem

90 1777 229 1807 moestitiae
242 1800 250 1812 ‚
272 1779 426 1818 praesertim
434 1791 448 1809 a
469 1780 536 1809 seria
546 1789 641 1819 quarta
651 1781 760 1816 majoris
770 1780 873 1811 hebdo-

90 1818 177 1847 madae
188 1840 198 1852 ‚
218 1818 301 1858 usque
321 1821 356 1849 ad
377 1821 521 1850 Sabbatum
540 1821 666 1850 §.anetum
675 1843 685 1855 ‚
713 1822 873 1852 cardinales

90 1859 196 1897 Cappis
206 1860 329 1898 pelliceis
338 1861 480 1890 cinericiis
488 1862 633 1890 utebantur
642 1883 652 1890 .
671 1863 828 1892 Davantria
845 1864 875 1892 in

89 1898 138 1927 fiio
148 1901 268 1929 Caerem.
279 1902 317 1929 M.
331 1903 356 1930 S.
368 1904 428 1931 PR.
436 1903 492 1931 imo
501 1903 534 1931 in
545 1903 590 1931 via
599 1924 608 1936 ,
630 1901 676 1931 seu
697 1903 728 1932 in
745 1905 873 1933 conclavi

90 1940 212 1969 serebant
224 1941 325 1979 pellem
332 1942 408 1981 nigri
417 1943 518 1971 coloris
527 1963 538 1972 .
547 1944 622 1972 Vide
633 1943 806 1973 Radevicum
818 1945 874 1973 Fri-

94 1981 203 2020 smgen.
212 1981 278 2009 hinc
289 1982 322 2010 in
331 1982 399 2010 di6t.
407 1987 519 2013 Croccia
527 1985 566 2018 :112
585 1984 714 2013 Pontifex
732 1985 763 2013 in
780 1985 872 2014 diebus

87 2022 222 2050 maestitiae
251 2021 305 2050 sert
328 2033 442 2062 cappam
464 2025 573 2053 mbram
590 2035 626 2053 ex
651 2024 705 2063 sija.
727 2027 873 2055 armellino

87 2061 196 2091 subsuta
205 2084 214 2095 ,
236 2066 264 2092 ὃς
275 2073 309 2091 ex
318 2064 451 2092 anteriori
459 2075 536 2104 parte
543 2075 638 2104 aperta
650 2087 658 2099 ,
679 2076 739 2105 quae
751 2067 779 2095 in
789 2077 872 2096 εει-ε-

86 2104 203 2132 moniali
213 2108 350 2132 Mantum
360 2125 369 2137 ‚
391 2105 521 2146 Chlamys
530 2117 654 2135 coccinea
664 2127 673 2138 ,
695 2107 806 2147 Clamys
826 2119 874 2136 ru-

87 2144 138 2172 bea
145 2144 298 2182 appellatur
308 2164 316 2171 .
327 2145 363 2173 In
373 2145 456 2173 noste
465 2156 531 2175 vero
540 2147 704 2175 Nativitatis
715 2147 872 2177 intervenit

87 2183 123 2212 ad
133 2185 300 2214 matutinum
308 2195 372 2213 cum
379 2195 462 2223 cappa
471 2197 507 2216 ex
521 2186 612 2216 serico
628 2186 732 2216 villoso
745 2210 754 2222 ‚
774 2188 872 2218 eodem

86 2224 174 2253 modo
182 2246 192 2258 ,
213 2235 268 2264 quo
277 2236 292 2254 a
302 2226 372 2254 Boni
377 2226 449 2255 facio
457 2227 508 2256 IX.
516 2227 675 2257 institutum
684 2227 770 2257 fuerat
781 2247 791 2256 .
814 2231 871 2260 PR.

87 2264 114 2293 Si
125 2270 263 2294 Mantum
270 2266 346 2295 idem
357 2266 397 2295 est
406 2288 415 2300 ‚
437 2277 466 2295 ac
476 2272 584 2307 Cappa,
605 2279 642 2297 ex
658 2270 803 2299 Radcvico
813 2271 871 2298 Fri-

84 2305 189 2344 singen.
201 2307 250 2334 cit.
261 2305 308 2335 hic
318 2306 350 2336 in
359 2307 428 2335 dist.
435 2311 568 2341 Croccizu
589 2310 697 2338 constat
707 2309 871 2340 cardinales

83 2345 196 2385 nigrum
206 2356 331 2380 mantum
339 2357 466 2390 tempore
474 2349 630 2380 Alexandri
639 2350 796 2381 111.soiit0s
806 2351 871 2383 fuis-

933 1541 1054 1566 remom'a
1067 1558 1074 1565 .
1099 1538 1217 1574 Quando
1227 1539 1426 1575 cooperiuntur
1446 1538 1484 1566 ibi
1496 1538 1629 1576 imagines
1641 1558 1647 1565 .
1670 1539 1724 1567 Vi-

933 1577 969 1605 de
988 1583 1088 1606 Icona.

1168 1622 1240 1655 cujus
1261 1628 1379 1654 etymon
1396 1639 1404 1651 ‚
1436 1629 1494 1646 non
1523 1629 1537 1646 :i
1566 1618 1689 1657 cappella
1710 1639 1722 1652 ‚

934 1657 980 1687 sed
1001 1669 1015 1687 a
1037 1670 1120 1698 cappa
1139 1660 1228 1688 Sancti
1249 1660 1365 1687 Martini
1387 1658 1533 1686 deduftum
1554 1658 1605 1687 suit
1614 1679 1622 1686 .
1647 1659 1723 1694 [Di-

933 1699 972 1727 ξεί
992 1699 1056 1728 sunt
1078 1701 1206 1739 primitus
1226 1699 1397 1738 Cappellani
1413 1709 1428 1727 a
1446 1709 1530 1737 cappa
1546 1699 1637 1728 Sancti
1647 1701 1722 1727 Mar-

933 1740 988 1768 tini
1017 1761 1024 1772 ‚
1056 1751 1136 1779 quam
1167 1743 1259 1779 Reges
1294 1742 1458 1768 Francorum
1489 1741 1525 1768 ob
1552 1739 1722 1775 adjutorium

935 1780 1058 1809 vietoriae
1071 1791 1099 1809 in
1111 1781 1214 1819 praeliis
1225 1803 1233 1813 ,
1255 1779 1380 1809 solebant
1397 1779 1490 1808 secum
1501 1779 1615 1813 habere,
1637 1791 1719 1819 quam

934 1821 1060 1855 ferentes,
1069 1826 1097 1851 ὅ(
1106 1822 1291 1850 custodientes
1300 1832 1361 1849 cum
1373 1832 1410 1849 cz:
1416 1831 1480 1849 teris
1488 1821 1647 1849 Sanctorum
1661 1824 1722 1850 Re-

930 1862 1027 1901 liquiis
1038 1884 1046 1896 ,
1070 1863 1176 1891 Clerici
1187 1863 1352 1901 Cappellani
1361 1871 1506 1899 coeperunr
1516 1861 1719 1891 vocari-Valaf.

933 1902 967 1931 de
978 1903 1034 1931 reb.
1043 1903 1118 1932 Eccl.
1127 1914 1184 1942 cap.
1195 1914 1208 1941 3
1220 1914 1242 1931 i.
1252 1905 1340 1938 Hujus
1350 1912 1432 1939 cappa
1452 1904 1616 1930 Francorum
1629 1903 1719 1941 Regi-

932 1944 978 1972 bus
986 1944 1020 1972 ad
1029 1944 1096 1972 bella
1106 1944 1230 1972 euntibus
1242 1954 1292 1982 pro
1302 1944 1383 1982 ligno
1389 1941 1591 1971 anteferebatur
1601 1963 1609 1975 ,
1632 1947 1660 1972 &
1670 1953 1720 1981 per

931 1994 989 2012 eam
1000 1984 1123 2013 hostibus
1135 1985 1212 2012 viftis
1223 2006 1230 2016 ‚
1254 1983 1367 2012 vidoria
1377 1983 1569 2020 potiebantur.
1592 1983 1680 2013 Unde
1689 1988 1719 2014 ὃς

931 2025 1068 2054 Custodes
1078 2026 1153 2054 illius
1161 2035 1252 2063 cappae
1262 2046 1270 2057 ,
1293 2023 1375 2062 usque
1385 2023 1470 2051 hodie
1480 2024 1647 2062 Cappellani
1667 2035 1716 2064 ap-

931 2066 1071 2104 pellantur
1080 2086 1089 2093 .
1111 2068 1221 2094 Honor.
1233 2066 1262 2093 in
1271 2063 1351 2093 serm.
1361 2064 1388 2092 S.
1397 2064 1510 2092 Martini
1523 2085 1531 2092 .
1551 2067 1564 2096 1
1588 2066 1652 2093 Hoc
1676 2075 1720 2094 ta-

929 2117 1107 2135 meniiomen
1117 2107 1148 2134 in
1164 2104 1293 2145 praesenti
1311 2105 1345 2133 ad
1367 2105 1518 2143 quemlibet
1537 2105 1718 2135 Sacerdotem

930 2148 1093 2176 extenditur
1104 2169 1112 2180 ‚
1134 2148 1181 2185 qui
1193 2146 1272 2174 habet
1281 2156 1415 2174 annexam
1423 2146 1625 2184 obligationem
1645 2147 1716 2176 cele—

930 2188 1027 2217 brandi
1036 2187 1135 2216 Miss‘as.
1147 2188 1202 2222 Qui
1213 2196 1308 2215 tamen
1317 2186 1403 2215 hodie
1409 2185 1463 2215 hoc
1472 2187 1558 2214 facere
1573 2196 1714 2222 tenentur,

929 2239 956 2257 at
968 2229 987 2257 fi
999 2239 1033 2256 ex
1052 2228 1225 2267 negligentia
1234 2228 1369 2256 omittant
1378 2248 1386 2260 ,
1409 2228 1568 2256 mortaliter
1575 2238 1690 2266 peccant
1703 2241 1713 2260 ,-

929 2280 988 2298 non
998 2279 1065 2297 vero
1076 2279 1123 2308 qui
1133 2267 1208 2297 causa
1219 2268 1393 2296 infirmitatis
1402 2289 1410 2301 ‚
1421 2268 1530 2296 frivolae
1543 2269 1716 2302 devotionis,

927 2308 974 2339 seu
983 2310 1051 2348 quid
1061 2309 1154 2338 similis
1165 2331 1172 2342 ,
1195 2319 1256 2337 can.
1268 2308 1452 2348 lignifitatum
1462 2330 1470 2342 ,
1491 2309 1526 2337 dc
1543 2309 1695 2347 praebendis
1705 2329 1715 2338 .

928 2353 989 2383 Nec
999 2361 1031 2385 in
1041 2350 1089 2390 tali
1101 2349 1161 2380 casu
1168 2359 1219 2389 per
1226 2350 1313 2379 alium
1320 2350 1495 2378 Sacerdotem
1507 2371 1516 2382 ,
1528 2353 1583 2385 ejus
1591 2346 1716 2378 omissio-

1327 2392 1352 2419 i(
1391 2402 1413 2426 4
1611 2399 1678 2417 nem
