1866 2526
156 44 234 95 '518
492 46 527 88 P
554 46 591 87 E

138 101 279 130 hanibali
288 121 297 133 ‚
320 101 394 140 quod
402 111 438 131 ex
448 104 581 143 Gregorii
591 105 758 135 Turonensis
768 104 856 135 verbis
868 128 876 140 ‚
887 104 933 135 lib.

140 153 168 180 3.
179 141 243 172 hist.
253 151 311 180 cap.
327 152 371 178 ις.
382 143 498 174 evidens
507 146 540 174 fit
550 167 559 179 ,
569 145 616 174 ubi
624 147 659 175 sic
671 148 719 176 ait:
735 153 747 182 [
760 147 863 184 Quibus
873 158 932 186 per-

139 182 265 222 gentibus
274 183 388 212 audiunt
400 185 559 222 pedibulum
568 187 691 226 equitum
700 189 867 217 currentium
877 209 885 216 .

99 225 300 257 szssmuus
312 243 319 251 -
331 224 403 254 Vide
410 228 575 262 Deividius,
584 233 695 268 Sequax
704 251 713 263 ,
723 232 860 267 &quipe-5,
869 230 933 258 Sub-

139 265 241 304 cisivus
252 284 261 293 .

97 305 215 335 Peon-o
226 327 235 339 ‚
256 304 490 344 frequentativum
510 309 623 338 verbum
645 321 659 339 a
678 311 749 339 Pedo
758 331 766 344 ‚
785 321 816 340 as
827 332 835 344 ‚
847 309 915 340 idest
925 332 933 344 ,

140 346 264 385 pedester
275 347 329 375 iter
340 346 417 377 fficio.
432 354 445 383 [
457 349 590 379 Cursores
598 353 677 389 Papae
688 352 772 381 etiam
784 351 933 390 peditando

139 387 242 416 debent
253 387 303 415 esi'e
312 397 376 416 ante
386 399 447 417 eum
456 410 465 418 .
486 391 640 420 Davantria
649 391 681 420 in
691 392 739 420 suo
749 395 791 422 Μ.
803 393 829 421 5.
839 393 934 422 Caere-

139 428 269 461 moniali,
281 430 294 460 ]
305 428 350 457 ubi
359 428 428 468 saepe
438 431 550 460 verbum
560 431 613 460 hoc
624 432 737 470 replicat
745 452 753 460 .

96 470 213 498 Prome
223 489 229 497 .
254 469 327 498 Vide
345 472 498 508 Suggestusn
507 493 516 505 ‚
537 474 742 510 Suppedaneum
752 494 760 502 .

95 511 226 540 Pennus
239 531 246 542 ,
257 510 344 538 lintea
354 532 363 543 ‚
373 511 564 546 calceamenta,
575 513 620 542 seu
631 514 699 552 quid
712 515 798 543 simile
809 514 841 543 ad
853 514 932 553 pedes

136 551 272 590 tegendos
284 572 292 583 ‚
314 561 345 579 ut
354 550 431 589 supra
441 553 542 581 tibialia
562 554 631 583 ferre
647 554 738 584 solent
750 555 911 585 orientales
924 567 931 586 5

137 603 201 624 nam
211 590 318 628 antiqui
330 592 461 621 Monachi
480 594 572 623 induti
583 596 714 624 cubabant
724 618 731 629 ,
754 598 875 635 exceptis
887 607 932 635 pe-

134 633 214 662 dibus
225 653 233 665 ,
251 640 281 659 ut
291 641 324 660 ex
335 631 506 672 sequentibus
527 637 616 665 verbis
634 637 779 676 colligitur
788 657 796 665 .
821 639 889 672 [Ut
899 638 932 666 de

1289 53 1390 96 PE

990 116 1051 135 cum
1061 106 1159 137 coelibe
1169 107 1339 143 fornicatum
1362 111 1453 151 pellex
1465 117 1550 145 vero,
1569 121 1630 151 quae
1649 121 1710 141 cum
1720 120 1789 143 uxo-4

992 158 1050 176 rato
1062 169 1070 180 ‚
1091 148 1122 177 in
1139 149 1207 178 di&-
1226 150 1371 189 παλλακὶς
1380 173 1388 182 .
1409 153 1502 182 Divus
1521 160 1612 182 autem
1624 153 1739 193 August.
1757 155 1787 183 in

990 189 1068 227 epist.
1081 200 1107 218 ι.
1116 189 1210 223 Petri,
1221 191 1317 231 inquit
1328 214 1337 227 ,
1357 194 1432 233 quod
1440 192 1553 224 Pellices
1563 193 1690 223 dicantur
1698 203 1787 223 mere-

991 239 1070 258 trices
1081 240 1095 258 a
1106 231 1263 269 pollutione
1273 255 1281 268 ,
1290 234 1337 263 vel
1345 234 1426 273 pellis
1435 233 1604 264 formositate
1612 257 1621 269 ‚
1633 245 1685 274 qua
1693 236 1787 264 incau-

990 279 1032 298 tos
1044 270 1168 300 alliciunt
1178 293 1186 305 ,
1195 276 1223 301 ἃ
1235 273 1386 312 decipiunt;
1396 275 1427 304 in
1435 285 1487 315 qua
1497 285 1590 304 tamen
1601 276 1679 315 epist.
1691 278 1787 306 Petrus

990 312 1024 340 de
1035 311 1165 341 adulteris
1175 310 1332 344 hominibus
1341 315 1420 354 loqui
1438 316 1548 346 videtur
1556 338 1565 350 ,
1585 320 1614 346 &
1624 317 1786 345 translative

988 352 1023 381 de
1034 351 1282 391 pseudoprophetis
1293 377 1301 389 ,
1320 356 1385 385 dum
1402 356 1511 396 inquit:
1536 358 1646 393 [Seetas
1657 368 1715 385 non
1726 367 1783 385 me-

989 402 1070 422 tuunt
1081 392 1258 426 introducere
1267 417 1276 428 ,
1287 395 1503 436 blasphemantes
1513 400 1565 426 διε.
1578 399 1672 427 oculos
1682 397 1785 427 haben-

990 443 1029 463 tes
1038 434 1135 472 plenos
1146 435 1275 466 adulterii
1286 459 1295 471 ‚
1306 441 1335 467 δε
1343 437 1503 468 incessabilis
1511 437 1604 467 delicti
1612 461 1621 473 ‚
1639 439 1785 478 pellicien-

989 483 1029 503 tes
1040 475 1141 504 animas
1149 476 1286 506 instabiles
1294 483 1346 508 &c.
1367 477 1496 517 Superbia
1517 478 1592 507 enim
1602 480 1732 509 vanitatis
1743 480 1784 508 lo-

988 525 1100 555 quentes
1111 537 1118 549 ‚
1142 517 1289 555 pelliciunt
1307 519 1338 548 in
1347 519 1489 549 desideriis
1496 518 1584 547 earnis
1592 520 1707 549 luxuria-2
1718 531 1764 549 eos
1774 542 1783 554 ,

991 556 1038 595 qui
1050 557 1190 594 paululum
1199 557 1331 598 effugiunt
1339 582 1348 594 ‚
1361 560 1409 600 qui
1418 561 1448 589 in
1458 569 1553 588 errore
1562 560 1764 590 conversantur
1775 573 1781 589 ε

986 597 1141 626 libertatem
1153 599 1210 628 illis
1219 601 1416 638 promittentes
1424 623 1434 636 ,
1443 609 1504 630 cum
1514 600 1566 639 ipsi
1578 600 1652 630 servi
1661 602 1712 631 sint
1722 612 1783 631 cor-

986 638 1125 676 ruptionis
1136 661 1143 672 ,
1157 652 1183 668 2.
1192 642 1265 669 Petr.
1275 652 1333 681 cap.
1349 653 1375 672 2.

135 674 230 711 caligis
238 672 349 710 pedules
359 674 579 706 abscinderentur
591 699 598 710 ,
622 687 752 716 quatenus
763 688 864 716 praetcr
887 689 932 717 pe·
947 681 1130 709 Priuernas
1140 700 1147 708 .
1161 682 1218 710 FR-
1231 683 1314 712 Astus
1323 705 1331 715 ,
1343 692 1424 721 quem
1435 682 1528 722 pellex
1539 691 1663 712 exercet.
1678 685 1783 719 [Sorm

135 714 183 743 des
203 723 274 741 totus
285 714 435 744 Monachus
451 719 553 752 jaceret
573 719 684 747 vestitus
694 739 701 747 .
723 720 844 749 Dolebat
858 730 933 749 enim

134 755 285 784 nonnullos
305 755 478 795 inreligioso
489 757 581 787 habitu
600 760 633 788 ad
643 759 933 790 [institutisincuriam

134 796 209 824 tibiis
221 795 343 824 dormire
352 798 459 826 nudatis
469 800 498 831 .]
512 800 606 829 Hodie
617 809 709 829 tamen
717 811 731 828 a
741 801 932 830 Dominicanis

990 730 1048 748 rem
1057 721 1149 749 uxoris
1163 731 1215 750 tuae
1225 723 1256 750 in
1266 725 1424 761 pellicatum
1433 724 1507 752 illius
1518 734 1576 752 non
1585 723 1698 763 accipies
1709 745 1717 757 ‚
1730 735 1780 753 nec

986 761 1118 790 revelabis
1128 762 1329 801 turpitudinem
1341 767 1398 800 ejus
1408 763 1495 793 adhuc
1507 765 1555 792 illa
1572 765 1640 802 idest
1649 786 1657 798 ‚
1679 776 1763 795 uxore
1775 787 1783 797 ‚

987 803 1102 830 vivente
1113 822 1120 829 .
1133 805 1144 835 ]
1159 804 1251 832 Levit.
1266 810 1309 834 18.
1323 811 1367 834 18.

133 836 340 866 observantibus
351 837 410 866 haec
421 840 514 878 regula
524 840 684 870 observatur
694 863 702 874 ,
721 845 748 870 ὃ(
767 844 878 883 proprie
897 843 932 870 ti—
947 846 1103 873 Patricius
1118 865 1126 877 ‚
1137 843 1253 873 mundus
1266 870 1272 881 ‚
1289 855 1370 884 atque
1380 855 1477 884 corpus
1495 856 1510 875 a
1520 848 1602 875 Petro
1611 844 1730 875 Blcsensi
1741 845 1783 874 in-

134 878 205 906 biale
215 878 296 906 breve
306 900 313 911 ,
333 880 407 917 quod
420 881 517 919 pedem
528 892 634 911 tantum
647 882 737 911 munit
750 904 757 915 ‚
777 884 913 923 significat
924 904 931 910 -

133 919 178 947 De
189 929 243 957 quo
254 919 406 948 Davantria
428 922 457 950 in
465 921 515 951 suo
526 923 726 953 Caeremoniali
736 925 775 952 M.
786 926 811 954 S.
831 925 864 954 de
883 926 931 954 do-

988 884 1136 922 telligitur.
1149 885 1284 916 Serm.26.
1298 888 1396 922 [Nunc
1404 886 1461 915 scio
1473 897 1538 916 vere
1549 908 1557 919 ,
1569 887 1632 925 quia
1642 886 1715 915 misit
1725 887 1784 915 Do-

987 924 1076 953 minus
1087 926 1226 964 Angelum
1237 925 1314 955 suum
1324 949 1333 961 ‚
1353 931 1381 956 &
1389 927 1492 966 eripuit
1502 938 1545 956 me
1554 927 1588 956 de
1600 937 1680 956 manu
1690 928 1783 955 Hero-

134 960 254 990 mesticis
265 961 528 999 Papaeindumentis
537 963 673 998 scribens,
691 964 726 994 fic
735 964 790 994 ait:
813 970 873 1002 [Et
885 966 932 994 ha-
965 965 1045 998 «iis,
1067 965 1152 1000 idest,
1173 967 1293 1005 pellicii,
1314 968 1402 1001 idest,
1426 969 1589 1007 corporis,]
1613 968 1781 997 &inferiusz

135 1002 198 1030 bere
208 1001 287 1029 debet
298 1001 397 1040 caligas
407 1004 441 1031 de
453 1013 545 1042 panno
555 1007 637 1035 rubeo
659 1005 715 1034 fine
734 1008 874 1043 pedulibus
886 1028 893 1039 .
904 1011 931 1036 δ(

133 1052 194 1071 cum
205 1041 363 1080 staphilibus
373 1064 379 1072 .
402 1049 413 1079 [
424 1046 479 1075 FR.
501 1046 534 1075 dc
545 1045 598 1075 hoc
609 1046 743 1077 vocabulo
760 1049 932 1078 mentionem

134 1083 197 1112 facit
207 1083 349 1121 Ulpianus
362 1105 369 1117 ‚
380 1084 427 1113 lib.
439 1096 486 1124 34.
497 1087 541 1115 tit.
555 1100 580 1116 2.
592 1088 609 1117 1.
622 1099 669 1125 25,

987 1012 999 1041 [
1011 1005 1140 1035 Pellicius
1150 1008 1226 1036 euim
1237 1019 1250 1038 a
1260 1008 1332 1047 pelle
1341 1009 1442 1038 dicitur
1451 1030 1460 1041 ,
1470 1011 1482 1040 ]
1493 1013 1521 1038 δι
1532 1008 1579 1037 sub
1587 1008 1641 1037 hoc
1653 1009 1751 1038 vocabu
1757 1009 1783 1051 ’.ο

987 1046 1120 1076 mundum
1129 1049 1212 1077 etiarn
1223 1049 1418 1079 intellexerat:
1435 1051 1541 1085 [Nunc
1552 1048 1608 1077 scio
1619 1059 1682 1078 vere
1696 1075 1700 1082 ,
1720 1058 1783 1087 quia

985 1087 1087 1127 eripuit
1098 1098 1142 1117 me
1152 1089 1186 1118 de
1196 1099 1277 1119 manu
1287 1091 1392 1129 pellicii
1404 1112 1413 1124 ,
1424 1090 1492 1119 idest
1503 1112 1511 1124 ‚
1522 1090 1620 1119 Mundi
1631 1109 1637 1117 .
1656 1089 1762 1119 Ibidem
1775 1109 1781 1116 .

90 1126 282 1160 piaminum
292 1145 300 1157 ,
312 1123 346 1153 sic
360 1126 432 1155 locus
443 1127 491 1156 ille
502 1128 619 1164 infamss,
630 1130 659 1159 in
670 1142 725 1170 quo
735 1131 849 1172 gloriosi
860 1132 930 1160 Mer·
947 1131 1088 1159 Ρειιιευι
1096 1141 1111 1159 Α
1123 1152 1130 1163 ,
1141 1131 1260 1170 corrigia
1269 1132 1516 1160 calceamentorum
1529 1131 1656 1170 pellicea:
1678 1130 1783 1166 [Pelli—

133 1174 209 1201 tyrcs
219 1165 252 1193 ad
262 1165 349 1193 danda
360 1167 449 1195 Idolis
459 1167 538 1197 thura
548 1191 556 1202 ,
574 1174 601 1200 ὃ(
611 1174 788 1210 pejerandum
798 1175 826 1202 ab
836 1172 931 1201 Idolo-

131 1207 208 1237 larris
218 1206 385 1244 cogebantur
394 1230 402 1241 ,
413 1208 452 1237 de
460 1219 511 1248 qua
520 1211 628 1241 astione
637 1213 757 1242 diximus
769 1215 798 1242 in
808 1214 933 1242 durca-

132 1249 267 1278 remom'or
277 1268 285 1280 ‚
297 1252 380 1276 Facio
390 1271 398 1281 ‚
408 1253 436 1278 ὅ(
447 1250 518 1279 infra
528 1252 556 1279 in
572 1253 637 1282 dist.
649 1256 761 1288 Prolito,
771 1258 799 1283 ὃ(
810 1254 932 1290 Thurifi-

987 1171 1045 1198 cula
1056 1193 1063 1204 ,
1075 1172 1169 1210 caligae
1182 1194 1189 1204 ‚
1201 1176 1228 1201 δε
1237 1172 1380 1211 cingulum
1389 1194 1397 1205 ‚
1415 1173 1472 1201 &fi
1486 1172 1552 1210 quid
1565 1171 1638 1201 aliud
1648 1172 1781 1214 perierit,-

985 1211 1030 1250 qui
1042 1213 1195 1250 perdiderit
1214 1213 1419 1252 increpabitur,
1441 1213 1471 1241 in
1482 1213 1582 1252 Regul.
1602 1213 1627 1241 S.
1638 1211 1782 1242 Pachomit

987 1262 1044 1291 reg.
1069 1264 1131 1282 120.

131 1301 160 1318 co
169 1288 290 1317 dicemus
302 1309 308 1316 .
325 1295 335 1324 [
348 1293 383 1317 Et
393 1299 555 1321 caeterorum
569 1296 739 1330 Martyrum,
751 1305 868 1334 quorum
883 1305 932 1323 no·
946 1294 1065 1322 Pam-1
1079 1294 1259 1323 Sanctius
1273 1315 1280 1322 .
1304 1297 1361 1324 PR.
1383 1296 1426 1323 Ita
1435 1294 1526 1323 Gothi
1535 1293 1702 1332 prote&ores
1719 1302 1782 1321 cor-

130 1329 208 1358 mina
215 1328 330 1365 subjicio
342 1352 349 1363 ,
360 1329 429 1359 Bassi
442 1331 471 1360 in
484 1329 632 1370 pejera1·i0‚
654 1336 804 1375 Mappalici
816 1338 845 1364 in
857 1346 932 1375 quae-

129 1371 220 1400 stione
230 1392 238 1404 ‚
252 1369 431 1400 Fortunionis
440 1371 469 1400 in
480 1384 586 1402 carcere
597 1397 605 1408 ‚
616 1377 755 1415 Cyprian.
766 1377 842 1416 epist.
858 1388 904 1407 22·
917 1380 928 1409 ]

987 1334 1061 1372 poris
1072 1334 1144 1372 regii
1161 1344 1174 1362 a
1185 1335 1301 1363 Sidonio
1310 1357 1318 1368 ,
1338 1336 1385 1364 lib.
1401 1346 1424 1363 1.
1435 1345 1478 1373 ep.
1490 1347 1515 1363 2.
1536 1344 1666 1363 vocantur
1676 1357 1685 1368 ,
1706 1334 1781 1373 quod

987 1375 1102 1412 pellibus
1113 1374 1294 1404 induerentur
1305 1396 1312 1403 .
1324 1376 1396 1405 Vide
1408 1377 1536 1404 savarum
1547 1396 1553 1403 .
1566 1375 1638 1403 Ibid.

131 1412 170 1440 In
180 1410 314 1449 aliquibus
333 1420 426 1440 tamen
436 1413 586 1443 Codicibus
596 1417 726 1446 mendose
736 1422 911 1447 Pererarium
923 1440 930 1451 ‚
945 1417 1042 1444 Pura
1055 1436 1061 1443 .
1083 1417 1139 1444 FR-
1152 1413 1274 1450 πέλτη,
1292 1427 1406 1455 parvum
1414 1415 1520 1445 scutum
1530 1437 1537 1444 .
1561 1422 1572 1452 [
1587 1415 1660 1444 Fecit
1670 1425 1779 1455 quoque

135 1452 204 1481 &in
213 1451 321 1481 Codice
334 1452 470 1482 Vaticano
479 1460 665 1493 Imperartum
678 1459 781 1497 legitur
791 1480 798 1491 ,
810 1470 873 1499 quas
887 1458 928 1486 di-

128 1492 235 1521 &iones
244 1492 379 1522 Pamelius
388 1495 602 1525 Commentator
611 1496 638 1526 se
648 1510 706 1528 non
717 1500 878 1539 intelligere
890 1499 926 1528 sa-

130 1543 206 1563 tetut
215 1554 222 1562 .

88 1576 259 1606 Phnoum
270 1595 276 1602 .
298 1576 355 1607 FR,
369 1575 505 1607 Haeretici
527 1588 540 1606 a
550 1578 662 1618 Pelagio
674 1580 815 1609 Monacho
834 1581 872 1610 ita
882 1592 926 1620 ap-

128 1615 225 1655 pellati
237 1638 245 1650 ,
254 1616 301 1655 qui
312 1616 416 1645 divinae
426 1618 523 1656 gratiae
536 1619 650 1649 liberum
659 1622 802 1651 arbitrium
812 1632 927 1661 antepo-

129 1667 216 1691 nens,
234 1657 357 1686 nostram
367 1667 474 1686 tantum
485 1661 660 1690 voluntatem
671 1662 703 1691 ad
714 1663 875 1701 exequenda
887 1664 927 1692 di-

128 1697 196 1728 vina
206 1708 343 1737 praecepta
360 1697 484 1727 sufficere
494 1699 634 1735 aflerebat,
656 1714 701 1738 24.
714 1704 808 1742 quaest.
821 1715 848 1743 3.
866 1716 925 1733 can.

130 1748 180 1777 39.
191 1741 217 1767 ὃ(
228 1738 290 1768 dist.
302 1751 329 1775 4.
340 1750 402 1768 can.
414 1739 433 1768 fi
443 1750 475 1768 ex
487 1740 560 1769 bono
569 1742 599 1771 in
607 1743 710 1771 malum
721 1765 728 1772 .

87 1781 259 1811 Pnamnes
269 1801 278 1812 ‚
300 1779 385 1819 pisces
395 1801 402 1812 ‚
426 1780 499 1809 unde
520 1782 588 1811 dicti
598 1803 605 1811 .
630 1783 703 1813 Vide
725 1785 796 1822 Esox
808 1805 815 1812 .

88 1823 207 1854 Putax
216 1841 226 1854 ,
235 1820 364 1859 expulsor
375 1843 383 1854 ,
395 1831 428 1850 ex
439 1822 523 1850 verbo
533 1824 604 1851 Pella
614 1823 779 1853 derivatum.
795 1832 805 1861 [
818 1829 878 1855 Nec
890 1826 926 1855 fa-

127 1860 221 1889 stione
231 1861 331 1900 pellaci
349 1861 527 1891 inimicorum
536 1862 646 1893 suorum
667 1870 678 1899 (
689 1867 756 1902 idest
763 1875 903 1904 porcorum
914 1872 926 1899 δ

126 1901 267 1940 requirere
285 1901 455 1941 pofl'essorem
466 1924 471 1931 .
492 1904 516 1933 S.
536 1903 732 1945 Chrysologus
742 1928 750 1939 ‚
770 1906 849 1936 serm.
866 1912 923 1941 17·]

127 1942 174 1971 ubi
184 1943 218 1971 de
228 1941 346 1973 Christo
354 1944 527 1973 Doemonum
540 1946 686 1984 expulsore
696 1969 705 1981 ‚
724 1951 751 1976 ὅ(
761 1947 797 1977 de
807 1949 924 1978 Doemo-

129 1983 208 2012 nibus
217 1983 248 2012 in
256 1983 314 2013 sues
324 1984 443 2013 introire
454 1985 627 2024 cupientibus
636 1988 759 2027 loquitur
768 2010 775 2016 .

84 2023 199 2059 Ρειιεκ
209 2044 216 2052 .
229 2026 285 2054 FR.
296 2026 428 2055 meretrix
440 2047 447 2054 .
468 2027 583 2061 [Pellex
596 2037 683 2057 autem
696 2029 768 2067 quasi
785 2026 904 2068 πεὶλλαξ
916 2053 924 2064 ,

127 2063 196 2092 idest
208 2086 216 2097 ‚
226 2066 298 2104 quasi
309 2065 452 2102 παλλακίς
463 2089 470 2100 ,
482 2076 511 2095 ut
521 2068 649 2107 pleraque
658 2070 709 2098 alia
718 2091 726 2102 ,
746 2070 784 2098 ita
794 2070 847 2099 hoc
858 2082 924 2110 quo-

128 2114 181 2143 que
192 2106 352 2135 vocabulum
362 2107 396 2135 de
406 2116 496 2146 graeco
507 2109 608 2138 flexum
619 2110 657 2138 est
669 2130 675 2139 .
685 2111 761 2140 Geli.
772 2111 817 2139 lib.
830 2123 857 2148 4.
866 2123 923 2151 cap.

129 2155 157 2184 3.
168 2147 180 2177 ]
193 2146 243 2174 Sed
254 2147 344 2184 potius
357 2158 369 2175 a
380 2147 503 2177 dic'tione
512 2159 600 2188 gtaeca
610 2147 698 2181 πέλλη
714 2179 717 2185 ,
729 2161 827 2190 nempe
838 2174 845 2186 ‚
856 2154 925 2181 mul-

126 2186 184 2214 ‹stra
194 2197 203 2217 5
214 2196 275 2214 nam
286 2197 316 2215 ut
325 2188 362 2216 ait
375 2189 452 2217 Valla
463 2211 470 2222 ‚
485 2189 532 2218 lib.
543 2197 570 2219 6.
581 2191 705 2229 Elegant.
714 2192 812 2221 Pellax
826 2204 839 2221 a
850 2194 925 2222 blan-

128 2226 234 2255 diendo
243 2227 356 2261 dicitur,
367 2229 441 2267 quod
452 2230 527 2258 idem
537 2231 575 2259 est
585 2242 614 2259 ac
623 2232 753 2265 mulcens,
765 2243 925 2273 quamquam

129 2266 189 2305 ipse
200 2267 329 2297 Latinum
340 2279 441 2297 nomen
459 2281 472 2298 a
484 2271 567 2300 verbo
576 2272 689 2310 pellicio
700 2273 819 2301 derivari
831 2284 924 2312 putet5

127 2306 175 2337 sed
185 2310 269 2338 etiam
280 2309 332 2338 hoc
345 2311 456 2339 verbum
468 2311 523 2340 dici
532 2312 622 2350 potest
633 2323 646 2341 a
656 2323 748 2352 graeco
767 2311 856 2345 πέλλη
865 2325 926 2352 ety-

129 2358 196 2378 mon
206 2349 322 2379 trahere.
335 2351 431 2390 Itaque
441 2352 520 2389 Junii
530 2354 656 2382 Lexicon
665 2353 847 2383 differentiam
858 2356 923 2385 facit

128 2388 203 2420 inter
220 2391 350 2431 pallacam
360 2413 368 2427 ,
386 2395 414 2421 ἃ
432 2393 580 2432 pellit-ems
601 2404 665 2426 nam
673 2395 773 2435 pallaca
783 2395 840 2430 est,
863 2407 922 2437 qux

985 1458 1047 1485 Rex
1059 1456 1189 1484 Salomon
1199 1457 1315 1486 ducenta
1324 1457 1396 1486 scuta
1414 1458 1448 1485 de
1458 1468 1524 1486 auro
1536 1455 1677 1495 purissimo
1689 1478 1696 1489 ,
1719 1456 1780 1485 sex-

983 1507 1079 1525 centos
1088 1497 1145 1524 auti
1157 1496 1234 1525 siclos
1246 1498 1324 1527 dedit
1336 1499 1366 1526 in
1375 1498 1487 1526 laminas
1497 1497 1566 1525 scuti
1578 1498 1656 1525 unius
1669 1519 1676 1530 ‚
1686 1501 1714 1525 ὃ(
1724 1506 1781 1525 tre-

982 1547 1074 1566 centas
1083 1537 1167 1575 peltas
1186 1548 1219 1566 ex
1237 1548 1303 1568 auro
1312 1539 1445 1578 probato:
1467 1546 1598 1566 trecentae
1620 1538 1702 1566 minae
1723 1538 1781 1565 auri

985 1588 1065 1606 unam
1077 1579 1178 1615 peltam
1189 1579 1357 1612 vestiebant5
1376 1578 1520 1618 posuitque
1530 1588 1572 1607 eas
1583 1580 1645 1607 Rex
1658 1579 1686 1606 in
1696 1578 1779 1606 domo

983 1618 1064 1647 saltus
1074 1619 1170 1647 Libani
1182 1641 1190 1652 ,
1212 1631 1240 1658 3.
1252 1624 1322 1660 Reg.
1335 1632 1358 1650 c.
1373 1631 1414 1649 ιο.
1428 1621 1568 1658 Deditquc
1582 1619 1679 1657 Jojada
1691 1621 1780 1648 Sacer-

983 1660 1032 1689 dos
1043 1660 1259 1690 Centurionibus
1269 1663 1371 1691 lanceas
1380 1683 1388 1694 ,
1399 1659 1579 1699 clypeosque,
1591 1664 1618 1688 δι
1629 1661 1713 1698 peltas
1723 1663 1779 1689 Re-

983 1711 1025 1740 g1s
1035 1700 1128 1728 David
1138 1722 1146 1733 ‚
1157 1711 1219 1740 quas
1231 1703 1437 1732 consecraverat
1456 1711 1485 1729 m
1496 1701 1708 1744 domo-Domini
1721 1722 1729 1733 ,
1751 1713 1778 1729 z.

983 1742 1100 1779 Paralip.
1110 1752 1132 1769 c.
1147 1753 1192 1779 23·
1202 1746 1254 1779 9.]
1279 1743 1397 1773 Fortasse
1420 1743 1456 1771 ita
1473 1743 1681 1771 denominatum
1693 1745 1779 1769 iuerat

983 1783 1036 1811 hoc
1045 1782 1166 1810 secutum
1177 1793 1210 1812 ex
1219 1786 1324 1823 oppido
1336 1786 1472 1814 Peltarum
1490 1783 1519 1810 in
1529 1781 1651 1821 Phrygia
1663 1804 1670 1815 ,
1694 1792 1706 1809 a
1724 1793 1779 1821 quo

982 1823 1127 1862 contiguus
1138 1833 1245 1863 campus
1258 1827 1385 1854 Feltinus
1407 1824 1556 1863 appellatus
1565 1833 1623 1851 erat
1634 1844 1641 1851 .
1664 1824 1758 1851 Strabo
1770 1844 1779 1856 ,

982 1865 1029 1894 lib.
1047 1874 1157 1902 12.cap.
1175 1876 1217 1903 13.
1241 1867 1328 1895 Unde
1337 1865 1508 1895 amazonidae
1523 1864 1600 1901 pelta
1618 1864 1779 1892 dicebantur

981 1905 1040 1934 haec
1049 1904 1123 1933 scuta
1135 1925 1142 1932 .
1154 1908 1192 1934 At
1203 1907 1309 1936 Plinius
1319 1929 1328 1940 ,
1345 1907 1391 1935 lib.
1409 1918 1451 1935 ιι.
1463 1915 1520 1942 cap.
1534 1914 1558 1939 5.
1570 1905 1660 1943 inquit
1672 1914 1780 1932 amazw

981 1947 1054 1975 nitas
1063 1947 1150 1984 peltas
1161 1947 1195 1975 ad
1206 1947 1318 1976 formam
1330 1947 1458 1976 foliorum
1470 1948 1514 1976 fici
1525 1946 1616 1974 Indici
1629 1945 1781 1975 fmffe2Vir-

979 1988 1062 2027 gilius
1075 1995 1142 2016 vero
1159 1997 1180 2015 1.
1192 1988 1311 2018 AEnei'd.
1321 1990 1425 2017 lunatas
1436 1996 1516 2017 vocat
1528 1999 1534 2015 τ
1659 2026 1663 2030 Ι

1022 2029 1109 2058 Ducit
1128 2030 1323 2058 amazonidum
1342 2029 1444 2058 lunatis
1464 2029 1573 2069 agmina
1594 2027 1677 2067 peltis

1019 2068 1188 2100 Penthesilea
1212 2069 1318 2101 furens.

981 2116 1015 2142 Et
1042 2122 1085 2140 11.
1108 2108 1231 2138 AEneid.

980 2166 1123 2173 -—-—
1149 2149 1196 2179 seu
1217 2162 1278 2180 cum
1300 2152 1328 2181 se
1350 2152 1449 2180 Martia
1470 2161 1550 2180 curru

1021 2187 1192 2221 Penthesilea
1214 2192 1313 2226 refert,
1333 2203 1488 2231 magnoque
1506 2189 1776 2227 ululantertumultu,

1020 2230 1162 2262 Foeminca
1186 2233 1312 2262 exultant
1336 2235 1433 2262 lunatis
1456 2233 1565 2272 agmina
1589 2233 1668 2271 peltis
1679 2250 1686 2258 .

982 2276 1066 2301 Erant
1089 2273 1200 2312 insuper
1219 2283 1310 2303 aeratae
1322 2295 1329 2302 .
1352 2275 1432 2303 Idem
1454 2285 1481 2307 7.
1503 2273 1623 2304 AEneid.

1021 2313 1186 2353 AErataeque
1210 2315 1312 2343 micant
1334 2316 1413 2353 peltae
1426 2335 1433 2343 .
1679 2349 1684 2354 .

982 2357 1076 2392 Atque
1086 2349 1255 2384 amazonicas
1274 2356 1354 2385 etiam
1365 2354 1475 2384 Nonius
1484 2375 1493 2387 ,
1513 2358 1540 2383 δ(
1550 2353 1664 2382 Sveton.
1677 2359 1707 2378 in
1716 2349 1774 2378 Ne-

979 2404 1049 2424 rone
1066 2395 1167 2426 Claud.
1185 2406 1241 2436 cap.
1254 2408 1302 2434 44.
1322 2397 1478 2436 appellant,
1500 2394 1548 2434 qui
1567 2393 1601 2423 de
1619 2391 1717 2461 coditi:
1728 2391 1775 2445 ‘fic

1449 2482 1455 2495 ⁴
