1866 2526
160 30 237 81 576
491 28 535 71 R
565 17 622 70 H³

139 87 199 116 diet
209 108 217 119 ,
237 89 267 115 ὅ(
275 84 353 114 annis
371 84 483 124 singulis
490 86 522 115 ad
532 85 647 115 eandem
659 83 798 122 praefatam
810 103 819 116 ‚
841 83 870 112 δι
881 90 935 112 me-

137 136 271 156 moratam
288 126 433 155 Ecclesiam
443 126 599 165 persolvere
609 125 706 163 absque
725 123 808 152 ullius
817 123 934 152 occafio—

139 169 182 197 nis
190 167 410 196 conti-adiffione
421 177 482 195 cum
492 168 572 196 omni
583 165 730 205 vigilantia
741 163 845 191 studeat
855 184 863 192 .
871 165 934 193 1210-

135 208 234 237 ·doard.
245 207 291 236 lib.
305 219 331 246 3.
342 218 395 242 c.4.
406 210 417 239 ]
432 210 488 237 FR-
500 208 636 237 Henricus
648 216 714 235 vero
725 203 884 241 Spelmanus
892 204 935 233 vi-

133 249 217 278 detur
229 248 472 277 fibi-contradicere
488 250 520 277 in
531 247 732 287 significatione
741 243 820 279 hujus
840 245 915 274 verbi
927 257 934 277 ς

141 300 206 319 aiam
224 289 255 317 in
264 299 319 317 uno
332 289 393 317 loco
402 289 484 317 docet
496 311 504 322 ,
526 288 602 327 qnod
613 287 738 318 Revadio
747 306 755 318 ‚
776 288 804 313 ὅ(
814 286 936 323 Replegio

137 330 214 359 idem
223 329 377 367 significent
389 350 396 362 ,
415 333 444 358 ὅ(
453 329 516 358 alibi
527 329 627 358 deinde
638 327 676 356 ait
688 348 696 360 ‚
715 325 793 364 quod
811 327 936 358 Revadio

135 371 258 399 relaxare
267 370 384 398 denotet
395 391 402 397 .
424 370 496 398 Vide
516 370 653 407 Replegz'o.

94 412 274 440 szztario
286 431 292 438 .
304 410 377 439 Vide
388 412 562 446 ostentamen
573 429 580 437 .
592 407 746 445 Phanerosis
757 427 765 433 .

96 453 259 481 RevELARE
270 453 377 480 Aunem
389 471 396 478 .
418 452 473 479 FR.
485 450 552 478 idest
565 472 573 483 ,
586 448 689 477 secrete
698 449 731 476 ad
740 457 830 476 aurem
842 446 934 486 loqui.

143 498 157 527 [
167 491 194 521 Si
205 501 295 520 autem
307 490 522 529 perseveraverit
533 490 615 529 patris
625 489 680 518 mei
689 489 794 518 malitia
803 487 934 518 adversus

139 541 168 560 te
179 554 186 565 ,
197 532 324 561 revelabo
333 541 423 559 aurem
434 541 509 559 tuam
521 552 529 564 ‚
544 542 566 559 ι.
579 533 650 569 Reg.
663 540 687 558 c.
699 541 744 559 ιο.

98 573 299 603 REVENDi‘roit
310 592 317 599 .
329 571 402 601 Vide
412 572 581 609 Propolarius
592 592 599 599 .
613 572 797 609 Regratarius
806 590 813 597 .
833 569 936 598 Scruta-

138 613 192 641 rius
211 613 240 640 in
249 612 310 640 dist.
321 617 451 643 ,scrutum
461 631 469 639 .

990 80 1029 113 D.
1040 81 1207 122 Augustinus
1224 84 1253 113 in
1264 86 1360 115 eodem
1371 83 1471 115 Psalm-
1483 94 1528 121 57-
1539 83 1665 125 inquiens
1686 94 1698 124 [
1709 88 1786 128 Quid

988 124 1027 153 est
1037 123 1167 167 rhamnus
1179 129 1188 153 ?
1207 126 1350 163 Spinarum
1365 136 1451 165 genus
1463 127 1500 155 est
1510 148 1517 160 ‚
1538 126 1698 157 densiffimae
1710 138 1785 168 quae-

987 164 1049 193 dam
1064 163 1152 202 'splnae
1167 163 1217 193 effe
1229 166 1395 199 dicuntur.]
1415 171 1451 196 Et
1467 169 1504 196 D.
1518 168 1707 204 Hieronymus
1727 170 1765 198 ait
1775 181 1784 198 τ

985 211 1004 241 Δ(
1014 204 1156 235 Rhamnus
1167 204 1248 243 plena
1256 205 1374 236 sentibus
1386 228 1393 239 ‚
1403 211 1431 237 δ(
1440 207 1544 237 hericio
1554 209 1649 237 fimilis
1661 230 1668 238 .
1680 211 1715 238 In
1727 211 1786 239 Ha-

988 247 1043 274 bac.
1056 257 1082 284 3.
1095 247 1107 277 ]
1133 249 1174 274 Ac
1185 244 1331 276 suavissimi
1340 247 1432 276 odoris
1443 250 1538 277 florem
1550 249 1699 287 producere
1710 250 1784 279 idem

990 287 1099 316 Sanetus
1117 287 1225 315 Dostor
1234 285 1277 314 his
1288 287 1376 315 verbis
1395 288 1524 318 testatur:
1551 288 1715 325 [Rhamnus
1723 289 1786 320 sen-

989 327 1059 356 tium
1070 337 1155 366 genus
1176 327 1215 355 est
1227 325 1402 366 asperrimum
1412 329 1509 357 aculeis
1518 350 1526 362 ‚
1546 334 1575 359 ὃς
1584 331 1650 359 flore
1667 330 1785 370 gratiffi-

989 377 1064 396 mum
1076 389 1084 401 ,
1104 367 1177 396 unde
1188 367 1334 407 colligitur
1343 368 1455 406 duplam
1462 367 1559 398 habere
1571 371 1703 400 virtutem
1716 391 1726 407 ,
1743 371 1785 400 ul-

995 409 1083 437 tionis
1092 430 1100 441 ,
1121 411 1148 436 &
1158 409 1291 437 bonorum
1302 408 1492 437 retributionis
1520 409 1587 439 idest
1595 432 1604 444 ‚
1621 412 1696 449 justis
1706 413 1787 441 floret

990 450 1023 479 ad
1033 458 1162 478 ornatum
1172 470 1179 481 ,
1200 450 1383 486 peccatoribus
1394 430 1593 487 praebet'spinas
1602 452 1635 481 ad
1645 452 1787 491 configen-

990 490 1056 519 dum
1066 512 1074 524 ,
1085 491 1115 519 in
1126 488 1220 528 psalm.
1233 500 1279 525 57.
1291 493 1302 522 ]
1316 490 1367 518 His
1379 499 1497 528 namque
1505 500 1674 528 peccatorum
1682 491 1766 530 spinis
1778 513 1787 525 ,

991 540 1021 560 ut
1032 531 1076 570 pie
1087 530 1311 564 credendmnest,
1322 529 1449 560 Christus
1460 530 1542 559 etiam
1552 533 1676 562 coronari
1686 532 1787 562 voluit.

992 571 1066 600 Vide
1076 572 1222 600 Thamnus
1233 593 1240 600 .

952 614 1061 641 Rufina
1074 632 1081 640 .
1093 611 1165 641 Vide
1175 613 1354 650 Epirhedium
1367 633 1374 641 .

97 653 287 685 Revnxmnffi
299 674 308 685 ‚
319 652 352 681 sic
364 652 395 680 in
404 653 518 682 Concil.
527 651 698 682 Tridentino
706 650 893 680 d-imiflbriales
903 649 935 678 li-
953 655 1076 682 Rufinus
1088 673 1095 684 ,
1108 652 1222 681 Flumen
1233 674 1240 682 .
1265 655 1321 683 FR.
1333 664 1412 692 quai-e
1421 651 1539 682 bicornis
1549 653 1698 691 appellatus
1711 674 1718 686 ‚
1741 652 1787 682 adi

138 703 204 722 terae
215 703 410 732 nuncupantur
420 714 427 720 .

95 735 299 767 Renum-sus
314 755 321 766 ,
332 734 453 762 detectus
463 755 469 762 .
482 740 495 769 [
509 734 636 773 Dignum
645 733 684 762 est
696 742 819 761 enarrare
830 731 936 770 specia-

993 693 1142 723 Baronium
1153 693 1181 721 in
1192 693 1278 723 Noris
1286 694 1317 721 ad
1329 694 1475 731 Martyrol.
1490 706 1503 723 2
1514 705 1536 722 ι.
1546 694 1647 725 Ostob.
1658 694 1700 722 lit.
1710 694 1734 723 b.
1752 704 1787 723 ex

995 734 1076 773 Virg.
1087 733 1206 762 AEneid.
1220 739 1243 762 8.
1254 734 1284 763 in
1294 734 1342 763 fin.

137 775 265 813 lein-post
287 784 410 813 tempora
428 774 708 813 passionisliistoriam
726 772 886 805 reversatae,
909 776 935 801 ὅ(
953 776 1100 803 Rumon.
1123 774 1197 803 Vide
1208 780 1354 813 Caupona.

136 814 263 844 inventae
276 816 374 844 Crucis
384 835 391 843 .
405 816 441 843 D.
452 816 559 844 Paulin.
568 815 645 854 epist.
663 825 672 842 1
683 825 706 842 1.
718 814 751 842 ad
763 814 853 842 Sever.

96 857 177 885 Reus
189 876 196 884 .
221 856 294 884 Vide
303 856 501 892 subverbustus
512 876 519 884 .

96 899 349 925 RHABDOMANTIA
362 917 370 928 ,
379 891 592 933 ρκβδῇμαντεῖα,
602 895 741 924 divinatio
753 906 799 934 per
811 894 934 933 virgam:

137 939 213 966 Nam
235 934 331 975 ῥαᾯᾶὶις
351 936 458 974 virgam
476 935 610 974 significat
623 957 630 969 ,
645 934 763 972 μαντεία
781 934 934 964 divinatio-

135 988 201 1007 nem
213 998 221 1005 .
242 980 312 1006 Arte
323 978 397 1006 enim
409 976 540 1006 diabolica
555 977 659 1015 aliquas
671 986 761 1014 virgas
780 977 846 1004 stare
857 975 935 1003 facie-

137 1018 203 1047 bant
212 1040 219 1051 ,
238 1029 267 1047 ac
280 1017 452 1056 postmodum
470 1016 640 1046 observando
660 1026 693 1044 ex
703 1027 754 1055 qua
773 1026 846 1054 parte
858 1015 935 1044 cade-

137 1059 200 1089 bant
213 1081 220 1092 ‚
239 1059 273 1089 fic
284 1059 410 1087 divinare
424 1058 602 1088 nitebantur5
622 1058 656 1085 de
674 1067 724 1095 qua
743 1056 936 1095 superstitione

134 1100 261 1137 loquitur
271 1098 345 1129 Osee
357 1097 503 1136 Propheta,
514 1109 566 1134 c.4.
579 1099 720 1136 [Populus
732 1107 805 1126 meus
817 1097 846 1125 in
856 1098 935 1135 ligno

135 1139 187 1168 suo
197 1140 391 1179 interrogavit,
401 1142 428 1167 δ(
438 1139 543 1168 baculus
555 1141 612 1174 ejus
625 1137 802 1167 annunciavit
815 1137 865 1169 ei.]
877 1139 932 1166 FR-

136 1181 233 1218 Rhaps
229 1181 415 1209 adamannum
425 1190 439 1207 a
448 1179 547 1217 ῥαψωᾶ
553 1176 583 1209 lix
593 1201 601 1212 ‚
613 1179 690 1210 idest,
701 1178 852 1206 carminum
861 1187 936 1206 com-

138 1221 280 1250 binatione
288 1221 409 1249 derivari
420 1219 555 1248 existimo:
570 1220 634 1248 ideo
643 1220 718 1249 enim
729 1218 881 1248 incantatio
893 1218 934 1246 di-

138 1260 211 1290 citur
222 1283 230 1294 ‚
253 1261 357 1300 quiain
369 1261 521 1291 carminum
541 1260 646 1289 virtute
665 1269 725 1289 eam
742 1260 886 1290 confistere
896 1258 935 1287 as-

137 1300 230 1330 serunt
245 1322 251 1329 .

98 1343 224 1373 Rnaoas
239 1365 246 1376 ,
268 1341 372 1380 ῥαγοὶς,
389 1341 513 1375 Scissiira,
532 1342 576 1371 seu
588 1342 684 1371 frafflo
695 1363 703 1375 ,
726 1352 739 1370 a
750 1341 935 1381 graeco-verbo

136 1380 224 1422 ριἳκσω
233 1387 279 1420 ,δε
290 1383 397 1421 ῥιῖγιυμι
410 1408 417 1418 ,
426 1383 494 1411 idest
505 1404 513 1416 ,
535 1383 630 1422 frango
642 1405 649 1415 ,
661 1393 715 1421 quo
727 1383 858 1411 vocabulo
877 1380 936 1409 usus

954 817 1137 843 Ram-omes
1157 817 1268 844 Pinum
1280 835 1288 843 .
1311 815 1384 845 Vide
1395 816 1496 845 Fibula
1506 816 1657 846 rhetorica.

953 857 998 884 Ru
1005 865 1083 883 eumn
1096 875 1104 886 ‚
1117 854 1203 892 ῥεῦμα
1215 857 1319 891 ,fluxus
1331 878 1338 889 ‚
1348 857 1420 884 unde
1430 857 1515 884 fluxus
1525 878 1533 890 ‚
1545 861 1571 885 ἃ
1581 859 1698 886 refluxus
1709 855 1789 884 maris

994 896 1024 924 in
1035 895 1197 923 mamertino
1207 895 1277 923 fretu
1289 895 1375 924 adhuc
1388 897 1512 926 Rheuma
1522 918 1530 929 ,
1540 901 1568 926 ὃς
1577 906 1704 935 corrupte
1719 896 1788 926 Rhe-

993 947 1039 964 ma
1049 935 1163 964 dicitur.
1187 937 1270 970 [Nec
1290 935 1456 975 profundum
1465 937 1562 970 maris,
1583 942 1610 967 ὅ(
1623 937 1730 975 pontici
1751 946 1787 964 ae-

993 976 1045 1005 stus
1055 975 1225 1004 adsorbentes
1236 975 1377 1005 rheumam
1387 976 1555 1015 trepidassem
1566 998 1574 1004 .
1583 978 1608 1006 S.
1620 977 1709 1005 Hilar.
1722 987 1789 1004 con-

993 1027 1034 1044 tra
1045 1016 1158 1046 Const.]
1173 1015 1315 1055 usurpatur
1326 1017 1409 1046 etiam
1419 1028 1467 1056 pro
1478 1017 1631 1045 catari-him
1640 1017 1790 1045 humorum

994 1059 1070 1086 fluxu
1078 1057 1108 1085 in
1117 1066 1231 1094 corpore
1242 1078 1251 1090 ,
1272 1063 1286 1093 [
1299 1062 1338 1087 Ex
1349 1069 1381 1086 eo
1392 1058 1465 1096 quod
1486 1067 1543 1085 erat
1555 1058 1703 1096 impeditus
1721 1059 1791 1095 Papa

992 1098 1104 1126 rheuma
1115 1118 1122 1129 ,
1144 1097 1208 1125 fecit
1220 1098 1343 1127 officium
1354 1100 1389 1127 D.
1400 1098 1558 1127 Cardinalis
1568 1099 1672 1127 Montis
1683 1101 1791 1136 Arago-

993 1148 1059 1167 num
1070 1159 1076 1165 .
1096 1140 1130 1166 In
1143 1138 1259 1176 quodam
1272 1140 1431 1168 Caeremon.
1452 1141 1493 1167 M.
1504 1141 1528 1167 S.
1540 1139 1678 1178 antiquo]
1692 1137 1736 1167 ubi
1755 1137 1789 1166 de

992 1178 1144 1208 Benedieio
1154 1180 1237 1207 XIII.
1247 1180 1306 1219 agit
1317 1201 1324 1209 .
1343 1181 1398 1209 FR.
1411 1180 1513 1208 Auctor
1524 1189 1616 1208 tamen
1627 1179 1728 1208 Vocab.
1741 1181 1791 1207 Ec-

993 1218 1056 1248 cles.
1076 1218 1129 1247 hoc
1150 1220 1309 1249 vocabulum
1329 1229 1470 1259 perperam
1492 1219 1703 1250 inundationem
1712 1229 1791 1258 aqua-

991 1270 1051 1289 rum
1061 1259 1213 1298 significare
1221 1260 1309 1289 afferit
1322 1282 1328 1288 .
1791 1274 1794 1276 ·

952 1303 1160 1331 Rufiunmizo
1173 1321 1181 1332 ‚
1203 1298 1432 1339 ρόῧμανίζομαι,
1452 1301 1544 1339 agitor
1555 1301 1585 1329 in
1597 1300 1737 1329 stomacho
1757 1309 1791 1327 eit

994 1341 1137 1370 humerum
1147 1340 1308 1369 abundantia
1317 1361 1324 1368 .
1336 1346 1349 1375 [
1359 1342 1405 1369 An
1416 1343 1521 1369 morbus
1531 1341 1748 1372 reumatizantis,
1761 1343 1789 1367 Sc

994 1379 1143 1410 nauseantis
1154 1379 1283 1408 stomachi
1294 1385 1303 1410 ?
1318 1380 1435 1408 Fulbert.
1445 1382 1565 1410 Cat-not.
1575 1381 1653 1419 epist.
1668 1385 1713 1418 83.

136 1424 176 1452 est
187 1424 224 1451 D.
237 1424 402 1462 Augustinus
411 1424 444 1452 ad
456 1423 632 1461 significanda
642 1424 728 1452 ulcera
739 1427 795 1457 ejus
814 1423 931 1450 haemor-
953 1424 1172 1452 RHINOTME'IUS
1183 1440 1189 1447 .
1211 1422 1267 1449 PR.
1278 1420 1430 1459 Justiniani
1442 1423 1480 1450 II.
1492 1421 1671 1459 Imperatoris
1681 1419 1790 1458 epithe-

135 1464 267 1493 rhoiduin
278 1486 285 1497 ,
298 1464 440 1503 inquiens:
455 1470 466 1499 [
481 1465 538 1493 Nec
549 1464 683 1492 ambulare
695 1486 701 1496 ,
714 1474 763 1491 nec
774 1463 841 1491 stare
852 1485 860 1496 ‚
885 1472 935 1490 nec

135 1503 230 1533 sedere
241 1503 480 1543 pofi'unishagadis
494 1525 502 1536 ,
513 1506 557 1533 vel
566 1504 715 1532 exochadis
723 1504 820 1532 dolore
830 1525 838 1536 ,
852 1513 880 1531 :ic
895 1512 935 1530 tu-

136 1554 215 1573 more
225 1568 232 1578 ,
242 1545 318 1583 epist.
335 1557 343 1573 1
352 1550 398 1580 48.
407 1545 440 1573 ad
449 1547 554 1573 Fratres
563 1564 570 1571 .
581 1546 593 1575 J
613 1546 648 1573 In
659 1544 778 1583 quodam
789 1546 828 1572 M.
839 1545 864 1572 S.
876 1546 936 1573 An-

135 1586 192 1624 geli
204 1588 303 1615 Roccae
326 1587 380 1615 Sac.
391 1585 489 1614 Palatii
499 1585 596 1623 Apost.
608 1587 745 1623 quondam
764 1584 895 1614 Sacristiae
906 1584 937 1611 in

137 1625 312 1655 Bibliotheca
330 1628 356 1656 5.
367 1625 515 1664 Augustini
531 1625 565 1654 de
576 1625 653 1654 Urbe
671 1625 720 1654 ase
730 1626 815 1654 erecta
830 1647 836 1657 ,
856 1635 884 1652 ac
896 1624 929 1651 de

135 1665 185 1696 suo
196 1666 310 1695 no‘miiie
329 1668 465 1705 Angelica
474 1666 607 1704 appellata
616 1687 624 1698 ‚
648 1665 780 1695 aflervato
792 1687 799 1698 ‚
818 1676 850 1693 ex
859 1666 934 1700 cujus

134 1707 246 1735 lecim-‚e
268 1707 354 1735 multa
365 1715 420 1735 tam
430 1705 509 1734 sacrae
520 1727 528 1738 ,
549 1716 630 1745 quam
641 1706 763 1744 profanae
773 1705 937 1734 eruditionis

994 1471 1052 1490 tum
1065 1483 1072 1494 ‚
1089 1471 1122 1489 ex
1133 1471 1224 1499 graeco
1236 1461 1328 1489 vocab.
1338 1461 1492 1499 ῥινᾳτμιινος
1506 1486 1511 1494 ,
1529 1461 1598 1489 idest
1608 1482 1616 1494 ,
1628 1459 1769 1496 denasatus
1781 1481 1789 1492 ,

994 1501 1057 1531 naso
1069 1510 1205 1529 truncatus
1217 1511 1223 1530 3
1242 1510 1305 1529 nam
1316 1500 1428 1528 Lentins
1447 1501 1563 1529 Senator
1574 1510 1634 1528 cum
1652 1501 1710 1529 aliis
1718 1511 1751 1528 co
1758 1511 1789 1528 n-

995 1542 1090 1579 juratis
1100 1540 1194 1569 nasum
1212 1543 1267 1576 ejus
1278 1541 1486 1569 detruncaverat
1501 1561 1507 1568 .
1527 1543 1627 1570 Baton.
1646 1551 1710 1571 ann.
1723 1547 1791 1577 ⁶94·

993 1593 1067 1612 num.
1083 1593 1092 1610 1
1100 1602 1106 1609 .
1119 1585 1147 1610 δε
1156 1581 1231 1620 seqq.
1242 1582 1285 1610 De
1293 1591 1346 1620 qua
1354 1579 1454 1609 offensa
1464 1581 1503 1609 ita
1515 1581 1664 1609 vindictam
1674 1579 1793 1619 sumpse<

993 1632 1077 1656 rat‚ut
1087 1621 1310 1661 quotiescumque
1321 1620 1413 1649 nasum
1427 1632 1540 1660 purgare
1550 1630 1794 1660 cogeretur,unum

995 1675 1028 1692 ex
1039 1663 1184 1699 coiijuritis
1195 1663 1285 1690 occidi
1294 1662 1403 1697 jubebat
1415 1682 1422 1690 .
1446 1662 1524 1691 Idem
1537 1664 1635 1694 Baton.
1646 1672 1710 1690 ann.
1725 1672 1792 1700 703.

998 1716 1025 1732 ii.
1041 1715 1062 1732 1.
1073 1707 1101 1732 &
1110 1702 1187 1741 seqq.

135 1748 256 1785 excerpsi
266 1769 274 1780 ,
284 1752 311 1777 δ(
323 1748 395 1776 inter
405 1747 455 1777 :ilia
467 1768 474 1779 ,
484 1747 559 1784 quod
569 1746 702 1775 Clemens
711 1749 780 1785 Pipa
795 1747 880 1774 VIII.
899 1744 937 1772 se-
955 1748 1118 1774 Rmmnmn
1129 1764 1136 1770 .
1148 1744 1221 1772 Vide
1232 1744 1384 1772 Flabellum
1395 1764 1402 1771 .
1414 1744 1649 1782 Monobambylum
1661 1762 1669 1770 .

135 1787 192 1817 mel
202 1788 236 1816 de
257 1787 336 1823 hujus
345 1787 555 1826 significationis
568 1788 700 1816 vocabulo
709 1797 769 1814 cuin
790 1785 866 1814 suum
881 1788 936 1813 Me-
956 1789 1138 1815 Rn11¹SASi>IS
1152 1805 1158 1811 .
1173 1786 1228 1813 FR„
1241 1785 1322 1812 Miles
1332 1784 1444 1812 timidus
1455 1805 1462 1816 ‚
1484 1785 1530 1822 qui
1542 1786 1669 1822 clypeum
1681 1781 1793 1822 projicit

137 1828 232 1858 dicum
251 1827 441 1865 interrogass’et
452 1850 459 1860 ,
479 1828 528 1856 ille
538 1827 638 1866 linguae
649 1837 744 1867 graecae
763 1827 871 1865 ignarus
884 1825 935 1853 res-

140 1868 275 1906 ponderat
287 1867 391 1896 nescire
403 1888 411 1896 .
435 1868 508 1896 Vide
521 1870 626 1896 Exoche
636 1887 644 1895 .

99 1911 244 1938 RHAMM'S
257 1930 264 1941 ‚
287 1908 371 1948 spinae
382 1907 528 1937 duriffimae
540 1929 548 1940 ‚
561 1918 589 1936 ac
598 1907 720 1946 ingentis
732 1906 832 1945 species
846 1928 852 1939 ,
875 1916 935 1944 quse

135 1959 227 1987 graece
236 1949 317 1977 etiam
326 1947 424 1987 ῥκμνός
433 1948 580 1981 diciturne
590 1958 639 1986 qua
648 1947 789 1977 Psalmista
803 1959 808 1974 :
823 1953 835 1982 [
847 1946 938 1975 Prius-

137 2000 218 2028 quam
235 1990 426 2027 intelligerent
443 1988 529 2027 spinae
542 1988 637 2018 vestrae
650 1988 814 2018 rhamnum5
838 1986 936 2016 Psalm.

994 1826 1026 1854 ad
1038 1824 1208 1863 fugiendum,
1221 1835 1254 1852 ex
1265 1835 1356 1863 graeco
1366 1824 1495 1852 vocabulo
1505 1822 1659 1864 ῥίψασπις.
1672 1823 1793 1859 [Levius

995 1866 1032 1894 est
1044 1887 1051 1898 ‚
1069 1865 1088 1893 fi
1101 1865 1159 1902 quis
1180 1863 1323 1903 rhipsal'pis
1341 1865 1494 1902 appelletur
1507 1885 1515 1897 ‚
1535 1864 1609 1903 quod
1625 1864 1753 1902 clypeum
1764 1862 1795 1890 in

994 1906 1049 1935 acie
1058 1905 1184 1940 abjecerit
1195 1927 1203 1938 ‚
1215 1915 1295 1945 quam
1306 1905 1325 1934 {i
1335 1914 1459 1943 magnam
1472 1905 1545 1933 illam
1557 1902 1716 1933 armaturam
1727 1905 1795 1939 jeju-

996 1947 1073 1975 nium
1086 1946 1212 1975 videatur
1223 1944 1381 1983 projecisse„
1395 1946 1419 1973 S.
1428 1945 1539 1974 Bafilius
1549 1966 1556 1978 ,
1579 1944 1655 1974 hom.
1668 1957 1693 1974 2.
1704 1945 1737 1974 de
1747 1945 1794 1983 Je-

995 1996 1074 2022 Junio
1087 2007 1094 2013 .

141 2040 186 2066 57.
198 2031 211 2061 1
225 2030 257 2058 de
267 2031 339 2058 malo
348 2029 442 2058 habitu
455 2029 626 2067 intelligens,
636 2029 683 2067 qui
694 2039 723 2057 ut
734 2026 873 2057 durissima
883 2026 937 2065 spi·
956 2030 1130 2057 RnomANus
1145 2049 1152 2059 ,
1165 2025 1266 2055 Insulae
1279 2026 1375 2055 Rhodi
1386 2025 1477 2054 incola
1490 2048 1497 2059 ,
1506 2026 1553 2064 qui
1567 2027 1686 2056 Rhodius
1699 2047 1706 2059 ,
1726 2025 1795 2056 Rho-

139 2080 175 2098 na
185 2070 214 2098 in
222 2069 302 2098 senili
321 2079 401 2098 aetate
412 2069 547 2101 efficium
566 2069 753 2106 dejuvenibus
765 2069 838 2098 enim
849 2078 937 2096 morte

136 2111 289 2148 praeventis
306 2111 429 2149 loquitur
440 2131 448 2143 ‚
471 2110 500 2139 in
513 2110 606 2148 quibus
627 2108 781 2145 hujusmodi
800 2107 886 2146 cuspis
897 2109 938 2136 vi-

137 2148 205 2179 tiosa
213 2150 299 2180 adhuc
319 2160 411 2179 tenera
421 2150 559 2188 reperitur
568 2171 577 2183 ‚
601 2161 629 2178 ac
651 2150 753 2178 mortui
773 2148 835 2179 sunt
853 2148 939 2186 prius-

138 2200 222 2228 quam
232 2189 383 2219 duriffinias
402 2190 509 2219 rhamni
520 2190 610 2229 spinas
628 2190 819 2228 intelligerent
831 2211 837 2221 ,
851 2189 917 2216 idest
929 2210 937 2222 ,

138 2230 276 2259 sentirent
287 2250 293 2257 .
318 2230 415 2268 Aliqui
425 2231 643 2269 contemplative
652 2231 842 2259 existimarunt
854 2228 938 2259 Chri-

139 2271 210 2299 stum
219 2271 374 2299 Dominum
387 2270 429 2299 his
440 2270 526 2308 spinis
534 2280 693 2300 coronatum
703 2271 732 2298 in
742 2269 863 2308 paffione
875 2268 938 2297 fuis-

139 2310 168 2339 se
178 2332 186 2343 ,
206 2321 267 2340 cum
277 2310 434 2347 hujusmodi
443 2310 529 2348 spinae
541 2312 592 2340 fint
608 2320 662 2349 prae
675 2312 735 2339 aliis
747 2310 868 2339 duriores
880 2331 887 2342 ,
910 2313 938 2338 δε

147 2351 178 2382 in
198 2351 366 2393 configendo
375 2351 510 2389 acutiores
520 2373 529 2391 ,
547 2361 662 2394 guarum
679 2360 803 2390 naturam
812 2349 938 2390 describit

995 2067 1094 2104 dienfis
1107 2088 1114 2099 ,
1137 2067 1294 2096 lediacus
1314 2067 1397 2095 etiam
1408 2067 1509 2095 dicitur
1520 2088 1526 2095 .
1547 2067 1608 2095 Fuit
1628 2066 1686 2094 haec
1707 2064 1794 2094 insula

995 2107 1135 2146 quondam
1153 2107 1288 2146 Equitum
1306 2108 1495 2136 Melitentium
1504 2106 1597 2136 sedess·
1621 2107 1694 2135 unde
1711 2104 1793 2135 Ordo

994 2148 1158 2177 Rhodianus
1170 2148 1302 2185 appellata
1314 2147 1366 2175 fuit
1377 2157 1471 2176 eorum
1483 2147 1599 2186 Religio
1611 2167 1618 2175 .
1630 2152 1642 2182 [
1654 2147 1729 2176 Secus
1739 2153 1794 2173 am-

996 2199 1059 2217 nem
1070 2187 1149 2225 supra
1169 2188 1364 2216 Monasterium
1384 2188 1503 2217 Ordinis
1515 2188 1660 2217 Rhodiani
1672 2207 1679 2219 ,
1697 2185 1726 2212 in
1738 2184 1794 2213 vita

997 2229 1022 2257 S.
1035 2229 1153 2267 joanni>
1165 2228 1277 2257 Teristce
1288 2238 1321 2256 cx
1333 2238 1424 2266 graeco
1436 2229 1580 2259 traducta-J
1596 2229 1651 2256 FR.
1665 2235 1697 2253 ex
1709 2223 1794 2252 samo—

995 2268 1025 2296 so
1037 2269 1116 2303 liujus
1126 2268 1229 2298 Insulae
1242 2268 1359 2297 Colofl'o
1369 2290 1377 2301 ,
1391 2268 1500 2298 Rhodii
1510 2267 1665 2304 Coloffenses
1674 2264 1794 2302 appelln-

994 2309 1092 2337 bantur
1107 2309 1261 2348 antiquitus
1271 2331 1279 2344 ,
1298 2309 1328 2339 ad
1341 2319 1408 2349 quos
1418 2310 1456 2339 D.
1466 2309 1562 2339 Paulus
1570 2305 1713 2344 epistolam
1721 2304 1794 2333 dire-

996 2359 1089 2380 xerata

1032 2387 1045 2390 Α
1674 2386 1753 2421 ΚΗΘ-ξ
