1866 2526
448 53 561 100 AG

85 115 157 147 dntae
166 113 212 145 hic
224 123 376 154 agaparum
387 110 586 144 consuetudini
597 112 645 141 usu
655 109 735 141 venit
746 131 754 139 .
764 110 790 140 Ii
801 109 876 140 enim

75 156 281 196 ,posterioribus
291 154 397 183 seculis
408 154 438 184 in
447 155 507 184 haec
517 152 650 182 convivia
669 151 760 182 abusus
771 156 798 182 δε
817 162 877 196 cor-

85 197 229 236 niptiones
238 195 336 225 sensim
347 194 518 234 irrepserunt
532 216 540 227 ‚
561 204 592 222 ut
603 195 666 233 lege
675 194 728 222 lata
738 203 768 221 ea
780 201 877 238 'Omm-

84 248 126 266 no
135 237 284 276 prohibere
302 236 436 265 necessiun
450 235 532 265 suerit
543 255 549 261 .
563 235 689 270 synodus
703 234 855 263 Laodicena
868 255 875 265 ,

83 287 110 306 c.
124 282 171 307 28.
181 278 324 309 decretum
333 276 423 305 edidit
435 276 464 305 in
475 276 539 307 haec,
546 276 628 303 verba
638 286 644 301 :
668 281 726 304 Non
736 282 837 312 oportet
846 277 875 302 in

84 317 270 356 Bafilicisseu
282 316 408 354 Ecclesiit
432 317 472 355 sic
484 318 572 345 distas
587 315 682 354 farere
700 323 819 354 agapas,
842 313 877 347 ό·

82 361 115 386 in
134 358 209 386 domo
228 361 282 386 Dei
303 358 473 386 manducare
487 379 495 390 ,
518 357 552 389 ό·
571 356 716 384 accubitus
729 357 848 394 sternere
868 374 875 381 ·

85 397 250 427 Concilium
268 396 338 425 item
358 398 576 435 Carthaginenst
593 402 644 425 III.
667 407 690 424 c.
711 406 757 434 30.
771 405 854 424 .vetat
867 415 874 426 ‚

83 438 208 467 Clericos
216 438 362 467 convivari
375 439 403 466 in
414 437 541 469 Ecclesia,
554 437 603 465 nisi
614 437 685 466 sorte
697 437 875 476 peregrinan-

82 487 124 507 tes
134 500 142 512 ‚
153 478 343 508 deficientibus
357 479 486 516 hospitiis
498 477 570 510 aliis,
581 477 638 506 illic
649 476 792 506 reficiendi
804 477 857 505 lint
868 487 873 519 ,³

88 519 185 557 populi
195 519 279 547 etiam
288 520 318 547 ab
329 518 483 553 huiusmodi
493 517 632 547 conviviis
643 540 650 551 ,
671 527 805 556 quantum
816 516 874 544 fieri

1218 53 1328 95 AG
1613 68 1664 111 33

934 118 982 138 nes
992 108 1130 138 timoratae
1141 109 1320 140 conscientiae
1340 107 1370 138 in
1389 111 1570 139 contubernio
1589 111 1727 151 spirituali

933 149 1074 180 retinere5
1098 158 1126 178 at
1136 151 1269 189 temporis·
1293 150 1414 189 processu
1433 151 1495 179 talis
1515 151 1632 181 charitas
1643 154 1672 182 in
1685 153 1727 181 vi-

933 190 1002 219 tium
1022 191 1204 229 degeneravit
1217 213 1225 224 ,
1250 191 1353 220 idcirco
1374 191 1500 231 praefatus
1520 191 1557 220 D.
1582 193 1727 229 Hierony-

935 240 992 258 mus
1004 231 1058 259 loc.
1068 230 1114 258 eit.
1126 233 1265 266 [Novum
1276 233 1471 261 concubinatus
1481 242 1566 270 genus
1579 235 1591 264 ]
1606 235 1727 271 appella-

932 271 975 299 vit
987 293 995 304 ,
1018 282 1047 300 ac
1057 271 1119 300 zelo
1130 272 1229 301 ardens
1239 295 1247 306 ‚
1270 273 1405 302 exclamat
1418 285 1424 301 ι
1450 279 1462 308 [
1482 272 1570 301 Unde
1584 273 1613 301 in
1633 276 1727 303 Eccle-

934 311 981 339 sias
991 315 1180 352 Agapetarum
1201 313 1282 351 pestis
1293 313 1406 342 introiit
1419 334 1426 341 .
1451 316 1463 345 ]
1476 314 1511 342 In
1523 314 1727 343 Constantino-

933 352 1057 390 politana
1071 363 1189 392 namque
1198 354 1278 383 Urbe
1289 375 1297 387 ,
1317 365 1377 382 cum
1390 354 1508 384 clericis
1517 352 1563 383 sub
1573 355 1671 383 eodem
1684 365 1726 383 te-

933 392 977 420 &o
988 402 1126 431 praetcxtu
1133 395 1214 422 resta:
1225 393 1371 424 charitatis
1391 394 1523 423 vivebant
1535 405 1541 425 ς
1566 405 1626 434 quae
1647 405 1726 434 petra

931 431 1052 462 scandali
1061 444 1110 474 per
1119 435 1226 464 Divum
1236 437 1374 473 Joannein
1383 434 1618 470 Chrysostomum
1637 435 1726 466 initio

932 473 1101 510 posleffionis·
1121 479 1176 510 ejus
1200 486 1270 504 ωτι
1288 486 1392 505 remota
1407 475 1459 504 suit
1471 497 1479 509 ,
1502 479 1530 504 &
1541 486 1554 503 a
1564 477 1608 505 SS.
1630 478 1682 506 ΡΡ.
1695 488 1724 505 ac

931 512 1009 542 sacris
1020 517 1159 545 Conciliis
1171 515 1310 554 prohibita
1321 539 1328 550 ‚
1350 521 1379 547 ὅ(
1389 516 1574 547 condemnata
1585 517 1636 546 siut
1646 538 1654 545 .

86 558 169 597 poffit
180 581 188 593 ‚
212 559 352 598 prohiberi
362 560 491 594 iubentur
500 579 507 586 .
531 560 634 586 Verum
644 559 718 587 enim
732 569 798 587 vero
809 567 874 585 con-
890 556 1056 586 AGARzNus
1067 579 1076 591 ,
1100 557 1173 587 Vide
1185 562 1338 602 Saracenas
1347 579 1357 602 Ι.
1376 598 1381 602 ”

83 598 202 629 suetudo
222 600 362 638 prodierat
380 600 507 638 longius,
530 609 610 637 quam
631 609 660 627 iit
680 609 736 628 uno
747 607 873 636 tempore
889 594 914 622 S·
928 597 1063 626 Aenum:
1075 600 1168 627 MissA
1180 619 1188 630 ,
1199 608 1285 637 quare
1296 608 1411 638 ineipiat
1423 599 1602 628 Gaudeamus
1613 610 1703 628 omnes
1715 619 1723 627 .

85 641 206 669 omnino
218 641 342 679 abrogari
355 639 439 678 posset
450 653 457 668 :
468 649 613 677 propterea
623 651 656 668 eit
668 640 818 679 Augustini
829 648 871 665 re-

929 636 1004 665 Vide
1013 642 1148 667 introitus
1160 659 1167 665 .

85 681 232 719 sponsione
241 681 275 709 ad
285 682 415 717 Faustum
427 680 613 708 Manichaeum
625 690 698 718 patet
710 702 718 714 ‚
741 679 829 710 adhuc
839 689 869 706 es.
890 676 1033 706 Acutum
1045 698 1052 706 .
1077 681 1134 708 PR.
1144 689 1243 717 parvus
1255 690 1327 719 ager.
1342 685 1354 715 [
1366 680 1392 709 Si
1405 680 1464 718 quis
1475 679 1538 708 sane
1548 681 1725 709 clericorum

86 731 168 749 aetate
179 725 208 753 in
217 721 334 750 Ecclesia
344 720 420 748 illam
439 719 514 748 fuifle
534 719 707 750 observatam
719 741 726 748 .
750 719 872 757 Quando

83 762 161 789 enim
170 763 288 798 Faustus
299 761 354 789 duo
363 760 491 789 adversus
500 761 562 789 istas
573 770 672 799 agapas
684 761 822 800 opponit5
846 770 869 787 i.

929 717 1037 755 agella,
1061 720 1107 747 vel
1118 720 1242 748 vineolas
1265 721 1313 749 tibi
1333 720 1420 749 secii'lc
1430 721 1606 758 probabitur,
1632 733 1658 760 3.
1675 722 1723 750 de*

928 758 1022 786 cretal.
1036 759 1081 787 tit.
1094 769 1140 795 25.
1151 771 1208 799 cap.
1222 771 1246 796 ς.

83 800 320 840 quodfintsemen
330 801 641 839 epularutngtntilium,
653 806 683 830 in
695 810 794 839 agapas
807 812 870 828 ver·
889 797 1018 827 AGENDA
1030 821 1038 831 ,
1061 799 1135 828 sacra
1146 822 1154 833 ,
1167 811 1227 839 quae
1239 811 1291 840 pro
1302 802 1438 830 desunftls
1448 803 1621 831 celebrantur
1632 823 1638 831 .
1664 808 1676 837 [
1688 805 1724 831 In.

74 840 196 877 sarumJ
221 853 246 870 2.
259 842 330 879 quod
339 842 476 870 Catholici
487 854 516 870 tn
527 846 664 871 memoriis
674 848 834 881 Martyrum
840 841 871 877 se

82 882 218 910 inebrient
229 896 236 910 :
261 882 377 920 primam
386 884 558 920 Augustinus
570 882 771 911 incusationem
781 904 789 914 ,
801 890 870 909 tam-

81 931 166 960 quam
176 932 278 950 meram
289 922 452 951 calumniam
463 923 553 959 rejicit
563 946 571 956 ,
583 933 679 952 contra
687 924 780 960 faust.
792 922 811 949 l.
823 932 868 949 ιο.

81 972 106 990 c·
119 973 164 991 20.
174 962 217 991 his
229 963 336 991 verbis:
358 964 560 1000 Necsacrificia
577 975 667 992 eorum
683 966 822 991 vertimus
839 964 868 988 in

81 1010 180 1040 agapas
191 1024 198 1031 .
212 1023 219 1031 .
234 1023 241 1030 .
255 1008 352 1041 Agapae
362 1007 436 1032 enim
447 1005 533 1040 nostra
542 1011 672 1042 pauperes
682 1005 740 1040 pas
736 1012 804 1031 cunt
805 1001 868 1038 five

77 1041 208 1079 frugibus
217 1064 225 1075 ,
239 1043 302 1080 five
313 1044 442 1071 carnibus
454 1044 512 1076 &a
523 1044 674 1072 Secundam
691 1053 782 1072 autern
793 1043 868 1070 'mcu-

84 1079 223 1111 sotionem
233 1093 266 1110 ex
278 1093 354 1120 parte
365 1084 493 1113 concedit
504 1104 512 1115 ,
534 1093 564 1111 ut
576 1086 675 1112 restam
688 1105 695 1117 ‚
718 1082 849 1111 nimirum
859 1103 867 1114 ‚

83 1122 159 1159 quod
177 1122 273 1161 populi
290 1122 336 1151 has
355 1132 453 1161 agapas
473 1124 503 1152 in
524 1124 641 1153 Ecclesia
659 1124 797 1152 celebrent
809 1144 816 1155 ,
839 1125 866 1150 δ(

83 1163 158 1200 quod
169 1163 302 1191 nonnulla
315 1163 402 1191 minus
414 1164 484 1191 reste
496 1167 523 1191 &
534 1164 664 1192 decenter
686 1164 717 1192 ab
738 1164 776 1191 eis
799 1162 867 1204 inibi

84 1202 170 1233 fiant5
190 1202 238 1231 sed
248 1202 306 1230 haec
316 1203 347 1230 ab
359 1203 475 1231 Ecclesia
486 1202 635 1232 Catholica
647 1215 705 1232 non
725 1203 866 1242 approbari

83 1242 151 1270 dicit
163 1263 170 1269 .
191 1245 253 1283 Qui
264 1264 271 1275 ,
285 1242 376 1281 inquit
392 1244 459 1271 ibid.
471 1254 493 1271 c.
506 1255 519 1272 2
530 1245 587 1282 nse
597 1248 625 1273 in
637 1248 775 1272 memoriis
788 1249 866 1272 Mar-

82 1291 176 1321 tyrum
186 1283 346 1317 inebriant,
369 1285 500 1322 quomodo
519 1295 538 1312 a
556 1286 630 1313 nobis
650 1286 790 1322 approbari
807 1284 864 1321 pos-

76 1323 149 1361 sunt
159 1345 167 1357 ,
176 1335 238 1352 cum
248 1335 288 1352 eos
299 1345 306 1356 ‚
326 1324 438 1361 etiamsi
444 1327 474 1352 in
484 1325 608 1354 domibus
618 1327 675 1359 fuis
696 1325 847 1363 idfaciant
859 1345 865 1355 ,

76 1364 153 1401 sana
166 1365 290 1392 doc'brina
300 1366 480 1393 condemnet?
502 1366 552 1393 Sea'
561 1366 642 1394 aliud
662 1368 697 1402 est
709 1387 717 1398 ,
741 1366 812 1404 quod
823 1366 867 1392 do-

81 1415 172 1432 cemus
183 1416 190 1435 5
200 1405 298 1437 aliud,
320 1406 562 1443 quodsustinemus
576 1417 583 1436 5
607 1407 689 1434 aliud
702 1427 709 1437 ,
725 1407 795 1444 quod
803 1414 866 1442 pra-

83 1447 169 1481 cipere
193 1445 321 1479 jabemur
335 1457 342 1476 ς
366 1446 447 1474 aliud
460 1467 466 1477 ,
490 1448 561 1484 quod
581 1447 726 1474 emendare
746 1448 863 1484 precipi-

83 1495 147 1512 mur
159 1506 167 1518 ‚
179 1484 213 1517 ό·
224 1486 305 1514 donec
317 1488 489 1514 emendemus
504 1508 512 1518 ,
532 1488 648 1515 tolerare
659 1487 848 1524 compellimur
858 1507 864 1513 .

81 1524 162 1552 Idem
180 1527 369 1562 Augustinus,
393 1525 515 1555 Conseflss
537 1527 555 1554 l.
577 1535 604 1556 ὁ.
625 1538 648 1555 c.
671 1539 696 1555 ε..
716 1528 868 1555 Mediolani
888 1528 890 1530 ’

83 1564 172 1592 omnis
183 1566 290 1602 generis
301 1567 431 1595 convivia
441 1576 471 1594 in
481 1567 606 1596 Ecclcfiis·
627 1569 657 1596 ab
669 1567 807 1604 Ambrosio
830 1566 869 1595 se-

84 1603 176 1631 licitei·
188 1605 333 1634 interdicta
356 1607 430 1636 suiss'e
449 1618 582 1636 memorat
593 1620 600 1639 5
623 1612 650 1636 &
664 1608 690 1635 in
711 1607 824 1645 epistola
837 1608 868 1635 ad

84 1645 236 1673 Aurelium
249 1666 257 1677 ,
279 1654 316 1683 ep.
330 1653 376 1682 64.
389 1648 551 1686 Episcopum
567 1649 812 1686 Carthaginensem
824 1659 866 1676 to-

86 1695 127 1711 tus
139 1685 215 1712 estin
228 1687 368 1715 monendo
381 1709 390 1720 ,
411 1699 441 1716 ut
460 1688 603 1717 licentiosa
623 1688 681 1716 haec
701 1687 869 1716 consuetudo

84 1734 242 1753 coerceatur
252 1748 260 1759 ‚
281 1726 391 1765 sperins
402 1728 459 1757 sore
470 1751 476 1762 ‚
497 1738 526 1756 ut
537 1730 665 1767 exemplo
676 1728 810 1766 Ambrosii
823 1739 869 1767 pe-

86 1766 159 1793 nitus
168 1767 346 1805 extinguatur
355 1788 363 1796 .
386 1771 421 1797 In
433 1770 530 1797 Gallia
548 1769 616 1797 item
638 1779 652 1797 a
663 1769 798 1798 Concilio
807 1774 867 1798 Au-

85 1806 233 1843 relianensi
239 1812 274 1835 Il.
285 1818 308 1835 c.
317 1820 324 1836 i
334 1821 359 1837 2.
370 1809 508 1848 prohibita
519 1810 557 1837 est
568 1821 611 1838 an.
623 1811 724 1849 DXLI.
738 1812 869 1838 Attamen

86 1844 129 1872 his
138 1847 261 1875 omnibus
272 1859 329 1877 non
339 1850 505 1879 obstantibus
515 1872 523 1883 ,
534 1851 658 1888 quedam
668 1849 748 1885 hujus
758 1849 870 1879 consue-

88 1885 190 1914 tudinis
207 1888 330 1927 reliquise
351 1889 452 1919 saeculo
463 1891 582 1929 septimo
600 1890 869 1929 supersuerffiquan-

87 1924 235 1963 doquidem
247 1927 367 1963 synodus
378 1932 516 1960 Trullana
526 1953 533 1964 ,
555 1942 578 1959 c.
589 1943 634 1967 74.
647 1933 796 1960 Canonem
805 1937 870 1960 Lao-

87 1966 215 1995 uicenam
227 1979 321 1999 contra
330 1972 499 2000 convivandi
521 1982 626 2000 morem
646 1972 674 2000 in
696 1972 806 2000 ecclesia
825 1970 871 2000 sub

89 2015 182 2049 poeiia⁴
191 2012 482 2040 excommunicationis
512 2023 636 2051 repetere
653 2023 682 2041 ac
708 2012 870 2041 confirmare

89 2047 191 2074 necesse
209 2047 302 2079 habuit
311 2072 318 2079 .
341 2052 421 2081 Adeo
442 2053 559 2082 difficile
583 2063 640 2082 erat
651 2075 659 2086 ,
683 2054 783 2081 veteris
802 2064 870 2081 con—

87 2086 240 2116 suetudinis
251 2089 340 2119 abusus
351 2093 487 2131 extirpare
498 2115 506 2126 ‚
528 2095 595 2133 quin
615 2092 708 2132 &ipsa
727 2092 869 2122 consuetu—

87 2127 124 2155 do
137 2149 144 2159 ,
165 2128 194 2156 in
206 2129 316 2168 origine
325 2131 368 2160 sua
377 2132 510 2162 innocens
521 2156 528 2166 ,
548 2139 575 2163 δε
586 2135 623 2163 rei
636 2134 790 2162 christian-”e
802 2135 869 2162 :ideo

89 2168 165 2196 utilis
176 2190 184 2201 ‚
206 2170 388 2201 destrueretur
398 2194 406 2200 .
429 2176 464 2202 V.
472 2176 542 2211 Festi
552 2176 609 2203 dies
620 2180 779 2212 Martyrum
792 2195 799 2202 .

42 2210 200 2238 ,tionem
212 2211 340 2240 Soxoxise
351 2233 359 2245 ‚
380 2223 434 2242 vox
446 2225 534 2253 graecr.
546 2213 709 2252 A'Ja‘mi‘tm'
723 2235 730 2247 ‚
742 2215 810 2243 idest
821 2236 827 2246 ‚
841 2215 868 2242 in

90 2248 224 2279 charitate
234 2251 341 2280 sorores
352 2274 360 2285 ‚
370 2252 416 2282 seu
425 2253 531 2283 sorores
541 2254 695 2292 spirituales
706 2276 712 2282 .
725 2255 870 2290 Hierony-

89 2298 148 2317 mus
157 2300 252 2320 tamen
260 2303 302 2321 eas
313 2303 393 2321 vocat
409 2295 566 2332 Adoptivas
579 2297 680 2332 sorores
694 2317 701 2328 ‚
724 2295 801 2332 epist.
823 2307 837 2324 2
843 2307 869 2328 7.

86 2329 120 2357 ad
132 2331 260 2360 Eustoch.
270 2334 304 2362 fic
317 2334 400 2362 etiam
409 2334 511 2363 Pallad.
521 2335 551 2363 in
560 2335 687 2374 Dialogo
701 2357 709 2368 ‚
730 2335 869 2368 &Sorores

84 2371 188 2400 devota
200 2372 230 2401 ab
239 2374 298 2401 aliis
306 2375 487 2404 nominantur
496 2396 505 2410 ‚
527 2386 590 2416 φης
600 2376 767 2406 consuevere
777 2375 868 2404 homi-

123 2413 317 2445 Hierolexi'con
339 2419 448 2445 Macri.

927 839 1048 877 Agenda
1067 840 1253 878 plurimorum
1280 841 1474 870 desunftoruin
1494 863 1502 870 .
1525 844 1665 872 Graduale
1683 844 1722 871 D.

925 881 1012 918 Greg.
1023 882 1062 908 M.
1073 882 1099 909 S.
1111 880 1143 910 in
1152 883 1255 921 Angel.
1268 882 1402 911 Biblioth.
1416 884 1441 912 S.
1456 883 1605 923 Augustini
1615 885 1650 913 de
1661 884 1721 912 Ur-

925 919 957 947 be
968 919 1134 950 conservato
1145 942 1151 949 .
1176 924 1293 962 Agenda
1310 923 1469 962 vespertina
1481 945 1488 956 ‚
1512 927 1559 953 vel
1568 923 1703 953 matutina
1712 946 1720 952 .

928 960 1115 989 Inleffionar.
1126 963 1152 990 S.
1164 963 1336 1000 Hieronymi
1348 984 1355 991 .
1378 965 1431 993 Per
1453 974 1535 993 omne
1546 966 1689 994 Sabbatum
1708 976 1722 993 a

924 1002 1090 1035 Presbytero
1111 1002 1167 1030 loci
1187 1003 1278 1037 illius,
1298 1005 1411 1043 agendo:
1433 1004 1546 1033 illorum
1557 1004 1722 1034 solemniter

924 1041 1095 1070 celebrantur
1105 1062 1112 1069 .
1124 1044 1195 1071 Beda
1205 1044 1234 1072 in
1246 1046 1305 1073 vita
1314 1046 1340 1073 S.
1353 1044 1499 1083 Augustini
1514 1046 1626 1085 Angliae
1642 1049 1722 1083 Apo-

923 1081 1004 1110 stoli.
1026 1085 1038 1113 ]
1051 1083 1163 1110 Dicitur
1172 1085 1289 1121 Agenda
1298 1083 1411 1122 insuper
1422 1094 1479 1113 tam
1489 1086 1598 1114 Sacrum
1610 1109 1616 1119 ,
1636 1085 1719 1125 qiiam

922 1122 1061 1151 Officium
1072 1133 1124 1161 pro
1134 1123 1280 1157 defunftis,
1291 1125 1354 1163 quia
1366 1126 1395 1152 in
1406 1125 1439 1153 iis
1449 1126 1580 1164 agitatu&
1593 1126 1721 1156 effectua-

923 1172 968 1191 tur
979 1163 1116 1191 testatoris
1127 1173 1204 1191 mens
1217 1185 1224 1195 ,
1247 1164 1282 1192 fic
1304 1165 1336 1192 ab
1346 1165 1512 1194 executione
1530 1166 1604 1195 illius
1617 1168 1721 1196 mentis

923 1206 1051 1241 Exeqnia
1069 1203 1216 1232 dicuntur.
1242 1206 1324 1240 FR.[
1347 1205 1399 1234 Sed
1417 1216 1452 1234 ne
1471 1207 1560 1235 Mauri
1579 1209 1722 1246 quondam

925 1242 1054 1282 Episcopi
1076 1244 1266 1273 Anniversitas
1287 1267 1294 1277 ,
1317 1245 1365 1273 seu
1388 1246 1506 1285 Agenda
1537 1248 1690 1278 celebretur
1709 1269 1718 1277 .

924 1284 1020 1312 Anast.
1031 1284 1168 1313 Biblioth.
1190 1285 1219 1313 in
1230 1287 1325 1314 Leone
1347 1288 1387 1315 ΙΙ.
1398 1287 1425 1315 Si
1436 1287 1495 1325 quis
1507 1289 1656 1324 Presbyter
1675 1291 1718 1318 in-

923 1323 1052 1353 consulto
1063 1324 1200 1363 Episcopo
1211 1326 1357 1365 Agendam
1368 1325 1397 1354 in
1407 1327 1531 1365 quolibet
1548 1329 1610 1357 loco
1621 1331 1719 1359 nolue-

923 1365 959 1392 rit
984 1366 1118 1393 celebrare
1129 1386 1136 1392 .
1160 1367 1315 1404 Capitular.
1337 1368 1434 1396 Caroli
1444 1369 1538 1407 Magni
1551 1392 1558 1402 ,
1583 1370 1627 1397 tit.
1650 1383 1718 1406 224.

923 1406 1049 1434 Tandem
1059 1405 1179 1434 lut‘tuosa
1188 1408 1317 1435 oratione
1339 1407 1436 1441 finita,
1463 1411 1610 1447 Agendnm
1629 1411 1718 1440 incce-

926 1446 952 1484 pi
966 1466 972 1473 .
995 1447 1020 1475 S.
1043 1449 1139 1474 Petrus
1149 1447 1313 1476 cluniacen.
1328 1448 1394 1477 Abb.
1409 1449 1553 1487 Epistolar.
1574 1450 1621 1480 lib.
1636 1464 1660 1481 2.
1672 1463 1718 1491 ep.

930 1498 972 1518 17.
985 1487 1013 1514 in
1024 1487 1094 1515 Bibl.
1106 1487 1262 1516 Cluniacen
1272 1509 1280 1516 .

920 1530 1003 1556 Acin
1016 1548 1022 1554 .
1045 1528 1187 1566 Antiquos
1205 1541 1331 1566 agrorum
1352 1529 1455 1559 limites
1485 1542 1627 1561 removere
1647 1532 1717 1570 ejus-

930 1568 1006 1596 modi
1017 1568 1122 1596 crimen
1133 1579 1190 1597 erat
1201 1591 1208 1601 ‚
1232 1579 1261 1597 ut
1272 1570 1342 1608 apud
1360 1570 1433 1609 ipsos
1446 1581 1551 1601 veteres
1562 1579 1694 1603 Romanos
1706 1595 1715 1606 ,

926 1617 1064 1646 tamquam
1075 1609 1199 1646 capitalis
1221 1621 1312 1643 noxa,
1337 1611 1498 1648 puniretur.
1522 1619 1618 1642 Numa
1636 1619 1716 1642 Pom-

922 1649 1008 1686 pilius
1020 1649 1117 1677 fundos
1130 1655 1262 1679 Romanos
1274 1652 1356 1678 certis
1368 1652 1500 1689 lapidibus
1511 1653 1625 1681 notabat
1635 1675 1643 1686 ‚
1662 1654 1714 1692 qui

930 1689 1097 1717 vocabantur
1108 1691 1211 1727 lapides
1225 1692 1303 1727 sacri
1316 1713 1323 1723 ,
1346 1702 1379 1719 eo
1397 1693 1471 1729 quod
1483 1696 1544 1725 lovi
1563 1692 1714 1722 consecrati

926 1728 1030 1760 ell'ent3
1053 1740 1169 1768 quorum
1181 1731 1331 1759 occultatio
1351 1742 1395 1760 :tut
1409 1734 1552 1761 translatio
1570 1743 1620 1772 pro
1633 1743 1714 1763 tanto

926 1769 1041 1797 crimine
1053 1770 1199 1798 habebatur
1211 1791 1218 1803 ‚
1230 1780 1260 1798 ut
1271 1792 1278 1803 ,
1291 1772 1337 1809 qui
1351 1772 1379 1800 in
1390 1783 1423 1800 eo
1432 1773 1617 1812 deprehensus
1629 1774 1693 1803 est'et
1704 1797 1713 1808 ,

925 1808 1051 1849 sacrilegi
1062 1811 1145 1838 instar
1157 1832 1165 1843 ‚
1186 1812 1269 1839 Calv.
1281 1816 1373 1841 Lexic.
1384 1814 1499 1848 juridic.
1526 1824 1593 1842 voce
1605 1818 1686 1843 Fines
1701 1837 1710 1848 ,

927 1850 1038 1888 impune
1057 1851 1145 1879 occidi
1166 1850 1250 1889 pollet
1262 1873 1268 1879 .
1292 1854 1347 1881 Lex
1361 1854 1469 1882 Divina
1488 1855 1712 1884 iiialedistionein

927 1890 991 1918 hiizc
1017 1892 1126 1919 crimini
1155 1892 1302 1920 denuntiat
1317 1915 1323 1925 ‚
1349 1894 1516 1922 Maledictus
1532 1916 1538 1927 ,
1562 1895 1690 1933 inquiens
1701 1918 1709 1929 ,

925 1935 973 1969 qui
997 1941 1087 1960 movit
1109 1935 1261 1960 terminum
1275 1942 1393 1970 proximi
1407 1935 1457 1970 sui
1469 1955 1476 1966 ,
1500 1934 1618 1967 &dicet
1635 1945 1710 1964 tatus

922 1973 1053 2010 populus,
1072 1976 1181 2000 Amen.-
1205 1974 1291 2001 Deut.
1314 1985 1358 2004 27-
1377 1984 1418 2005 ¹7·
1441 1975 1638 2011 Constantinus
1653 1978 1710 2004 Im-

927 2022 1036 2050 perator
1056 2012 1083 2040 id
1095 2012 1125 2040 in
1137 2012 1192 2040 istis
1203 2014 1388 2041 criminalibus*
1398 2015 1547 2043 ustionibus
1567 2016 1649 2054 ponit
1660 2038 1668 2048 ,
1680 2026 1710 2045 in

927 2063 989 2091 quas
999 2062 1076 2080 extra
1086 2053 1214 2080 ordinem
1222 2053 1499 2083 animadvertendum
1510 2056 1541 2084 sit
1552 2078 1559 2089 ‚
1580 2057 1710 2094 quemad-

926 2094 1039 2121 modum
1049 2093 1166 2123 Pithaeus
1177 2115 1185 2125 ‚
1195 2094 1289 2121 adnot.
1302 2097 1332 2122 in
1342 2095 1433 2123 collat.
1444 2096 1493 2133 leg.
1504 2096 1571 2134 Mos.
1584 2097 1618 2130 ό·
1630 2103 1706 2126 Rom.

926 2142 973 2160 tit.
990 2144 1031 2170 ¹3·
1054 2132 1211 2161 observavit
1231 2144 1264 2161 ex
1285 2135 1389 2163 vetusta
1406 2135 1589 2165 adnotatione
1610 2137 1638 2164 in
1648 2136 1710 2165 sen-

925 2174 1026 2202 tentias
1036 2174 1136 2206 Pauli,
1159 2174 1271 2201 celebris
1291 2174 1366 2203 illius
1385 2175 1572 2213 jureconsulti
1585 2199 1593 2210 ‚
1614 2177 1708 2205 dicen-

925 2214 960 2242 tis
970 2236 977 2247 ,
1001 2218 1030 2242 in
1044 2224 1105 2242 eum
1117 2235 1124 2245 ,
1147 2224 1193 2252 qui
1201 2222 1248 2251 per
1260 2217 1322 2243 vim
1338 2220 1471 2244 terminos
1489 2218 1619 2251 dejecerit
1630 2239 1638 2250 ‚
1660 2218 1708 2246 vel

923 2264 1061 2283 amovem:
1076 2276 1083 2285 ,
1105 2263 1188 2282 extra
1213 2255 1335 2283 ordinem
1362 2259 1626 2285 animadvertitur·
1646 2259 1704 2287 Lex

926 2294 1108 2323 Ecclesi'astica
1118 2293 1224 2332 semper
1240 2293 1293 2323 lioc
1310 2296 1471 2329 damnavit,
1494 2307 1632 2335 tamquam
1651 2298 1705 2325 cri-

925 2345 988 2363 men
1000 2357 1007 2368 ,
1021 2335 1064 2363 cui
1073 2335 1116 2362 lex
1128 2335 1225 2362 divma
1236 2335 1460 2365 malediCtionem
1470 2337 1604 2365 inflixerit
1614 2357 1621 2363 .
1641 2339 1705 2366 Hoc

925 2376 1046 2407 nomine
1065 2375 1150 2404 etiam
1170 2385 1267 2405 omnes
1288 2376 1424 2407 ambitiosi
1452 2378 1496 2406 illi
1515 2376 1644 2416 Episcopi
1673 2376 1705 2407 su

1367 2417 1395 2447 C
1598 2427 1661 2446 cen-
