1866 2526
145 63 224 106 288
463 64 509 106 D
539 64 579 105 O

127 122 206 150 enim
225 121 302 150 clero
310 120 484 160 patriarchali
504 132 556 161 prae
562 119 660 151 fidebat
671 141 678 150 .
701 117 838 152 Secundus
845 117 919 149 clero

124 162 268 201 Cappellae
289 163 466 200 Imperatoris
476 184 484 191 .
513 161 622 192 Tertius
642 163 718 192 clero
738 159 923 201 Imperatricis

128 204 282 242 Cappessae,
296 204 343 242 qui
353 205 519 242 Despinicus
528 204 667 232 dicebatur
677 214 689 232 a
699 205 821 241 Despina
832 203 922 238 Impe-

122 245 234 272 ‘ratricis
246 245 329 272 titulo
340 265 347 272 .
357 246 441 278 Item,
452 244 655 283 reperiebantur
664 245 811 280 Domestici
822 250 923 280 praeto-

129 284 200 313 riani
211 307 218 318 ‚
237 295 336 323 nempe
346 307 354 318 ,
373 286 477 317 milites
487 307 494 318 ,
518 295 548 313 ac
566 286 808 322 Megadomesttcus
830 291 925 312 eorum

129 327 187 354 Prae
193 325 274 355 fectus
286 326 422 355 dicebatur
432 347 439 354 .
452 332 464 361 [
475 328 548 355 Cum
558 323 621 353 cflet
630 325 660 352 in
671 324 811 362 Imperiali
823 322 925 361 palatio

129 366 280 404 plurimum
299 366 448 395 honoratus
459 388 465 399 ,
488 370 514 394 ὃ(
525 364 750 404 Megadomestici
768 363 905 402 dignitate
917 383 924 394 ,

129 417 210 445 quem
231 417 281 436 nos
295 411 423 444 majorem
432 405 606 439 senescallum
623 406 765 434 nominare
781 403 927 432 consuevi-

130 457 198 480 mus,
210 447 378 487 ningeretur.
389 448 501 477 Nicetas
512 446 542 474 in
554 447 611 474 vita
621 448 664 484 Jo:
675 445 828 478 Comneni,
837 455 876 472 αι
888 446 925 475 ι.]

129 489 201 517 Item
213 492 239 517 δ(
252 491 453 526 Domesticatus
466 487 590 516 officium
601 507 609 519 ‚
623 486 818 521 [Gaudentius
831 494 906 523 pater
918 506 925 517 ,

127 528 250 564 Scythis
262 530 418 558 Provincix
432 528 560 566 primoris
570 527 625 555 loci
640 549 648 559 ‚
667 537 681 554 a
690 526 869 555 domesticatu
881 535 926 553 ex-

128 569 206 599 orsus
216 570 345 598 militiam
366 570 397 598 ad
408 568 559 607 magisterii
569 568 693 606 equitum
707 567 816 595 culmen
827 576 926 605 prove—

130 611 187 639 &us
197 611 234 639 est
246 631 253 638 .
265 613 383 649 Gregor.
394 613 497 639 Turon.
510 609 556 637 lib.
570 619 663 647 2.cap.
678 614 703 637 8.
725 610 801 643 [FR.
813 607 866 635 hoc
876 617 926 636 no-

130 661 193 679 men
203 653 348 686 Domeslaecl
357 652 395 679 est
409 650 489 678 nimis
497 649 624 688 generale
633 671 640 682 ,
652 649 686 678 fic
698 650 727 677 in
737 648 816 676 civili
827 657 905 676 textu
918 669 925 679 ,

129 692 321 720 Domesticum
331 690 450 719 orientis
461 712 468 722 ‚
479 689 665 727 Domesticum
675 688 857 721 scholarium,
868 688 927 716 Do-

129 733 270 761 mesticum
281 731 379 760 mensa:
392 753 399 764 ‚
411 730 605 760 Donicsticum
617 730 751 758 moenium
763 751 770 761 ,
793 733 821 757 ὅ(
834 729 929 757 similia

130 772 227 811 pfiffim
237 773 354 803 invenio
365 793 372 802 .
385 774 420 805 In
430 772 520 811 primo
530 770 610 802 seusu
620 790 627 803 ,
640 771 711 805 Vide
722 771 907 800 subdiaconus
922 791 939 806 ‚,

130 819 146 843 S
148 814 267 852 yncellus
278 834 284 842 .

87 854 174 885 Doni
186 876 193 887 ,
203 855 271 893 quid
282 854 405 884 hebraice
416 855 552 894 significet
562 875 570 882 .
581 853 655 883 Vide
665 855 814 884 Silentium
823 873 830 881 0

89 896 283 925 DOMICELLUS
294 918 301 929 ‚
313 897 433 924 nobilem
442 897 556 925 denotat
567 915 574 923 .
599 896 672 924 Vide
684 896 838 932 Adelingus
850 913 857 925 ,
873 897 928 921 Ca-

131 940 244 974 tipanus
257 958 264 969 ,
276 941 415 967 Maserius
425 958 432 964 .

88 977 275 1006 Dommucus
293 998 300 1010 ‚
310 978 423 1007 domum
433 977 534 1005 ducens
543 997 550 1004 .
575 976 717 1005 Fabulosus
727 977 801 1004 Deus
813 997 820 1007 ‚
831 975 866 1003 de
875 984 929 1012 quo

130 1019 167 1046 D.
181 1018 295 1056 August.
306 1018 352 1046 lib.
364 1025 390 1047 6.
402 1018 436 1049 de
447 1018 538 1046 Civit.
548 1017 622 1050 Dei,
635 1028 658 1045 c.
668 1029 697 1053 9.
710 1018 744 1045 sic
755 1016 861 1054 inquit:
877 1021 888 1049 [
902 1015 928 1043 Si

130 1058 244 1087 domum
255 1059 292 1086 est
304 1058 430 1086 ducenda
441 1068 500 1096 qux
513 1059 591 1087 nubit
602 1079 609 1090 ,
619 1057 777 1086 adhibeatur
787 1058 861 1085 Deus
871 1056 930 1084 Do-

131 1100 254 1127 miducus
268 1110 274 1130 5
293 1109 363 1126 utin
375 1099 458 1128 domo
469 1099 502 1127 lit
513 1120 520 1132 ‚
539 1099 697 1127 adhibeatur
715 1098 874 1126 Domitius:
900 1107 929 1124 ut

128 1149 236 1169 maneat
245 1149 306 1168 cum
319 1139 390 1171 viro,
403 1140 562 1168 adhibeatur
574 1139 719 1168 Mansurna
732 1141 761 1170 .]
777 1141 833 1166 FR-
844 1138 931 1170 potest

131 1181 215 1210 etiam
225 1182 308 1208 limax
321 1202 328 1211 ,
339 1185 366 1209 ὅ(
376 1180 487 1208 cochlea
499 1181 536 1209 ita
545 1181 693 1218 appellari,
717 1189 782 1217 quas
792 1178 929 1207 animi-,11

129 1229 228 1259 partas
240 1232 252 1248 a
264 1221 401 1259 portando
413 1242 420 1254 ,
433 1220 478 1250 seu
489 1221 615 1250 ducendo
627 1221 721 1249 dixere
733 1240 740 1248 .

89 1262 214 1292 DoniNE
227 1263 322 1291 LAB1A
333 1262 399 1290 ΜΕΑ
413 1265 539 1291 Amemus
552 1283 560 1294 ,
583 1265 634 1290 &c.
646 1261 719 1290 Vide
731 1260 821 1297 Versus
841 1261 929 1298 aperi-

133 1312 217 1331 ιιοηις
229 1323 235 1329 .

92 1343 320 1376 Dommamms,
332 1344 516 1379 Majordomus
525 1364 532 1371 .
549 1342 735 1379 [Natalitium
746 1341 780 1370 de
793 1351 849 1369 mea
861 1339 930 1369 sole-

135 1393 194 1412 mni
205 1384 238 1412 ad
250 1384 391 1414 Dominis:
403 1386 481 1413 dium
492 1395 583 1413 meum
594 1384 731 1412 cantilena
741 1404 748 1410 .
758 1383 864 1416 Paulin4
875 1381 933 1420 epi-

136 1424 199 1454 stol.
209 1436 238 1461 9.
249 1426 261 1455 ]
272 1425 372 1453 &alibi
386 1426 459 1454 idem
471 1427 575 1455 Aufior
586 1425 687 1453 cecinit
698 1436 707 1455 ,-

377 1468 465 1504 Qiam
476 1488 483 1499 ‚
506 1467 573 1504 quid
595 1465 665 1493 mihi
689 1465 764 1494 testis

134 1509 198 1548 Ipse
220 1510 287 1539 meis
299 1532 306 1543 ‚
329 1509 425 1548 quibus
447 1507 484 1536 est
506 1528 514 1539 ,
547 1507 622 1536 idem
643 1504 834 1534 Dominaedius
856 1503 914 1542 egit
924 1523 931 1530 .

135 1552 226 1586 Quare
248 1551 333 1588 aliqui
354 1549 424 1577 male
447 1557 550 1577 nomen
567 1547 623 1575 Dei
650 1546 826 1585 interpretati
847 1543 910 1572 sunt
924 1564 930 1570 .

134 1592 209 1620 Vide
232 1592 416 1621 vicedomnus
428 1609 435 1616 .

92 1632 254 1662 Domxmmx
265 1655 271 1665 ,
283 1642 370 1671 prima
382 1629 560 1658 hebdomadae
573 1627 646 1657 dies:
658 1638 716 1666 quae
727 1631 795 1656 Dies
806 1627 876 1655 lucis
888 1647 895 1658 ‚
906 1629 931 1654 ἃ

134 1677 293 1711 Diespanis
305 1684 318 1700 a
335 1674 372 1701 D.
384 1672 427 1708 Jo:
444 1669 590 1706 Chrysost.
615 1668 713 1696 homil.
726 1669 759 1697 de
779 1666 932 1696 Resurrefi.

135 1714 256 1743 dicitur:
277 1720 384 1751 Regma
395 1733 403 1744 ,
426 1711 598 1748 &Princeps
610 1713 732 1738 ommam
744 1711 854 1738 dierum
863 1718 876 1735 a
896 1708 932 1735 D.

136 1755 253 1794 Ignatio
264 1755 386 1788 M·1rtyre
400 1775 405 1783 ‚
418 1754 447 1780 in
458 1752 535 1790 epist.
545 1752 577 1779 ad
590 1750 740 1788 Magnefios
751 1771 757 1782 ‚
768 1759 798 1777 ut
810 1747 881 1776 infra
892 1747 932 1775 d:-

1266 63 1380 107 Do

975 117 1055 160 giiii-i
1065 119 1094 150 di
1118 131 1178 152 nata
1188 123 1226 152 est
1235 122 1334 152 divina
1341 120 1500 151 clementia.
1512 123 1575 152 Imo
1586 120 1617 152 in
1627 121 1682 151 hoc
1691 119 1738 151 die
1746 117 1777 149 in

978 160 1067 191 insula
1076 164 1112 190 Pa
1122 161 1206 192 hmos
1217 164 1351 203 appellata
1361 164 1397 191 D.
1410 164 1454 201 Jo.
1466 163 1645 202 Evangelistae
1657 162 1777 192 revelata

979 202 1043 231 sunt
1052 203 1182 237 mysteria
1191 203 1310 234 coelesti'a.
1323 226 1330 236 ‚
1341 208 1369 233 ὃς
1379 203 1463 232 futuri
1472 205 1596 233 Ecclefiae
1609 214 1723 234 eventus
1745 202 1778 230 in.

980 243 1148 282 Apocalypsi
1158 245 1340 283 i·egistrati‚,ut
1352 242 1467 281 ipsemet
1479 245 1626 283 Apostolus
1637 245 1666 273 in
1679 241 1778 283 princi.

981 283 1029 322 pio
1039 282 1116 319 hujus
1128 286 1252 314 traetatus
1263 285 1360 313 fatetur
1370 285 1505 323 inquiens:
1519 286 1588 320 [Fui
1601 286 1630 313 in
1638 284 1737 324 spiritu
1748 282 1778 310 in

981 324 1132 353 Dominica
1142 325 1187 353 die
1198 328 1265 357 &c.]
1279 329 1312 357 Et
1323 324 1407 362 aliqui
1417 327 1527 354 tandem
1539 326 1711 364 probabiliter
1719 324 1780 353 exi-

983 364 1092 394 stimant
1103 387 1109 397 ,
1122 366 1196 404 quod
1208 366 1237 393 in
1248 366 1293 396 die
1304 366 1454 397 Dominica
1465 366 1568 395 futurus
1579 362 1779 398 eritnniversa-

983 406 1009 434 le
1018 406 1150 442 judicium
1164 427 1171 434 .
1194 405 1428 435 Observationem
1438 416 1526 435 autem
1534 406 1612 442 hujus
1623 406 1707 435 sanffi
1718 403 1778 433 diei

982 447 1012 474 ab
1024 446 1222 484 Apostolorum
1233 446 1399 484 temporibus
1409 446 1521 475 initium
1531 446 1648 476 habuisse
1670 448 1707 476 D.
1721 448 1778 474 Au-

983 488 1106 526 gustmus
1116 509 1124 521 ‚
1133 486 1183 516 ser.
1196 500 1210 517 2
1218 497 1242 523 5.
1253 487 1286 515 de
1298 495 1423 525 tempore
1434 487 1561 519 testatur-5
1573 498 1651 526 atque
1660 487 1778 516 occasio-

982 539 1016 556 ne
1026 529 1195 566 quorundam
1207 527 1410 557 Haereticorum
1421 549 1428 560 ,
1441 528 1487 565 qui
1500 537 1563 556 tunc
1573 528 1706 567 temporis
1717 536 1780 562 my-

983 568 1092 597 sterium
1105 568 1322 599 Resurre&ionis
1332 569 1466 607 negabant
1476 591 1483 601 ‚
1494 572 1520 597 δ(
1529 569 1685 604 jejunabant
1696 569 1726 596 in
1735 568 1780 595 die

982 610 1135 642 Dominico
1145 632 1153 643 ‚
1176 621 1204 638 ut
1216 619 1422 647 opponerentur
1430 608 1586 638 Catholicis
1597 630 1605 642 ‚
1626 609 1673 648 qui
1684 609 1712 636 in
1723 607 1779 636 hoc

983 650 1028 679 dic
1038 651 1165 678 laetantur
1176 662 1183 681 ς
1205 651 1268 678 inde
1288 649 1416 688 Apostoli
1428 672 1435 683 ,
1458 659 1552 677 eorum
1574 649 1779 678 Haeretieorum

983 691 1125 729 perfidiam
1136 691 1300 720 detestantes
1311 712 1318 723 ,
1328 701 1386 719 can.
1400 700 1445 726 55.
1456 689 1654 729 prohibuerunt
1665 711 1671 722 ,
1692 700 1725 718 ne
1737 689 1781 717 in-

985 741 1026 760 ter
1038 731 1130 760 fideles
1139 732 1169 760 in
1178 731 1223 759 die
1234 731 1385 759 Dominico
1393 732 1561 766 jeiunarerur
1573 751 1579 757 .
1592 730 1670 758 Idem
1680 728 1783 758 succes-

986 772 1041 801 five
1051 772 1245 801 confirmatum
1257 771 1306 799 fuit
1316 782 1330 800 :i
1339 773 1376 800 D.
1388 772 1502 810 Ignatio
1513 773 1634 806 Martyre
1646 792 1653 802 ‚
1663 769 1742 808 epist.
1755 773 1781 797 8.

985 813 1028 842 ubi
1041 814 1074 843 fic
1084 815 1129 842 ait:
1137 815 1179 850 [Si
1189 812 1425 853 quisDominicam
1436 812 1508 841 diem
1516 809 1784 848 jejunaverinffliri-

985 855 1017 883 sti
1028 855 1186 885 interfenftor
1196 855 1291 888 est,]&
1303 854 1375 883 idem
1386 854 1415 882 in
1428 853 1541 892 epist-ad
1551 852 1705 891 Magnestos
1717 849 1783 879 scri-

985 895 1083 934 pserat:
1096 903 1108 931 [
1121 897 1182 926 1³0st
1194 896 1332 925 Sabbatum
1342 905 1429 923 omnis
1440 894 1546 923 Christi
1558 902 1665 921 amator
1677 891 1783 920 Domi—

984 937 1077 965 nicum
1084 938 1200 966 celebrat
1210 937 1284 965 diem
1296 959 1303 970 ‚
1315 935 1517 965 Resurreftioni
1529 933 1715 962 consecratum
1725 933 1783 960 Do.

985 978 1093 1007 minicae
1107 999 1114 1010 ,
1125 978 1263 1016 Reginam
1273 998 1280 1010 ,
1291 981 1318 1006 ὃ(
1328 976 1480 1016 principem
1488 974 1613 1004 omnium
1625 974 1729 1002 dierum
1740 992 1748 1000 .
1767 973 1782 1003 1

986 1018 1119 1056 Idemque
1137 1020 1224 1047 cultus
1242 1018 1272 1046 in
1290 1019 1406 1047 Nicceui
1417 1016 1531 1051 Synodo
1541 1014 1628 1043 fuerat
1647 1013 1764 1041 sancitus
1773 1031 1784 1040 .

984 1060 1048 1087 Imo
1059 1069 1123 1087 tunc
1135 1061 1249 1097 Magnus
1260 1057 1461 1088 Constantinus
1471 1067 1542 1085 anno
1555 1077 1562 1089 ‚
1581 1064 1679 1093 nempe
1693 1076 1700 1086 ‚
1713 1063 1783 1091 3²¹·

983 1100 1017 1128 ad
1027 1099 1244 1128 observationem
1256 1098 1412 1127 Dominitae
1423 1098 1478 1126 diei
1489 1097 1574 1126 etiam
1584 1094 1711 1130 Gentiles
1719 1103 1782 1122 coe<

986 1140 1027 1179 git
1036 1162 1044 1173 ,
1054 1150 1083 1169 ut
1094 1152 1126 1169 ex
1137 1141 1242 1170 Codice
1257 1137 1394 1169 Theodos,
1406 1139 1558 1177 colligitur,
1571 1138 1615 1165 ubi
1628 1135 1784 1172 Diesfolis,

983 1184 1059 1216 juxta
1070 1192 1164 1210 eorum
1175 1180 1406 1219 superstitionem,
1417 1180 1570 1218 appellatur
1580 1176 1740 1208 Dominica,
1751 1183 1782 1202 ut

985 1222 1015 1248 in
1026 1222 1090 1250 diost.
1105 1223 1244 1259 Diessolis
1255 1221 1357 1251 dietum
1369 1221 1405 1249 est
1415 1241 1421 1248 .
1443 1222 1516 1249 Item
1528 1219 1670 1249 Honorius
1693 1218 1785 1259 Impe-

986 1271 1060 1289 rator
1069 1263 1113 1300 pie
1122 1263 1298 1290 constituerat
1308 1283 1316 1294 ,
1328 1262 1403 1299 quod
1413 1260 1443 1289 in
1453 1261 1577 1290 omnibus
1589 1257 1744 1288 Dominicis
1753 1265 1782 1283 in

985 1303 1130 1331 carceribus
1139 1303 1248 1331 detenti
1261 1323 1268 1334 ‚
1291 1312 1336 1339 pcr
1347 1311 1441 1330 eorum
1452 1301 1552 1339 vigiles
1562 1298 1691 1328 conduffi
1707 1319 1712 1328 ,
1735 1305 1782 1324 ex-

985 1342 1159 1371 traherentur
1170 1365 1177 1376 ,
1189 1352 1219 1370 ut
1231 1354 1243 1370 a
1254 1342 1376 1370 fidelibus
1386 1339 1572 1376 eleemosynas
1582 1336 1761 1377 exposcerent
1773 1356 1783 1368 ι

985 1386 1013 1412 ὅ(
1025 1384 1057 1412 ad
1079 1384 1173 1412 balnea
1181 1383 1418 1414 conducerentur,
1441 1392 1522 1420 atque
1532 1390 1642 1419 poenam
1665 1378 1783 1415 triginta

985 1424 1042 1452 auri
1055 1424 1180 1452 librarum
1192 1423 1323 1460 judicibus
1334 1421 1464 1460 imposuit
1476 1444 1483 1454 ,
1502 1422 1549 1460 qui
1559 1418 1783 1459 transgrederen-

987 1475 1030 1493 tur
1040 1464 1110 1492 hanc
1122 1465 1210 1502 legem
1221 1486 1228 1497 ‚
1242 1463 1316 1502 quod
1327 1463 1355 1490 in
1364 1461 1503 1491 Theodos.
1514 1462 1607 1490 codice
1620 1482 1628 1493 ,
1652 1459 1698 1487 libi
1709 1469 1735 1491 7,
1747 1457 1783 1485 de

984 1505 1048 1533 cust.
1070 1515 1140 1533 reor.
1150 1505 1263 1533 habetur
1273 1525 1280 1531 .
1304 1505 1377 1532 Item
1393 1503 1561 1530 celebrantur
1572 1499 1785 1530 Dominicarum

989 1546 1103 1584 Vigiliae
1116 1566 1123 1572 .
1146 1546 1260 1574 Concil.
1274 1542 1523 1572 Matisconemcan.
1537 1553 1584 1578 47.
1602 1544 1630 1570 &
1643 1537 1781 1577 Agathcn·

988 1587 1074 1614 Multa
1084 1587 1116 1614 de
1125 1585 1176 1614 hac
1187 1587 1232 1614 dic
1244 1585 1341 1624 colligi
1354 1583 1458 1622 possent
1470 1595 1503 1612 cx
1516 1582 1597 1612 variis
1612 1579 1784 1610 Austoribus,

988 1637 1047 1666 qus:
1058 1627 1199 1655 brevitatis
1209 1627 1295 1666 gratia
1305 1626 1518 1663 relinquuntur,
1541 1623 1641 1651 Diebus
1653 1620 1787 1648 Domini-

988 1670 1025 1697 cis
1036 1666 1144 1706 semper
1155 1668 1184 1696 in
1195 1666 1269 1696 Misi}
1279 1667 1380 1694 dicitur
1391 1666 1485 1693 Credo
1496 1685 1503 1692 .
1526 1663 1600 1693 Vide
1612 1661 1766 1702 Symbolum
1775 1678 1783 1686 .

989 1711 1062 1738 Item
1072 1708 1221 1738 Dominica
1243 1707 1395 1746 appellatur
1407 1705 1520 1735 Ecclesia
1530 1725 1538 1732 .
1562 1703 1634 1733 Vide
1644 1704 1763 1738 Cyriacffi
1776 1720 1786 1732 ›

988 1753 1170 1778 Domim‘cum
1183 1770 1190 1778 .

136 1805 229 1824 cetur.-
250 1799 277 1824 ὃ(
296 1793 366 1832 saepe
379 1798 443 1822 Una
452 1793 582 1825 sabbati,
603 1801 665 1829 qum
676 1791 715 1819 est
735 1790 821 1828 prima
831 1788 933 1816 hebdo-
949 1791 1110 1819 DommicA
1122 1792 1155 1819 ΙΝ
1167 1792 1256 1819 Ainis
1268 1810 1274 1817 .
1299 1788 1373 1818 Vide
1385 1788 1547 1825 Baptismus
1557 1805 1565 1813 .
1574 1785 1611 1812 In
1621 1783 1669 1811 hac
1682 1779 1786 1811 'nebdo-

136 1837 226 1865 madis
235 1837 292 1864 dies
303 1848 309 1864 .·
322 1839 442 1864 Dierum
454 1839 577 1862 Domina
587 1854 593 1864 ‚
607 1842 620 1859 a
630 1832 789 1870 Sophronio
799 1828 933 1859 Hieroso-

136 1879 207 1912 lym.
228 1875 379 1915 Episcopo:
390 1878 458 1903 Dies
467 1882 545 1911 pacis
556 1884 568 1901 a
577 1871 728 1901 Theodoro
739 1872 852 1900 studita.
864 1872 934 1899 Item

989 1831 1070 1859 moda
1079 1833 1151 1869 Papa
1159 1831 1220 1859 albo
1238 1830 1312 1858 birro
1325 1829 1448 1857 induitur
1457 1848 1464 1856 .
1489 1827 1561 1857 Vide
1572 1829 1671 1855 Birrus
1681 1843 1687 1850 .
1711 1821 1786 1850 Vide

990 1871 1201 1908 Dtacaent'stmus
1211 1893 1219 1904 ‚
1230 1873 1380 1898 Dominica
1390 1880 1463 1897 nova
1471 1889 1479 1896 .

138 1915 322 1951 Α’νκςᾰωμσς
331 1938 341 1953 ,
352 1916 430 1947 idest,
442 1913 662 1943 Resurreffionis
672 1912 728 1943 dies
738 1935 746 1945 ‚
757 1916 785 1941 ἃ
795 1910 917 1942 Kamul
927 1933 934 1943 ,
948 1914 1108 1941 Dommca
1121 1913 1178 1940 111.
1193 1911 1342 1940 Adventus
1352 1932 1359 1943 ,
1382 1911 1522 1938 Diaconus
1535 1928 1542 1940 ‚
1565 1911 1591 1936 ἃ
1603 1904 1785 1944 Subdiaconus

139 1958 218 1989 idest,
229 1958 379 1986 Dominica
389 1977 397 1984 .
408 1956 511 1984 Merito
521 1955 669 1983 Dominica
679 1953 790 1983 dicitius*
802 1963 863 1981 nam
873 1951 931 1980 haec

138 1998 196 2026 dies
214 1999 338 2026 maximis
350 1996 488 2033 mysteriis
509 1996 638 2034 insignita
650 1995 754 2025 fueratfi
778 1994 809 2022 in
820 2004 849 2021 ea
861 1993 934 2020 enim

991 1964 1049 1982 non
1068 1952 1221 1981 induuntur
1232 1950 1319 1980 casula
1328 1972 1335 1979 .
1360 1950 1432 1979 Vide
1454 1949 1559 1983 Casula
1569 1969 1576 1975 .
1598 1947 1641 1975 Sic
1661 1944 1743 1972 etiam
1754 1951 1784 1968 in

990 1993 1141 2022 Dominica
1148 1995 1200 2022 IV.
1214 1992 1353 2031 Quadrag.
1363 1991 1428 2020 ibid.
1439 1994 1467 2019 ὅ(
1476 1991 1627 2018 Dominica
1634 1986 1726 2014 latare
1736 2002 1744 2009 .

137 2039 243 2066 creavit
251 2040 325 2066 Deus
336 2037 480 2068 universa,
503 2047 529 2064 ac
541 2037 633 2074 pluere
645 2036 731 2073 coepit
743 2045 841 2063 manna
852 2036 880 2063 in
889 2034 936 2062 de·
948 2036 1107 2063 Donum».
1127 2037 1388 2063 EXCARNALIORUM
1400 2052 1407 2059 .
1438 2030 1511 2058 Vide
1541 2026 1767 2063 Carmsprivium
1778 2040 1786 2049 ·

136 2077 222 2109 serto,
233 2079 359 2107 tranlivit
370 2077 534 2107 Israeliticus
545 2075 659 2115 populus
671 2076 830 2113 jordanem,
840 2076 937 2103 D.Au-
950 2076 1109 2103 Domum
1136 2076 1352 2104 INDuioanffi
1366 2093 1373 2101 .
1395 2071 1468 2100 Vide
1485 2069 1648 2099 Palmarum
1663 2064 1767 2103 festum
1779 2082 1786 2089 ·

138 2119 208 2158 gust.
219 2118 268 2146 ser.
286 2130 350 2153 154.
362 2129 435 2147 natus
446 2118 483 2147 est
495 2118 631 2150 Christus,
642 2116 718 2145 sexta
730 2116 835 2151 Synod.
845 2120 935 2143 can-8.
951 2116 1110 2144 Domnch
1122 2116 1247 2145 LAETARE
1261 2137 1267 2147 ,
1290 2114 1358 2142 'idest
1368 2135 1376 2146 ,
1399 2114 1452 2140 IV.
1463 2110 1597 2147 Quadrag.
1610 2107 1643 2135 sic
1654 2104 1789 2143 appell-212

140 2163 175 2188 Et
184 2159 273 2197 Magis
282 2159 404 2196 apparuit
416 2159 489 2187 stella
501 2170 508 2189 5
522 2158 650 2186 Christus
661 2167 690 2184 in
701 2157 820 2195 Jordane
832 2168 846 2184 a
855 2157 936 2193 Joan-

139 2210 174 2229 ne
184 2200 316 2237 baptizari
328 2200 417 2227 voluit
428 2217 436 2229 ‚
455 2209 549 2237 aquam
559 2199 590 2226 in
602 2200 698 2228 vinum
708 2198 737 2226 in
749 2197 875 2226 Gahlaeae
887 2207 937 2224 nu-

140 2241 206 2279 ptiis
217 2240 288 2268 idem
299 2241 441 2268 convertit
454 2251 460 2269 5
471 2241 591 2277 quinque
603 2239 713 2278 panibus
725 2259 733 2271 ‚
743 2242 770 2267 &
782 2238 882 2266 duobus
896 2237 936 2274 pi-

136 2280 222 2310 §cibus
231 2291 354 2318 quinque
365 2280 419 2308 fere
431 2281 518 2308 millia
530 2280 675 2308 hominum
686 2277 797 2308 satiavit
807 2279 835 2306 in
847 2277 936 2307 deser-

139 2331 169 2350 to
180 2333 187 2352 5
200 2331 322 2349 mortuos
334 2320 504 2348 resuscitavit
515 2331 522 2350 3
544 2321 617 2349 milit
628 2319 758 2358 Spiritum
769 2320 894 2348 sanetum
905 2320 934 2346 in

139 2363 229 2390 terris:
238 2362 362 2389 omnibus
372 2360 414 2388 his
423 2361 562 2389 miraculis
571 2372 584 2388 a
593 2362 630 2389 D.
643 2360 811 2399 Augustino,
823 2360 875 2387 loc.
886 2360 944 2397 cit.¹

137 2403 284 2433 annulatis
292 2401 413 2432 sanetum
425 2401 498 2431 hunc
509 2402 583 2431 diem
594 2423 603 2436 ‚
615 2406 643 2431 ὅ(
654 2401 859 2432 memorabilem
871 2399 943 2459 inii-i

994 2167 1028 2184 ex
1039 2155 1157 2183 introitu
1166 2156 1200 2184 ad
1210 2154 1317 2184 Missam
1325 2159 1362 2184 La
1368 2162 1428 2181 tare
1438 2150 1590 2187 Jerusalem
1600 2147 1657 2181 &a
1668 2155 1728 2190 qux
1740 2143 1786 2170 de.

991 2196 1136 2227 nominata
1146 2196 1228 2224 etiam
1240 2196 1290 2224 fuit
1301 2194 1539 2230 Dominicapanis
1552 2212 1560 2222 ,
1570 2189 1633 2234 quia
1643 2188 1744 2225 legitur
1753 2185 1788 2226 1}-

992 2237 1153 2275 vangelium
1163 2235 1408 2275 multiplicationis
1421 2233 1498 2272 panis
1511 2260 1513 2262 ,
1527 2230 1749 2272 significaturque
1759 2232 1788 2250 ln

991 2289 1022 2306 ea
1034 2278 1128 2316 populi
1148 2277 1303 2306 Christiani
1313 2275 1436 2303 liberatio
1447 2285 1460 2302 a
1483 2271 1627 2308 tyrannica
1651 2267 1789 2296 idolorum

993 2318 1128 2346 servitute
1139 2338 1146 2350 ‚
1157 2318 1282 2346 Durand.
1296 2317 1342 2345 lib.
1354 2323 1381 2344 6.
1391 2326 1413 2343 c.
1427 2325 1472 2353 53.
1485 2312 1573 2342 Unde
1585 2312 1615 2338 in
1624 2309 1729 2353 (ignum
1740 2306 1787 2332 Le-

993 2360 1015 2388 ti
1026 2359 1081 2387 diei
1092 2358 1253 2387 Cardinales
1264 2358 1415 2386 induuntur
1426 2355 1541 2384 vestibus
1552 2350 1704 2381 resecem&
1712 2347 1789 2377 Pon-

992 2399 1058 2428 tifex
1069 2399 1171 2433 eundo,
1184 2410 1212 2428 ac
1222 2397 1363 2431 redeundo
1371 2408 1384 2426 a
1395 2394 1529 2436 Cappella
1539 2386 1788 2458 i13syn¹b01t²i¹t¹¹i¹gff
