1866 2526
461 47 568 92 TE

111 118 206 138 muros
216 107 338 147 frangere
348 105 470 139 militat)
481 104 585 136 nemini
595 114 715 144 unquam
724 104 813 134 adhuc
825 104 905 134 libra-

111 159 190 182 tum,
205 148 254 177 illa
270 147 371 177 dicitur
380 147 526 186 Carthago
547 146 640 175 studiis
658 144 801 185 asperrima
821 146 906 179 belli,

111 189 200 228 prima
208 187 334 217 omnium
344 187 452 217 armass'e
463 189 491 216 in
502 186 630 216 oscillum
648 187 761 225 penduli
771 187 887 226 impetus
899 208 906 219 ,

110 237 292 257 commentata
304 228 365 257 vim
377 228 509 258 tormenti
523 227 556 256 de
569 227 623 256 bile
633 228 737 266 pecoris
747 227 836 265 capite
847 227 908 255 vin-

111 269 227 298 dicantis
237 289 244 297 .
255 269 372 298 Tertull.
383 270 416 298 de
424 270 487 308 pall.
501 277 558 306 cep.
574 278 596 296 t.
608 269 620 299 ]
645 267 700 296 Hic
710 278 768 297 non
779 268 813 296 de
824 267 908 311 ariete

110 308 221 338 animali
233 309 270 337 ait
281 331 288 341 ,
299 310 333 338 de
343 320 397 347 quo
407 310 533 348 antiquus
542 310 629 337 Poeta
640 309 766 337 Laberius
783 308 885 336 cecinit
897 329 906 340 ,

108 358 191 387 quem
202 349 374 378 testitralium
385 371 394 383 ‚
408 350 558 378 lanicutem
570 373 576 386 ,
586 348 654 377 idest
664 369 672 381 ‚
682 348 828 378 habentem
839 348 905 377 lani-

107 398 200 427 geram
213 399 301 418 cutem
311 411 319 422 ,
339 394 367 419 3:
378 389 624 428 reciprocicornem
635 410 642 421 ‚
667 399 766 427 nempe
776 411 784 422 ‚
807 398 907 418 cornua

109 427 248 467 spiraliter
259 430 424 469 reciprocata
432 431 580 460 habentem
589 430 776 468 appellaverat
787 440 796 460 5
815 428 906 472 se-d'de

109 469 195 499 ariete
214 470 314 499 bellico
332 471 515 499 instrumento
525 470 708 499 Tertullianus
729 479 808 508 agere
818 469 886 498 dicit
897 489 904 501 ‚

108 513 182 546 cujus
193 511 295 549 primos
313 510 475 540 inventores
484 509 718 549 Carthaginenses
739 508 814 538 fuifle
832 510 904 538 affir-

109 560 164 579 mat
176 572 184 583 ‚
196 551 244 590 qui
255 560 472 580 commentantes
483 573 492 585 ‚
510 555 538 580 δε
547 551 703 589 exemplum
713 549 852 578 trahentes
871 560 903 578 ex

110 591 195 620 ariete
209 591 321 627 injurias
333 591 428 630 capitis
436 592 491 620 iau
503 591 664 620 vindicante
674 612 681 623 ‚
701 589 828 620 oscillum
839 600 903 628 pen-

109 632 167 660 duli
178 631 295 671 impetus
305 631 455 661 formarunt
465 652 472 659 .
483 631 617 668 oscillum
628 630 732 659 dicitur
742 653 749 664 ,
759 631 834 669 quod
844 633 904 659 Ro-

109 671 183 700 mani
195 681 316 701 recentes
327 672 537 709 Cannifiendola
548 681 659 704 vocant,
671 681 701 699 ut
709 671 739 700 in
748 672 903 708 dietosml-

108 713 168 740 lum
178 712 281 741 diflum
293 712 360 743 luit3
377 721 434 740 erat
444 721 535 740 autem
555 712 668 750 penduli
682 712 799 750 impetus
809 733 816 745 ‚
841 711 903 750 quia

107 752 268 786 librabatur,
291 755 320 780 &
339 751 494 790 impetuose
513 752 710 791 percutiebatur
733 754 762 782 in
783 752 902 781 hostium

106 791 208 819 moenia
217 813 225 825 ‚
235 793 300 820 dum
312 802 326 820 e
335 792 451 822 brachiis
459 793 582 821 militum
593 814 600 826 ‚
613 794 657 821 vel
668 803 700 821 ex
713 793 765 822 alia
777 792 902 821 machina

105 841 155 869 per
165 831 242 861 funes
252 833 387 870 pendebat
398 855 406 867 ,
426 843 456 861 ut
477 834 547 871 apud
559 833 708 872 Vegetium
724 833 884 862 describitur
894 853 901 861 .

106 873 164 900 PR.
173 872 322 911 Calepinus
341 874 371 902 in
382 874 448 902 diet.
459 873 704 912 Reciprocicornis
722 874 901 910 Vestitrahum

107 921 157 949 pro
165 912 321 942 Testitraho
331 913 422 952 posuit
433 934 440 942 .

65 954 206 982 Ttsruno
220 972 227 980 .
250 954 323 983 Vide
344 960 422 985 Rata
432 975 440 983 .
882 993 885 996 .

67 994 253 1022 'senumve
263 1015 272 1027 ‚
282 993 444 1033 τετρκᾶῗται
453 1017 460 1028 ‚
471 994 606 1024 Hoeretici
625 994 662 1023 ita
670 995 819 1033 appellati,
841 1004 904 1033 quta

107 1033 139 1060 in
159 1032 226 1060 festo
234 1033 344 1063 Paschae
364 1034 396 1063 ad
405 1035 489 1065 instar
507 1036 582 1065 feriae
603 1045 708 1074 quartae
725 1036 882 1072 jejunabant
894 1045 902 1065 ὁ

1265 47 1304 88 Τ
1337 48 1372 88 E
1629 54 1707 102 665

959 112 1004 133 eos
1015 102 1100 141 Alpes
1109 125 1117 138 ,
1131 106 1159 134 δε
1170 103 1402 142 Septentrionalis
1414 102 1493 144 regio
1502 126 1508 133 .
1521 107 1557 135 In
1566 105 1675 137 aviariis
1684 107 1764 148 sspoJ

960 153 1018 173 rem
1028 143 1146 182 perdunt
1160 167 1164 173 .
1178 144 1341 174 Moriuntur
1351 145 1523 174 contumacia
1535 145 1633 185 spiritu
1653 159 1764 179 revoca-

961 193 992 213 to
1001 205 1008 212 .
1028 184 1164 213 Proximae
1176 184 1215 212 eis
1225 183 1289 213 sunt
1300 206 1308 218 ‚
1330 195 1394 223 quas
1405 183 1538 223 Hispania
1547 197 1608 216 aves
1618 190 1705 218 tardas
1715 199 1765 228 ap-

961 224 1046 264 pellat
1057 244 1065 252 .
1087 226 1100 255 J
1112 227 1150 259 :nt
1161 226 1196 253 In
1207 235 1274 263 agro
1284 225 1450 254 Viterbienli
1461 226 1496 255 de
1505 236 1577 255 anno
1594 235 1678 258 1662.
1689 240 1765 268 qua:-

960 266 1024 294 dam
1032 264 1088 294 avis
1100 263 1189 294 invisa
1199 274 1276 303 capta
1287 265 1432 304 fuit,quam
1446 275 1512 305 puto
1524 266 1631 297 sortasse
1652 269 1703 299 esse
1722 280 1766 298 tt-

961 315 1084 334 traonem
1094 305 1193 344 prioris
1204 304 1304 344 speciei
1314 316 1326 334 a
1336 307 1430 335 Plinio
1439 306 1687 346 descriptummam
1697 310 1763 338 dor—

960 345 1018 375 sum
1029 347 1131 374 flavum
1141 346 1228 385 nigris
1249 346 1360 375 maculis
1370 346 1544 386 conspersum
1564 348 1675 378 habebat
1687 371 1695 384 ‚
1714 352 1765 380 21ae

960 387 1084 415 candida:
1094 406 1105 423 ,
1115 397 1143 415 ac
1155 387 1300 426 nigredine
1313 387 1344 416 in
1354 388 1530 416 extremitate
1542 399 1666 429 virgatae,
1676 391 1766 420 collo-

959 436 1011 465 que
1021 426 1144 465 oblongo
1154 449 1162 460 ,
1183 431 1210 456 δε
1219 427 1309 466 capite
1320 428 1429 456 cristato
1441 450 1449 462 ,
1461 428 1530 456 item
1541 428 1692 467 superciliis
1702 442 1765 460 coc-

959 466 1047 495 cineis
1059 488 1065 498 ,
1077 477 1137 505 qux
1150 467 1278 497 exsiccata
1287 467 1466 497 conservatur
1477 469 1507 496 in
1520 469 1620 499 musaeo
1631 472 1765 502 Eminen-

961 506 1109 536 tissLDom.
1119 508 1173 536 mci
1183 508 1267 537 Card.
1278 509 1415 538 Brancacii
1428 530 1436 537 .
1448 511 1505 540 FR.
1516 510 1599 546 Quod
1612 522 1694 550 penes
1703 515 1764 542 Ro-

960 557 1053 583 manos
1074 557 1188 587 utraque
1199 548 1256 577 avis
1266 570 1274 582 ,
1297 549 1440 578 Pliafianus
1450 571 1459 583 ‚
1479 560 1577 589 nempe
1587 573 1595 584 ,
1614 556 1642 581 ἃ
1661 555 1763 583 Tetrao

958 586 1036 616 suum
1046 588 1181 626 peculiare
1191 599 1294 618 nomen
1303 589 1428 619 habuerit
1438 611 1447 622 ,
1460 600 1532 628 patet
1543 601 1576 621 ex
1585 592 1720 622 Suetonio
1731 595 1762 622 in

959 628 1088 666 Caligula
1099 650 1106 661 ,
1117 639 1175 668 cap.
1188 640 1234 658 22.
1246 629 1289 658 ubi
1300 630 1392 669 inquit
1405 641 1411 658 .·
1424 636 1436 666 [
1449 631 1554 661 Hostiae
1564 643 1641 661 erant
1651 632 1764 672 phoeni-

958 670 1076 706 coptcri,
1087 679 1208 707 pavones
1218 691 1226 702 ,
1239 679 1386 704 tetraones,
1399 671 1542 701 numidicae
1555 694 1563 706 ‚
1575 674 1763 714 meleagrides,

959 709 1094 748 phasianae
1106 731 1113 742 ‚
1123 720 1182 747 qua:
1195 711 1345 748 generatim
1355 721 1403 749 per
1422 711 1542 750 singulos
1560 713 1617 742 dies
1637 715 1765 744 immola-

957 759 1053 779 rentur
1063 770 1070 777 .
1089 752 1101 781 ]
1125 752 1230 778 Auctor
1241 761 1308 780 vero
1317 751 1362 780 hic
1373 752 1551 790 impugnatus
1566 753 1606 782 est
1620 755 1652 783 ab
1661 755 1764 791 Uiyise

958 790 1143 820 Aldrovando
1154 811 1162 823 ,
1176 791 1222 829 qui
1233 801 1300 820 tom.
1316 792 1378 820 2.de
1391 791 1507 826 Avibus,
1520 800 1574 822 c.6.
1584 795 1627 823 De
1638 795 1764 835 Urogal-

957 831 996 864 lo,
1004 829 1052 858 seu
1063 833 1201 860 Tetraone
1211 852 1219 863 ,
1240 842 1320 861 vocat
1332 831 1402 861 lianc
1414 842 1492 861 avem
1503 834 1697 865 Gallinaceum
1707 836 1765 873 syl-

958 870 1086 904 vestrem,
1095 874 1123 899 δ(
1134 870 1294 901 Phafianum
1305 895 1313 906 ,
1333 877 1360 902 ὃ(
1380 872 1476 902 diffuse
1487 874 1590 903 ibidem
1600 876 1763 916 agit,cap.7.

959 910 1076 950 Insuper
1086 912 1115 941 in
1125 912 1221 941 eodem
1232 914 1487 943 c.6.Aldovrandus
1497 914 1642 944 confundit
1652 919 1763 946 Tetrao-

959 962 1023 980 nem
1034 962 1095 981 cum
1106 953 1223 987 Erythro
1234 962 1315 983 raone
1325 975 1332 982 .
1350 955 1467 994 Erythro
1477 955 1552 984 enim
1561 965 1626 985 raon
1639 958 1679 986 nil
1688 959 1763 988 aliud

958 993 1006 1026 est,
1016 1002 1096 1031 quam
1105 993 1183 1021 ruber
1191 1003 1263 1032 pavo
1272 993 1439 1033 graecezmchq
1447 996 1553 1025 etenim
1564 997 1668 1032 Graeci,
1681 1004 1760 1029 Tuus

959 1033 1059 1063 Arabes
1069 1037 1096 1062 ὅ(
1108 1036 1201 1062 Turcae
1214 1034 1296 1062 etiam
1306 1045 1446 1073 pavonem
1455 1037 1595 1075 appellant
1606 1057 1614 1065 .

109 1071 157 1100 sen
168 1094 176 1105 ,
187 1082 216 1101 ut
227 1074 288 1102 aliis
300 1075 386 1114 placet
395 1097 403 1108 ‚
413 1077 475 1114 quia
484 1086 606 1115 quai-tam
615 1075 758 1115 personam
767 1074 904 1105 Sanffiffi-
917 1078 1149 1104 Tirimi‘iirtium
1161 1095 1168 1102 .
1191 1074 1264 1104 Vide
1276 1079 1392 1105 Crionia
1406 1096 1413 1105 .
1429 1079 1491 1113 Ejus
1499 1075 1655 1113 synonyma
1666 1098 1674 1106 ·
1688 1080 1763 1110 Vide

109 1122 158 1141 ma:
169 1113 312 1144 Trinitatis
321 1116 500 1146 admittebant
509 1138 517 1144 .
529 1116 604 1145 Vide
613 1122 714 1145 Tetrus
726 1137 733 1144 .

959 1113 1069 1144 Paleas}

67 1156 259 1184 'semiermis
270 1175 279 1189 ,
303 1157 469 1196 νενραενηρὶς
478 1179 488 1191 ,
506 1167 593 1187 annus
611 1166 719 1196 quartus
729 1179 737 1191 ,
758 1157 1109 1201 quadrien-‚Teritmoiis
1119 1176 1126 1184 .
1137 1155 1210 1185 Vide
1222 1158 1359 1197 Theopolis
1369 1179 1376 1187 .

109 1203 186 1222 nium
196 1216 202 1222 .

64 1235 361 1270 Tri‘itiioimmmrou,
374 1237 699 1277 rfirpaypa'iaimwvjdest
710 1260 719 1272 ‚
732 1249 847 1278 quatuor
860 1238 904 1267 lit-

106 1284 234 1308 terarum,
246 1277 283 1304 ita
295 1286 424 1306 vocatum
436 1278 486 1307 suit
495 1288 597 1307 nomen
610 1278 663 1307 Dei
675 1301 683 1312 ,
693 1281 757 1318 quia
767 1280 837 1318 apud
846 1289 906 1309 om-

104 1325 153 1344 nes
163 1315 218 1344 fere
229 1317 367 1346 Nationes
380 1317 516 1347 ineffabile
527 1321 583 1356 ejus
593 1329 697 1349 nomen
707 1330 820 1360 quatuor
830 1321 906 1349 litte-

105 1356 142 1383 ris
151 1358 351 1394 pronunciatun
359 1380 366 1387 .
378 1359 450 1387 Vide
461 1360 574 1388 Adonai
584 1380 592 1387 .

63 1396 278 1426 TETRANSITON
289 1419 296 1425 .
306 1399 362 1428 FR.
373 1409 429 1427 erat
439 1410 548 1428 annona
558 1410 607 1438 pro
616 1399 782 1430 scholaribus
793 1401 905 1430 solven-

107 1436 149 1463 da:
163 1440 289 1472 [Eorum
300 1459 308 1471 ‚
319 1440 448 1468 videlicet
459 1461 467 1472 ‚
477 1440 525 1478 qui
539 1451 660 1468 annonas
670 1441 836 1471 scholarium
846 1451 904 1470 om<

107 1475 185 1504 nium
194 1474 307 1505 solvunt
320 1500 327 1511 ,
338 1479 412 1517 quod
425 1481 576 1517 appellatur
586 1481 746 1510 tetransiton
757 1502 764 1509 .
777 1484 904 1520 Hypom-
918 1485 1080 1511 TETRAPLA
1092 1501 1099 1508 .
1112 1481 1185 1509 Vide
1194 1484 1322 1521 Hexapla
1333 1503 1341 1510 .

919 1200 1118 1230 ΤετκΑκεΗΑ,
1129 1195 1273 1236 τενρείρὶζης
1294 1199 1361 1228 idest
1371 1219 1382 1235 ,
1392 1198 1422 1228 in
1431 1210 1525 1238 quarta
1536 1209 1613 1239 parte
1622 1200 1762 1239 Princeps;

960 1247 1024 1266 nam
1035 1237 1301 1273 Romanijudaicum
1323 1239 1420 1269 statum
1439 1242 1470 1269 in
1488 1251 1604 1279 quatuor
1613 1251 1702 1280 partes
1715 1241 1763 1271 sub

961 1287 1003 1305 tot
1022 1277 1194 1316 Principibus
1203 1279 1421 1314 constituerant,
1443 1291 1508 1320 quas
1517 1283 1698 1312 Tetrarchias
1717 1292 1763 1321 ap—

961 1318 1215 1356 pellabant-Tiberii
1227 1329 1317 1349 autem
1329 1320 1445 1350 Caesaris
1457 1331 1582 1360 ternpore
1590 1331 1647 1352 erat
1657 1333 1757 1352 tetrar-

959 1358 1009 1387 cha
1019 1359 1143 1387 Galilaeae
1156 1360 1281 1388 Herodes
1291 1383 1299 1394 ‚
1311 1365 1337 1390 ὃς
1347 1360 1491 1400 Philippus
1502 1362 1584 1392 frater
1594 1366 1652 1399 ejus
1662 1373 1760 1391 tetrar-

959 1398 1010 1427 cha
1021 1400 1130 1428 Ituraeae
1142 1421 1151 1432 ‚
1170 1403 1198 1428 ὅ(
1210 1400 1420 1431 Trachonitidis
1438 1403 1578 1442 regionis5
1598 1407 1627 1434 ὅ(
1646 1403 1762 1439 Lysinia

961 1439 1083 1469 Abilinae
1095 1439 1231 1470 tetrarcha
1242 1462 1248 1469 .
1261 1444 1341 1471 Lucae
1353 1453 1376 1470 c.
1388 1454 1415 1482 3.

111 1515 214 1544 nest.de
227 1517 368 1548 Anastasio
378 1519 538 1557 Apocrissin
547 1521 702 1550 collectan.
713 1522 845 1552 Anastasii
857 1532 904 1560 per
918 1526 1035 1551 Ternas
1048 1541 1055 1548 .
1067 1521 1140 1550 Vide
1150 1527 1250 1550 Tetrus
1262 1542 1270 1550 .

107 1555 285 1584 Sirmoiidum
297 1557 325 1586 in
337 1563 361 1587 8.
372 1560 439 1587 edit.
453 1570 513 1598 pag.
526 1572 540 1589 2
548 1570 592 1596 57.

918 1566 1162 1591 'IETRAsritTicus
1178 1583 1186 1590 .
1197 1563 1270 1591 Vide
1281 1564 1459 1603 Diasyrticus
1469 1583 1476 1592 .

62 1598 186 1626 ‘ri-ino
195 1618 204 1629 ,
223 1601 281 1626 onis
291 1619 299 1631 ,
320 1603 348 1627 ἀ
357 1604 511 1634 Tetraona,
534 1612 570 1629 na
582 1623 590 1629 .
602 1604 714 1631 Nomen
726 1603 846 1633 volucris
856 1614 902 1632 cu·
917 1606 1196 1633 TETRAVANGELIUM
1207 1625 1215 1635 ‚
1227 1603 1471 1642 τενραώαγγέλιον
1483 1629 1490 1639 ,
1503 1603 1603 1633 Codex
1614 1605 1762 1635 continens

106 1635 255 1673 Jusdam,de
263 1649 317 1676 quo
326 1640 567 1674 Termllianusdib.
575 1653 583 1671 i
591 1643 853 1683 .advers-Marc.cap.
862 1656 869 1673 i
878 1656 903 1682 3.

106 1677 140 1706 fic
150 1677 204 1705 ait:
228 1684 240 1713 [
254 1679 318 1707 Una
327 1680 460 1709 tetraonis
469 1684 596 1720 pennula,
606 1693 682 1712 taceo
691 1683 726 1712 de
735 1694 808 1722 pavo
818 1707 824 1718 ,
844 1684 902 1713 sor-

105 1718 202 1746 didum
211 1718 341 1748 artificem
351 1722 542 1759 pronuntiabit
551 1723 600 1752 tibi
610 1728 787 1757 creatorem?]
798 1727 842 1755 De
851 1725 903 1755 hoc

108 1758 221 1787 volatile
233 1761 405 1790 mentionem
416 1761 480 1789 fecit
491 1762 595 1792 Plinius
606 1785 614 1797 ‚
623 1764 670 1794 lib.
685 1775 727 1794 ιο.
738 1776 795 1794 nat.
805 1765 902 1795 histor.

104 1808 212 1836 cap-22.
223 1799 320 1839 Aliqui
329 1802 504 1831 crediderunt
516 1801 567 1832 ess'e
575 1803 740 1842 phasianum.
751 1806 858 1836 FRsed
867 1807 902 1836 de

959 1653 1075 1680 quatuor
1088 1645 1243 1682 Euangelia.
1257 1645 1461 1679 [Constantini
1472 1645 1639 1683 temporibus
1651 1646 1702 1675 fuit
1712 1648 1762 1684 Ju-

958 1693 1059 1713 vencus
1069 1682 1206 1722 Hispanus
1216 1685 1362 1719 Presbyter
1371 1695 1472 1724 genere
1482 1686 1582 1714 nobilis
1594 1707 1602 1718 ‚
1621 1686 1668 1725 qui
1678 1697 1762 1715 tetra-

960 1723 1261 1763 vangeliahexametris
1273 1725 1388 1754 verfibus
1400 1725 1455 1754 fere
1464 1726 1498 1754 ad
1516 1727 1629 1755 verbum
1648 1727 1763 1756 transfe-

958 1775 1018 1792 rens
1030 1786 1037 1797 ,
1048 1773 1165 1803 quatuor
1174 1765 1249 1794 libris
1258 1765 1410 1804 composuit
1423 1787 1429 1793 .
1449 1765 1557 1796 Platina
1566 1767 1596 1796 in
1607 1767 1664 1797 vita
1674 1768 1761 1796 Marci

957 1807 1037 1844 Papae
1047 1807 1071 1834 Ι.

104 1837 158 1870 hoc
168 1838 242 1867 idem
250 1841 466 1874 l'linius,eodem
477 1843 571 1872 lib.10.
582 1849 683 1881 c.48.&
695 1847 757 1875 Iib.i
769 1857 901 1886 i.cap.33.
916 1849 1098 1876 ΤετκΑνειΑ
1109 1868 1118 1879 ,
1137 1845 1302 1885 τεγριίβπλα
1311 1869 1319 1881 ‚
1340 1847 1409 1876 idest
1420 1869 1428 1881 ‚
1447 1857 1560 1886 quatuor
1579 1846 1647 1878 velis
1658 1868 1665 1876 .
1684 1847 1760 1877 Vide

104 1878 278 1908 mentionem
298 1881 379 1915 facit,
399 1893 480 1921 atque
498 1883 639 1922 phasianus
657 1887 714 1914 avis
726 1887 866 1916 notiffima
888 1899 902 1916 a

957 1888 1158 1927 Chrysoclavus
1169 1907 1177 1915 .

104 1919 208 1948 Latinis
219 1921 353 1959 appellata
364 1933 472 1961 quoque
484 1924 581 1958 fuit,de
589 1936 640 1964 qua
651 1927 759 1961 Statius,
772 1928 870 1963 4.Silv.
874 1939 901 1967 3.
916 1929 1069 1956 TETRICUS
1081 1948 1088 1955 .
1107 1928 1163 1956 FR.
1183 1928 1220 1956 ita
1229 1928 1378 1966 appellatus
1389 1928 1427 1957 est
1441 1928 1578 1967 Augustus
1586 1930 1742 1969 Imperator
1751 1947 1761 1958 .

103 1960 519 1998 Juvenal.sat.5.7.Martial.lib.
537 1967 715 2005 5.epig.8.lib.
732 1969 901 2008 13.epig.44.

955 1969 1056 1996 Baron.

103 2004 132 2028 ἅ
143 2006 190 2032 67-
202 2004 230 2029 ὅ(
240 2003 287 2032 alii
299 2023 307 2030 .
324 2003 466 2033 Nonnulli
476 2014 569 2034 tamen
577 2008 717 2036 Gallinam
728 2008 881 2047 pratensem
892 2030 900 2042 ,
916 2010 1032 2037 Tuitus
1046 2029 1054 2040 ,
1065 2007 1207 2047 τέτραρτος
1219 2033 1225 2042 ,
1235 2019 1345 2048 quartus
1355 2029 1362 2038 .

105 2041 162 2070 sive
171 2044 282 2072 Gallum
293 2053 454 2073 montanum
463 2054 618 2076 tetraonem
629 2047 679 2077 ess'e
688 2058 827 2078 autumant
835 2061 845 2082 ,-
854 2048 901 2078 sed

102 2082 259 2119 hujusmodi
268 2095 330 2114 aves
341 2096 399 2114 non
409 2087 578 2116 concordant
589 2098 653 2116 cum
663 2089 790 2119 Pliniana
799 2090 900 2119 descri-

75 2122 88 2150 ὶ
102 2124 202 2162 ptione
213 2127 346 2154 tetraonis
357 2126 525 2165 mpraedisto
536 2129 581 2156 lib.
597 2139 640 2157 io.
650 2139 708 2168 cap.
720 2130 881 2160 naddufia
890 2153 898 2164 ,

103 2163 148 2192 ubi
159 2164 192 2193 fic
204 2165 335 2195 liabetur.
355 2167 465 2202 [Decet
477 2176 613 2205 tetraonas
629 2168 693 2198 suus
713 2170 804 2204 nitor,
825 2171 900 2200 abso-

102 2205 212 2243 lutaque
221 2207 338 2246 nigritia
347 2228 355 2240 ,
367 2207 398 2235 in
407 2206 558 2246 superciliis
569 2210 644 2238 cocci
654 2210 736 2239 rubor
747 2231 754 2238 .
772 2213 898 2242 Alterum

100 2255 196 2273 eorum
204 2257 291 2286 genus
300 2248 439 2277 vulturum
457 2250 677 2287 magnitudinem
687 2251 795 2280 excedit
806 2273 814 2284 ,
833 2263 900 2290 quo-

100 2296 160 2314 rum
171 2290 199 2315 δε
209 2289 331 2316 colorem
341 2288 441 2317 reddit.
451 2290 511 2318 Nec
520 2290 573 2319 ulla
582 2291 636 2319 ales
644 2302 761 2330 excepto
770 2292 900 2321 struthio-

99 2327 205 2357 camelo
213 2331 296 2365 majus
307 2339 421 2368 corpore
431 2329 550 2367 implens
560 2331 667 2369 pondus
677 2353 685 2365 ,
699 2332 730 2360 in
741 2342 847 2362 tantum
857 2344 900 2362 au-

90 2369 155 2402 feta,
166 2377 196 2398 in
206 2377 276 2399 terra
287 2379 396 2410 quoque
405 2370 554 2400 immobilis
564 2371 761 2412 prehendatur.
771 2374 900 2414 Gignunt

998 2048 1070 2076 Elias
1083 2050 1165 2077 Vates
1174 2071 1182 2082 ‚
1193 2060 1275 2087 quem
1285 2060 1354 2079 tetra
1366 2048 1506 2078 volumina
1515 2060 1611 2089 regum
1619 2071 1628 2080 .

956 2088 1121 2118 Aldhelmus
1131 2111 1138 2123 ,
1152 2089 1238 2124 idest,
1256 2101 1365 2129 quartus
1374 2091 1443 2119 liber
1451 2100 1546 2129 regum
1558 2111 1566 2118 .
1584 2094 1621 2120 Et
1634 2102 1684 2132 pro
1695 2101 1760 2130 qua-

956 2130 1077 2160 ternario
1087 2139 1201 2159 numero
1211 2130 1305 2170 τετρεὶς
1315 2130 1455 2170 usurpavit
1465 2132 1672 2166 D.Ambrofius‚
1684 2133 1729 2160 lib.
1733 2142 1763 2170 3.

955 2172 989 2199 de
1001 2169 1156 2200 Abi-aliamo
1166 2192 1174 2204 ‚
1184 2181 1242 2210 cap.
1259 2182 1268 2200 1
1279 2183 1302 2200 1.
1313 2171 1352 2201 ita
1363 2171 1500 2210 inquiens:
1515 2177 1528 2207 [
1538 2175 1579 2201 Eo
1588 2173 1663 2211 quod
1680 2181 1760 2201 tetras

955 2212 1080 2240 omnibus
1091 2213 1209 2240 numeris
1218 2221 1277 2251 apta
1294 2212 1327 2241 fit
1337 2214 1368 2244 .]
1389 2212 1445 2249 Qui
1455 2212 1567 2251 quidem
1578 2213 1688 2242 sanetus
1699 2213 1762 2241 Do—
1793 2230 1795 2232 -

955 2254 1014 2281 ἃοι·
1022 2261 1082 2280 cuin
1093 2252 1286 2289 protestaretur
1295 2253 1409 2282 minime
1419 2253 1615 2282 admittendam
1625 2251 1676 2281 ess‘e
1685 2262 1764 2290 quar-

957 2302 1014 2321 tam
1024 2292 1200 2321 Sanetiffimae
1209 2293 1353 2323 Trinitatis
1363 2293 1515 2333 personam,
1526 2293 1556 2320 in
1565 2293 1611 2321 lib.
1622 2293 1656 2322 de
1667 2294 1760 2336 Incar-

957 2334 1228 2372 nat.Dom.cap.7-sic
1238 2333 1342 2364 fatetur:
1358 2341 1369 2370 [
1381 2337 1440 2364 Nec
1451 2335 1548 2366 timeo,
1560 2344 1594 2361 ne
1603 2333 1706 2362 tetrada
1719 2343 1762 2360 vt-

956 2375 1021 2404 dear
1033 2374 1164 2404 iuducere
1175 2394 1182 2401 -
1205 2376 1220 2408 ]
1239 2374 1326 2406 Unde
1337 2375 1486 2405 Tetradita
1497 2374 1656 2403 dicebantur
1667 2375 1718 2417 .H.²³
1724 2382 1767 2406 re-¹

1653 2423 1704 2443 tici
1712 2434 1722 2448 ‚
