1866 2526
1246 25 1282 66 Β
1311 25 1355 65 U
1616 5 1689 68 m

962 84 1067 114 bulatos
1078 93 1125 124 pcr
1135 81 1244 121 depasta
1253 83 1346 111 buceta
1355 81 1498 109 reboantes
1510 102 1516 108 .
1540 80 1636 111 Sidon.
1649 82 1709 110 libr.
1720 88 1750 111 2.v

962 136 1004 164 ep.
1018 137 1044 154 2.
1056 127 1068 156 ]
1093 126 1150 153 PR.
1161 123 1272 152 Bucula
1280 121 1378 151 habet.
1400 120 1486 151 Gloss2
1500 121 1598 150 Ifidori
1608 142 1616 150 .

922 167 1003 195 BuDA
1015 187 1023 198 ,
1045 166 1132 195 storea
1143 186 1150 193 .
1173 163 1301 200 [Vidcns
1320 171 1411 192 autem
1429 161 1588 201 AEgyptius
1617 161 1748 190 vestitum

963 206 1090 235 mollibus
1100 227 1108 239 ‚
1132 209 1160 234 &
1172 204 1269 233 budam
1277 203 1312 232 de
1321 213 1428 242 papyro
1440 224 1448 235 ,
1471 207 1498 231 ἃ
1508 203 1611 241 pellem
1619 201 1666 230 sub
1676 201 1746 239 ipso.

475 31 580 74 BU

124 91 227 122 Veneti
236 93 327 122 Brolao
337 89 434 120 dicunt
446 91 537 120 locum
547 89 582 118 ad
588 85 813 118 contractandum
822 84 878 115 dest
885 83 906 113 i-

122 142 231 162 nanum·
254 132 328 161 Vide
338 132 464 161 Bidellus
473 151 482 159 .

82 170 222 202 Butuntos
238 193 246 205 .
268 182 359 211 graece
369 172 472 211 βρζῖχος
482 193 490 204 ,
513 169 614 201 vermis
623 168 724 208 species
734 190 742 202 ‚
764 179 823 207 qua:
845 168 907 197 her-

121 214 180 243 bam
189 213 280 242 erodit
289 234 300 246 ,
321 213 355 241 de
364 223 420 251 quo
430 211 502 251 saepc
513 212 544 241 in
553 213 623 241 Sacr.
634 212 719 247 Scrip.
743 209 854 245 [Venit
865 210 906 237 lo-

120 253 191 282 custa
203 274 211 286 ‚
233 256 261 282 &
272 253 387 282 bruchus
397 273 404 280 .
413 251 482 282 Psal.
498 255 582 288 104]
595 253 664 289 Qua:
675 252 736 279 bina
750 248 851 278 insecta
861 260 904 278 ea·
960 247 1057 286 Pelag.
1069 246 1116 275 lib.
1132 257 1174 275 to.
1187 256 1214 273 n.
1224 251 1272 278 76.
1283 246 1295 276 ]
1306 244 1393 273 Unde
1405 253 1546 282 perperam
1558 254 1608 283 pro
1617 241 1684 272 buda
1694 241 1747 270 sto-

119 294 183 323 dem
192 292 256 323 sunt
268 313 275 321 ·
288 299 300 328 [
311 293 379 324 Una
391 294 471 333 plaga
480 293 590 326 locusta,
600 297 626 321 δ(
639 290 763 324 bruchus,
774 290 905 328 quoniam
961 298 1006 316 rea
1018 309 1027 321 ‚
1050 289 1195 323 &storiam
1208 285 1292 324 aliqui
1303 286 1399 323 legunt
1409 305 1416 312 .

121 335 206 363 altera
216 334 254 363 est
265 344 359 372 parens
371 355 377 365 .
390 338 417 363 ὃς
428 335 513 362 altera
525 333 563 362 est
573 333 653 361 stttus
663 353 670 360 .
681 333 718 361 D.
729 334 802 370 Aug.
813 330 879 360 ibid.
892 330 1052 362 JvBuroszs
1063 347 1071 355 .
1091 327 1164 356 Vide
1175 326 1322 354 Goliardus
1334 345 1342 352 .

921 371 1017 398 Busta
1030 389 1037 401 ‚
1060 368 1275 397 instrumentum
1297 375 1456 405 argenteum
1466 387 1475 398 ‚
1498 363 1528 394 in
1556 375 1611 403 quo
1634 364 1749 404 ponitur

960 409 1074 438 candela
1083 407 1192 437 accensa
1202 407 1235 435 ad
1245 407 1420 445 praebendum
1431 407 1653 435 P1-212t01umen
1665 407 1693 434 in
1703 415 1747 433 ce·

960 450 1112 478 lebratione
1122 471 1130 482 ,
1152 459 1182 477 ut
1197 448 1345 476 commode
1354 448 1446 486 legere
1466 446 1548 485 pollit
1558 466 1564 473 .
1588 446 1695 475 Gallice
1705 455 1750 474 ta-

960 501 1024 519 men
1033 489 1172 519 candelam
1183 487 1269 527 ipsam
1279 489 1394 518 denotat
1404 510 1412 522 ,
1434 498 1460 517 at
1471 487 1517 516 liic
1528 486 1676 515 continens
1695 496 1746 525 pro

960 541 1096 560 contento
1105 530 1231 560 sumitur.
1245 531 1279 558 Iu
1288 529 1405 568 quodam
1415 530 1531 567 antiquo
1540 526 1680 556 Glossario
1688 534 1749 556 Sco—

954 573 1024 607 ,tuta
1033 572 1146 604 dicitur,
1157 571 1264 599 fortassc
1274 581 1287 598 a
1300 581 1309 598 i
1318 569 1408 598 ocibus
1417 569 1514 608 graetis
1523 565 1614 599 cxo'wv
1624 564 1725 598 ἐλαύνω
1738 588 1746 599 ,

959 611 1028 640 idest
1039 634 1047 644 ‚
1069 612 1193 640 tenebras
1210 611 1321 649 expello
1331 631 1338 637 .
1361 610 1505 639 Moraliter
1526 619 1594 639 vero
1613 607 1748 647 fignificat

959 652 1107 682 Praelatum
1119 663 1176 681 non
1187 652 1283 680 dcbcrc
1293 661 1400 680 tantum
1419 650 1519 679 lumini
1531 649 1584 678 suae
1605 649 1747 688 cognitio-

958 694 999 721 nis
1008 692 1095 740 fideig
1104 693 1229 730 praestare
1240 713 1247 724 ‚
1269 690 1316 720 sed
1324 691 1433 720 alterius
1444 690 1605 719 testimonio
1616 690 1676 718 uti.
1697 691 1749 718 P:-

959 744 992 772 pa
1002 733 1094 762 utitur
1104 733 1153 761 hac
1166 733 1278 761 candela
1289 753 1296 764 ‚
1306 731 1353 760 sed
1364 731 1461 770 absque
1473 730 1630 767 hujusmodi
1641 730 1693 758 inst
1699 739 1744 758 ru-

74 780 233 807 Bnumosus
243 800 252 811 ,
276 779 387 808 foetidus
399 801 406 812 ‚
429 779 541 817 putidus
553 801 561 813 ,
586 784 598 814 [
612 780 686 809 Cum
707 777 819 806 soeteret
841 777 902 804 bru-
942 802 950 809 ,
959 783 1055 802 mento
1067 795 1075 806 ,
1099 772 1205 801 serrasti:
1216 773 1277 812 quia
1286 773 1367 811 ipsius
1383 771 1556 811 cognitionis
1575 772 1669 799 lumen
1689 770 1746 800 alio

118 817 190 846 mosa
200 828 267 856 aqua
277 839 283 846 ·
295 819 360 849 Rus.
373 820 419 848 lib.
432 831 459 858 3.
469 830 527 858 cap.
539 822 608 859 36.]
624 821 648 848 S.
661 820 740 848 Zeno
753 818 901 854 Bramosus
958 824 1070 843 terreno
1083 813 1245 842 fulcimento
1256 823 1314 841 non
1325 813 1433 852 indiget
1442 833 1450 840 .

114 859 144 886 in
154 859 252 887 eodem
264 860 417 898 significatu
434 861 507 889 dixit
518 872 526 891 ς
550 859 657 890 foi-tasse
675 871 708 888 ex
730 858 901 887 librariorum
918 857 976 884 Βυι
987 875 995 883 .
1018 856 1075 884 FR.
1093 854 1217 884 Oftavus
1235 854 1416 882 Hebraeorum
1436 852 1553 886 menfis‘,
1574 850 1621 891 qui
1639 855 1748 881 &Mer-

115 898 319 941 inadvertentia
331 923 339 934 ‚
362 902 400 930 ita
410 901 486 929 enim
495 900 574 930 habet
585 913 591 929 :
617 907 629 936 [
642 900 710 938 Quis
720 910 778 928 non
798 899 902 926 intelli·
958 897 1062 933 hesuan
1081 895 1182 924 dicitur
1193 915 1200 922 .
1224 894 1296 923 Vide
1328 895 1461 924 Austorcs
1489 893 1588 922 citatos
1619 893 1650 921 in
1678 891 1746 920 dift.

113 948 156 976 git
168 939 264 968 fratres
274 940 376 970 Pascha
387 952 444 970 uon
455 940 506 970 ess'e
516 964 524 975 ‚
547 941 596 973 sed
617 940 769 978 brumosum
785 939 901 968 latronis
962 937 1029 965 Elul
1038 956 1044 962 .

114 981 222 1009 cruenti
234 982 399 1011 convivium
409 1003 417 1010 .
440 993 497 1019 cap.
511 987 536 1010 8.
549 982 578 1010 in
592 982 683 1010 Exod.
919 978 1113 1006 Butuntum
1125 997 1134 1010 ,
1157 977 1272 1005 Vannus
1282 997 1290 1009 ,
1311 974 1429 1005 cribrum
1439 996 1445 1003 .
1468 981 1479 1011 [
1493 979 1527 1004 Et
1538 974 1568 1003 in
1585 973 1749 1004 buletellum

73 1019 191 1062 Btwma
200 1041 210 1052 ‚
232 1021 334 1053 lorica
357 1023 406 1050 alii
420 1032 487 1050 vero
497 1023 603 1060 galeam
614 1021 778 1059 intelligunt
789 1042 797 1053 ,
807 1023 903 1056 &jux—
959 1018 1053 1045 obulus
1065 1036 1074 1045 .
1095 1017 1198 1045 Matth.
1210 1015 1296 1045 Paris.
1306 1017 1336 1045 in
1345 1016 1441 1045 histor.

114 1069 142 1086 te.
158 1069 218 1102 *vnn
228 1062 350 1089 nominis
360 1062 474 1091 Saxonis
484 1067 583 1090 Brmm
595 1063 666 1090 rec'te
685 1071 848 1089 armaturam
870 1060 902 1088 st-
917 1059 1072 1086 Buteo-ris
1083 1057 1149 1096 quid
1158 1068 1247 1096 graece
1257 1057 1392 1095 significet
1403 1078 1410 1085 .
1433 1055 1507 1085 Vide
1524 1057 1705 1085 sanhedrim.

113 1098 244 1137 gnificat.
267 1102 480 1135 [Constitutum
501 1102 557 1135 est,
580 1112 610 1130 ut
623 1112 711 1140 neque
733 1100 882 1139 Episcopus
894 1124 901 1134 ‚
917 1100 1178 1126 BULGAROUONUS
1190 1120 1198 1131 ‚
1218 1095 1445 1135 βὸλγαρθκῒῦϊθς·
1476 1099 1533 1126 PR·
1564 1097 1748 1135 Bu¹g³f0fflm

116 1150 206 1178 neque
218 1141 318 1177 Abbas,
331 1143 374 1170 vel
387 1143 504 1180 quilibet
513 1143 618 1170 Ret‘kor
630 1142 756 1170 Ecclefiae
768 1141 902 1174 bruniam,
957 1137 1072 1166 occisor.-
1083 1148 1138 1176 quo
1146 1139 1230 1166 titulo
1239 1136 1351 1166 Basilius
1362 1140 1524 1171 Graecorum
1536 1139 1693 1175 Imperator
1702 1146 1750 1174 ap-

114 1180 161 1208 vel
171 1180 295 1219 gladium
305 1182 362 1211 fine
371 1182 467 1211 nostro
477 1180 604 1220 perminii
613 1183 726 1211 cuilibet
734 1181 843 1211 homini
854 1192 900 1210 ex*
958 1178 1055 1217 pellari
1068 1177 1169 1212 voluit,
1178 1178 1212 1206 ob
1224 1177 1341 1216 stragem
1352 1177 1475 1217 Bulgaris
1485 1177 1667 1210 illatam‚nam
1675 1186 1747 1216 grae-

114 1230 212 1250 traneo
224 1242 232 1254 ‚
254 1232 298 1250 aut
308 1223 372 1251 dare
381 1244 390 1256 ,
412 1233 458 1252 aut
467 1223 588 1251 vendere
601 1221 748 1261 praesumat
757 1242 766 1250 .
789 1223 826 1252 In
835 1233 900 1251 con·
958 1229 988 1247 ce
997 1216 1085 1250 xre-'rai
1094 1218 1222 1247 occidere
1229 1217 1374 1258 fignificat.
1385 1219 1429 1247 Ita
1437 1218 1498 1247 vice
1508 1217 1584 1247 versa
1593 1220 1748 1248 Romdofbo-

114 1259 171 1289 stit.
182 1262 279 1291 Caroli
289 1265 329 1291 M.
340 1262 386 1291 lib.
397 1274 424 1302 3.
436 1273 494 1301 cap.
505 1273 552 1299 75-
562 1264 575 1294 ]
587 1263 662 1293 Vide
673 1268 752 1301 Berg·
957 1271 1009 1289 nus
1028 1259 1203 1288 denominari
1214 1259 1305 1288 voluit
1323 1259 1411 1288 Carlo
1429 1260 1549 1296 Joaunes
1565 1258 1749 1298 Bulgarorum

73 1303 155 1331 ΒυΒῡ
166 1323 175 1334 ‚
197 1312 289 1332 tumor
297 1323 304 1332 .
328 1304 404 1334 Vide
412 1305 549 1333 Anthrax
558 1324 567 1332 .
957 1303 1021 1330 Rex
1033 1321 1041 1332 ‚
1063 1300 1132 1329 idest
1142 1321 1151 1333 ,
1173 1302 1337 1330 Graecorum
1347 1299 1473 1332 occisor5
1497 1309 1562 1328 nam
1581 1299 1677 1328 Graeci
1695 1304 1747 1329 Rc-

70 1343 190 1371 ΒυεΑιε
201 1363 208 1371 .
242 1344 315 1374 Vide
323 1350 436 1374 Baucus
447 1365 455 1373 .
957 1345 1015 1370 maei
1025 1339 1092 1369 dicti
1101 1339 1164 1369 sunt
1174 1360 1182 1368 .

71 1383 290 1428 Bucea—nunus
301 1406 308 1414 .
333 1388 391 1416 PR.
401 1386 435 1414 de
444 1396 517 1425 equo
525 1385 641 1425 proprie
657 1383 779 1419 dicim,
800 1385 848 1425 qui
861 1396 903 1414 re·
916 1384 1037 1412 Butam
1047 1401 1054 1409 ·
1076 1381 1150 1410 Vide
1174 1383 1316 1420 Biffacius
1326 1401 1333 1409 .
1356 1379 1528 1420 Hippopcrae
1540 1381 1571 1409 in
1588 1380 1653 1410 diet.
1677 1384 1749 1418 Hip}

111 1423 222 1454 dinibus
233 1438 291 1456 non
311 1427 501 1465 obtemperat,
523 1436 581 1464 cap.
599 1434 643 1456 16.
660 1427 791 1455 decretal.
803 1427 864 1456 libr.
877 1437 902 1463 5.
951 1423 1049 1461 pqlus
1060 1443 1069 1450 ·

114 1464 159 1508 tit.
173 1476 216 1509 ¹²5·
229 1467 359 1496 translate
368 1478 460 1497 tamen
470 1467 504 1496 de
515 1477 550 1495 eo
561 1488 569 1500 ‚
593 1467 640 1505 qui
650 1467 715 1496 dum
726 1466 883 1496 infirmatur
893 1487 904 1504 ‚
917 1464 1015 1492 Butta
1026 1485 1035 1496 ‚
1058 1462 1239 1492 Pontificium
1248 1484 1256 1496 ,
1277 1461 1323 1490 seu
1333 1461 1472 1501 imperiale
1483 1462 1606 1501 diploma
1618 1483 1626 1495 ‚
1636 1467 1664 1491 ὅ(
1674 1471 1748 1500 qure-

114 1503 272 1549 diffieiliter
283 1529 292 1541 ,
314 1511 343 1537 ὃς
361 1508 495 1538 obstinate
504 1508 705 1537 medicamenta
722 1517 772 1546 per
792 1507 901 1537 buccam
958 1503 1025 1532 libet
1035 1504 1139 1542 publica
1148 1503 1289 1533 attestatio
1299 1524 1306 1531 .
1328 1504 1412 1541 Apud
1423 1504 1535 1532 Latinos
1544 1504 1631 1532 Bulla
1641 1503 1744 1531 lamina

113 1542 196 1573 sumit
205 1565 212 1573 .
957 1545 1074 1573 rotunda
1084 1554 1141 1573 erat
1152 1566 1160 1577 ,
1182 1543 1311 1583 intusque
1321 1544 1415 1572 cordis
1425 1544 1510 1583 figura
1520 1544 1622 1582 lignata
1633 1565 1641 1576 ,
1662 1543 1696 1571 ad
1706 1543 1750 1570 in·-

80 1585 323 1616 Buccnuruiu.
347 1588 422 1618 Vide
430 1590 640 1619 Buccellas-ius.
659 1593 864 1619 plu-amatium
875 1610 882 1617 .
959 1584 1077 1614 santium
1093 1585 1197 1614 collum
1215 1584 1402 1624 superstitiose
1420 1585 1503 1623 ligata
1514 1594 1612 1612 contra
1634 1583 1746 1611 fascina-

74 1625 195 1670 Bucctss
206 1648 215 1660 ,
237 1637 336 1671 caper.
361 1629 411 1664 [Si
423 1629 482 1668 quis
492 1630 605 1659 buccum
622 1630 754 1659 furaverit
764 1650 771 1658 .
795 1630 903 1669 Inlcge
959 1625 1050 1654 tiones
1061 1647 1069 1654 .
1092 1626 1167 1655 Vide
1177 1630 1276 1664 Agnus
1285 1629 1339 1654 Det¹
1348 1646 1355 1653 .
1378 1625 1450 1654 Inde
1461 1625 1524 1663 quia
1544 1623 1691 1662 diplomati
1703 1633 1750 1651 au-

116 1666 202 1696 salica
213 1688 221 1700 ,
243 1677 288 1696 tit.
303 1679 327 1704 5.
338 1669 364 1700 §.
381 1681 403 1698 1.
416 1672 428 1702 ]
440 1680 499 1709 quae
510 1671 554 1699 lex
563 1681 615 1709 pro
625 1670 670 1699 tit.
680 1670 695 1698 l-
702 1671 779 1704 abet,
788 1669 902 1709 Defur-
959 1677 1035 1695 reum
1047 1689 1055 1700 ,
1078 1665 1124 1695 seu
1137 1667 1292 1705 plumbeum
1303 1687 1310 1697 ,
1332 1675 1378 1694 aut
1389 1675 1497 1693 cereum
1513 1665 1634 1703 sigillum
1645 1674 1749 1702 appen-

113 1709 153 1734 tis
164 1716 310 1745 caprarum
321 1730 328 1737 .
339 1713 375 1738 Et
385 1712 472 1750 Greg.
484 1714 589 1740 Turon.
600 1716 707 1740 Buccus
717 1712 807 1741 olidus
817 1711 901 1743 «dixit,-
956 1707 1032 1736 ditur
1042 1729 1050 1740 ,
1074 1708 1105 1736 ab
1123 1707 1174 1735 hac
1193 1706 1344 1745 appendice
1366 1706 1467 1734 litterae
1487 1705 1543 1734 illa-
1557 1705 1644 1734 Bulla
1660 1716 1750 1733 aurea

960 1753 973 1782 (
983 1758 1043 1787 quae
1051 1758 1142 1787 graece
1152 1746 1338 1783 Chrysobussa
1349 1751 1362 1779 )
1374 1750 1402 1776 δε
1415 1747 1501 1775 Bulla
1506 1747 1636 1784 plumbea
1645 1755 1747 1774 vocan-

122 374 200 403 Idem
209 377 237 404 δε
251 376 273 403 1—
282 385 337 413 ugo
347 374 431 404 eard.
442 373 523 403 sensit
534 395 541 401 .

79 416 203 444 nime-ro
213 435 221 442 .
246 417 302 444 FR-
313 415 416 453 Spurco
427 435 434 443 .
456 417 491 444 In
501 414 584 454 legib.
596 414 750 453 longobar.
759 412 778 440 l.
798 411 816 440 fi
827 411 886 449 quis
897 432 904 443 ,

119 454 153 482 de
164 453 301 484 seditione
310 476 317 483 .

78 497 238 525 ΒιωοΛτυε
252 518 260 530 ,
283 506 330 524 acu
343 495 428 535 pietus
438 517 445 529 ,
469 506 503 524 cx
513 496 627 525 Gallico
644 494 780 523 idiomate
800 491 902 521 Brode.

120 538 177 572 [In
189 537 286 575 primis
296 537 358 564 ofto
370 535 449 565 seems
461 558 468 569 ,
492 546 604 575 quarum
616 534 702 574 prima
722 533 834 563 brudata
843 553 852 566 ,
873 542 903 559 u-

120 587 183 604 nam
192 576 309 606 casulam
320 598 328 609 ,
352 587 406 605 tres
417 576 538 610 tunicas,
558 585 698 614 pannum,
722 573 882 602 frontellum
894 593 901 600 .

118 617 207 646 Abbas
218 618 375 646 Gualterius
385 618 418 646 de
428 619 571 651 Monywn
580 617 613 645 ad
623 626 686 644 aun.
714 624 796 653 1343·
809 616 821 645 ]
842 613 898 642 Ubi

116 658 204 685 dic'tto
219 661 289 687 Sec'la
299 659 462 690 incilionem
471 656 606 696 significat
616 679 624 689 ,
634 660 661 684 δι
672 655 844 684 Γνοηηίἱιυιι
857 664 902 681 vc—

118 698 175 725 lum
186 699 290 726 Altaris
300 699 337 728 est
349 720 356 728 .
379 698 475 727 Italice
492 697 625 727 frontale
638 718 646 729 ,
671 706 733 725 narn
748 696 776 724 al
797 695 902 724 Altaris

117 736 238 767 frontem
247 739 359 776 ponitur
369 759 376 766 .

115 1745 181 1776 inde
191 1749 290 1778 Italice
299 1755 384 1780 Becco
394 1751 547 1790 appellatur
555 1771 563 1779 .

75 1786 280 1818 Bacuntius
287 1812 297 1824 ,
308 1792 438 1820 militaris
447 1791 583 1821 exercitus
593 1813 601 1825 ‚
612 1790 658 1820 seu
671 1792 745 1832 legio
757 1792 785 1821 in
795 1792 902 1822 Orien-

115 1837 143 1856 te
152 1837 190 1856 ita
197 1831 335 1868 appellata
344 1853 352 1866 ‚
375 1832 438 1872 quia
457 1843 556 1872 panem
575 1833 754 1862 buccellatum
767 1856 776 1867 ‚
796 1832 843 1862 seu
861 1834 902 1862 bi-

115 1865 237 1897 scostum
245 1869 335 1900 secum
346 1872 447 1902 ferebat
457 1895 466 1907 ‚
483 1884 567 1913 quem
578 1873 671 1902 Graeci
681 1871 845 1904 Βεκελλοὶτυν
853 1885 902 1903 vo-

116 1918 196 1941 cant;
218 1911 291 1940 unde
300 1916 328 1942 δι
339 1911 517 1950 Βεκελλσῖαος
526 1936 534 1948 ,
558 1914 637 1942 miles
646 1936 654 1948 ,
677 1915 711 1943 de
729 1925 786 1953 quo
803 1914 882 1954 supra
894 1937 901 1948 ‚

118 1959 176 1994 quo
185 1951 319 1994 vocabulo
326 1953 357 1982 in
366 1954 460 1983 eadem
469 1955 674 1994 significatione
683 1955 721 1984 ufi
731 1954 795 1983 sunt
818 1966 902 1984 etiam

115 1991 229 2023 Latlmi
254 1997 266 2027 [
278 1994 354 2022 Dum
366 1995 530 2024 Valentinus
549 1997 706 2034 Imperator
724 1996 903 2026 concionare-

118 2039 164 2059 tur
173 2031 207 2060 ad
216 2034 368 2071 populum,
389 2035 495 2070 Ocylla
504 2037 664 2066 bucellarius
683 2037 762 2068 Aetii
771 2059 780 2070 ‚
801 2048 836 2065 ex
856 2038 903 2067 ad-

118 2071 198 2115 verso
207 2074 322 2104 veniens
329 2095 339 2108 ‚
348 2084 410 2104 eum
419 2076 514 2115 gladio
523 2077 657 2116 perfodit.
667 2079 787 2117 Gregor.
798 2081 872 2107 Turo
877 2089 902 2106 n.

119 2112 166 2140 lib.
178 2124 205 2142 2.
215 2124 275 2153 cap.
289 2117 328 2146 8.]
340 2118 382 2145 Ac
390 2116 528 2146 Palladius
537 2118 571 2146 de
580 2119 619 2147 D.
630 2119 750 2147 Macaria
763 2119 902 2147 Alexand.

117 2153 233 2191 loquens
242 2155 333 2194 inquit
345 2167 352 2183 :
378 2161 390 2191 [
400 2157 475 2186 Cum
486 2157 605 2197 fregifl'et
616 2159 797 2187 buccellatum
809 2181 817 2192 ,
827 2160 903 2198 quod

117 2190 234 2236 habebat
246 2216 254 2224 .
276 2198 289 2228 ]
302 2196 438 2240 Sic'etiam
451 2199 508 2228 Leo
517 2200 591 2237 Imp.
599 2198 691 2227 insuis
713 2200 903 2229 Constitutio—

118 2234 174 2277 nib.
186 2236 243 2265 FR.
254 2242 268 2272 [
278 2239 410 2276 Triginta
419 2237 527 2268 dicrum
537 2239 705 2269 frumentum
716 2240 751 2269 ad
759 2239 820 2269 usus
828 2241 903 2270 diur-

68 2311 72 2315 ·
118 2283 235 2304 tutatem
251 2279 415 2311 effoetum,
437 2279 617 2310 buccellatum
636 2291 758 2314 vocant,
781 2281 902 2311 humeris

119 2315 243 2345 militum
253 2317 386 2357 imposuit
396 2339 403 2346 .
428 2321 567 2349 Ammian.
579 2323 735 2351 Marcellin.
748 2323 796 2350 lib.
811 2333 853 2356 17.

78 2355 226 2387 Buctru„
237 2380 246 2394 ,
262 2359 371 2392 ‚bonum
380 2359 508 2400 pascuum
518 2380 528 2389 .
549 2364 651 2398 [Inter
660 2373 757 2403 greges
767 2364 903 2394 tintinna-

961 1799 1005 1817 tur
1016 1809 1023 1817 .
1046 1790 1138 1828 Igitur
1149 1798 1265 1827 quatuor
1273 1787 1366 1816 modis
1376 1787 1496 1826 sigillum
1505 1808 1513 1819 ,
1535 1785 1583 1814 seu
1601 1786 1674 1814 bulla
1695 1786 1748 1814 im-

958 1829 1070 1868 perialis
1081 1830 1246 1858 formabatur
1255 1850 1262 1856 .
1286 1831 1323 1858 In
1332 1839 1398 1857 auro
1408 1849 1417 1861 ,
1432 1827 1538 1856 scilicet
1549 1848 1558 1860 ,
1569 1827 1678 1865 quando
1687 1829 1749 1856 Re-

958 1871 1035 1910 gibus
1045 1893 1054 1904 ,
1077 1875 1104 1899 &
1113 1870 1243 1899 similibus
1252 1869 1379 1898 scribebat
1403 1871 1557 1907 Imperator
1568 1888 1576 1900 ‚
1596 1867 1750 1906 quicinna·

958 1913 1023 1940 baro
1032 1910 1212 1940 subscribebat
1223 1932 1231 1939 .
1252 1913 1379 1949 Gregora
1393 1910 1437 1937 lib.
1450 1921 1476 1944 4.
1488 1908 1588 1937 Niceta
1607 1907 1653 1936 hb.
1665 1920 1692 1937 2.
1711 1911 1748 1937 Et

959 1952 990 1980 in
999 1951 1174 1991 frontispicio
1185 1950 1307 1987 ejusdem
1316 1949 1476 1989 diplomatis
1493 1958 1547 1977 trcs
1566 1948 1656 1977 rubras
1671 1949 1747 1977 Cru-

959 2003 1002 2021 ces
1013 1993 1042 2021 in
1050 1993 1157 2032 signum
1166 1992 1385 2021 confirmationis
1395 1990 1499 2018 tenoris
1510 1989 1666 2018 litterarum
1677 1988 1749 2028 figu-

964 2035 1036 2062 rabat
1047 2054 1055 2062 .
1077 2032 1189 2062 Eisdem
1200 2033 1373 2071 Magnatibus
1383 2030 1532 2070 aliquando
1541 2039 1702 2069 argenteum
1713 2029 1749 2058 st-

959 2075 1060 2113 gillum
1071 2096 1079 2107 ,
1101 2073 1150 2103 seu
1162 2074 1260 2102 bullam
1269 2072 1408 2101 inlitteris
1424 2071 1593 2110 appendebat
1604 2083 1612 2102 5
1634 2073 1691 2108 ejus
1700 2081 1746 2101 au-

959 2125 1018 2144 tem
1027 2115 1128 2148 Matri,
1151 2114 1266 2146 Uxori,
1290 2113 1366 2141 Filiis
1376 2135 1384 2145 ,
1405 2111 1538 2151 Desp0tae
1550 2134 1558 2145 ‚
1569 2110 1746 2146 l'atriarchae,

962 2155 1173 2185 Sebastocratori
1183 2176 1191 2188 ,
1213 2164 1292 2192 atque
1317 2154 1344 2183 C
1346 2151 1421 2182 aesari
1450 2151 1571 2182 scribens
1580 2174 1589 2186 ,
1620 2153 1748 2191 plumbea

959 2197 1037 2226 Bulla
1047 2198 1172 2226 utebatur
1181 2217 1188 2228 ,
1210 2195 1247 2223 ita
1260 2194 1389 2224 Codinus
1399 2194 1429 2222 in
1438 2194 1514 2222 trast.
1526 2194 1560 2222 de
1570 2194 1644 2221 illius
1662 2194 1744 2222 Aule

960 2238 1076 2266 officiis.
1100 2237 1222 2267 Tandem
1237 2235 1358 2274 vulgaris
1368 2235 1446 2264 Bulla
1457 2244 1514 2263 erat
1524 2234 1554 2262 in
1569 2244 1630 2262 cera
1649 2234 1746 2266 rubra,

960 2288 1006 2307 aut
1018 2278 1123 2306 viridi.
1146 2275 1314 2306 Patriarchae
1325 2276 1458 2315 siquidem
1470 2275 1596 2314 plumbea
1608 2296 1615 2307 ,
1638 2275 1685 2301 vel
1704 2284 1747 2302 ce-

962 2330 1008 2348 rea
1018 2320 1103 2349 viridi
1114 2316 1268 2357 permissiim
1279 2327 1336 2345 crat
1345 2317 1463 2356 sigillare
1475 2338 1484 2349 ‚
1493 2320 1520 2344 ὃ(
1533 2316 1562 2344 in
1573 2312 1749 2351 subscriptio-

962 2372 997 2392 ne
1006 2361 1124 2391 caem'ieo
1136 2360 1229 2388 colore
1241 2359 1364 2388 utebatur
1375 2379 1382 2386 .
1399 2359 1532 2387 Catacuz.
1541 2357 1588 2384 lib.
1600 2363 1712 2423 33:117?
1719 2361 1748 2385 6.

1644 2404 1682 2433 lgl
1697 2412 1709 2418 -
