<?xml version="1.0" encoding="UTF-8"?>
<!DOCTYPE html PUBLIC "-//W3C//DTD XHTML 1.0 Transitional//EN"
    "http://www.w3.org/TR/xhtml1/DTD/xhtml1-transitional.dtd">
<html xmlns="http://www.w3.org/1999/xhtml" xml:lang="en" lang="en">
 <head>
  <title>
</title>
<meta http-equiv="Content-Type" content="text/html;charset=utf-8" />
  <meta name='ocr-system' content='tesseract 3.04.00' />
  <meta name='ocr-capabilities' content='ocr_page ocr_carea ocr_par ocr_line ocrx_word'/>
</head>
<body>
  <div class='ocr_page' id='page_1' title='image "./dominicimacrimel00magr/dominicimacrimel00magr_0249.png"; bbox 0 0 1866 2526; ppageno 0'>
   <div class='ocr_carea' id='block_1_1' title="bbox 0 746 43 760">
    <p class='ocr_par' dir='ltr' id='par_1_1' title="bbox 0 746 43 760">
     <span class='ocr_line' id='line_1_1' title="bbox 0 746 43 760; baseline 0 0"><span class='ocrx_word' id='word_1_1' title='bbox 0 746 43 760; x_wconf 36' lang='grc' dir='ltr'>*α</span> 
     </span>
    </p>
   </div>
   <div class='ocr_carea' id='block_1_2' title="bbox 4 768 883 810">
    <p class='ocr_par' dir='ltr' id='par_1_2' title="bbox 4 768 883 810">
     <span class='ocr_line' id='line_1_2' title="bbox 4 768 883 810; baseline 0 -9"><span class='ocrx_word' id='word_1_2' title='bbox 4 773 11 777; x_wconf 74' lang='grc'><strong>”</strong></span> <span class='ocrx_word' id='word_1_3' title='bbox 35 779 46 786; x_wconf 90' lang='grc'><em>“</em></span> <span class='ocrx_word' id='word_1_4' title='bbox 89 774 218 802; x_wconf 82' lang='lat' dir='ltr'>nutivum</span> <span class='ocrx_word' id='word_1_5' title='bbox 227 782 261 801; x_wconf 80' lang='lat' dir='ltr'>ex</span> <span class='ocrx_word' id='word_1_6' title='bbox 271 768 385 800; x_wconf 84' lang='lat' dir='ltr'>nomine</span> <span class='ocrx_word' id='word_1_7' title='bbox 393 771 506 801; x_wconf 76' lang='lat' dir='ltr'>Gallico</span> <span class='ocrx_word' id='word_1_8' title='bbox 517 771 622 800; x_wconf 82' lang='lat' dir='ltr'>Cruche</span> <span class='ocrx_word' id='word_1_9' title='bbox 633 791 641 799; x_wconf 87' lang='lat'><em>.</em></span> <span class='ocrx_word' id='word_1_10' title='bbox 665 772 738 800; x_wconf 84' lang='lat' dir='ltr'>Vide</span> <span class='ocrx_word' id='word_1_11' title='bbox 759 774 883 810; x_wconf 81' lang='lat' dir='ltr'>Cruseli-</span> 
     </span>
    </p>
   </div>
   <div class='ocr_carea' id='block_1_3' title="bbox 453 23 566 65">
    <p class='ocr_par' dir='ltr' id='par_1_3' title="bbox 453 23 566 65">
     <span class='ocr_line' id='line_1_3' title="bbox 453 23 566 65; baseline 0 0"><span class='ocrx_word' id='word_1_12' title='bbox 453 23 566 65; x_wconf 86' lang='lat' dir='ltr'>CR</span> 
     </span>
    </p>
   </div>
   <div class='ocr_carea' id='block_1_4' title="bbox 57 79 888 276">
    <p class='ocr_par' dir='ltr' id='par_1_4' title="bbox 62 79 888 202">
     <span class='ocr_line' id='line_1_4' title="bbox 62 79 886 121; baseline -0.002 -9"><span class='ocrx_word' id='word_1_13' title='bbox 62 100 65 101; x_wconf 34' lang='grc' dir='ltr'><em>ν</em></span> <span class='ocrx_word' id='word_1_14' title='bbox 97 84 172 114; x_wconf 83' lang='lat' dir='ltr'>tullo</span> <span class='ocrx_word' id='word_1_15' title='bbox 183 81 280 114; x_wconf 77' lang='lat' dir='ltr'>iisdem</span> <span class='ocrx_word' id='word_1_16' title='bbox 289 80 404 121; x_wconf 82' lang='lat' dir='ltr'>pellibus</span> <span class='ocrx_word' id='word_1_17' title='bbox 413 81 523 112; x_wconf 78' lang='lat' dir='ltr'>subruto</span> <span class='ocrx_word' id='word_1_18' title='bbox 532 103 540 114; x_wconf 92' lang='lat'><em>‚</em></span> <span class='ocrx_word' id='word_1_19' title='bbox 562 89 622 120; x_wconf 74' lang='lat' dir='ltr'>qua:</span> <span class='ocrx_word' id='word_1_20' title='bbox 635 79 665 110; x_wconf 92' lang='lat' dir='ltr'>in</span> <span class='ocrx_word' id='word_1_21' title='bbox 674 80 794 119; x_wconf 77' lang='lat' dir='ltr'>antiquis</span> <span class='ocrx_word' id='word_1_22' title='bbox 803 91 886 111; x_wconf 68' lang='lat' dir='ltr'>esere-</span> 
     </span>
     <span class='ocr_line' id='line_1_5' title="bbox 98 123 888 162; baseline -0.001 -10"><span class='ocrx_word' id='word_1_23' title='bbox 98 123 261 154; x_wconf 72' lang='lat' dir='ltr'>monialibus</span> <span class='ocrx_word' id='word_1_24' title='bbox 268 125 308 152; x_wconf 86' lang='lat' dir='ltr'>M.</span> <span class='ocrx_word' id='word_1_25' title='bbox 319 123 364 152; x_wconf 85' lang='lat' dir='ltr'>SS.</span> <span class='ocrx_word' id='word_1_26' title='bbox 379 123 509 161; x_wconf 78' lang='lat' dir='ltr'>Chlamys</span> <span class='ocrx_word' id='word_1_27' title='bbox 528 125 670 155; x_wconf 76' lang='lat' dir='ltr'>coccinea,</span> <span class='ocrx_word' id='word_1_28' title='bbox 694 123 822 162; x_wconf 66' lang='lat' dir='ltr'>Chlamys</span> <span class='ocrx_word' id='word_1_29' title='bbox 841 134 888 151; x_wconf 84' lang='lat' dir='ltr'>ru-</span> 
     </span>
     <span class='ocr_line' id='line_1_6' title="bbox 97 162 667 202; baseline -0.007 -8"><span class='ocrx_word' id='word_1_30' title='bbox 97 166 150 195; x_wconf 73' lang='lat' dir='ltr'>bra</span> <span class='ocrx_word' id='word_1_31' title='bbox 157 186 167 199; x_wconf 89' lang='lat'><em>‚</em></span> <span class='ocrx_word' id='word_1_32' title='bbox 187 168 216 194; x_wconf 75' lang='grc' dir='ltr'>δε</span> <span class='ocrx_word' id='word_1_33' title='bbox 225 167 319 202; x_wconf 71' lang='lat' dir='ltr'>Cappa</span> <span class='ocrx_word' id='word_1_34' title='bbox 328 163 431 192; x_wconf 83' lang='lat' dir='ltr'>dicitur</span> <span class='ocrx_word' id='word_1_35' title='bbox 440 183 447 190; x_wconf 92' lang='lat'><strong>.</strong></span> <span class='ocrx_word' id='word_1_36' title='bbox 471 163 544 192; x_wconf 83' lang='lat' dir='ltr'><strong>Vide</strong></span> <span class='ocrx_word' id='word_1_37' title='bbox 553 162 652 191; x_wconf 74' lang='lat' dir='ltr'>clocca</span> <span class='ocrx_word' id='word_1_38' title='bbox 659 182 667 190; x_wconf 91' lang='lat'><strong><em>.</em></strong></span> 
     </span>
    </p>

    <p class='ocr_par' dir='ltr' id='par_1_5' title="bbox 57 202 886 276">
     <span class='ocr_line' id='line_1_7' title="bbox 57 202 886 239; baseline -0.002 -5"><span class='ocrx_word' id='word_1_39' title='bbox 57 207 199 236; x_wconf 71' lang='lat' dir='ltr'>Citoecia</span> <span class='ocrx_word' id='word_1_40' title='bbox 209 226 218 239; x_wconf 95' lang='lat'>‚</span> <span class='ocrx_word' id='word_1_41' title='bbox 239 204 346 233; x_wconf 80' lang='lat' dir='ltr'>baculus</span> <span class='ocrx_word' id='word_1_42' title='bbox 357 202 483 234; x_wconf 77' lang='lat' dir='ltr'>subalaris</span> <span class='ocrx_word' id='word_1_43' title='bbox 493 223 501 231; x_wconf 89' lang='lat'><strong><em>.</em></strong></span> <span class='ocrx_word' id='word_1_44' title='bbox 524 203 598 232; x_wconf 84' lang='lat' dir='ltr'>Vide</span> <span class='ocrx_word' id='word_1_45' title='bbox 618 204 648 232; x_wconf 89' lang='lat' dir='ltr'>in</span> <span class='ocrx_word' id='word_1_46' title='bbox 660 202 726 232; x_wconf 66' lang='lat' dir='ltr'>dist.</span> <span class='ocrx_word' id='word_1_47' title='bbox 745 204 886 236; x_wconf 76' lang='lat' dir='ltr'>Baculus.</span> 
     </span>
     <span class='ocr_line' id='line_1_8' title="bbox 96 246 322 276; baseline -0.009 -2"><span class='ocrx_word' id='word_1_48' title='bbox 96 246 303 276; x_wconf 70' lang='lat' dir='ltr'><em>fulcimentum</em></span> <span class='ocrx_word' id='word_1_49' title='bbox 313 264 322 272; x_wconf 87' lang='lat'>.</span> 
     </span>
    </p>
   </div>
   <div class='ocr_carea' id='block_1_5' title="bbox 55 282 888 404">
    <p class='ocr_par' dir='ltr' id='par_1_6' title="bbox 55 282 888 404">
     <span class='ocr_line' id='line_1_9' title="bbox 55 282 888 324; baseline -0.005 -9"><span class='ocrx_word' id='word_1_50' title='bbox 55 286 321 316; x_wconf 67' lang='lat' dir='ltr'>Cnocuvumnum</span> <span class='ocrx_word' id='word_1_51' title='bbox 330 306 337 318; x_wconf 91' lang='lat'><em>‚</em></span> <span class='ocrx_word' id='word_1_52' title='bbox 350 282 526 324; x_wconf 67' lang='grc' dir='ltr'>κροκύφαηος</span> <span class='ocrx_word' id='word_1_53' title='bbox 539 305 547 316; x_wconf 89' lang='grc'>,</span> <span class='ocrx_word' id='word_1_54' title='bbox 558 285 649 312; x_wconf 87' lang='lat' dir='ltr'>velum</span> <span class='ocrx_word' id='word_1_55' title='bbox 659 284 694 312; x_wconf 87' lang='lat' dir='ltr'>ad</span> <span class='ocrx_word' id='word_1_56' title='bbox 703 284 835 312; x_wconf 80' lang='lat' dir='ltr'>muliebre</span> <span class='ocrx_word' id='word_1_57' title='bbox 846 293 888 312; x_wconf 71' lang='lat' dir='ltr'>ca-</span> 
     </span>
     <span class='ocr_line' id='line_1_10' title="bbox 96 324 888 364; baseline -0.004 -9"><span class='ocrx_word' id='word_1_58' title='bbox 96 336 145 364; x_wconf 83' lang='lat' dir='ltr'>put</span> <span class='ocrx_word' id='word_1_59' title='bbox 157 348 165 360; x_wconf 94' lang='lat'><em>‚</em></span> <span class='ocrx_word' id='word_1_60' title='bbox 189 325 237 355; x_wconf 79' lang='lat' dir='ltr'>alii</span> <span class='ocrx_word' id='word_1_61' title='bbox 259 326 495 362; x_wconf 62' lang='lat' dir='ltr'>Crucyphantium</span> <span class='ocrx_word' id='word_1_62' title='bbox 515 324 629 363; x_wconf 87' lang='lat' dir='ltr'>legunt,</span> <span class='ocrx_word' id='word_1_63' title='bbox 651 325 713 363; x_wconf 81' lang='lat' dir='ltr'>quia</span> <span class='ocrx_word' id='word_1_64' title='bbox 733 325 767 353; x_wconf 83' lang='lat' dir='ltr'>ad</span> <span class='ocrx_word' id='word_1_65' title='bbox 776 325 888 353; x_wconf 88' lang='lat' dir='ltr'>modum</span> 
     </span>
     <span class='ocr_line' id='line_1_11' title="bbox 97 363 888 404; baseline -0.003 -9"><span class='ocrx_word' id='word_1_66' title='bbox 97 367 218 396; x_wconf 74' lang='lat' dir='ltr'>rericulae</span> <span class='ocrx_word' id='word_1_67' title='bbox 236 363 402 396; x_wconf 79' lang='lat' dir='ltr'>contcirtum</span> <span class='ocrx_word' id='word_1_68' title='bbox 420 376 477 395; x_wconf 75' lang='lat' dir='ltr'>erat</span> <span class='ocrx_word' id='word_1_69' title='bbox 497 364 594 404; x_wconf 83' lang='lat' dir='ltr'>absque</span> <span class='ocrx_word' id='word_1_70' title='bbox 612 366 746 398; x_wconf 77' lang='lat' dir='ltr'>stamine,</span> <span class='ocrx_word' id='word_1_71' title='bbox 766 364 814 394; x_wconf 86' lang='lat' dir='ltr'>sed</span> <span class='ocrx_word' id='word_1_72' title='bbox 830 364 888 394; x_wconf 73' lang='lat' dir='ltr'>sola</span> 
     </span>
    </p>
   </div>
   <div class='ocr_carea' id='block_1_6' title="bbox 50 416 884 762">
    <p class='ocr_par' dir='ltr' id='par_1_7' title="bbox 50 416 884 762">
     <span class='ocr_line' id='line_1_12' title="bbox 92 416 198 436; baseline 0.009 -1"><span class='ocrx_word' id='word_1_73' title='bbox 92 416 180 436; x_wconf 70' lang='lat' dir='ltr'>trama</span> <span class='ocrx_word' id='word_1_74' title='bbox 190 428 198 436; x_wconf 92' lang='lat'><strong>.</strong></span> 
     </span>
     <span class='ocr_line' id='line_1_13' title="bbox 52 447 483 484; baseline -0.002 -7"><span class='ocrx_word' id='word_1_75' title='bbox 52 447 221 480; x_wconf 64' lang='lat' dir='ltr'>citemus,</span> <span class='ocrx_word' id='word_1_76' title='bbox 233 448 308 477; x_wconf 87' lang='lat' dir='ltr'>Vide</span> <span class='ocrx_word' id='word_1_77' title='bbox 320 452 483 484; x_wconf 75' lang='lat' dir='ltr'>Campana.</span> 
     </span>
     <span class='ocr_line' id='line_1_14' title="bbox 52 489 849 530; baseline -0.004 -13"><span class='ocrx_word' id='word_1_78' title='bbox 52 489 154 518; x_wconf 69' lang='lat' dir='ltr'>Cnuet</span> <span class='ocrx_word' id='word_1_79' title='bbox 166 491 371 519; x_wconf 52' lang='lat' dir='ltr'>Commorat</span> <span class='ocrx_word' id='word_1_80' title='bbox 383 508 390 515; x_wconf 89' lang='lat'>.</span> <span class='ocrx_word' id='word_1_81' title='bbox 415 489 489 517; x_wconf 88' lang='lat' dir='ltr'>Vide</span> <span class='ocrx_word' id='word_1_82' title='bbox 498 491 586 516; x_wconf 81' lang='lat' dir='ltr'>Crux.</span> <span class='ocrx_word' id='word_1_83' title='bbox 772 526 776 530; x_wconf 94' lang='lat'>.</span> <span class='ocrx_word' id='word_1_84' title='bbox 845 526 849 530; x_wconf 92' lang='lat'>.</span> 
     </span>
     <span class='ocr_line' id='line_1_15' title="bbox 51 526 884 566; baseline -0.006 -7"><span class='ocrx_word' id='word_1_85' title='bbox 51 529 242 559; x_wconf 62' lang='lat' dir='ltr'>Cuitcuittus</span> <span class='ocrx_word' id='word_1_86' title='bbox 253 551 262 562; x_wconf 93' lang='lat'><em>,</em></span> <span class='ocrx_word' id='word_1_87' title='bbox 273 531 422 558; x_wconf 68' lang='lat' dir='ltr'>cruciatum</span> <span class='ocrx_word' id='word_1_88' title='bbox 432 527 552 557; x_wconf 72' lang='lat' dir='ltr'>afferens.</span> <span class='ocrx_word' id='word_1_89' title='bbox 567 533 578 562; x_wconf 95' lang='lat'>[</span> <span class='ocrx_word' id='word_1_90' title='bbox 591 526 700 556; x_wconf 82' lang='lat' dir='ltr'>Febrem</span> <span class='ocrx_word' id='word_1_91' title='bbox 713 528 832 566; x_wconf 85' lang='lat' dir='ltr'>denique</span> <span class='ocrx_word' id='word_1_92' title='bbox 843 537 884 554; x_wconf 58' lang='lat' dir='ltr'>in&lt;</span> 
     </span>
     <span class='ocr_line' id='line_1_16' title="bbox 92 568 884 606; baseline -0.005 -8"><span class='ocrx_word' id='word_1_93' title='bbox 92 578 137 600; x_wconf 75' lang='lat' dir='ltr'>tei!</span> <span class='ocrx_word' id='word_1_94' title='bbox 145 580 259 600; x_wconf 71' lang='lat' dir='ltr'>caetcros</span> <span class='ocrx_word' id='word_1_95' title='bbox 270 569 426 598; x_wconf 77' lang='lat' dir='ltr'>mortiferos</span> <span class='ocrx_word' id='word_1_96' title='bbox 436 590 444 602; x_wconf 90' lang='lat'><em>,</em></span> <span class='ocrx_word' id='word_1_97' title='bbox 457 573 485 599; x_wconf 76' lang='grc' dir='ltr'>ὅς</span> <span class='ocrx_word' id='word_1_98' title='bbox 497 568 642 596; x_wconf 80' lang='lat' dir='ltr'>cruciarios</span> <span class='ocrx_word' id='word_1_99' title='bbox 651 570 739 596; x_wconf 80' lang='lat' dir='ltr'>exitus</span> <span class='ocrx_word' id='word_1_100' title='bbox 747 590 756 602; x_wconf 86' lang='lat'><em>‚</em></span> <span class='ocrx_word' id='word_1_101' title='bbox 767 577 884 606; x_wconf 78' lang='lat' dir='ltr'>erogan-</span> 
     </span>
     <span class='ocr_line' id='line_1_17' title="bbox 89 608 883 649; baseline -0.003 -9"><span class='ocrx_word' id='word_1_102' title='bbox 89 612 128 640; x_wconf 88' lang='lat' dir='ltr'>do</span> <span class='ocrx_word' id='word_1_103' title='bbox 136 610 245 640; x_wconf 89' lang='lat' dir='ltr'>homini</span> <span class='ocrx_word' id='word_1_104' title='bbox 268 610 426 649; x_wconf 80' lang='lat' dir='ltr'>deputatam</span> <span class='ocrx_word' id='word_1_105' title='bbox 435 629 444 636; x_wconf 86' lang='lat'><em>.</em></span> <span class='ocrx_word' id='word_1_106' title='bbox 466 608 652 639; x_wconf 78' lang='lat' dir='ltr'>Tertullianus</span> <span class='ocrx_word' id='word_1_107' title='bbox 669 608 799 639; x_wconf 81' lang='lat' dir='ltr'>adversus</span> <span class='ocrx_word' id='word_1_108' title='bbox 817 617 883 646; x_wconf 85' lang='lat' dir='ltr'>pro-</span> 
     </span>
     <span class='ocr_line' id='line_1_18' title="bbox 90 650 716 694; baseline -0.003 -14"><span class='ocrx_word' id='word_1_109' title='bbox 90 650 182 690; x_wconf 86' lang='lat' dir='ltr'>script.</span> <span class='ocrx_word' id='word_1_110' title='bbox 196 651 292 680; x_wconf 69' lang='lat' dir='ltr'>haeret.</span> <span class='ocrx_word' id='word_1_111' title='bbox 302 662 358 689; x_wconf 81' lang='lat' dir='ltr'>cap.</span> <span class='ocrx_word' id='word_1_112' title='bbox 370 662 396 680; x_wconf 80' lang='lat'>2·</span> <span class='ocrx_word' id='word_1_113' title='bbox 712 692 716 694; x_wconf 90' lang='lat'>.</span> 
     </span>
     <span class='ocr_line' id='line_1_19' title="bbox 50 689 881 726; baseline -0.004 -4"><span class='ocrx_word' id='word_1_114' title='bbox 50 693 249 722; x_wconf 59' lang='lat' dir='ltr'>Caucinum„</span> <span class='ocrx_word' id='word_1_115' title='bbox 260 713 270 724; x_wconf 90' lang='lat'>‚</span> <span class='ocrx_word' id='word_1_116' title='bbox 294 701 338 719; x_wconf 77' lang='lat' dir='ltr'>vas</span> <span class='ocrx_word' id='word_1_117' title='bbox 346 712 354 719; x_wconf 89' lang='lat'><strong>.</strong></span> <span class='ocrx_word' id='word_1_118' title='bbox 383 697 396 726; x_wconf 90' lang='lat'><strong>[</strong></span> <span class='ocrx_word' id='word_1_119' title='bbox 416 690 492 719; x_wconf 81' lang='lat' dir='ltr'>Nam</span> <span class='ocrx_word' id='word_1_120' title='bbox 501 689 536 718; x_wconf 90' lang='lat' dir='ltr'>de</span> <span class='ocrx_word' id='word_1_121' title='bbox 547 689 627 717; x_wconf 69' lang='lat' dir='ltr'>noste</span> <span class='ocrx_word' id='word_1_122' title='bbox 645 691 813 720; x_wconf 84' lang='lat' dir='ltr'>crucibulum</span> <span class='ocrx_word' id='word_1_123' title='bbox 823 711 831 723; x_wconf 90' lang='lat'><em>‚</em></span> <span class='ocrx_word' id='word_1_124' title='bbox 854 694 881 719; x_wconf 69' lang='grc' dir='ltr'>δε</span> 
     </span>
     <span class='ocr_line' id='line_1_20' title="bbox 89 730 880 762; baseline -0.003 -1"><span class='ocrx_word' id='word_1_125' title='bbox 89 733 182 762; x_wconf 88' lang='lat' dir='ltr'>oleum</span> <span class='ocrx_word' id='word_1_126' title='bbox 192 731 344 761; x_wconf 77' lang='lat' dir='ltr'>effundebat</span> <span class='ocrx_word' id='word_1_127' title='bbox 353 751 360 759; x_wconf 93' lang='lat'>.</span> <span class='ocrx_word' id='word_1_128' title='bbox 372 731 407 759; x_wconf 83' lang='lat' dir='ltr'>In</span> <span class='ocrx_word' id='word_1_129' title='bbox 417 730 472 759; x_wconf 77' lang='lat' dir='ltr'>vita</span> <span class='ocrx_word' id='word_1_130' title='bbox 482 732 511 759; x_wconf 86' lang='grc' dir='ltr'>Β.</span> <span class='ocrx_word' id='word_1_131' title='bbox 521 730 630 759; x_wconf 72' lang='lat' dir='ltr'>Coletae</span> <span class='ocrx_word' id='word_1_132' title='bbox 641 751 648 757; x_wconf 87' lang='lat'>.</span> <span class='ocrx_word' id='word_1_133' title='bbox 659 733 671 762; x_wconf 90' lang='grc'>]</span> <span class='ocrx_word' id='word_1_134' title='bbox 683 730 789 760; x_wconf 64' lang='lat' dir='ltr'>sortass&#39;e</span> <span class='ocrx_word' id='word_1_135' title='bbox 800 732 880 761; x_wconf 87' lang='lat' dir='ltr'>dimi-</span> 
     </span>
    </p>
   </div>
   <div class='ocr_carea' id='block_1_7' title="bbox 41 824 882 2355">
    <p class='ocr_par' dir='ltr' id='par_1_8' title="bbox 87 824 172 842">
     <span class='ocr_line' id='line_1_21' title="bbox 87 824 172 842; baseline 0.012 -1"><span class='ocrx_word' id='word_1_136' title='bbox 87 824 155 841; x_wconf 81' lang='lat' dir='ltr'>num</span> <span class='ocrx_word' id='word_1_137' title='bbox 165 834 172 842; x_wconf 88' lang='lat'><strong>.</strong></span> 
     </span>
    </p>

    <p class='ocr_par' dir='ltr' id='par_1_9' title="bbox 45 852 880 1256">
     <span class='ocr_line' id='line_1_22' title="bbox 45 852 880 887; baseline 0 -5"><span class='ocrx_word' id='word_1_138' title='bbox 45 854 155 883; x_wconf 57' lang='lat' dir='ltr'>Cunna</span> <span class='ocrx_word' id='word_1_139' title='bbox 174 856 349 884; x_wconf 67' lang='lat' dir='ltr'>SALurATio</span> <span class='ocrx_word' id='word_1_140' title='bbox 363 876 371 887; x_wconf 92' lang='lat'><em>,</em></span> <span class='ocrx_word' id='word_1_141' title='bbox 393 853 520 882; x_wconf 73' lang='lat' dir='ltr'>salutatio</span> <span class='ocrx_word' id='word_1_142' title='bbox 537 852 755 882; x_wconf 71' lang='lat' dir='ltr'>candidatorum</span> <span class='ocrx_word' id='word_1_143' title='bbox 774 853 880 882; x_wconf 88' lang='lat' dir='ltr'>summo</span> 
     </span>
     <span class='ocr_line' id='line_1_23' title="bbox 87 894 879 934; baseline 0.001 -11"><span class='ocrx_word' id='word_1_144' title='bbox 87 905 167 923; x_wconf 85' lang='lat' dir='ltr'>mane</span> <span class='ocrx_word' id='word_1_145' title='bbox 180 895 246 923; x_wconf 64' lang='lat' dir='ltr'>facta</span> <span class='ocrx_word' id='word_1_146' title='bbox 258 895 381 934; x_wconf 79' lang='lat' dir='ltr'>personis</span> <span class='ocrx_word' id='word_1_147' title='bbox 390 917 398 928; x_wconf 89' lang='lat'><em>‚</em></span> <span class='ocrx_word' id='word_1_148' title='bbox 421 895 537 933; x_wconf 77' lang='lat' dir='ltr'>aquibus</span> <span class='ocrx_word' id='word_1_149' title='bbox 556 894 704 922; x_wconf 74' lang='lat' dir='ltr'>favorabile</span> <span class='ocrx_word' id='word_1_150' title='bbox 724 894 879 934; x_wconf 67' lang='lat' dir='ltr'>suffragium</span> 
     </span>
     <span class='ocr_line' id='line_1_24' title="bbox 87 934 877 974; baseline 0 -10"><span class='ocrx_word' id='word_1_151' title='bbox 87 936 270 974; x_wconf 67' lang='lat' dir='ltr'>exopmbamq</span> <span class='ocrx_word' id='word_1_152' title='bbox 294 937 391 964; x_wconf 76' lang='lat' dir='ltr'>Cruda</span> <span class='ocrx_word' id='word_1_153' title='bbox 401 935 502 963; x_wconf 72' lang='lat' dir='ltr'>dicitur</span> <span class='ocrx_word' id='word_1_154' title='bbox 512 957 520 967; x_wconf 84' lang='lat'><em>,</em></span> <span class='ocrx_word' id='word_1_155' title='bbox 542 945 604 972; x_wconf 79' lang='lat' dir='ltr'>quia</span> <span class='ocrx_word' id='word_1_156' title='bbox 618 935 741 963; x_wconf 91' lang='lat' dir='ltr'>nondum</span> <span class='ocrx_word' id='word_1_157' title='bbox 752 934 815 964; x_wconf 80' lang='lat' dir='ltr'>satis</span> <span class='ocrx_word' id='word_1_158' title='bbox 834 947 877 964; x_wconf 84' lang='lat' dir='ltr'>co-</span> 
     </span>
     <span class='ocr_line' id='line_1_25' title="bbox 87 975 878 1015; baseline 0.001 -11"><span class='ocrx_word' id='word_1_159' title='bbox 87 977 132 1004; x_wconf 65' lang='lat' dir='ltr'>cto</span> <span class='ocrx_word' id='word_1_160' title='bbox 151 976 183 1005; x_wconf 90' lang='lat' dir='ltr'>in</span> <span class='ocrx_word' id='word_1_161' title='bbox 202 976 342 1005; x_wconf 79' lang='lat' dir='ltr'>stomacho</span> <span class='ocrx_word' id='word_1_162' title='bbox 361 977 422 1004; x_wconf 86' lang='lat' dir='ltr'>cibo</span> <span class='ocrx_word' id='word_1_163' title='bbox 439 975 584 1014; x_wconf 65' lang='lat' dir='ltr'>surgebant</span> <span class='ocrx_word' id='word_1_164' title='bbox 603 975 645 1003; x_wconf 83' lang='lat' dir='ltr'>illi</span> <span class='ocrx_word' id='word_1_165' title='bbox 663 975 697 1003; x_wconf 79' lang='lat' dir='ltr'>ad</span> <span class='ocrx_word' id='word_1_166' title='bbox 719 975 878 1015; x_wconf 83' lang='lat' dir='ltr'>obsequium</span> 
     </span>
     <span class='ocr_line' id='line_1_26' title="bbox 88 1015 879 1054; baseline 0.003 -10"><span class='ocrx_word' id='word_1_167' title='bbox 88 1015 270 1054; x_wconf 60' lang='lat' dir='ltr'>praestandum</span> <span class='ocrx_word' id='word_1_168' title='bbox 284 1039 290 1048; x_wconf 73' lang='lat'>‚</span> <span class='ocrx_word' id='word_1_169' title='bbox 302 1027 361 1054; x_wconf 76' lang='lat' dir='ltr'>quae</span> <span class='ocrx_word' id='word_1_170' title='bbox 371 1016 473 1054; x_wconf 80' lang='lat' dir='ltr'>phralis</span> <span class='ocrx_word' id='word_1_171' title='bbox 484 1025 542 1044; x_wconf 87' lang='lat' dir='ltr'>non</span> <span class='ocrx_word' id='word_1_172' title='bbox 555 1016 706 1053; x_wconf 82' lang='lat' dir='ltr'>incongrue</span> <span class='ocrx_word' id='word_1_173' title='bbox 719 1017 879 1046; x_wconf 77' lang='lat' dir='ltr'>Aulicomm</span> 
     </span>
     <span class='ocr_line' id='line_1_27' title="bbox 86 1054 880 1095; baseline 0.003 -11"><span class='ocrx_word' id='word_1_174' title='bbox 86 1056 301 1085; x_wconf 61' lang='lat' dir='ltr'>adulationibus</span> <span class='ocrx_word' id='word_1_175' title='bbox 310 1057 439 1095; x_wconf 70' lang='lat' dir='ltr'>applicari</span> <span class='ocrx_word' id='word_1_176' title='bbox 449 1056 529 1084; x_wconf 78' lang='lat' dir='ltr'>eriam</span> <span class='ocrx_word' id='word_1_177' title='bbox 540 1054 651 1094; x_wconf 77' lang='lat' dir='ltr'>pollet.[</span> <span class='ocrx_word' id='word_1_178' title='bbox 664 1057 732 1091; x_wconf 82' lang='lat' dir='ltr'>Quae</span> <span class='ocrx_word' id='word_1_179' title='bbox 747 1067 802 1085; x_wconf 91' lang='lat' dir='ltr'>non</span> <span class='ocrx_word' id='word_1_180' title='bbox 812 1059 880 1086; x_wconf 79' lang='lat' dir='ltr'>atria</span> 
     </span>
     <span class='ocr_line' id='line_1_28' title="bbox 85 1096 879 1136; baseline 0.004 -12"><span class='ocrx_word' id='word_1_181' title='bbox 85 1098 238 1130; x_wconf 61' lang='lat' dir='ltr'>noflurnis,</span> <span class='ocrx_word' id='word_1_182' title='bbox 249 1102 277 1127; x_wconf 76' lang='grc' dir='ltr'>δ(</span> <span class='ocrx_word' id='word_1_183' title='bbox 285 1097 376 1125; x_wconf 84' lang='lat' dir='ltr'>crudis</span> <span class='ocrx_word' id='word_1_184' title='bbox 384 1096 592 1125; x_wconf 74' lang='lat' dir='ltr'>salutationibus</span> <span class='ocrx_word' id='word_1_185' title='bbox 601 1101 753 1136; x_wconf 77' lang='lat' dir='ltr'>occupant?</span> <span class='ocrx_word' id='word_1_186' title='bbox 763 1100 879 1127; x_wconf 80' lang='lat' dir='ltr'>Tertull-</span> 
     </span>
     <span class='ocr_line' id='line_1_29' title="bbox 86 1137 878 1177; baseline 0.003 -11"><span class='ocrx_word' id='word_1_187' title='bbox 86 1137 119 1166; x_wconf 84' lang='lat' dir='ltr'>de</span> <span class='ocrx_word' id='word_1_188' title='bbox 131 1138 230 1176; x_wconf 71' lang='lat' dir='ltr'>poenit.</span> <span class='ocrx_word' id='word_1_189' title='bbox 240 1149 297 1177; x_wconf 86' lang='lat' dir='ltr'>cap.</span> <span class='ocrx_word' id='word_1_190' title='bbox 312 1148 354 1165; x_wconf 84' lang='grc' dir='ltr'>ιι.</span> <span class='ocrx_word' id='word_1_191' title='bbox 366 1140 378 1170; x_wconf 94' lang='grc'>]</span> <span class='ocrx_word' id='word_1_192' title='bbox 390 1138 424 1167; x_wconf 87' lang='lat' dir='ltr'>de</span> <span class='ocrx_word' id='word_1_193' title='bbox 441 1147 493 1175; x_wconf 68' lang='lat' dir='ltr'>qua</span> <span class='ocrx_word' id='word_1_194' title='bbox 513 1148 540 1166; x_wconf 90' lang='lat' dir='ltr'>m</span> <span class='ocrx_word' id='word_1_195' title='bbox 550 1146 647 1166; x_wconf 51' lang='lat' dir='ltr'>¹tunna</span> <span class='ocrx_word' id='word_1_196' title='bbox 667 1138 834 1168; x_wconf 77' lang='lat' dir='ltr'>salutatione</span> <span class='ocrx_word' id='word_1_197' title='bbox 854 1141 878 1168; x_wconf 88' lang='lat' dir='ltr'>S.</span> 
     </span>
     <span class='ocr_line' id='line_1_30' title="bbox 85 1176 879 1216; baseline 0.003 -10"><span class='ocrx_word' id='word_1_198' title='bbox 85 1178 244 1216; x_wconf 78' lang='lat' dir='ltr'>Cyprianus</span> <span class='ocrx_word' id='word_1_199' title='bbox 263 1180 348 1212; x_wconf 81' lang='lat' dir='ltr'>ajebat</span> <span class='ocrx_word' id='word_1_200' title='bbox 359 1189 365 1205; x_wconf 89' lang='lat'>:</span> <span class='ocrx_word' id='word_1_201' title='bbox 391 1185 403 1213; x_wconf 87' lang='lat'><strong>[</strong></span> <span class='ocrx_word' id='word_1_202' title='bbox 415 1179 488 1214; x_wconf 76' lang='lat' dir='ltr'>Quas</span> <span class='ocrx_word' id='word_1_203' title='bbox 497 1176 622 1216; x_wconf 87' lang='lat' dir='ltr'>superbas</span> <span class='ocrx_word' id='word_1_204' title='bbox 641 1177 712 1207; x_wconf 82' lang='lat' dir='ltr'>fores</span> <span class='ocrx_word' id='word_1_205' title='bbox 733 1181 879 1208; x_wconf 72' lang='lat' dir='ltr'>matutinus</span> 
     </span>
     <span class='ocr_line' id='line_1_31' title="bbox 84 1217 574 1256; baseline 0.004 -11"><span class='ocrx_word' id='word_1_206' title='bbox 84 1217 328 1247; x_wconf 74' lang='lat' dir='ltr'>salutator-obsedit</span> <span class='ocrx_word' id='word_1_207' title='bbox 341 1238 348 1245; x_wconf 90' lang='lat'>.</span> <span class='ocrx_word' id='word_1_208' title='bbox 370 1222 448 1256; x_wconf 77' lang='lat' dir='ltr'>epist.</span> <span class='ocrx_word' id='word_1_209' title='bbox 462 1230 488 1246; x_wconf 83' lang='lat' dir='ltr'>z.</span> <span class='ocrx_word' id='word_1_210' title='bbox 499 1219 546 1246; x_wconf 89' lang='lat' dir='ltr'>lib.</span> <span class='ocrx_word' id='word_1_211' title='bbox 559 1230 574 1247; x_wconf 83' lang='lat'>2</span> 
     </span>
    </p>

    <p class='ocr_par' dir='ltr' id='par_1_10' title="bbox 44 1258 880 1378">
     <span class='ocr_line' id='line_1_32' title="bbox 44 1258 880 1291; baseline 0.002 -3"><span class='ocrx_word' id='word_1_212' title='bbox 44 1259 156 1288; x_wconf 68' lang='lat' dir='ltr'>Cimon</span> <span class='ocrx_word' id='word_1_213' title='bbox 169 1259 261 1288; x_wconf 67' lang='lat' dir='ltr'>Sem-&#39;c</span> <span class='ocrx_word' id='word_1_214' title='bbox 268 1270 318 1288; x_wconf 80' lang='lat' dir='ltr'>rus</span> <span class='ocrx_word' id='word_1_215' title='bbox 332 1280 340 1291; x_wconf 83' lang='lat'><em>,</em></span> <span class='ocrx_word' id='word_1_216' title='bbox 362 1260 393 1287; x_wconf 81' lang='lat' dir='ltr'>ab</span> <span class='ocrx_word' id='word_1_217' title='bbox 403 1258 516 1289; x_wconf 62' lang='lat' dir='ltr'>eli&#39;eclui</span> <span class='ocrx_word' id='word_1_218' title='bbox 538 1258 659 1288; x_wconf 58' lang='lat' dir='ltr'>senectus</span> <span class='ocrx_word' id='word_1_219' title='bbox 671 1258 744 1288; x_wconf 79' lang='lat' dir='ltr'>enim</span> <span class='ocrx_word' id='word_1_220' title='bbox 758 1261 880 1290; x_wconf 71' lang='lat' dir='ltr'>crudita-</span> 
     </span>
     <span class='ocr_line' id='line_1_33' title="bbox 83 1298 880 1336; baseline 0.005 -10"><span class='ocrx_word' id='word_1_221' title='bbox 83 1298 152 1327; x_wconf 82' lang='lat' dir='ltr'>tibus</span> <span class='ocrx_word' id='word_1_222' title='bbox 175 1300 255 1336; x_wconf 68' lang='lat' dir='ltr'>plenn.</span> <span class='ocrx_word' id='word_1_223' title='bbox 273 1300 310 1328; x_wconf 88' lang='lat' dir='ltr'>est</span> <span class='ocrx_word' id='word_1_224' title='bbox 320 1321 326 1328; x_wconf 96' lang='lat'>.</span> <span class='ocrx_word' id='word_1_225' title='bbox 349 1305 361 1334; x_wconf 92' lang='lat'><strong>[</strong></span> <span class='ocrx_word' id='word_1_226' title='bbox 382 1298 483 1328; x_wconf 76' lang='lat' dir='ltr'>Misera</span> <span class='ocrx_word' id='word_1_227' title='bbox 501 1298 606 1328; x_wconf 75' lang='lat' dir='ltr'>insania</span> <span class='ocrx_word' id='word_1_228' title='bbox 614 1301 703 1331; x_wconf 76' lang='lat' dir='ltr'>crudae</span> <span class='ocrx_word' id='word_1_229' title='bbox 716 1301 862 1331; x_wconf 60' lang='lat' dir='ltr'>senectutis</span> <span class='ocrx_word' id='word_1_230' title='bbox 874 1323 880 1330; x_wconf 93' lang='lat'>.</span> 
     </span>
     <span class='ocr_line' id='line_1_34' title="bbox 84 1339 345 1378; baseline 0 -11"><span class='ocrx_word' id='word_1_231' title='bbox 84 1339 217 1378; x_wconf 74' lang='lat' dir='ltr'>Apuleyus</span> <span class='ocrx_word' id='word_1_232' title='bbox 229 1362 236 1373; x_wconf 86' lang='lat'><em>‚</em></span> <span class='ocrx_word' id='word_1_233' title='bbox 259 1341 305 1369; x_wconf 88' lang='lat' dir='ltr'>lib.</span> <span class='ocrx_word' id='word_1_234' title='bbox 322 1352 345 1369; x_wconf 73' lang='grc' dir='ltr'>ι.</span> 
     </span>
    </p>

    <p class='ocr_par' dir='ltr' id='par_1_11' title="bbox 42 1378 882 1460">
     <span class='ocr_line' id='line_1_35' title="bbox 42 1378 882 1421; baseline 0.006 -14"><span class='ocrx_word' id='word_1_235' title='bbox 42 1378 275 1410; x_wconf 55' lang='lat' dir='ltr'>Camunnorum</span> <span class='ocrx_word' id='word_1_236' title='bbox 286 1401 293 1408; x_wconf 95' lang='lat'>.</span> <span class='ocrx_word' id='word_1_237' title='bbox 318 1383 373 1412; x_wconf 82' lang='lat' dir='ltr'>FR-</span> <span class='ocrx_word' id='word_1_238' title='bbox 383 1391 469 1421; x_wconf 84' lang='lat' dir='ltr'>genus</span> <span class='ocrx_word' id='word_1_239' title='bbox 479 1381 604 1417; x_wconf 72' lang='lat' dir='ltr'>martyrii</span> <span class='ocrx_word' id='word_1_240' title='bbox 616 1403 622 1410; x_wconf 93' lang='lat'><strong><em>.</em></strong></span> <span class='ocrx_word' id='word_1_241' title='bbox 641 1382 772 1412; x_wconf 83' lang='lat' dir='ltr'>Baronius</span> <span class='ocrx_word' id='word_1_242' title='bbox 780 1384 812 1413; x_wconf 90' lang='lat' dir='ltr'>in</span> <span class='ocrx_word' id='word_1_243' title='bbox 822 1386 882 1414; x_wconf 91' lang='lat' dir='ltr'>No-</span> 
     </span>
     <span class='ocr_line' id='line_1_36' title="bbox 83 1420 497 1460; baseline 0.01 -13"><span class='ocrx_word' id='word_1_244' title='bbox 83 1420 118 1448; x_wconf 85' lang='lat' dir='ltr'>tis</span> <span class='ocrx_word' id='word_1_245' title='bbox 128 1422 275 1456; x_wconf 77' lang='lat' dir='ltr'>Martyrol.</span> <span class='ocrx_word' id='word_1_246' title='bbox 287 1433 332 1460; x_wconf 67' lang='grc' dir='ltr'>ις.</span> <span class='ocrx_word' id='word_1_247' title='bbox 344 1423 408 1451; x_wconf 76' lang='lat' dir='ltr'>Maii</span> <span class='ocrx_word' id='word_1_248' title='bbox 421 1423 462 1451; x_wconf 89' lang='lat' dir='ltr'>lit.</span> <span class='ocrx_word' id='word_1_249' title='bbox 474 1433 497 1450; x_wconf 90' lang='lat' dir='ltr'>e.</span> 
     </span>
    </p>

    <p class='ocr_par' dir='ltr' id='par_1_12' title="bbox 43 1461 880 1620">
     <span class='ocr_line' id='line_1_37' title="bbox 43 1461 880 1503; baseline 0.005 -13"><span class='ocrx_word' id='word_1_250' title='bbox 43 1461 242 1491; x_wconf 66' lang='lat' dir='ltr'>Citvsfiutiuu</span> <span class='ocrx_word' id='word_1_251' title='bbox 252 1485 260 1495; x_wconf 62' lang='lat'><em>1</em></span> <span class='ocrx_word' id='word_1_252' title='bbox 285 1462 423 1491; x_wconf 51' lang='lat' dir='ltr'>tusculum</span> <span class='ocrx_word' id='word_1_253' title='bbox 440 1473 453 1490; x_wconf 74' lang='grc' dir='ltr'>τι</span> <span class='ocrx_word' id='word_1_254' title='bbox 473 1464 629 1502; x_wconf 79' lang='lat' dir='ltr'>germanica</span> <span class='ocrx_word' id='word_1_255' title='bbox 643 1474 710 1493; x_wconf 79' lang='lat' dir='ltr'>voce</span> <span class='ocrx_word' id='word_1_256' title='bbox 718 1466 880 1503; x_wconf 75' lang='lat' dir='ltr'>Krouselm‚</span> 
     </span>
     <span class='ocr_line' id='line_1_38' title="bbox 87 1501 879 1542; baseline 0.006 -13"><span class='ocrx_word' id='word_1_257' title='bbox 87 1501 156 1529; x_wconf 78' lang='lat' dir='ltr'>idest</span> <span class='ocrx_word' id='word_1_258' title='bbox 167 1522 176 1533; x_wconf 94' lang='lat'><em>,</em></span> <span class='ocrx_word' id='word_1_259' title='bbox 198 1503 327 1540; x_wconf 86' lang='lat' dir='ltr'>poculum</span> <span class='ocrx_word' id='word_1_260' title='bbox 337 1523 344 1530; x_wconf 91' lang='lat'><strong>.</strong></span> <span class='ocrx_word' id='word_1_261' title='bbox 365 1509 378 1538; x_wconf 85' lang='lat'>[</span> <span class='ocrx_word' id='word_1_262' title='bbox 396 1504 521 1532; x_wconf 73' lang='lat' dir='ltr'>Portabat</span> <span class='ocrx_word' id='word_1_263' title='bbox 532 1514 608 1532; x_wconf 86' lang='lat' dir='ltr'>enim</span> <span class='ocrx_word' id='word_1_264' title='bbox 629 1515 675 1533; x_wconf 78' lang='lat' dir='ltr'>vas</span> <span class='ocrx_word' id='word_1_265' title='bbox 693 1514 810 1542; x_wconf 78' lang='lat' dir='ltr'>parvum</span> <span class='ocrx_word' id='word_1_266' title='bbox 823 1527 831 1538; x_wconf 91' lang='lat'><em>‚</em></span> <span class='ocrx_word' id='word_1_267' title='bbox 853 1508 879 1534; x_wconf 72' lang='grc' dir='ltr'>δε</span> 
     </span>
     <span class='ocr_line' id='line_1_39' title="bbox 85 1541 878 1581; baseline 0.004 -11"><span class='ocrx_word' id='word_1_268' title='bbox 85 1541 187 1574; x_wconf 67' lang='lat' dir='ltr'>fictile,</span> <span class='ocrx_word' id='word_1_269' title='bbox 211 1543 285 1580; x_wconf 85' lang='lat' dir='ltr'>quod</span> <span class='ocrx_word' id='word_1_270' title='bbox 296 1543 381 1581; x_wconf 84' lang='lat' dir='ltr'>vulgo</span> <span class='ocrx_word' id='word_1_271' title='bbox 391 1543 556 1573; x_wconf 81' lang='lat' dir='ltr'>crusclinum</span> <span class='ocrx_word' id='word_1_272' title='bbox 574 1549 626 1573; x_wconf 72' lang='grc' dir='ltr'>ἀς.</span> <span class='ocrx_word' id='word_1_273' title='bbox 639 1546 666 1574; x_wconf 86' lang='lat' dir='ltr'>C</span> <span class='ocrx_word' id='word_1_274' title='bbox 669 1544 743 1574; x_wconf 55' lang='grc' dir='ltr'>εἴη.</span> <span class='ocrx_word' id='word_1_275' title='bbox 765 1547 812 1575; x_wconf 82' lang='lat' dir='ltr'>lib.</span> <span class='ocrx_word' id='word_1_276' title='bbox 836 1557 878 1574; x_wconf 91' lang='lat'>12.</span> 
     </span>
     <span class='ocr_line' id='line_1_40' title="bbox 86 1581 337 1620; baseline 0.004 -11"><span class='ocrx_word' id='word_1_277' title='bbox 86 1581 210 1610; x_wconf 77' lang='lat' dir='ltr'>Miracul.</span> <span class='ocrx_word' id='word_1_278' title='bbox 221 1593 278 1620; x_wconf 90' lang='lat' dir='ltr'>cap.</span> <span class='ocrx_word' id='word_1_279' title='bbox 290 1593 337 1617; x_wconf 87' lang='lat'>4¹·</span> 
     </span>
    </p>

    <p class='ocr_par' dir='ltr' id='par_1_13' title="bbox 42 1623 878 1945">
     <span class='ocr_line' id='line_1_41' title="bbox 42 1623 878 1664; baseline 0.005 -14"><span class='ocrx_word' id='word_1_280' title='bbox 42 1623 169 1651; x_wconf 68' lang='lat' dir='ltr'>CitusTn</span> <span class='ocrx_word' id='word_1_281' title='bbox 179 1643 187 1655; x_wconf 88' lang='lat'>,</span> <span class='ocrx_word' id='word_1_282' title='bbox 212 1624 292 1651; x_wconf 84' lang='lat' dir='ltr'>vestis</span> <span class='ocrx_word' id='word_1_283' title='bbox 303 1623 431 1662; x_wconf 73' lang='lat' dir='ltr'>purpurei</span> <span class='ocrx_word' id='word_1_284' title='bbox 444 1624 545 1653; x_wconf 85' lang='lat' dir='ltr'>coloris</span> <span class='ocrx_word' id='word_1_285' title='bbox 556 1644 564 1652; x_wconf 85' lang='lat'><strong>.</strong></span> <span class='ocrx_word' id='word_1_286' title='bbox 590 1624 666 1660; x_wconf 80' lang='lat' dir='ltr'>[His</span> <span class='ocrx_word' id='word_1_287' title='bbox 676 1636 785 1664; x_wconf 89' lang='lat' dir='ltr'>quoque</span> <span class='ocrx_word' id='word_1_288' title='bbox 797 1625 878 1656; x_wconf 89' lang='lat' dir='ltr'>vesti-</span> 
     </span>
     <span class='ocr_line' id='line_1_42' title="bbox 83 1662 877 1701; baseline 0.008 -11"><span class='ocrx_word' id='word_1_289' title='bbox 83 1663 132 1690; x_wconf 87' lang='lat' dir='ltr'>bus</span> <span class='ocrx_word' id='word_1_290' title='bbox 144 1662 332 1692; x_wconf 75' lang='lat' dir='ltr'>abstinendum</span> <span class='ocrx_word' id='word_1_291' title='bbox 345 1685 353 1696; x_wconf 95' lang='lat'><em>,</em></span> <span class='ocrx_word' id='word_1_292' title='bbox 376 1673 440 1701; x_wconf 66' lang='lat' dir='ltr'>quus</span> <span class='ocrx_word' id='word_1_293' title='bbox 451 1666 545 1693; x_wconf 66' lang='lat' dir='ltr'>Graeti</span> <span class='ocrx_word' id='word_1_294' title='bbox 567 1665 680 1694; x_wconf 80' lang='lat' dir='ltr'>nomine</span> <span class='ocrx_word' id='word_1_295' title='bbox 689 1676 703 1695; x_wconf 80' lang='lat' dir='ltr'>a</span> <span class='ocrx_word' id='word_1_296' title='bbox 722 1668 812 1696; x_wconf 86' lang='lat' dir='ltr'>latino</span> <span class='ocrx_word' id='word_1_297' title='bbox 820 1677 877 1696; x_wconf 64' lang='lat' dir='ltr'>cru&lt;</span> 
     </span>
     <span class='ocr_line' id='line_1_43' title="bbox 80 1701 874 1746; baseline 0.01 -16"><span class='ocrx_word' id='word_1_298' title='bbox 80 1701 133 1730; x_wconf 78' lang='lat' dir='ltr'>stas</span> <span class='ocrx_word' id='word_1_299' title='bbox 143 1713 244 1732; x_wconf 77' lang='lat' dir='ltr'>vocant</span> <span class='ocrx_word' id='word_1_300' title='bbox 254 1725 263 1736; x_wconf 89' lang='lat'><em>‚</em></span> <span class='ocrx_word' id='word_1_301' title='bbox 287 1705 315 1733; x_wconf 88' lang='lat' dir='ltr'>in</span> <span class='ocrx_word' id='word_1_302' title='bbox 326 1704 420 1742; x_wconf 80' lang='lat' dir='ltr'>quibus</span> <span class='ocrx_word' id='word_1_303' title='bbox 432 1705 487 1733; x_wconf 86' lang='lat' dir='ltr'>alio</span> <span class='ocrx_word' id='word_1_304' title='bbox 496 1705 634 1734; x_wconf 70' lang='lat' dir='ltr'>admixtus</span> <span class='ocrx_word' id='word_1_305' title='bbox 643 1707 732 1736; x_wconf 90' lang='lat' dir='ltr'>colori</span> <span class='ocrx_word' id='word_1_306' title='bbox 752 1709 812 1746; x_wconf 87' lang='lat' dir='ltr'>puri</span> <span class='ocrx_word' id='word_1_307' title='bbox 831 1719 874 1737; x_wconf 87' lang='lat' dir='ltr'>ru-</span> 
     </span>
     <span class='ocr_line' id='line_1_44' title="bbox 80 1743 877 1780; baseline 0.008 -9"><span class='ocrx_word' id='word_1_308' title='bbox 80 1743 130 1771; x_wconf 87' lang='lat' dir='ltr'>bor</span> <span class='ocrx_word' id='word_1_309' title='bbox 139 1744 249 1773; x_wconf 80' lang='lat' dir='ltr'>muricis</span> <span class='ocrx_word' id='word_1_310' title='bbox 259 1744 405 1774; x_wconf 81' lang='lat' dir='ltr'>inardescit</span> <span class='ocrx_word' id='word_1_311' title='bbox 415 1765 422 1772; x_wconf 85' lang='lat'><strong>.</strong></span> <span class='ocrx_word' id='word_1_312' title='bbox 437 1747 470 1774; x_wconf 83' lang='lat' dir='ltr'>ln</span> <span class='ocrx_word' id='word_1_313' title='bbox 483 1746 556 1774; x_wconf 87' lang='lat' dir='ltr'>Cod.</span> <span class='ocrx_word' id='word_1_314' title='bbox 568 1748 591 1774; x_wconf 85' lang='lat' dir='ltr'>T</span> <span class='ocrx_word' id='word_1_315' title='bbox 594 1746 706 1775; x_wconf 63' lang='lat' dir='ltr'>heodos.</span> <span class='ocrx_word' id='word_1_316' title='bbox 718 1750 730 1778; x_wconf 93' lang='lat'>]</span> <span class='ocrx_word' id='word_1_317' title='bbox 757 1751 813 1779; x_wconf 84' lang='lat' dir='ltr'>FR.</span> <span class='ocrx_word' id='word_1_318' title='bbox 826 1749 877 1780; x_wconf 90' lang='lat' dir='ltr'>Sed</span> 
     </span>
     <span class='ocr_line' id='line_1_45' title="bbox 81 1783 877 1823; baseline 0.009 -12"><span class='ocrx_word' id='word_1_319' title='bbox 81 1783 113 1810; x_wconf 87' lang='lat' dir='ltr'>in</span> <span class='ocrx_word' id='word_1_320' title='bbox 122 1793 221 1813; x_wconf 85' lang='lat' dir='ltr'>neutro</span> <span class='ocrx_word' id='word_1_321' title='bbox 230 1795 332 1823; x_wconf 82' lang='lat' dir='ltr'>genere</span> <span class='ocrx_word' id='word_1_322' title='bbox 345 1785 510 1814; x_wconf 81' lang='lat' dir='ltr'>Aldhelmus</span> <span class='ocrx_word' id='word_1_323' title='bbox 519 1786 554 1815; x_wconf 87' lang='lat' dir='ltr'>de</span> <span class='ocrx_word' id='word_1_324' title='bbox 565 1787 750 1823; x_wconf 72' lang='lat' dir='ltr'>Ecclesiastico</span> <span class='ocrx_word' id='word_1_325' title='bbox 760 1790 825 1819; x_wconf 85' lang='lat' dir='ltr'>luxu</span> <span class='ocrx_word' id='word_1_326' title='bbox 850 1790 877 1818; x_wconf 90' lang='lat' dir='ltr'>in</span> 
     </span>
     <span class='ocr_line' id='line_1_46' title="bbox 83 1823 877 1864; baseline 0.009 -12"><span class='ocrx_word' id='word_1_327' title='bbox 83 1823 255 1853; x_wconf 76' lang='lat' dir='ltr'>vestimentis</span> <span class='ocrx_word' id='word_1_328' title='bbox 265 1825 398 1864; x_wconf 86' lang='lat' dir='ltr'>loquens,</span> <span class='ocrx_word' id='word_1_329' title='bbox 421 1827 631 1864; x_wconf 74' lang='lat' dir='ltr'>pronunciavit:</span> <span class='ocrx_word' id='word_1_330' title='bbox 647 1833 658 1862; x_wconf 93' lang='lat'>[</span> <span class='ocrx_word' id='word_1_331' title='bbox 671 1825 715 1857; x_wconf 61' lang='lat' dir='ltr'>Ut</span> <span class='ocrx_word' id='word_1_332' title='bbox 725 1831 815 1859; x_wconf 84' lang='lat' dir='ltr'>crusto</span> <span class='ocrx_word' id='word_1_333' title='bbox 835 1831 877 1859; x_wconf 88' lang='lat' dir='ltr'>in-</span> 
     </span>
     <span class='ocr_line' id='line_1_47' title="bbox 82 1863 875 1906; baseline 0.013 -16"><span class='ocrx_word' id='word_1_334' title='bbox 82 1863 208 1893; x_wconf 65' lang='lat' dir='ltr'>terducto</span> <span class='ocrx_word' id='word_1_335' title='bbox 217 1886 226 1898; x_wconf 93' lang='lat'><em>‚</em></span> <span class='ocrx_word' id='word_1_336' title='bbox 244 1864 437 1906; x_wconf 68' lang='lat' dir='ltr'>phalerataque</span> <span class='ocrx_word' id='word_1_337' title='bbox 449 1869 588 1898; x_wconf 75' lang='lat' dir='ltr'>venustate</span> <span class='ocrx_word' id='word_1_338' title='bbox 598 1869 712 1898; x_wconf 74' lang='lat' dir='ltr'>carnalis</span> <span class='ocrx_word' id='word_1_339' title='bbox 724 1881 819 1900; x_wconf 70' lang='lat' dir='ltr'>natura</span> <span class='ocrx_word' id='word_1_340' title='bbox 831 1881 875 1900; x_wconf 87' lang='lat' dir='ltr'>co—</span> 
     </span>
     <span class='ocr_line' id='line_1_48' title="bbox 83 1905 337 1945; baseline 0.012 -14"><span class='ocrx_word' id='word_1_341' title='bbox 83 1913 171 1933; x_wconf 78' lang='lat' dir='ltr'>matur</span> <span class='ocrx_word' id='word_1_342' title='bbox 183 1925 190 1932; x_wconf 88' lang='lat'><strong>.</strong></span> <span class='ocrx_word' id='word_1_343' title='bbox 213 1905 247 1933; x_wconf 90' lang='lat' dir='ltr'>de</span> <span class='ocrx_word' id='word_1_344' title='bbox 258 1905 337 1945; x_wconf 89' lang='lat' dir='ltr'>Virg.</span> 
     </span>
    </p>

    <p class='ocr_par' dir='ltr' id='par_1_14' title="bbox 41 1943 876 2025">
     <span class='ocr_line' id='line_1_49' title="bbox 41 1943 876 1988; baseline 0.013 -17"><span class='ocrx_word' id='word_1_345' title='bbox 41 1943 130 1972; x_wconf 74' lang='lat' dir='ltr'>Cnux</span> <span class='ocrx_word' id='word_1_346' title='bbox 142 1965 150 1977; x_wconf 95' lang='lat'><em>‚</em></span> <span class='ocrx_word' id='word_1_347' title='bbox 173 1944 361 1975; x_wconf 72' lang='lat' dir='ltr'>inaestimabile</span> <span class='ocrx_word' id='word_1_348' title='bbox 371 1946 469 1977; x_wconf 64' lang='lat' dir='ltr'>nostrae</span> <span class='ocrx_word' id='word_1_349' title='bbox 488 1949 690 1988; x_wconf 78' lang='lat' dir='ltr'>redemptionis</span> <span class='ocrx_word' id='word_1_350' title='bbox 709 1951 876 1981; x_wconf 81' lang='lat' dir='ltr'>instrumen-</span> 
     </span>
     <span class='ocr_line' id='line_1_50' title="bbox 81 1988 875 2025; baseline 0.013 -13"><span class='ocrx_word' id='word_1_351' title='bbox 81 1994 140 2013; x_wconf 84' lang='lat' dir='ltr'>tum</span> <span class='ocrx_word' id='word_1_352' title='bbox 152 2006 159 2017; x_wconf 92' lang='lat'><em>,</em></span> <span class='ocrx_word' id='word_1_353' title='bbox 183 1996 243 2024; x_wconf 75' lang='lat' dir='ltr'>quae</span> <span class='ocrx_word' id='word_1_354' title='bbox 255 1996 391 2025; x_wconf 75' lang='lat' dir='ltr'>nunquam</span> <span class='ocrx_word' id='word_1_355' title='bbox 401 1988 440 2021; x_wconf 85' lang='lat' dir='ltr'>est</span> <span class='ocrx_word' id='word_1_356' title='bbox 450 1999 464 2017; x_wconf 81' lang='lat' dir='ltr'>:i</span> <span class='ocrx_word' id='word_1_357' title='bbox 475 1989 642 2020; x_wconf 76' lang='lat' dir='ltr'>Christianis</span> <span class='ocrx_word' id='word_1_358' title='bbox 661 1990 724 2020; x_wconf 70' lang='lat' dir='ltr'>satis</span> <span class='ocrx_word' id='word_1_359' title='bbox 743 1994 858 2022; x_wconf 69' lang='lat' dir='ltr'>colenda</span> <span class='ocrx_word' id='word_1_360' title='bbox 869 2015 875 2022; x_wconf 92' lang='lat'><strong><em>.</em></strong></span> 
     </span>
    </p>

    <p class='ocr_par' dir='ltr' id='par_1_15' title="bbox 45 2026 876 2226">
     <span class='ocr_line' id='line_1_51' title="bbox 45 2026 875 2071; baseline 0.012 -18"><span class='ocrx_word' id='word_1_361' title='bbox 45 2054 49 2056; x_wconf 69' lang='grc'>,</span> <span class='ocrx_word' id='word_1_362' title='bbox 82 2026 162 2054; x_wconf 83' lang='lat' dir='ltr'>Inter</span> <span class='ocrx_word' id='word_1_363' title='bbox 171 2036 265 2056; x_wconf 82' lang='lat' dir='ltr'>omnes</span> <span class='ocrx_word' id='word_1_364' title='bbox 276 2036 344 2056; x_wconf 87' lang='lat' dir='ltr'>vero</span> <span class='ocrx_word' id='word_1_365' title='bbox 351 2027 477 2057; x_wconf 84' lang='lat' dir='ltr'>nationes</span> <span class='ocrx_word' id='word_1_366' title='bbox 489 2031 518 2058; x_wconf 89' lang='lat' dir='ltr'>in</span> <span class='ocrx_word' id='word_1_367' title='bbox 527 2031 578 2059; x_wconf 71' lang='lat' dir='ltr'>hm</span> <span class='ocrx_word' id='word_1_368' title='bbox 589 2030 734 2071; x_wconf 79' lang='lat' dir='ltr'>lingulares</span> <span class='ocrx_word' id='word_1_369' title='bbox 745 2033 774 2062; x_wconf 86' lang='lat' dir='ltr'>su</span> <span class='ocrx_word' id='word_1_370' title='bbox 779 2044 808 2062; x_wconf 90' lang='lat' dir='ltr'>nt</span> <span class='ocrx_word' id='word_1_371' title='bbox 818 2034 875 2064; x_wconf 80' lang='lat' dir='ltr'>AE-</span> 
     </span>
     <span class='ocr_line' id='line_1_52' title="bbox 83 2065 875 2113; baseline 0.014 -20"><span class='ocrx_word' id='word_1_372' title='bbox 83 2065 210 2105; x_wconf 73' lang='lat' dir='ltr'>thiopes5</span> <span class='ocrx_word' id='word_1_373' title='bbox 235 2076 298 2096; x_wconf 76' lang='lat' dir='ltr'>nam</span> <span class='ocrx_word' id='word_1_374' title='bbox 318 2067 382 2097; x_wconf 76' lang='lat' dir='ltr'>laici</span> <span class='ocrx_word' id='word_1_375' title='bbox 392 2078 451 2101; x_wconf 84' lang='lat' dir='ltr'>eam</span> <span class='ocrx_word' id='word_1_376' title='bbox 470 2071 498 2099; x_wconf 88' lang='lat' dir='ltr'>in</span> <span class='ocrx_word' id='word_1_377' title='bbox 515 2073 590 2100; x_wconf 79' lang='lat' dir='ltr'>collo</span> <span class='ocrx_word' id='word_1_378' title='bbox 608 2072 751 2110; x_wconf 75' lang='lat' dir='ltr'>appensam</span> <span class='ocrx_word' id='word_1_379' title='bbox 768 2074 875 2113; x_wconf 82' lang='lat' dir='ltr'>semper</span> 
     </span>
     <span class='ocr_line' id='line_1_53' title="bbox 81 2106 876 2151; baseline 0.014 -17"><span class='ocrx_word' id='word_1_380' title='bbox 81 2106 192 2141; x_wconf 81' lang='lat' dir='ltr'>serunt,</span> <span class='ocrx_word' id='word_1_381' title='bbox 215 2108 284 2138; x_wconf 77' lang='lat' dir='ltr'>&amp;in</span> <span class='ocrx_word' id='word_1_382' title='bbox 297 2118 378 2138; x_wconf 85' lang='lat' dir='ltr'>manu</span> <span class='ocrx_word' id='word_1_383' title='bbox 387 2110 519 2139; x_wconf 61' lang='lat' dir='ltr'>Monac-hi</span> <span class='ocrx_word' id='word_1_384' title='bbox 530 2133 539 2145; x_wconf 89' lang='lat'>,</span> <span class='ocrx_word' id='word_1_385' title='bbox 562 2116 588 2140; x_wconf 79' lang='grc' dir='ltr'>δ(</span> <span class='ocrx_word' id='word_1_386' title='bbox 600 2115 700 2151; x_wconf 82' lang='lat' dir='ltr'>reliqui</span> <span class='ocrx_word' id='word_1_387' title='bbox 710 2116 876 2145; x_wconf 77' lang='lat' dir='ltr'>Eccleliasti-</span> 
     </span>
     <span class='ocr_line' id='line_1_54' title="bbox 78 2147 871 2188; baseline 0.013 -12"><span class='ocrx_word' id='word_1_388' title='bbox 78 2147 105 2176; x_wconf 80' lang='lat' dir='ltr'>ci</span> <span class='ocrx_word' id='word_1_389' title='bbox 114 2168 124 2180; x_wconf 90' lang='lat'><em>,</em></span> <span class='ocrx_word' id='word_1_390' title='bbox 145 2147 211 2176; x_wconf 80' lang='lat' dir='ltr'>ficut</span> <span class='ocrx_word' id='word_1_391' title='bbox 221 2152 249 2178; x_wconf 69' lang='lat'>8&lt;</span> <span class='ocrx_word' id='word_1_392' title='bbox 258 2159 353 2177; x_wconf 83' lang='lat' dir='ltr'>eorum</span> <span class='ocrx_word' id='word_1_393' title='bbox 364 2150 520 2188; x_wconf 71' lang='lat' dir='ltr'>Imperator</span> <span class='ocrx_word' id='word_1_394' title='bbox 529 2173 536 2179; x_wconf 92' lang='lat'>.</span> <span class='ocrx_word' id='word_1_395' title='bbox 548 2156 582 2180; x_wconf 80' lang='lat' dir='ltr'>E:</span> <span class='ocrx_word' id='word_1_396' title='bbox 593 2163 608 2181; x_wconf 91' lang='lat' dir='ltr'>e</span> <span class='ocrx_word' id='word_1_397' title='bbox 623 2164 723 2182; x_wconf 80' lang='lat' dir='ltr'>contra</span> <span class='ocrx_word' id='word_1_398' title='bbox 733 2155 805 2184; x_wconf 85' lang='lat' dir='ltr'>inter</span> <span class='ocrx_word' id='word_1_399' title='bbox 818 2159 871 2186; x_wconf 79' lang='lat' dir='ltr'>Ar-</span> 
     </span>
     <span class='ocr_line' id='line_1_55' title="bbox 80 2190 875 2226; baseline 0.013 -10"><span class='ocrx_word' id='word_1_400' title='bbox 80 2198 227 2217; x_wconf 82' lang='lat' dir='ltr'>menorum</span> <span class='ocrx_word' id='word_1_401' title='bbox 234 2199 338 2219; x_wconf 74' lang='lat' dir='ltr'>errores</span> <span class='ocrx_word' id='word_1_402' title='bbox 347 2201 361 2218; x_wconf 85' lang='lat' dir='ltr'>a</span> <span class='ocrx_word' id='word_1_403' title='bbox 370 2190 408 2218; x_wconf 90' lang='lat' dir='ltr'>D.</span> <span class='ocrx_word' id='word_1_404' title='bbox 417 2192 529 2222; x_wconf 89' lang='lat' dir='ltr'>Nicone</span> <span class='ocrx_word' id='word_1_405' title='bbox 539 2193 680 2226; x_wconf 66' lang='lat' dir='ltr'>collectos,</span> <span class='ocrx_word' id='word_1_406' title='bbox 692 2205 750 2224; x_wconf 90' lang='lat' dir='ltr'>non</span> <span class='ocrx_word' id='word_1_407' title='bbox 761 2197 875 2226; x_wconf 81' lang='lat' dir='ltr'>adorant</span> 
     </span>
    </p>

    <p class='ocr_par' dir='ltr' id='par_1_16' title="bbox 41 2229 876 2307">
     <span class='ocr_line' id='line_1_56' title="bbox 41 2229 876 2276; baseline 0.013 -21"><span class='ocrx_word' id='word_1_408' title='bbox 41 2258 45 2263; x_wconf 44' lang='grc'>,</span> <span class='ocrx_word' id='word_1_409' title='bbox 81 2229 204 2257; x_wconf 89' lang='lat' dir='ltr'>Crucem</span> <span class='ocrx_word' id='word_1_410' title='bbox 213 2250 222 2262; x_wconf 90' lang='grc'><strong><em>,</em></strong></span> <span class='ocrx_word' id='word_1_411' title='bbox 245 2230 295 2259; x_wconf 81' lang='lat' dir='ltr'>nisi</span> <span class='ocrx_word' id='word_1_412' title='bbox 304 2231 413 2260; x_wconf 77' lang='lat' dir='ltr'>clavum</span> <span class='ocrx_word' id='word_1_413' title='bbox 423 2232 498 2270; x_wconf 71' lang='lat' dir='ltr'>prIus</span> <span class='ocrx_word' id='word_1_414' title='bbox 506 2233 538 2262; x_wconf 84' lang='lat' dir='ltr'>in</span> <span class='ocrx_word' id='word_1_415' title='bbox 547 2244 606 2262; x_wconf 84' lang='lat' dir='ltr'>eam</span> <span class='ocrx_word' id='word_1_416' title='bbox 616 2234 706 2273; x_wconf 75' lang='lat' dir='ltr'>figunt</span> <span class='ocrx_word' id='word_1_417' title='bbox 717 2258 724 2268; x_wconf 87' lang='lat'><em>‚</em></span> <span class='ocrx_word' id='word_1_418' title='bbox 747 2237 876 2276; x_wconf 78' lang='lat' dir='ltr'>illamque</span> 
     </span>
     <span class='ocr_line' id='line_1_57' title="bbox 80 2269 875 2307; baseline 0.013 -11"><span class='ocrx_word' id='word_1_419' title='bbox 80 2269 174 2307; x_wconf 77' lang='lat' dir='ltr'>postea</span> <span class='ocrx_word' id='word_1_420' title='bbox 183 2270 349 2300; x_wconf 79' lang='lat' dir='ltr'>benedicunt</span> <span class='ocrx_word' id='word_1_421' title='bbox 361 2284 367 2300; x_wconf 93' lang='lat'>.·</span> <span class='ocrx_word' id='word_1_422' title='bbox 381 2272 415 2301; x_wconf 82' lang='lat' dir='ltr'>fic</span> <span class='ocrx_word' id='word_1_423' title='bbox 427 2273 510 2302; x_wconf 82' lang='lat' dir='ltr'>etiam</span> <span class='ocrx_word' id='word_1_424' title='bbox 522 2274 638 2304; x_wconf 84' lang='lat' dir='ltr'>maxima</span> <span class='ocrx_word' id='word_1_425' title='bbox 649 2286 806 2305; x_wconf 82' lang='lat' dir='ltr'>reverentia</span> <span class='ocrx_word' id='word_1_426' title='bbox 814 2279 875 2306; x_wconf 81' lang='lat' dir='ltr'>Mo-</span> 
     </span>
    </p>

    <p class='ocr_par' dir='ltr' id='par_1_17' title="bbox 46 2308 876 2355">
     <span class='ocr_line' id='line_1_58' title="bbox 46 2308 876 2355; baseline 0.012 -17"><span class='ocrx_word' id='word_1_427' title='bbox 46 2341 48 2343; x_wconf 43' lang='lat'><em>,</em></span> <span class='ocrx_word' id='word_1_428' title='bbox 79 2308 188 2339; x_wconf 75' lang='lat' dir='ltr'>scotum</span> <span class='ocrx_word' id='word_1_429' title='bbox 198 2321 260 2351; x_wconf 84' lang='lat' dir='ltr'>erga</span> <span class='ocrx_word' id='word_1_430' title='bbox 271 2312 391 2342; x_wconf 83' lang='lat' dir='ltr'>Crucem</span> <span class='ocrx_word' id='word_1_431' title='bbox 399 2314 534 2342; x_wconf 87' lang='lat' dir='ltr'>erroribus</span> <span class='ocrx_word' id='word_1_432' title='bbox 544 2337 552 2347; x_wconf 89' lang='lat'><em>‚</em></span> <span class='ocrx_word' id='word_1_433' title='bbox 572 2319 599 2344; x_wconf 76' lang='grc' dir='ltr'>ὅ(</span> <span class='ocrx_word' id='word_1_434' title='bbox 610 2318 766 2355; x_wconf 79' lang='lat' dir='ltr'>ignorantia</span> <span class='ocrx_word' id='word_1_435' title='bbox 777 2317 876 2348; x_wconf 86' lang='lat' dir='ltr'>misce—</span> 
     </span>
    </p>
   </div>
   <div class='ocr_carea' id='block_1_8' title="bbox 77 2351 876 2399">
    <p class='ocr_par' dir='ltr' id='par_1_18' title="bbox 77 2351 876 2399">
     <span class='ocr_line' id='line_1_59' title="bbox 77 2351 876 2399; baseline 0.014 -21"><span class='ocrx_word' id='word_1_436' title='bbox 77 2351 193 2392; x_wconf 54' lang='lat' dir='ltr'>zurgqui</span> <span class='ocrx_word' id='word_1_437' title='bbox 202 2351 268 2383; x_wconf 73' lang='lat' dir='ltr'>licet</span> <span class='ocrx_word' id='word_1_438' title='bbox 276 2362 414 2394; x_wconf 72' lang='lat' dir='ltr'>nimquam</span> <span class='ocrx_word' id='word_1_439' title='bbox 423 2354 510 2386; x_wconf 74' lang='lat' dir='ltr'>fiuant</span> <span class='ocrx_word' id='word_1_440' title='bbox 519 2365 576 2387; x_wconf 72' lang='lat' dir='ltr'>enm</span> <span class='ocrx_word' id='word_1_441' title='bbox 584 2356 618 2387; x_wconf 80' lang='lat' dir='ltr'>ad</span> <span class='ocrx_word' id='word_1_442' title='bbox 625 2356 715 2388; x_wconf 83' lang='lat' dir='ltr'>solum</span> <span class='ocrx_word' id='word_1_443' title='bbox 724 2357 822 2399; x_wconf 81' lang='lat' dir='ltr'>sculpi,</span> <span class='ocrx_word' id='word_1_444' title='bbox 831 2369 876 2391; x_wconf 76' lang='lat' dir='ltr'>aur</span> 
     </span>
    </p>
   </div>
   <div class='ocr_carea' id='block_1_9' title="bbox 355 2479 363 2493">
    <p class='ocr_par' dir='ltr' id='par_1_19' title="bbox 355 2479 363 2493">
     <span class='ocr_line' id='line_1_60' title="bbox 355 2479 363 2493; baseline 0 0"><span class='ocrx_word' id='word_1_445' title='bbox 355 2479 363 2493; x_wconf 71' lang='lat' dir='ltr'><em>D</em></span> 
     </span>
    </p>
   </div>
   <div class='ocr_carea' id='block_1_10' title="bbox 881 506 902 1355">
    <p class='ocr_par' dir='ltr' id='par_1_20' title="bbox 881 506 902 1355">
     <span class='ocr_line' id='line_1_61' title="bbox 883 506 902 669; baseline 0 -83"><span class='ocrx_word' id='word_1_446' title='bbox 883 506 902 669; x_wconf 95' lang='lat' dir='ltr'>   </span> 
     </span>
     <span class='ocr_line' id='line_1_62' title="bbox 883 669 897 778; baseline 0 0"><span class='ocrx_word' id='word_1_447' title='bbox 883 669 897 778; x_wconf 95' lang='lat' dir='ltr'>    </span> 
     </span>
     <span class='ocr_line' id='line_1_63' title="bbox 882 778 895 963; baseline 0 -59"><span class='ocrx_word' id='word_1_448' title='bbox 882 778 895 963; x_wconf 95' lang='lat' dir='ltr'>    </span> 
     </span>
     <span class='ocr_line' id='line_1_64' title="bbox 881 963 894 1156; baseline 0 -83"><span class='ocrx_word' id='word_1_449' title='bbox 881 963 894 1156; x_wconf 95' lang='lat' dir='ltr'>    </span> 
     </span>
     <span class='ocr_line' id='line_1_65' title="bbox 881 1156 896 1355; baseline 1.2 -125"><span class='ocrx_word' id='word_1_450' title='bbox 881 1156 896 1355; x_wconf 95' lang='lat' dir='ltr'>    </span> 
     </span>
    </p>
   </div>
   <div class='ocr_carea' id='block_1_11' title="bbox 881 1357 896 1562">
    <p class='ocr_par' dir='ltr' id='par_1_21' title="bbox 881 1357 896 1562">
     <span class='ocr_line' id='line_1_66' title="bbox 881 1357 896 1562; baseline 0 -120"><span class='ocrx_word' id='word_1_451' title='bbox 881 1357 896 1562; x_wconf 95' lang='lat' dir='ltr'>   </span> 
     </span>
    </p>
   </div>
   <div class='ocr_carea' id='block_1_12' title="bbox 1241 27 1688 75">
    <p class='ocr_par' dir='ltr' id='par_1_22' title="bbox 1241 27 1688 75">
     <span class='ocr_line' id='line_1_67' title="bbox 1241 27 1688 75; baseline 0.013 -6"><span class='ocrx_word' id='word_1_452' title='bbox 1241 27 1280 69; x_wconf 91' lang='lat' dir='ltr'>C</span> <span class='ocrx_word' id='word_1_453' title='bbox 1309 27 1353 69; x_wconf 89' lang='lat' dir='ltr'>R</span> <span class='ocrx_word' id='word_1_454' title='bbox 1610 46 1688 75; x_wconf 87' lang='lat'>221</span> 
     </span>
    </p>
   </div>
   <div class='ocr_carea' id='block_1_13' title="bbox 933 81 1745 1586">
    <p class='ocr_par' dir='ltr' id='par_1_23' title="bbox 933 81 1745 1252">
     <span class='ocr_line' id='line_1_68' title="bbox 942 81 1745 126; baseline 0.007 -15"><span class='ocrx_word' id='word_1_455' title='bbox 942 81 1149 123; x_wconf 77' lang='lat' dir='ltr'>depingi÷collo</span> <span class='ocrx_word' id='word_1_456' title='bbox 1159 93 1251 113; x_wconf 73' lang='lat' dir='ltr'>tamen</span> <span class='ocrx_word' id='word_1_457' title='bbox 1262 85 1603 126; x_wconf 82' lang='lat' dir='ltr'>appendunt‚crcduntque</span> <span class='ocrx_word' id='word_1_458' title='bbox 1611 89 1745 119; x_wconf 77' lang='lat' dir='ltr'>satisface-</span> 
     </span>
     <span class='ocr_line' id='line_1_69' title="bbox 944 124 1740 163; baseline 0.003 -11"><span class='ocrx_word' id='word_1_459' title='bbox 944 133 973 153; x_wconf 87' lang='lat' dir='ltr'>re</span> <span class='ocrx_word' id='word_1_460' title='bbox 980 134 1120 163; x_wconf 75' lang='lat' dir='ltr'>praecepto</span> <span class='ocrx_word' id='word_1_461' title='bbox 1129 124 1260 153; x_wconf 87' lang='lat' dir='ltr'>audiendi</span> <span class='ocrx_word' id='word_1_462' title='bbox 1269 125 1376 155; x_wconf 72' lang='lat' dir='ltr'>Sacrum</span> <span class='ocrx_word' id='word_1_463' title='bbox 1386 126 1415 154; x_wconf 92' lang='lat' dir='ltr'>in</span> <span class='ocrx_word' id='word_1_464' title='bbox 1433 126 1524 156; x_wconf 85' lang='lat' dir='ltr'>diebus</span> <span class='ocrx_word' id='word_1_465' title='bbox 1536 126 1640 159; x_wconf 77' lang='lat' dir='ltr'>festivis</span> <span class='ocrx_word' id='word_1_466' title='bbox 1649 152 1658 163; x_wconf 94' lang='lat'><em>‚</em></span> <span class='ocrx_word' id='word_1_467' title='bbox 1677 130 1697 159; x_wconf 81' lang='lat' dir='ltr'>fi</span> <span class='ocrx_word' id='word_1_468' title='bbox 1707 130 1740 159; x_wconf 80' lang='lat' dir='ltr'>fi-</span> 
     </span>
     <span class='ocr_line' id='line_1_70' title="bbox 943 164 1740 206; baseline 0.008 -13"><span class='ocrx_word' id='word_1_469' title='bbox 943 175 1001 203; x_wconf 86' lang='lat' dir='ltr'>gno</span> <span class='ocrx_word' id='word_1_470' title='bbox 1010 165 1096 193; x_wconf 85' lang='lat' dir='ltr'>crucis</span> <span class='ocrx_word' id='word_1_471' title='bbox 1103 164 1131 193; x_wconf 88' lang='lat' dir='ltr'>se</span> <span class='ocrx_word' id='word_1_472' title='bbox 1141 165 1250 204; x_wconf 75' lang='lat' dir='ltr'>ligncnt</span> <span class='ocrx_word' id='word_1_473' title='bbox 1263 185 1270 192; x_wconf 90' lang='lat'>.</span> <span class='ocrx_word' id='word_1_474' title='bbox 1284 167 1342 196; x_wconf 64' lang='lat' dir='ltr'>PR.</span> <span class='ocrx_word' id='word_1_475' title='bbox 1353 166 1448 196; x_wconf 88' lang='lat' dir='ltr'>Primo</span> <span class='ocrx_word' id='word_1_476' title='bbox 1458 178 1514 206; x_wconf 91' lang='lat' dir='ltr'>quo</span> <span class='ocrx_word' id='word_1_477' title='bbox 1524 167 1558 196; x_wconf 82' lang='lat' dir='ltr'>ad</span> <span class='ocrx_word' id='word_1_478' title='bbox 1566 171 1622 205; x_wconf 84' lang='lat' dir='ltr'>ejus</span> <span class='ocrx_word' id='word_1_479' title='bbox 1632 179 1740 204; x_wconf 87' lang='lat' dir='ltr'>etymo—</span> 
     </span>
     <span class='ocr_line' id='line_1_71' title="bbox 943 206 1739 247; baseline 0.005 -14"><span class='ocrx_word' id='word_1_480' title='bbox 943 206 1060 245; x_wconf 71' lang='lat' dir='ltr'>logiam:</span> <span class='ocrx_word' id='word_1_481' title='bbox 1084 207 1162 234; x_wconf 79' lang='lat' dir='ltr'>Crux</span> <span class='ocrx_word' id='word_1_482' title='bbox 1183 216 1196 233; x_wconf 90' lang='lat' dir='ltr'>a</span> <span class='ocrx_word' id='word_1_483' title='bbox 1205 206 1365 236; x_wconf 77' lang='lat' dir='ltr'>cruciatibus</span> <span class='ocrx_word' id='word_1_484' title='bbox 1383 207 1486 237; x_wconf 85' lang='lat' dir='ltr'>dicitur</span> <span class='ocrx_word' id='word_1_485' title='bbox 1496 229 1504 236; x_wconf 88' lang='lat'>.</span> <span class='ocrx_word' id='word_1_486' title='bbox 1524 218 1583 237; x_wconf 80' lang='lat' dir='ltr'>can.</span> <span class='ocrx_word' id='word_1_487' title='bbox 1603 210 1688 238; x_wconf 89' lang='lat' dir='ltr'>nulli.</span> <span class='ocrx_word' id='word_1_488' title='bbox 1712 221 1739 247; x_wconf 82' lang='lat'>3.</span> 
     </span>
     <span class='ocr_line' id='line_1_72' title="bbox 943 245 1740 287; baseline 0.008 -14"><span class='ocrx_word' id='word_1_489' title='bbox 943 245 1066 284; x_wconf 80' lang='lat' dir='ltr'>quaest.1.</span> <span class='ocrx_word' id='word_1_490' title='bbox 1077 245 1189 275; x_wconf 83' lang='lat' dir='ltr'>Deinde</span> <span class='ocrx_word' id='word_1_491' title='bbox 1200 257 1255 285; x_wconf 91' lang='lat' dir='ltr'>quo</span> <span class='ocrx_word' id='word_1_492' title='bbox 1264 246 1297 276; x_wconf 77' lang='lat' dir='ltr'>ad</span> <span class='ocrx_word' id='word_1_493' title='bbox 1308 251 1363 285; x_wconf 78' lang='lat' dir='ltr'>ejus</span> <span class='ocrx_word' id='word_1_494' title='bbox 1374 247 1516 287; x_wconf 82' lang='lat' dir='ltr'>antiquam</span> <span class='ocrx_word' id='word_1_495' title='bbox 1529 251 1740 279; x_wconf 77' lang='lat' dir='ltr'>venerationem</span> 
     </span>
     <span class='ocr_line' id='line_1_73' title="bbox 943 286 1738 327; baseline 0.006 -13"><span class='ocrx_word' id='word_1_496' title='bbox 943 286 1028 315; x_wconf 88' lang='lat' dir='ltr'>etiam</span> <span class='ocrx_word' id='word_1_497' title='bbox 1038 296 1101 315; x_wconf 81' lang='lat' dir='ltr'>ante</span> <span class='ocrx_word' id='word_1_498' title='bbox 1110 287 1218 316; x_wconf 83' lang='lat' dir='ltr'>Christi</span> <span class='ocrx_word' id='word_1_499' title='bbox 1229 288 1378 318; x_wconf 73' lang='lat' dir='ltr'>adventum</span> <span class='ocrx_word' id='word_1_500' title='bbox 1388 289 1459 327; x_wconf 77' lang='lat' dir='ltr'>apud</span> <span class='ocrx_word' id='word_1_501' title='bbox 1470 289 1611 324; x_wconf 67' lang='lat' dir='ltr'>Hebraeos,</span> <span class='ocrx_word' id='word_1_502' title='bbox 1623 294 1650 320; x_wconf 74' lang='grc' dir='ltr'>ὅ(</span> <span class='ocrx_word' id='word_1_503' title='bbox 1661 293 1738 321; x_wconf 87' lang='lat' dir='ltr'>Gen-</span> 
     </span>
     <span class='ocr_line' id='line_1_74' title="bbox 943 327 1739 369; baseline 0.006 -15"><span class='ocrx_word' id='word_1_504' title='bbox 943 327 1026 360; x_wconf 84' lang='lat' dir='ltr'>tiles;</span> <span class='ocrx_word' id='word_1_505' title='bbox 1048 331 1075 356; x_wconf 72' lang='grc' dir='ltr'>ὅς</span> <span class='ocrx_word' id='word_1_506' title='bbox 1086 328 1181 366; x_wconf 76' lang='lat' dir='ltr'>quoad</span> <span class='ocrx_word' id='word_1_507' title='bbox 1193 329 1327 358; x_wconf 65' lang='lat' dir='ltr'>Hebraeos</span> <span class='ocrx_word' id='word_1_508' title='bbox 1338 352 1346 363; x_wconf 90' lang='lat'><em>,</em></span> <span class='ocrx_word' id='word_1_509' title='bbox 1370 331 1461 369; x_wconf 82' lang='lat' dir='ltr'>primo</span> <span class='ocrx_word' id='word_1_510' title='bbox 1470 331 1554 359; x_wconf 77' lang='lat' dir='ltr'>multa</span> <span class='ocrx_word' id='word_1_511' title='bbox 1568 332 1655 360; x_wconf 66' lang='lat' dir='ltr'>Sacrae</span> <span class='ocrx_word' id='word_1_512' title='bbox 1667 333 1739 360; x_wconf 79' lang='lat' dir='ltr'>Scri-</span> 
     </span>
     <span class='ocr_line' id='line_1_75' title="bbox 944 368 1738 408; baseline 0.008 -13"><span class='ocrx_word' id='word_1_513' title='bbox 944 376 1031 404; x_wconf 75' lang='lat' dir='ltr'>pturae</span> <span class='ocrx_word' id='word_1_514' title='bbox 1043 368 1103 396; x_wconf 84' lang='lat' dir='ltr'>loca</span> <span class='ocrx_word' id='word_1_515' title='bbox 1113 369 1242 407; x_wconf 87' lang='lat' dir='ltr'>congerit</span> <span class='ocrx_word' id='word_1_516' title='bbox 1250 371 1364 407; x_wconf 74' lang='lat' dir='ltr'>jacobus</span> <span class='ocrx_word' id='word_1_517' title='bbox 1374 369 1466 400; x_wconf 79' lang='lat' dir='ltr'>Bofius</span> <span class='ocrx_word' id='word_1_518' title='bbox 1475 371 1504 399; x_wconf 87' lang='lat' dir='ltr'>in</span> <span class='ocrx_word' id='word_1_519' title='bbox 1515 375 1569 408; x_wconf 80' lang='lat' dir='ltr'>ejus</span> <span class='ocrx_word' id='word_1_520' title='bbox 1579 373 1692 401; x_wconf 59' lang='lat' dir='ltr'>tractatu</span> <span class='ocrx_word' id='word_1_521' title='bbox 1703 373 1738 401; x_wconf 88' lang='lat' dir='ltr'>de</span> 
     </span>
     <span class='ocr_line' id='line_1_76' title="bbox 943 407 1739 452; baseline 0.006 -17"><span class='ocrx_word' id='word_1_522' title='bbox 943 407 1137 447; x_wconf 83' lang='lat' dir='ltr'>Triumphanti</span> <span class='ocrx_word' id='word_1_523' title='bbox 1147 410 1237 438; x_wconf 86' lang='lat' dir='ltr'>Cruce</span> <span class='ocrx_word' id='word_1_524' title='bbox 1248 431 1256 442; x_wconf 91' lang='lat'><em>,</em></span> <span class='ocrx_word' id='word_1_525' title='bbox 1269 411 1303 438; x_wconf 87' lang='lat' dir='ltr'>de</span> <span class='ocrx_word' id='word_1_526' title='bbox 1316 421 1366 449; x_wconf 74' lang='lat' dir='ltr'>qua</span> <span class='ocrx_word' id='word_1_527' title='bbox 1378 410 1461 440; x_wconf 76' lang='lat' dir='ltr'>etiam</span> <span class='ocrx_word' id='word_1_528' title='bbox 1471 414 1608 452; x_wconf 73' lang='lat' dir='ltr'>praecipue</span> <span class='ocrx_word' id='word_1_529' title='bbox 1628 413 1658 441; x_wconf 91' lang='lat' dir='ltr'>in</span> <span class='ocrx_word' id='word_1_530' title='bbox 1668 412 1739 442; x_wconf 74' lang='lat' dir='ltr'>Pffl.</span> 
     </span>
     <span class='ocr_line' id='line_1_77' title="bbox 944 449 1739 485; baseline 0.008 -9"><span class='ocrx_word' id='word_1_531' title='bbox 944 458 991 485; x_wconf 86' lang='lat'>73.</span> <span class='ocrx_word' id='word_1_532' title='bbox 1009 449 1173 477; x_wconf 83' lang='lat' dir='ltr'>Dominicus</span> <span class='ocrx_word' id='word_1_533' title='bbox 1189 450 1348 480; x_wconf 68' lang='lat' dir='ltr'>cardinalis</span> <span class='ocrx_word' id='word_1_534' title='bbox 1369 452 1522 481; x_wconf 74' lang='lat' dir='ltr'>Gimnasius</span> <span class='ocrx_word' id='word_1_535' title='bbox 1542 453 1652 482; x_wconf 74' lang='lat' dir='ltr'>notavit</span> <span class='ocrx_word' id='word_1_536' title='bbox 1662 465 1669 485; x_wconf 63' lang='grc' dir='ltr'><strong><em>ς</em></strong></span> <span class='ocrx_word' id='word_1_537' title='bbox 1692 453 1739 482; x_wconf 80' lang='lat' dir='ltr'>ubi</span> 
     </span>
     <span class='ocr_line' id='line_1_78' title="bbox 942 487 1736 532; baseline 0.005 -15"><span class='ocrx_word' id='word_1_538' title='bbox 942 487 1082 517; x_wconf 75' lang='lat' dir='ltr'>psalmista</span> <span class='ocrx_word' id='word_1_539' title='bbox 1095 489 1186 528; x_wconf 89' lang='lat' dir='ltr'>inquit</span> <span class='ocrx_word' id='word_1_540' title='bbox 1197 511 1204 522; x_wconf 87' lang='lat'><em>,</em></span> <span class='ocrx_word' id='word_1_541' title='bbox 1225 495 1283 526; x_wconf 87' lang='lat' dir='ltr'>[Et</span> <span class='ocrx_word' id='word_1_542' title='bbox 1295 493 1409 531; x_wconf 77' lang='lat' dir='ltr'>gloriati</span> <span class='ocrx_word' id='word_1_543' title='bbox 1426 491 1490 521; x_wconf 88' lang='lat' dir='ltr'>sunt</span> <span class='ocrx_word' id='word_1_544' title='bbox 1509 494 1558 532; x_wconf 86' lang='lat' dir='ltr'>qui</span> <span class='ocrx_word' id='word_1_545' title='bbox 1570 504 1598 522; x_wconf 93' lang='lat' dir='ltr'>te</span> <span class='ocrx_word' id='word_1_546' title='bbox 1615 495 1736 523; x_wconf 75' lang='lat' dir='ltr'>oderunt</span> 
     </span>
     <span class='ocr_line' id='line_1_79' title="bbox 942 528 1732 574; baseline 0.008 -17"><span class='ocrx_word' id='word_1_547' title='bbox 942 529 972 557; x_wconf 93' lang='lat' dir='ltr'>in</span> <span class='ocrx_word' id='word_1_548' title='bbox 983 530 1075 558; x_wconf 88' lang='lat' dir='ltr'>medio</span> <span class='ocrx_word' id='word_1_549' title='bbox 1084 528 1266 560; x_wconf 78' lang='lat' dir='ltr'>solemnitatis</span> <span class='ocrx_word' id='word_1_550' title='bbox 1276 543 1329 560; x_wconf 60' lang='lat' dir='ltr'>tue</span> <span class='ocrx_word' id='word_1_551' title='bbox 1340 555 1347 566; x_wconf 93' lang='lat'><em>,</em></span> <span class='ocrx_word' id='word_1_552' title='bbox 1370 533 1518 572; x_wconf 82' lang='lat' dir='ltr'>posuerunt</span> <span class='ocrx_word' id='word_1_553' title='bbox 1529 535 1604 574; x_wconf 84' lang='lat' dir='ltr'>ligna</span> <span class='ocrx_word' id='word_1_554' title='bbox 1612 533 1656 564; x_wconf 75' lang='lat' dir='ltr'>sua</span> <span class='ocrx_word' id='word_1_555' title='bbox 1664 546 1674 565; x_wconf 56' lang='grc' dir='ltr'>ς</span> <span class='ocrx_word' id='word_1_556' title='bbox 1697 536 1732 563; x_wconf 73' lang='lat' dir='ltr'>li-</span> 
     </span>
     <span class='ocr_line' id='line_1_80' title="bbox 940 575 1734 613; baseline 0.008 -16"><span class='ocrx_word' id='word_1_557' title='bbox 940 579 994 608; x_wconf 75' lang='lat' dir='ltr'>gns</span> <span class='ocrx_word' id='word_1_558' title='bbox 1006 591 1014 602; x_wconf 87' lang='lat'><em>‚</em></span> <span class='ocrx_word' id='word_1_559' title='bbox 1036 580 1095 608; x_wconf 68' lang='lat' dir='ltr'>qnae</span> <span class='ocrx_word' id='word_1_560' title='bbox 1107 581 1165 599; x_wconf 89' lang='lat' dir='ltr'>non</span> <span class='ocrx_word' id='word_1_561' title='bbox 1177 582 1316 600; x_wconf 84' lang='lat' dir='ltr'>noverunt</span> <span class='ocrx_word' id='word_1_562' title='bbox 1326 588 1334 601; x_wconf 98' lang='grc'>.-</span> <span class='ocrx_word' id='word_1_563' title='bbox 1359 575 1425 603; x_wconf 86' lang='lat' dir='ltr'>ficut</span> <span class='ocrx_word' id='word_1_564' title='bbox 1436 575 1465 602; x_wconf 89' lang='lat' dir='ltr'>in</span> <span class='ocrx_word' id='word_1_565' title='bbox 1475 575 1552 603; x_wconf 79' lang='lat' dir='ltr'>exitu</span> <span class='ocrx_word' id='word_1_566' title='bbox 1572 576 1652 613; x_wconf 85' lang='lat' dir='ltr'>super</span> <span class='ocrx_word' id='word_1_567' title='bbox 1661 575 1734 603; x_wconf 86' lang='lat' dir='ltr'>snm-</span> 
     </span>
     <span class='ocr_line' id='line_1_81' title="bbox 940 611 1732 654; baseline 0.009 -17"><span class='ocrx_word' id='word_1_568' title='bbox 940 620 1014 638; x_wconf 88' lang='lat' dir='ltr'>nium</span> <span class='ocrx_word' id='word_1_569' title='bbox 1025 614 1076 639; x_wconf 62' lang='lat' dir='ltr'>&amp;a</span> <span class='ocrx_word' id='word_1_570' title='bbox 1089 614 1101 643; x_wconf 90' lang='lat'>]</span> <span class='ocrx_word' id='word_1_571' title='bbox 1126 611 1160 639; x_wconf 88' lang='lat' dir='ltr'>de</span> <span class='ocrx_word' id='word_1_572' title='bbox 1174 612 1299 641; x_wconf 78' lang='lat' dir='ltr'>Hebraeis</span> <span class='ocrx_word' id='word_1_573' title='bbox 1309 624 1452 653; x_wconf 85' lang='lat' dir='ltr'>exponens</span> <span class='ocrx_word' id='word_1_574' title='bbox 1463 637 1470 648; x_wconf 86' lang='lat'><em>,</em></span> <span class='ocrx_word' id='word_1_575' title='bbox 1489 617 1534 654; x_wconf 87' lang='lat' dir='ltr'>qui</span> <span class='ocrx_word' id='word_1_576' title='bbox 1558 615 1732 651; x_wconf 88' lang='lat' dir='ltr'>[Posuerunt</span> 
     </span>
     <span class='ocr_line' id='line_1_82' title="bbox 936 650 1732 694; baseline 0.008 -16"><span class='ocrx_word' id='word_1_577' title='bbox 936 650 1012 689; x_wconf 84' lang='lat' dir='ltr'>figna</span> <span class='ocrx_word' id='word_1_578' title='bbox 1022 673 1030 684; x_wconf 95' lang='lat'><em>‚</em></span> <span class='ocrx_word' id='word_1_579' title='bbox 1053 655 1080 680; x_wconf 70' lang='grc' dir='ltr'>ὃ(</span> <span class='ocrx_word' id='word_1_580' title='bbox 1093 662 1149 680; x_wconf 89' lang='lat' dir='ltr'>non</span> <span class='ocrx_word' id='word_1_581' title='bbox 1158 663 1352 691; x_wconf 85' lang='lat' dir='ltr'>cognoverunt</span> <span class='ocrx_word' id='word_1_582' title='bbox 1361 669 1370 683; x_wconf 88' lang='lat'>.·</span> <span class='ocrx_word' id='word_1_583' title='bbox 1382 655 1426 684; x_wconf 87' lang='lat' dir='ltr'>hic</span> <span class='ocrx_word' id='word_1_584' title='bbox 1438 656 1476 684; x_wconf 82' lang='lat' dir='ltr'>est</span> <span class='ocrx_word' id='word_1_585' title='bbox 1487 655 1563 694; x_wconf 74' lang='lat' dir='ltr'>Jesus</span> <span class='ocrx_word' id='word_1_586' title='bbox 1575 659 1732 686; x_wconf 75' lang='lat' dir='ltr'>Nazarenns</span> 
     </span>
     <span class='ocr_line' id='line_1_83' title="bbox 937 691 1732 730; baseline 0.008 -10"><span class='ocrx_word' id='word_1_587' title='bbox 937 694 998 721; x_wconf 87' lang='lat' dir='ltr'>Rex</span> <span class='ocrx_word' id='word_1_588' title='bbox 1011 691 1170 730; x_wconf 68' lang='lat' dir='ltr'>Judccornm</span> <span class='ocrx_word' id='word_1_589' title='bbox 1184 713 1193 725; x_wconf 92' lang='lat'><em>‚</em></span> <span class='ocrx_word' id='word_1_590' title='bbox 1206 693 1272 722; x_wconf 82' lang='lat' dir='ltr'>licut</span> <span class='ocrx_word' id='word_1_591' title='bbox 1285 696 1313 722; x_wconf 90' lang='lat' dir='ltr'>in</span> <span class='ocrx_word' id='word_1_592' title='bbox 1323 697 1399 724; x_wconf 88' lang='lat' dir='ltr'>exitu</span> <span class='ocrx_word' id='word_1_593' title='bbox 1409 718 1417 729; x_wconf 93' lang='lat'><em>,</em></span> <span class='ocrx_word' id='word_1_594' title='bbox 1430 697 1460 724; x_wconf 88' lang='lat' dir='ltr'>in</span> <span class='ocrx_word' id='word_1_595' title='bbox 1471 697 1578 725; x_wconf 72' lang='lat' dir='ltr'>ultima:</span> <span class='ocrx_word' id='word_1_596' title='bbox 1593 698 1659 726; x_wconf 77' lang='lat' dir='ltr'>vitae</span> <span class='ocrx_word' id='word_1_597' title='bbox 1671 699 1732 726; x_wconf 93' lang='lat' dir='ltr'>Do-</span> 
     </span>
     <span class='ocr_line' id='line_1_84' title="bbox 937 731 1731 770; baseline 0.01 -11"><span class='ocrx_word' id='word_1_598' title='bbox 937 732 1006 760; x_wconf 85' lang='lat' dir='ltr'>mini</span> <span class='ocrx_word' id='word_1_599' title='bbox 1017 733 1096 761; x_wconf 83' lang='lat' dir='ltr'>exitu</span> <span class='ocrx_word' id='word_1_600' title='bbox 1104 731 1183 770; x_wconf 83' lang='lat' dir='ltr'>super</span> <span class='ocrx_word' id='word_1_601' title='bbox 1192 731 1327 763; x_wconf 84' lang='lat' dir='ltr'>summum</span> <span class='ocrx_word' id='word_1_602' title='bbox 1337 737 1436 764; x_wconf 78' lang='lat' dir='ltr'>Crucis</span> <span class='ocrx_word' id='word_1_603' title='bbox 1447 757 1454 764; x_wconf 89' lang='lat'><strong>.</strong></span> <span class='ocrx_word' id='word_1_604' title='bbox 1477 740 1488 768; x_wconf 94' lang='lat'><strong>]</strong></span> <span class='ocrx_word' id='word_1_605' title='bbox 1511 740 1552 766; x_wconf 81' lang='lat' dir='ltr'>Ac</span> <span class='ocrx_word' id='word_1_606' title='bbox 1563 738 1597 766; x_wconf 90' lang='lat' dir='ltr'>de</span> <span class='ocrx_word' id='word_1_607' title='bbox 1606 739 1731 767; x_wconf 76' lang='lat' dir='ltr'>Gentili-</span> 
     </span>
     <span class='ocr_line' id='line_1_85' title="bbox 936 773 1732 817; baseline 0.01 -18"><span class='ocrx_word' id='word_1_608' title='bbox 936 773 1000 806; x_wconf 91' lang='lat' dir='ltr'>bus,</span> <span class='ocrx_word' id='word_1_609' title='bbox 1022 773 1069 801; x_wconf 87' lang='lat' dir='ltr'>cit.</span> <span class='ocrx_word' id='word_1_610' title='bbox 1081 773 1171 802; x_wconf 82' lang='lat' dir='ltr'>Bofius</span> <span class='ocrx_word' id='word_1_611' title='bbox 1183 776 1197 806; x_wconf 77' lang='lat'>‚&#39;</span> <span class='ocrx_word' id='word_1_612' title='bbox 1215 774 1261 803; x_wconf 87' lang='lat' dir='ltr'>lb.</span> <span class='ocrx_word' id='word_1_613' title='bbox 1275 787 1301 804; x_wconf 84' lang='lat'>2.</span> <span class='ocrx_word' id='word_1_614' title='bbox 1314 786 1370 815; x_wconf 89' lang='lat' dir='ltr'>cap.</span> <span class='ocrx_word' id='word_1_615' title='bbox 1381 788 1408 812; x_wconf 83' lang='lat'>4.</span> <span class='ocrx_word' id='word_1_616' title='bbox 1427 775 1514 806; x_wconf 75' lang='lat' dir='ltr'>asserit</span> <span class='ocrx_word' id='word_1_617' title='bbox 1525 799 1533 811; x_wconf 92' lang='lat'><em>,</em></span> <span class='ocrx_word' id='word_1_618' title='bbox 1556 779 1630 817; x_wconf 87' lang='lat' dir='ltr'>quod</span> <span class='ocrx_word' id='word_1_619' title='bbox 1647 789 1732 808; x_wconf 75' lang='lat' dir='ltr'>omn-</span> 
     </span>
     <span class='ocr_line' id='line_1_86' title="bbox 937 813 1729 858; baseline 0.009 -17"><span class='ocrx_word' id='word_1_620' title='bbox 937 823 975 841; x_wconf 88' lang='lat' dir='ltr'>tes</span> <span class='ocrx_word' id='word_1_621' title='bbox 985 813 1028 842; x_wconf 87' lang='lat' dir='ltr'>illi</span> <span class='ocrx_word' id='word_1_622' title='bbox 1039 815 1158 842; x_wconf 83' lang='lat' dir='ltr'>Crucem</span> <span class='ocrx_word' id='word_1_623' title='bbox 1177 816 1355 854; x_wconf 73' lang='lat' dir='ltr'>effigiabant5</span> <span class='ocrx_word' id='word_1_624' title='bbox 1379 821 1407 846; x_wconf 76' lang='lat' dir='ltr'>Sc</span> <span class='ocrx_word' id='word_1_625' title='bbox 1425 818 1472 847; x_wconf 85' lang='lat' dir='ltr'>lib.</span> <span class='ocrx_word' id='word_1_626' title='bbox 1495 828 1520 853; x_wconf 86' lang='lat'>5.</span> <span class='ocrx_word' id='word_1_627' title='bbox 1545 829 1568 845; x_wconf 89' lang='lat' dir='ltr'>c.</span> <span class='ocrx_word' id='word_1_628' title='bbox 1593 831 1635 848; x_wconf 79' lang='lat'>12.</span> <span class='ocrx_word' id='word_1_629' title='bbox 1653 820 1729 858; x_wconf 87' lang='lat' dir='ltr'>qnod.</span> 
     </span>
     <span class='ocr_line' id='line_1_87' title="bbox 935 853 1729 896; baseline 0.01 -15"><span class='ocrx_word' id='word_1_630' title='bbox 935 853 1050 882; x_wconf 85' lang='lat' dir='ltr'>Ethnici</span> <span class='ocrx_word' id='word_1_631' title='bbox 1061 875 1069 887; x_wconf 93' lang='lat'><em>,</em></span> <span class='ocrx_word' id='word_1_632' title='bbox 1091 854 1244 883; x_wconf 87' lang='lat' dir='ltr'>nescientes</span> <span class='ocrx_word' id='word_1_633' title='bbox 1255 866 1346 885; x_wconf 79' lang='lat' dir='ltr'>tamen</span> <span class='ocrx_word' id='word_1_634' title='bbox 1357 858 1425 896; x_wconf 89' lang='lat' dir='ltr'>quid</span> <span class='ocrx_word' id='word_1_635' title='bbox 1435 859 1555 888; x_wconf 78' lang='lat' dir='ltr'>facerent</span> <span class='ocrx_word' id='word_1_636' title='bbox 1567 881 1575 892; x_wconf 90' lang='lat'><em>,</em></span> <span class='ocrx_word' id='word_1_637' title='bbox 1588 861 1687 889; x_wconf 85' lang='lat' dir='ltr'>Crucis</span> <span class='ocrx_word' id='word_1_638' title='bbox 1697 860 1729 889; x_wconf 75' lang='lat' dir='ltr'>fi-</span> 
     </span>
     <span class='ocr_line' id='line_1_88' title="bbox 934 894 1731 938; baseline 0.01 -17"><span class='ocrx_word' id='word_1_639' title='bbox 934 905 1036 933; x_wconf 81' lang='lat' dir='ltr'>guram,</span> <span class='ocrx_word' id='word_1_640' title='bbox 1049 894 1236 934; x_wconf 84' lang='lat' dir='ltr'>&amp;imaginem</span> <span class='ocrx_word' id='word_1_641' title='bbox 1248 897 1407 926; x_wconf 70' lang='lat' dir='ltr'>formabant:</span> <span class='ocrx_word' id='word_1_642' title='bbox 1419 900 1454 929; x_wconf 88' lang='lat' dir='ltr'>de</span> <span class='ocrx_word' id='word_1_643' title='bbox 1465 900 1559 938; x_wconf 85' lang='lat' dir='ltr'>quibus</span> <span class='ocrx_word' id='word_1_644' title='bbox 1570 901 1634 929; x_wconf 88' lang='lat' dir='ltr'>vide</span> <span class='ocrx_word' id='word_1_645' title='bbox 1645 902 1731 929; x_wconf 76' lang='lat' dir='ltr'>etiam</span> 
     </span>
     <span class='ocr_line' id='line_1_89' title="bbox 933 935 1729 980; baseline 0.008 -17"><span class='ocrx_word' id='word_1_646' title='bbox 933 935 1082 964; x_wconf 77' lang='lat' dir='ltr'>Baronium</span> <span class='ocrx_word' id='word_1_647' title='bbox 1093 957 1100 968; x_wconf 93' lang='lat'><em>,</em></span> <span class='ocrx_word' id='word_1_648' title='bbox 1123 946 1187 964; x_wconf 81' lang='lat' dir='ltr'>ann.</span> <span class='ocrx_word' id='word_1_649' title='bbox 1199 947 1246 974; x_wconf 84' lang='lat'>34.</span> <span class='ocrx_word' id='word_1_650' title='bbox 1260 948 1334 966; x_wconf 90' lang='lat' dir='ltr'>num.</span> <span class='ocrx_word' id='word_1_651' title='bbox 1347 951 1394 974; x_wconf 79' lang='lat'>9²-</span> <span class='ocrx_word' id='word_1_652' title='bbox 1415 943 1442 968; x_wconf 62' lang='grc' dir='ltr'>ἃ</span> <span class='ocrx_word' id='word_1_653' title='bbox 1463 950 1512 977; x_wconf 82' lang='lat'>93.</span> <span class='ocrx_word' id='word_1_654' title='bbox 1522 942 1566 970; x_wconf 90' lang='lat' dir='ltr'>De</span> <span class='ocrx_word' id='word_1_655' title='bbox 1575 941 1729 980; x_wconf 82' lang='lat' dir='ltr'>AEgyptiis</span> 
     </span>
     <span class='ocr_line' id='line_1_90' title="bbox 934 975 1728 1016; baseline 0.01 -13"><span class='ocrx_word' id='word_1_656' title='bbox 934 975 999 1004; x_wconf 76' lang='lat' dir='ltr'>vide</span> <span class='ocrx_word' id='word_1_657' title='bbox 1008 975 1079 1004; x_wconf 83' lang='lat' dir='ltr'>infra</span> <span class='ocrx_word' id='word_1_658' title='bbox 1088 997 1096 1009; x_wconf 90' lang='lat'><em>,</em></span> <span class='ocrx_word' id='word_1_659' title='bbox 1119 976 1188 1004; x_wconf 59' lang='lat' dir='ltr'>dic‘t.</span> <span class='ocrx_word' id='word_1_660' title='bbox 1197 981 1276 1006; x_wconf 75' lang='lat' dir='ltr'>Crux</span> <span class='ocrx_word' id='word_1_661' title='bbox 1287 981 1402 1016; x_wconf 78' lang='lat' dir='ltr'><em>Ansata</em></span> <span class='ocrx_word' id='word_1_662' title='bbox 1415 1001 1421 1008; x_wconf 95' lang='lat'><strong>.</strong></span> <span class='ocrx_word' id='word_1_663' title='bbox 1446 981 1510 1014; x_wconf 87' lang='lat' dir='ltr'>Quo</span> <span class='ocrx_word' id='word_1_664' title='bbox 1521 982 1554 1010; x_wconf 79' lang='lat' dir='ltr'>ad</span> <span class='ocrx_word' id='word_1_665' title='bbox 1565 983 1663 1010; x_wconf 88' lang='lat' dir='ltr'>Crucis</span> <span class='ocrx_word' id='word_1_666' title='bbox 1672 993 1728 1011; x_wconf 83' lang='lat' dir='ltr'>ma-</span> 
     </span>
     <span class='ocr_line' id='line_1_91' title="bbox 936 1016 1727 1051; baseline 0.01 -8"><span class='ocrx_word' id='word_1_667' title='bbox 936 1017 1048 1044; x_wconf 79' lang='lat' dir='ltr'>teriam:</span> <span class='ocrx_word' id='word_1_668' title='bbox 1070 1016 1162 1045; x_wconf 73' lang='lat' dir='ltr'>Glolla</span> <span class='ocrx_word' id='word_1_669' title='bbox 1175 1038 1183 1049; x_wconf 85' lang='lat'><em>,</em></span> <span class='ocrx_word' id='word_1_670' title='bbox 1194 1017 1225 1044; x_wconf 89' lang='lat' dir='ltr'>in</span> <span class='ocrx_word' id='word_1_671' title='bbox 1235 1019 1378 1048; x_wconf 86' lang='lat' dir='ltr'>Clement.</span> <span class='ocrx_word' id='word_1_672' title='bbox 1389 1020 1424 1048; x_wconf 88' lang='lat' dir='ltr'>de</span> <span class='ocrx_word' id='word_1_673' title='bbox 1435 1021 1542 1050; x_wconf 76' lang='lat' dir='ltr'>Summa</span> <span class='ocrx_word' id='word_1_674' title='bbox 1551 1023 1653 1051; x_wconf 86' lang='lat' dir='ltr'>Trinit.</span> <span class='ocrx_word' id='word_1_675' title='bbox 1665 1033 1687 1051; x_wconf 86' lang='lat' dir='ltr'>c.</span> <span class='ocrx_word' id='word_1_676' title='bbox 1704 1035 1712 1051; x_wconf 86' lang='lat' dir='ltr'>i</span> <span class='ocrx_word' id='word_1_677' title='bbox 1720 1044 1727 1051; x_wconf 92' lang='lat'>.</span> 
     </span>
     <span class='ocr_line' id='line_1_92' title="bbox 934 1056 1726 1095; baseline 0.009 -10"><span class='ocrx_word' id='word_1_678' title='bbox 934 1057 968 1085; x_wconf 91' lang='lat' dir='ltr'>de</span> <span class='ocrx_word' id='word_1_679' title='bbox 979 1067 1041 1085; x_wconf 87' lang='lat' dir='ltr'>vera</span> <span class='ocrx_word' id='word_1_680' title='bbox 1057 1056 1166 1086; x_wconf 82' lang='lat' dir='ltr'>Christi</span> <span class='ocrx_word' id='word_1_681' title='bbox 1183 1058 1274 1087; x_wconf 88' lang='lat' dir='ltr'>Cruce</span> <span class='ocrx_word' id='word_1_682' title='bbox 1284 1059 1318 1087; x_wconf 83' lang='lat' dir='ltr'>fic</span> <span class='ocrx_word' id='word_1_683' title='bbox 1337 1061 1392 1088; x_wconf 81' lang='lat' dir='ltr'>ait:</span> <span class='ocrx_word' id='word_1_684' title='bbox 1417 1066 1429 1095; x_wconf 91' lang='lat'>[</span> <span class='ocrx_word' id='word_1_685' title='bbox 1448 1062 1542 1090; x_wconf 82' lang='lat' dir='ltr'>Fertur</span> <span class='ocrx_word' id='word_1_686' title='bbox 1553 1064 1635 1091; x_wconf 73' lang='lat' dir='ltr'>etiam</span> <span class='ocrx_word' id='word_1_687' title='bbox 1645 1064 1726 1092; x_wconf 86' lang='lat' dir='ltr'>Crux</span> 
     </span>
     <span class='ocr_line' id='line_1_93' title="bbox 934 1098 1726 1142; baseline 0.011 -18"><span class='ocrx_word' id='word_1_688' title='bbox 934 1107 1048 1136; x_wconf 78' lang='lat' dir='ltr'>quatuor</span> <span class='ocrx_word' id='word_1_689' title='bbox 1060 1098 1311 1137; x_wconf 80' lang='lat' dir='ltr'>generalignorum</span> <span class='ocrx_word' id='word_1_690' title='bbox 1320 1099 1437 1129; x_wconf 71' lang='lat' dir='ltr'>habuisse</span> <span class='ocrx_word' id='word_1_691' title='bbox 1447 1123 1454 1134; x_wconf 94' lang='grc'><em>,</em></span> <span class='ocrx_word' id='word_1_692' title='bbox 1478 1103 1588 1132; x_wconf 83' lang='lat' dir='ltr'>cedrum</span> <span class='ocrx_word' id='word_1_693' title='bbox 1610 1105 1639 1132; x_wconf 90' lang='lat' dir='ltr'>in</span> <span class='ocrx_word' id='word_1_694' title='bbox 1650 1103 1726 1142; x_wconf 84' lang='lat' dir='ltr'>stipi-</span> 
     </span>
     <span class='ocr_line' id='line_1_94' title="bbox 935 1140 1725 1183; baseline 0.01 -18"><span class='ocrx_word' id='word_1_695' title='bbox 935 1148 962 1166; x_wconf 89' lang='lat' dir='ltr'>te</span> <span class='ocrx_word' id='word_1_696' title='bbox 971 1160 979 1172; x_wconf 93' lang='lat'><em>‚</em></span> <span class='ocrx_word' id='word_1_697' title='bbox 1003 1140 1118 1176; x_wconf 70' lang='lat' dir='ltr'>palmam</span> <span class='ocrx_word' id='word_1_698' title='bbox 1139 1140 1170 1167; x_wconf 89' lang='lat' dir='ltr'>in</span> <span class='ocrx_word' id='word_1_699' title='bbox 1191 1141 1254 1178; x_wconf 84' lang='lat' dir='ltr'>palo</span> <span class='ocrx_word' id='word_1_700' title='bbox 1264 1141 1351 1179; x_wconf 89' lang='lat' dir='ltr'>longo</span> <span class='ocrx_word' id='word_1_701' title='bbox 1362 1163 1370 1175; x_wconf 94' lang='lat'>,</span> <span class='ocrx_word' id='word_1_702' title='bbox 1392 1142 1539 1180; x_wconf 79' lang='lat' dir='ltr'>cupressiim</span> <span class='ocrx_word' id='word_1_703' title='bbox 1549 1144 1579 1173; x_wconf 88' lang='lat' dir='ltr'>in</span> <span class='ocrx_word' id='word_1_704' title='bbox 1591 1144 1670 1183; x_wconf 84' lang='lat' dir='ltr'>ligno</span> <span class='ocrx_word' id='word_1_705' title='bbox 1691 1155 1725 1173; x_wconf 82' lang='lat' dir='ltr'>cx</span> 
     </span>
     <span class='ocr_line' id='line_1_95' title="bbox 934 1178 1728 1224; baseline 0.01 -18"><span class='ocrx_word' id='word_1_706' title='bbox 934 1178 1209 1212; x_wconf 84' lang='lat' dir='ltr'>transverso‚olivam</span> <span class='ocrx_word' id='word_1_707' title='bbox 1219 1181 1250 1208; x_wconf 86' lang='lat' dir='ltr'>in</span> <span class='ocrx_word' id='word_1_708' title='bbox 1260 1182 1346 1210; x_wconf 81' lang='lat' dir='ltr'>tabula</span> <span class='ocrx_word' id='word_1_709' title='bbox 1355 1181 1434 1221; x_wconf 86' lang='lat' dir='ltr'>super</span> <span class='ocrx_word' id='word_1_710' title='bbox 1443 1185 1562 1213; x_wconf 86' lang='lat' dir='ltr'>Crucem</span> <span class='ocrx_word' id='word_1_711' title='bbox 1572 1186 1635 1214; x_wconf 81' lang='lat' dir='ltr'>loco</span> <span class='ocrx_word' id='word_1_712' title='bbox 1648 1195 1728 1224; x_wconf 80' lang='lat' dir='ltr'>quai:-</span> 
     </span>
     <span class='ocr_line' id='line_1_96' title="bbox 935 1219 1348 1252; baseline 0.007 -5"><span class='ocrx_word' id='word_1_713' title='bbox 935 1220 958 1247; x_wconf 86' lang='lat' dir='ltr'>ti</span> <span class='ocrx_word' id='word_1_714' title='bbox 969 1219 1073 1248; x_wconf 74' lang='lat' dir='ltr'>brachii</span> <span class='ocrx_word' id='word_1_715' title='bbox 1081 1240 1090 1252; x_wconf 86' lang='lat'>,</span> <span class='ocrx_word' id='word_1_716' title='bbox 1112 1223 1140 1248; x_wconf 87' lang='lat'>&amp;</span> <span class='ocrx_word' id='word_1_717' title='bbox 1149 1220 1229 1249; x_wconf 76' lang='lat' dir='ltr'>datur</span> <span class='ocrx_word' id='word_1_718' title='bbox 1239 1221 1330 1250; x_wconf 88' lang='lat' dir='ltr'>versus</span> <span class='ocrx_word' id='word_1_719' title='bbox 1341 1242 1348 1250; x_wconf 88' lang='lat'><strong>.</strong></span> 
     </span>
    </p>

    <p class='ocr_par' dir='ltr' id='par_1_24' title="bbox 934 1260 1727 1586">
     <span class='ocr_line' id='line_1_97' title="bbox 986 1260 1727 1304; baseline 0.012 -17"><span class='ocrx_word' id='word_1_720' title='bbox 986 1260 1074 1299; x_wconf 78' lang='lat' dir='ltr'>Ligna.</span> <span class='ocrx_word' id='word_1_721' title='bbox 1094 1261 1180 1289; x_wconf 78' lang='lat' dir='ltr'>crucis</span> <span class='ocrx_word' id='word_1_722' title='bbox 1201 1263 1288 1300; x_wconf 78' lang='lat' dir='ltr'>palma</span> <span class='ocrx_word' id='word_1_723' title='bbox 1298 1285 1304 1296; x_wconf 95' lang='lat'><em>,</em></span> <span class='ocrx_word' id='word_1_724' title='bbox 1330 1263 1425 1293; x_wconf 83' lang='lat' dir='ltr'>cedrus</span> <span class='ocrx_word' id='word_1_725' title='bbox 1436 1286 1445 1298; x_wconf 91' lang='lat'><em>‚</em></span> <span class='ocrx_word' id='word_1_726' title='bbox 1467 1266 1599 1304; x_wconf 77' lang='lat' dir='ltr'>cupressiis</span> <span class='ocrx_word' id='word_1_727' title='bbox 1611 1288 1620 1299; x_wconf 88' lang='lat'><em>,</em></span> <span class='ocrx_word' id='word_1_728' title='bbox 1641 1266 1727 1296; x_wconf 77' lang='lat' dir='ltr'>oliva.</span> 
     </span>
     <span class='ocr_line' id='line_1_98' title="bbox 937 1301 1724 1344; baseline 0.01 -16"><span class='ocrx_word' id='word_1_729' title='bbox 937 1304 970 1329; x_wconf 85' lang='lat' dir='ltr'>Et</span> <span class='ocrx_word' id='word_1_730' title='bbox 989 1301 1130 1339; x_wconf 80' lang='lat' dir='ltr'>quomodo</span> <span class='ocrx_word' id='word_1_731' title='bbox 1147 1304 1328 1340; x_wconf 79' lang='lat' dir='ltr'>proprietates</span> <span class='ocrx_word' id='word_1_732' title='bbox 1351 1305 1491 1344; x_wconf 79' lang='lat' dir='ltr'>lignorum</span> <span class='ocrx_word' id='word_1_733' title='bbox 1523 1308 1590 1336; x_wconf 88' lang='lat' dir='ltr'>bene</span> <span class='ocrx_word' id='word_1_734' title='bbox 1619 1318 1724 1336; x_wconf 84' lang='lat' dir='ltr'>conve-</span> 
     </span>
     <span class='ocr_line' id='line_1_99' title="bbox 938 1342 1723 1384; baseline 0.009 -14"><span class='ocrx_word' id='word_1_735' title='bbox 938 1342 1017 1370; x_wconf 88' lang='lat' dir='ltr'>niant</span> <span class='ocrx_word' id='word_1_736' title='bbox 1029 1364 1036 1375; x_wconf 89' lang='lat'><em>‚</em></span> <span class='ocrx_word' id='word_1_737' title='bbox 1060 1343 1163 1372; x_wconf 79' lang='lat' dir='ltr'>instant</span> <span class='ocrx_word' id='word_1_738' title='bbox 1173 1344 1311 1384; x_wconf 89' lang='lat' dir='ltr'>Theologi</span> <span class='ocrx_word' id='word_1_739' title='bbox 1321 1367 1329 1378; x_wconf 94' lang='lat'><em>‚</em></span> <span class='ocrx_word' id='word_1_740' title='bbox 1352 1346 1427 1384; x_wconf 89' lang='lat' dir='ltr'>quod</span> <span class='ocrx_word' id='word_1_741' title='bbox 1436 1348 1540 1376; x_wconf 88' lang='lat' dir='ltr'>omitto</span> <span class='ocrx_word' id='word_1_742' title='bbox 1553 1369 1560 1376; x_wconf 90' lang='lat'>.</span> <span class='ocrx_word' id='word_1_743' title='bbox 1573 1351 1585 1380; x_wconf 76' lang='lat' dir='ltr'>J</span> <span class='ocrx_word' id='word_1_744' title='bbox 1610 1351 1651 1377; x_wconf 88' lang='lat' dir='ltr'>Ac</span> <span class='ocrx_word' id='word_1_745' title='bbox 1663 1358 1723 1377; x_wconf 76' lang='lat' dir='ltr'>tan-</span> 
     </span>
     <span class='ocr_line' id='line_1_100' title="bbox 937 1382 1721 1421; baseline 0.009 -10"><span class='ocrx_word' id='word_1_746' title='bbox 937 1383 999 1411; x_wconf 85' lang='lat' dir='ltr'>dem</span> <span class='ocrx_word' id='word_1_747' title='bbox 1009 1383 1043 1412; x_wconf 93' lang='lat' dir='ltr'>de</span> <span class='ocrx_word' id='word_1_748' title='bbox 1054 1384 1152 1412; x_wconf 80' lang='lat' dir='ltr'>Crucis</span> <span class='ocrx_word' id='word_1_749' title='bbox 1162 1382 1276 1414; x_wconf 71' lang='lat' dir='ltr'>historia</span> <span class='ocrx_word' id='word_1_750' title='bbox 1284 1407 1292 1419; x_wconf 89' lang='lat'><em>,</em></span> <span class='ocrx_word' id='word_1_751' title='bbox 1314 1386 1369 1414; x_wconf 85' lang='lat' dir='ltr'>ritu</span> <span class='ocrx_word' id='word_1_752' title='bbox 1380 1408 1388 1419; x_wconf 94' lang='lat'><em>,</em></span> <span class='ocrx_word' id='word_1_753' title='bbox 1410 1387 1546 1421; x_wconf 83' lang='lat' dir='ltr'>mysteriis</span> <span class='ocrx_word' id='word_1_754' title='bbox 1555 1389 1586 1417; x_wconf 72' lang='lat' dir='ltr'>ad</span> <span class='ocrx_word' id='word_1_755' title='bbox 1599 1399 1721 1418; x_wconf 84' lang='lat' dir='ltr'>mentem</span> 
     </span>
     <span class='ocr_line' id='line_1_101' title="bbox 937 1425 1725 1468; baseline 0.009 -16"><span class='ocrx_word' id='word_1_756' title='bbox 937 1425 1064 1453; x_wconf 71' lang='lat' dir='ltr'>Auctoris</span> <span class='ocrx_word' id='word_1_757' title='bbox 1077 1446 1083 1452; x_wconf 87' lang='lat'>.</span> <span class='ocrx_word' id='word_1_758' title='bbox 1108 1427 1146 1458; x_wconf 78' lang='lat' dir='ltr'>:ll-</span> <span class='ocrx_word' id='word_1_759' title='bbox 1166 1428 1200 1455; x_wconf 88' lang='lat' dir='ltr'>In</span> <span class='ocrx_word' id='word_1_760' title='bbox 1212 1427 1354 1464; x_wconf 76' lang='lat' dir='ltr'>primitiva</span> <span class='ocrx_word' id='word_1_761' title='bbox 1368 1428 1484 1456; x_wconf 74' lang='lat' dir='ltr'>Ecclefia</span> <span class='ocrx_word' id='word_1_762' title='bbox 1495 1439 1552 1456; x_wconf 91' lang='lat' dir='ltr'>non</span> <span class='ocrx_word' id='word_1_763' title='bbox 1560 1430 1725 1468; x_wconf 79' lang='lat' dir='ltr'>depingeba-</span> 
     </span>
     <span class='ocr_line' id='line_1_102' title="bbox 936 1465 1727 1506; baseline 0.009 -14"><span class='ocrx_word' id='word_1_764' title='bbox 936 1474 980 1493; x_wconf 83' lang='lat' dir='ltr'>tur</span> <span class='ocrx_word' id='word_1_765' title='bbox 991 1465 1118 1494; x_wconf 84' lang='lat' dir='ltr'>Christus</span> <span class='ocrx_word' id='word_1_766' title='bbox 1127 1465 1174 1494; x_wconf 86' lang='lat' dir='ltr'>sed</span> <span class='ocrx_word' id='word_1_767' title='bbox 1185 1467 1255 1495; x_wconf 74' lang='lat' dir='ltr'>nuda</span> <span class='ocrx_word' id='word_1_768' title='bbox 1267 1469 1345 1495; x_wconf 80' lang='lat' dir='ltr'>Crux</span> <span class='ocrx_word' id='word_1_769' title='bbox 1355 1490 1362 1500; x_wconf 90' lang='lat'><em>‚</em></span> <span class='ocrx_word' id='word_1_770' title='bbox 1385 1477 1416 1496; x_wconf 85' lang='lat' dir='ltr'>ut</span> <span class='ocrx_word' id='word_1_771' title='bbox 1426 1469 1627 1506; x_wconf 71' lang='lat' dir='ltr'>aliquantulum</span> <span class='ocrx_word' id='word_1_772' title='bbox 1647 1473 1727 1499; x_wconf 82' lang='lat' dir='ltr'>Gen-</span> 
     </span>
     <span class='ocr_line' id='line_1_103' title="bbox 935 1506 1724 1547; baseline 0.009 -14"><span class='ocrx_word' id='word_1_773' title='bbox 935 1506 1028 1535; x_wconf 80' lang='lat' dir='ltr'>tilium</span> <span class='ocrx_word' id='word_1_774' title='bbox 1039 1506 1176 1535; x_wconf 72' lang='lat' dir='ltr'>debilitati</span> <span class='ocrx_word' id='word_1_775' title='bbox 1185 1506 1450 1537; x_wconf 82' lang='lat' dir='ltr'>condescenderetur</span> <span class='ocrx_word' id='word_1_776' title='bbox 1459 1530 1466 1541; x_wconf 90' lang='lat'><em>,</em></span> <span class='ocrx_word' id='word_1_777' title='bbox 1491 1510 1538 1547; x_wconf 80' lang='lat' dir='ltr'>qui</span> <span class='ocrx_word' id='word_1_778' title='bbox 1560 1511 1593 1539; x_wconf 74' lang='lat' dir='ltr'>:id</span> <span class='ocrx_word' id='word_1_779' title='bbox 1611 1511 1724 1540; x_wconf 76' lang='lat' dir='ltr'>audien-</span> 
     </span>
     <span class='ocr_line' id='line_1_104' title="bbox 934 1546 1725 1586; baseline 0.009 -12"><span class='ocrx_word' id='word_1_780' title='bbox 934 1546 996 1574; x_wconf 76' lang='lat' dir='ltr'>dam</span> <span class='ocrx_word' id='word_1_781' title='bbox 1006 1547 1153 1586; x_wconf 80' lang='lat' dir='ltr'>Evangelii</span> <span class='ocrx_word' id='word_1_782' title='bbox 1176 1549 1402 1586; x_wconf 57' lang='lat' dir='ltr'>praedicationem</span> <span class='ocrx_word' id='word_1_783' title='bbox 1413 1570 1422 1582; x_wconf 93' lang='lat'><em>‚</em></span> <span class='ocrx_word' id='word_1_784' title='bbox 1445 1549 1478 1577; x_wconf 79' lang='lat' dir='ltr'>ad</span> <span class='ocrx_word' id='word_1_785' title='bbox 1497 1549 1725 1581; x_wconf 74' lang='lat' dir='ltr'>Christianorum</span> 
     </span>
    </p>
   </div>
   <div class='ocr_carea' id='block_1_14' title="bbox 904 1587 1724 1628">
    <p class='ocr_par' dir='ltr' id='par_1_25' title="bbox 904 1587 1724 1628">
     <span class='ocr_line' id='line_1_105' title="bbox 904 1587 1724 1628; baseline 0.009 -14"><span class='ocrx_word' id='word_1_786' title='bbox 904 1596 907 1597; x_wconf 49' lang='lat'><em>⁷</em></span> <span class='ocrx_word' id='word_1_787' title='bbox 935 1587 1080 1617; x_wconf 79' lang='lat' dir='ltr'>Ecclefiam</span> <span class='ocrx_word' id='word_1_788' title='bbox 1091 1587 1162 1626; x_wconf 72' lang='lat' dir='ltr'>saepe</span> <span class='ocrx_word' id='word_1_789' title='bbox 1173 1590 1253 1618; x_wconf 73' lang='lat' dir='ltr'>acced</span> <span class='ocrx_word' id='word_1_790' title='bbox 1259 1590 1347 1620; x_wconf 60' lang='lat' dir='ltr'>ebann</span> <span class='ocrx_word' id='word_1_791' title='bbox 1359 1600 1392 1617; x_wconf 88' lang='lat' dir='ltr'>ne</span> <span class='ocrx_word' id='word_1_792' title='bbox 1403 1600 1470 1628; x_wconf 85' lang='lat' dir='ltr'>ergo</span> <span class='ocrx_word' id='word_1_793' title='bbox 1480 1600 1636 1628; x_wconf 78' lang='lat' dir='ltr'>paterentur</span> <span class='ocrx_word' id='word_1_794' title='bbox 1649 1591 1724 1621; x_wconf 76' lang='lat' dir='ltr'>scan-</span> 
     </span>
    </p>
   </div>
   <div class='ocr_carea' id='block_1_15' title="bbox 929 1628 1727 2431">
    <p class='ocr_par' dir='ltr' id='par_1_26' title="bbox 931 1628 1727 2024">
     <span class='ocr_line' id='line_1_106' title="bbox 935 1628 1725 1667; baseline 0.009 -12"><span class='ocrx_word' id='word_1_795' title='bbox 935 1628 1028 1656; x_wconf 73' lang='lat' dir='ltr'>dalum</span> <span class='ocrx_word' id='word_1_796' title='bbox 1039 1651 1047 1662; x_wconf 88' lang='lat'><em>,</em></span> <span class='ocrx_word' id='word_1_797' title='bbox 1060 1628 1079 1656; x_wconf 76' lang='lat' dir='ltr'>si</span> <span class='ocrx_word' id='word_1_798' title='bbox 1091 1629 1264 1658; x_wconf 84' lang='lat' dir='ltr'>Crucifixum</span> <span class='ocrx_word' id='word_1_799' title='bbox 1275 1639 1304 1657; x_wconf 80' lang='lat' dir='ltr'>in</span> <span class='ocrx_word' id='word_1_800' title='bbox 1315 1631 1406 1658; x_wconf 88' lang='lat' dir='ltr'>Cruce</span> <span class='ocrx_word' id='word_1_801' title='bbox 1416 1631 1584 1667; x_wconf 83' lang='lat' dir='ltr'>pendentem</span> <span class='ocrx_word' id='word_1_802' title='bbox 1595 1633 1725 1662; x_wconf 84' lang='lat' dir='ltr'>viderent</span> 
     </span>
     <span class='ocr_line' id='line_1_107' title="bbox 938 1669 1725 1712; baseline 0.009 -17"><span class='ocrx_word' id='word_1_803' title='bbox 938 1669 1097 1702; x_wconf 80' lang='lat' dir='ltr'>(crucifixio</span> <span class='ocrx_word' id='word_1_804' title='bbox 1107 1670 1184 1700; x_wconf 88' lang='lat' dir='ltr'>enim</span> <span class='ocrx_word' id='word_1_805' title='bbox 1193 1680 1300 1699; x_wconf 90' lang='lat' dir='ltr'>reorum</span> <span class='ocrx_word' id='word_1_806' title='bbox 1311 1681 1374 1699; x_wconf 87' lang='lat' dir='ltr'>tunc</span> <span class='ocrx_word' id='word_1_807' title='bbox 1387 1670 1607 1709; x_wconf 80' lang='lat' dir='ltr'>ignominiosiun</span> <span class='ocrx_word' id='word_1_808' title='bbox 1618 1674 1725 1712; x_wconf 74' lang='lat' dir='ltr'>patibu-</span> 
     </span>
     <span class='ocr_line' id='line_1_108' title="bbox 936 1710 1725 1745; baseline 0.006 -8"><span class='ocrx_word' id='word_1_809' title='bbox 936 1711 994 1738; x_wconf 86' lang='lat' dir='ltr'>lum</span> <span class='ocrx_word' id='word_1_810' title='bbox 1003 1720 1062 1737; x_wconf 69' lang='lat' dir='ltr'>erat</span> <span class='ocrx_word' id='word_1_811' title='bbox 1073 1713 1085 1742; x_wconf 82' lang='grc'>&gt;</span> <span class='ocrx_word' id='word_1_812' title='bbox 1096 1710 1160 1738; x_wconf 86' lang='lat' dir='ltr'>ideo</span> <span class='ocrx_word' id='word_1_813' title='bbox 1171 1732 1179 1744; x_wconf 92' lang='lat'><em>‚</em></span> <span class='ocrx_word' id='word_1_814' title='bbox 1202 1721 1231 1739; x_wconf 87' lang='lat' dir='ltr'>ut</span> <span class='ocrx_word' id='word_1_815' title='bbox 1241 1711 1362 1740; x_wconf 76' lang='lat' dir='ltr'>simviter</span> <span class='ocrx_word' id='word_1_816' title='bbox 1382 1711 1583 1740; x_wconf 77' lang='lat' dir='ltr'>attraherentur</span> <span class='ocrx_word' id='word_1_817' title='bbox 1594 1734 1601 1745; x_wconf 89' lang='lat'><em>,</em></span> <span class='ocrx_word' id='word_1_818' title='bbox 1624 1713 1725 1742; x_wconf 75' lang='lat' dir='ltr'>forma-</span> 
     </span>
     <span class='ocr_line' id='line_1_109' title="bbox 934 1750 1724 1791; baseline 0.008 -13"><span class='ocrx_word' id='word_1_819' title='bbox 934 1751 996 1778; x_wconf 81' lang='lat' dir='ltr'>bant</span> <span class='ocrx_word' id='word_1_820' title='bbox 1007 1750 1182 1780; x_wconf 69' lang='lat' dir='ltr'>Christicolae</span> <span class='ocrx_word' id='word_1_821' title='bbox 1194 1754 1297 1782; x_wconf 83' lang='lat' dir='ltr'>Cruces</span> <span class='ocrx_word' id='word_1_822' title='bbox 1315 1762 1472 1791; x_wconf 74' lang='lat' dir='ltr'>gemmatas,</span> <span class='ocrx_word' id='word_1_823' title='bbox 1484 1763 1525 1781; x_wconf 88' lang='lat' dir='ltr'>vai</span> <span class='ocrx_word' id='word_1_824' title='bbox 1534 1754 1565 1780; x_wconf 89' lang='lat' dir='ltr'>iis</span> <span class='ocrx_word' id='word_1_825' title='bbox 1574 1764 1724 1784; x_wconf 80' lang='lat' dir='ltr'>ornamen-</span> 
     </span>
     <span class='ocr_line' id='line_1_110' title="bbox 935 1791 1722 1830; baseline 0.008 -12"><span class='ocrx_word' id='word_1_826' title='bbox 935 1791 969 1818; x_wconf 81' lang='lat' dir='ltr'>tis</span> <span class='ocrx_word' id='word_1_827' title='bbox 980 1791 1118 1820; x_wconf 78' lang='lat' dir='ltr'>decoratas</span> <span class='ocrx_word' id='word_1_828' title='bbox 1131 1813 1140 1825; x_wconf 87' lang='lat'><em>‚</em></span> <span class='ocrx_word' id='word_1_829' title='bbox 1158 1793 1233 1830; x_wconf 89' lang='lat' dir='ltr'>quod</span> <span class='ocrx_word' id='word_1_830' title='bbox 1243 1793 1375 1822; x_wconf 76' lang='lat' dir='ltr'>insinuare</span> <span class='ocrx_word' id='word_1_831' title='bbox 1386 1793 1516 1821; x_wconf 52' lang='lat' dir='ltr'>vitientur</span> <span class='ocrx_word' id='word_1_832' title='bbox 1537 1795 1701 1824; x_wconf 78' lang='lat' dir='ltr'>Prudentius</span> <span class='ocrx_word' id='word_1_833' title='bbox 1712 1818 1722 1830; x_wconf 91' lang='lat'><em>,</em></span> 
     </span>
     <span class='ocr_line' id='line_1_111' title="bbox 932 1830 1725 1874; baseline 0.005 -15"><span class='ocrx_word' id='word_1_834' title='bbox 932 1835 960 1860; x_wconf 70' lang='grc' dir='ltr'>ὃ(</span> <span class='ocrx_word' id='word_1_835' title='bbox 972 1830 1120 1866; x_wconf 79' lang='lat' dir='ltr'>Chrysost.</span> <span class='ocrx_word' id='word_1_836' title='bbox 1131 1833 1162 1860; x_wconf 86' lang='lat' dir='ltr'>in</span> <span class='ocrx_word' id='word_1_837' title='bbox 1170 1833 1245 1861; x_wconf 87' lang='lat' dir='ltr'>hom.</span> <span class='ocrx_word' id='word_1_838' title='bbox 1258 1834 1292 1862; x_wconf 88' lang='lat' dir='ltr'>dc</span> <span class='ocrx_word' id='word_1_839' title='bbox 1301 1834 1392 1862; x_wconf 84' lang='lat' dir='ltr'>Cruce</span> <span class='ocrx_word' id='word_1_840' title='bbox 1404 1835 1474 1871; x_wconf 78' lang='lat' dir='ltr'>apud</span> <span class='ocrx_word' id='word_1_841' title='bbox 1486 1835 1689 1874; x_wconf 82' lang='lat' dir='ltr'>Baron.ann.39</span> <span class='ocrx_word' id='word_1_842' title='bbox 1697 1845 1725 1872; x_wconf 89' lang='lat'>5.</span> 
     </span>
     <span class='ocr_line' id='line_1_112' title="bbox 934 1873 1723 1913; baseline 0.008 -14"><span class='ocrx_word' id='word_1_843' title='bbox 934 1881 1009 1900; x_wconf 86' lang='lat' dir='ltr'>num.</span> <span class='ocrx_word' id='word_1_844' title='bbox 1020 1883 1049 1908; x_wconf 83' lang='lat'>9.</span> <span class='ocrx_word' id='word_1_845' title='bbox 1070 1873 1188 1911; x_wconf 83' lang='lat' dir='ltr'>ideoque</span> <span class='ocrx_word' id='word_1_846' title='bbox 1210 1874 1374 1913; x_wconf 67' lang='lat' dir='ltr'>figurabatur</span> <span class='ocrx_word' id='word_1_847' title='bbox 1390 1873 1544 1902; x_wconf 74' lang='lat' dir='ltr'>mansuetus</span> <span class='ocrx_word' id='word_1_848' title='bbox 1565 1875 1595 1903; x_wconf 90' lang='lat' dir='ltr'>in</span> <span class='ocrx_word' id='word_1_849' title='bbox 1611 1879 1668 1911; x_wconf 82' lang='lat' dir='ltr'>ejus</span> <span class='ocrx_word' id='word_1_850' title='bbox 1678 1877 1723 1905; x_wconf 73' lang='lat' dir='ltr'>ba-</span> 
     </span>
     <span class='ocr_line' id='line_1_113' title="bbox 934 1911 1723 1954; baseline 0.005 -13"><span class='ocrx_word' id='word_1_851' title='bbox 934 1911 962 1940; x_wconf 87' lang='lat' dir='ltr'>se</span> <span class='ocrx_word' id='word_1_852' title='bbox 972 1916 1068 1951; x_wconf 76' lang='lat' dir='ltr'>Agnus</span> <span class='ocrx_word' id='word_1_853' title='bbox 1078 1934 1085 1945; x_wconf 93' lang='lat'><em>,</em></span> <span class='ocrx_word' id='word_1_854' title='bbox 1109 1915 1217 1943; x_wconf 76' lang='lat' dir='ltr'>Christi</span> <span class='ocrx_word' id='word_1_855' title='bbox 1230 1925 1311 1953; x_wconf 79' lang='lat' dir='ltr'>typus</span> <span class='ocrx_word' id='word_1_856' title='bbox 1322 1926 1328 1944; x_wconf 86' lang='lat'>;</span> <span class='ocrx_word' id='word_1_857' title='bbox 1354 1925 1413 1952; x_wconf 74' lang='lat' dir='ltr'>quae</span> <span class='ocrx_word' id='word_1_858' title='bbox 1424 1915 1543 1953; x_wconf 66' lang='lat' dir='ltr'>antiquae</span> <span class='ocrx_word' id='word_1_859' title='bbox 1555 1915 1648 1954; x_wconf 79' lang='lat' dir='ltr'>figurae</span> <span class='ocrx_word' id='word_1_860' title='bbox 1660 1938 1667 1949; x_wconf 92' lang='lat'><em>,</em></span> <span class='ocrx_word' id='word_1_861' title='bbox 1692 1917 1723 1948; x_wconf 84' lang='lat' dir='ltr'>in</span> 
     </span>
     <span class='ocr_line' id='line_1_114' title="bbox 931 1954 1727 1993; baseline 0.008 -12"><span class='ocrx_word' id='word_1_862' title='bbox 931 1954 1026 1981; x_wconf 86' lang='lat' dir='ltr'>multis</span> <span class='ocrx_word' id='word_1_863' title='bbox 1035 1955 1133 1983; x_wconf 76' lang='lat' dir='ltr'>Romae</span> <span class='ocrx_word' id='word_1_864' title='bbox 1145 1955 1270 1984; x_wconf 83' lang='lat' dir='ltr'>Eccleliis</span> <span class='ocrx_word' id='word_1_865' title='bbox 1282 1954 1369 1983; x_wconf 80' lang='lat' dir='ltr'>adhuc</span> <span class='ocrx_word' id='word_1_866' title='bbox 1379 1965 1474 1984; x_wconf 83' lang='lat' dir='ltr'>extant</span> <span class='ocrx_word' id='word_1_867' title='bbox 1485 1976 1492 1988; x_wconf 93' lang='lat'><em>,</em></span> <span class='ocrx_word' id='word_1_868' title='bbox 1504 1955 1568 1985; x_wconf 88' lang='lat' dir='ltr'>inde</span> <span class='ocrx_word' id='word_1_869' title='bbox 1579 1957 1616 1985; x_wconf 93' lang='lat' dir='ltr'>D.</span> <span class='ocrx_word' id='word_1_870' title='bbox 1629 1958 1727 1993; x_wconf 76' lang='lat' dir='ltr'>Pauli-⁴</span> 
     </span>
     <span class='ocr_line' id='line_1_115' title="bbox 932 1994 1153 2024; baseline 0.005 -1"><span class='ocrx_word' id='word_1_871' title='bbox 932 2004 981 2023; x_wconf 88' lang='lat' dir='ltr'>nus</span> <span class='ocrx_word' id='word_1_872' title='bbox 999 1994 1153 2024; x_wconf 72' lang='lat' dir='ltr'>cecinerat:</span> 
     </span>
    </p>

    <p class='ocr_par' dir='ltr' id='par_1_27' title="bbox 929 2035 1726 2431">
     <span class='ocr_line' id='line_1_116' title="bbox 972 2035 1726 2078; baseline 0.008 -15"><span class='ocrx_word' id='word_1_873' title='bbox 972 2035 1023 2063; x_wconf 88' lang='lat' dir='ltr'>Sub</span> <span class='ocrx_word' id='word_1_874' title='bbox 1032 2036 1123 2064; x_wconf 88' lang='lat' dir='ltr'>Cruce</span> <span class='ocrx_word' id='word_1_875' title='bbox 1131 2036 1279 2074; x_wconf 71' lang='lat' dir='ltr'>sanguinea</span> <span class='ocrx_word' id='word_1_876' title='bbox 1288 2036 1374 2064; x_wconf 78' lang='lat' dir='ltr'>niveo</span> <span class='ocrx_word' id='word_1_877' title='bbox 1386 2036 1435 2065; x_wconf 74' lang='lat' dir='ltr'>stat</span> <span class='ocrx_word' id='word_1_878' title='bbox 1446 2035 1573 2066; x_wconf 85' lang='lat' dir='ltr'>Christus</span> <span class='ocrx_word' id='word_1_879' title='bbox 1591 2038 1621 2067; x_wconf 89' lang='lat' dir='ltr'>in</span> <span class='ocrx_word' id='word_1_880' title='bbox 1628 2049 1700 2078; x_wconf 84' lang='lat' dir='ltr'>agno</span> <span class='ocrx_word' id='word_1_881' title='bbox 1711 2048 1726 2069; x_wconf 67' lang='grc' dir='ltr'>ι·</span> 
     </span>
     <span class='ocr_line' id='line_1_117' title="bbox 935 2076 1723 2117; baseline 0.006 -13"><span class='ocrx_word' id='word_1_882' title='bbox 935 2078 992 2105; x_wconf 80' lang='lat' dir='ltr'>FR-</span> <span class='ocrx_word' id='word_1_883' title='bbox 1003 2077 1160 2114; x_wconf 73' lang='lat' dir='ltr'>Imperator</span> <span class='ocrx_word' id='word_1_884' title='bbox 1169 2076 1338 2105; x_wconf 72' lang='lat' dir='ltr'>Theodotius</span> <span class='ocrx_word' id='word_1_885' title='bbox 1347 2099 1356 2110; x_wconf 91' lang='lat'><em>,</em></span> <span class='ocrx_word' id='word_1_886' title='bbox 1367 2081 1393 2106; x_wconf 73' lang='grc' dir='ltr'>δε</span> <span class='ocrx_word' id='word_1_887' title='bbox 1405 2077 1507 2106; x_wconf 78' lang='lat' dir='ltr'>Valens</span> <span class='ocrx_word' id='word_1_888' title='bbox 1524 2078 1614 2117; x_wconf 89' lang='lat' dir='ltr'>legem</span> <span class='ocrx_word' id='word_1_889' title='bbox 1623 2079 1723 2110; x_wconf 80' lang='lat' dir='ltr'>sanxe-</span> 
     </span>
     <span class='ocr_line' id='line_1_118' title="bbox 931 2117 1722 2155; baseline 0.006 -11"><span class='ocrx_word' id='word_1_890' title='bbox 931 2125 996 2144; x_wconf 89' lang='lat' dir='ltr'>runt</span> <span class='ocrx_word' id='word_1_891' title='bbox 1007 2126 1038 2144; x_wconf 85' lang='lat' dir='ltr'>in</span> <span class='ocrx_word' id='word_1_892' title='bbox 1049 2117 1197 2154; x_wconf 76' lang='lat' dir='ltr'>Justiniani</span> <span class='ocrx_word' id='word_1_893' title='bbox 1207 2118 1302 2145; x_wconf 89' lang='lat' dir='ltr'>codice</span> <span class='ocrx_word' id='word_1_894' title='bbox 1314 2139 1322 2149; x_wconf 94' lang='lat'>‚</span> <span class='ocrx_word' id='word_1_895' title='bbox 1347 2118 1392 2146; x_wconf 89' lang='lat' dir='ltr'>lib.</span> <span class='ocrx_word' id='word_1_896' title='bbox 1416 2129 1438 2146; x_wconf 86' lang='lat' dir='ltr'>i.</span> <span class='ocrx_word' id='word_1_897' title='bbox 1449 2127 1492 2146; x_wconf 88' lang='lat' dir='ltr'>tit.</span> <span class='ocrx_word' id='word_1_898' title='bbox 1506 2123 1531 2147; x_wconf 87' lang='lat'>8.</span> <span class='ocrx_word' id='word_1_899' title='bbox 1542 2129 1700 2149; x_wconf 85' lang='lat' dir='ltr'>contentam</span> <span class='ocrx_word' id='word_1_900' title='bbox 1711 2142 1722 2155; x_wconf 93' lang='lat'>,</span> 
     </span>
     <span class='ocr_line' id='line_1_119' title="bbox 930 2155 1721 2197; baseline 0.008 -13"><span class='ocrx_word' id='word_1_901' title='bbox 930 2157 961 2184; x_wconf 88' lang='lat' dir='ltr'>in</span> <span class='ocrx_word' id='word_1_902' title='bbox 971 2166 1021 2195; x_wconf 74' lang='lat' dir='ltr'>qua</span> <span class='ocrx_word' id='word_1_903' title='bbox 1029 2155 1077 2185; x_wconf 87' lang='lat' dir='ltr'>sub</span> <span class='ocrx_word' id='word_1_904' title='bbox 1086 2158 1177 2196; x_wconf 84' lang='lat' dir='ltr'>poenis</span> <span class='ocrx_word' id='word_1_905' title='bbox 1195 2156 1361 2196; x_wconf 58' lang='lat' dir='ltr'>gratillimis</span> <span class='ocrx_word' id='word_1_906' title='bbox 1380 2159 1505 2197; x_wconf 56' lang='lat' dir='ltr'>effigiare</span> <span class='ocrx_word' id='word_1_907' title='bbox 1524 2159 1721 2197; x_wconf 67' lang='lat' dir='ltr'>prohibebatur</span> 
     </span>
     <span class='ocr_line' id='line_1_120' title="bbox 931 2198 1720 2237; baseline 0.006 -12"><span class='ocrx_word' id='word_1_908' title='bbox 931 2198 1053 2226; x_wconf 87' lang='lat' dir='ltr'>Crucem</span> <span class='ocrx_word' id='word_1_909' title='bbox 1063 2198 1092 2226; x_wconf 89' lang='lat' dir='ltr'>in</span> <span class='ocrx_word' id='word_1_910' title='bbox 1102 2207 1172 2227; x_wconf 80' lang='lat' dir='ltr'>terra</span> <span class='ocrx_word' id='word_1_911' title='bbox 1184 2220 1191 2231; x_wconf 87' lang='lat'><em>,</em></span> <span class='ocrx_word' id='word_1_912' title='bbox 1202 2199 1276 2236; x_wconf 80' lang='lat' dir='ltr'>quod</span> <span class='ocrx_word' id='word_1_913' title='bbox 1285 2199 1479 2227; x_wconf 77' lang='lat' dir='ltr'>confirmatum</span> <span class='ocrx_word' id='word_1_914' title='bbox 1490 2198 1541 2227; x_wconf 80' lang='lat' dir='ltr'>fuit</span> <span class='ocrx_word' id='word_1_915' title='bbox 1550 2202 1580 2228; x_wconf 89' lang='lat' dir='ltr'>in</span> <span class='ocrx_word' id='word_1_916' title='bbox 1590 2199 1666 2230; x_wconf 76' lang='lat' dir='ltr'>sexta.</span> <span class='ocrx_word' id='word_1_917' title='bbox 1674 2200 1720 2237; x_wconf 87' lang='lat' dir='ltr'>sy-</span> 
     </span>
     <span class='ocr_line' id='line_1_121' title="bbox 931 2238 1720 2276; baseline 0.005 -10"><span class='ocrx_word' id='word_1_918' title='bbox 931 2239 997 2266; x_wconf 87' lang='lat' dir='ltr'>nod..</span> <span class='ocrx_word' id='word_1_919' title='bbox 1007 2249 1067 2266; x_wconf 85' lang='lat' dir='ltr'>can.</span> <span class='ocrx_word' id='word_1_920' title='bbox 1078 2250 1109 2276; x_wconf 80' lang='lat'>73</span> <span class='ocrx_word' id='word_1_921' title='bbox 1117 2259 1123 2265; x_wconf 91' lang='lat'><strong><em>.</em></strong></span> <span class='ocrx_word' id='word_1_922' title='bbox 1138 2239 1215 2267; x_wconf 85' lang='lat' dir='ltr'>Ideni</span> <span class='ocrx_word' id='word_1_923' title='bbox 1226 2238 1377 2268; x_wconf 70' lang='lat' dir='ltr'>sanxerunt</span> <span class='ocrx_word' id='word_1_924' title='bbox 1397 2240 1553 2269; x_wconf 82' lang='lat' dir='ltr'>Ludovicus</span> <span class='ocrx_word' id='word_1_925' title='bbox 1564 2241 1720 2270; x_wconf 73' lang='lat' dir='ltr'>Galliarum</span> 
     </span>
     <span class='ocr_line' id='line_1_122' title="bbox 930 2279 1720 2311; baseline 0.006 -5"><span class='ocrx_word' id='word_1_926' title='bbox 930 2281 993 2307; x_wconf 89' lang='lat' dir='ltr'>Rex</span> <span class='ocrx_word' id='word_1_927' title='bbox 1003 2301 1011 2311; x_wconf 89' lang='lat'><em>,</em></span> <span class='ocrx_word' id='word_1_928' title='bbox 1032 2279 1095 2307; x_wconf 86' lang='lat' dir='ltr'>Pius</span> <span class='ocrx_word' id='word_1_929' title='bbox 1106 2281 1158 2307; x_wconf 82' lang='lat' dir='ltr'>IV.</span> <span class='ocrx_word' id='word_1_930' title='bbox 1170 2280 1208 2307; x_wconf 91' lang='lat' dir='ltr'>D.</span> <span class='ocrx_word' id='word_1_931' title='bbox 1216 2281 1334 2308; x_wconf 80' lang='lat' dir='ltr'>Carolus</span> <span class='ocrx_word' id='word_1_932' title='bbox 1343 2281 1428 2309; x_wconf 86' lang='lat' dir='ltr'>Card.</span> <span class='ocrx_word' id='word_1_933' title='bbox 1447 2283 1605 2310; x_wconf 68' lang='lat' dir='ltr'>Boromaeus</span> <span class='ocrx_word' id='word_1_934' title='bbox 1617 2282 1647 2309; x_wconf 88' lang='lat' dir='ltr'>in</span> <span class='ocrx_word' id='word_1_935' title='bbox 1659 2284 1720 2311; x_wconf 79' lang='lat' dir='ltr'>Me-</span> 
     </span>
     <span class='ocr_line' id='line_1_123' title="bbox 929 2319 1722 2360; baseline 0.005 -13"><span class='ocrx_word' id='word_1_936' title='bbox 929 2319 1069 2348; x_wconf 82' lang='lat' dir='ltr'>diolanen.</span> <span class='ocrx_word' id='word_1_937' title='bbox 1081 2319 1185 2353; x_wconf 63' lang='lat' dir='ltr'>synod.</span> <span class='ocrx_word' id='word_1_938' title='bbox 1197 2330 1211 2349; x_wconf 84' lang='lat' dir='ltr'>a</span> <span class='ocrx_word' id='word_1_939' title='bbox 1221 2322 1294 2358; x_wconf 77' lang='lat' dir='ltr'>Papa</span> <span class='ocrx_word' id='word_1_940' title='bbox 1304 2322 1446 2360; x_wconf 69' lang='lat' dir='ltr'>Gregorio</span> <span class='ocrx_word' id='word_1_941' title='bbox 1455 2323 1540 2350; x_wconf 85' lang='lat' dir='ltr'>XIII.</span> <span class='ocrx_word' id='word_1_942' title='bbox 1550 2321 1722 2351; x_wconf 59' lang='lat' dir='ltr'>confirmata.</span> 
     </span>
     <span class='ocr_line' id='line_1_124' title="bbox 929 2359 1722 2431; baseline -0.001 -40"><span class='ocrx_word' id='word_1_943' title='bbox 929 2361 978 2391; x_wconf 90' lang='lat' dir='ltr'>Ob</span> <span class='ocrx_word' id='word_1_944' title='bbox 989 2359 1193 2394; x_wconf 77' lang='lat' dir='ltr'>observantiam</span> <span class='ocrx_word' id='word_1_945' title='bbox 1201 2359 1282 2399; x_wconf 79' lang='lat' dir='ltr'>hujus</span> <span class='ocrx_word' id='word_1_946' title='bbox 1293 2361 1362 2404; x_wconf 80' lang='lat' dir='ltr'>legis</span> <span class='ocrx_word' id='word_1_947' title='bbox 1371 2362 1496 2392; x_wconf 84' lang='lat' dir='ltr'>Tiberius</span> <span class='ocrx_word' id='word_1_948' title='bbox 1514 2364 1555 2400; x_wconf 64' lang='lat'>11.</span> <span class='ocrx_word' id='word_1_949' title='bbox 1568 2362 1722 2431; x_wconf 43' lang='lat' dir='ltr'>Imphduos</span> 
     </span>
    </p>

    <p class='ocr_par' dir='ltr' id='par_1_28' title="bbox 1624 2411 1687 2431">
     <span class='ocr_line' id='line_1_125' title="bbox 1624 2411 1687 2431; baseline 0 0"><span class='ocrx_word' id='word_1_950' title='bbox 1624 2411 1635 2431; x_wconf 88' lang='lat' dir='ltr'>t</span> <span class='ocrx_word' id='word_1_951' title='bbox 1658 2413 1687 2431; x_wconf 72' lang='lat' dir='ltr'>e-</span> 
     </span>
    </p>
   </div>
  </div>
 </body>
</html>
