1866 2526
462 25 572 68 OL

69 84 179 115 OLEL'M
202 84 348 113 saxea-um
358 104 366 117 ‚
389 91 492 122 praeter
507 81 638 113 Chrisina
650 101 658 117 ‚
680 81 715 112 de
732 92 788 122 quo
806 81 910 112 eliaam

110 124 149 154 est
163 135 191 153 in
200 124 265 153 diet.
276 124 447 161 Christum&
456 129 569 165 Myrum
581 146 588 158 ‚
600 123 659 152 duae
673 124 735 153 :ilice
745 122 846 162 species
856 124 910 152 olei

109 163 260 194 consecrati
271 164 302 192 ab
311 163 448 202 Episcopo
459 164 489 192 in
501 164 566 193 seria
576 167 611 193 V.
625 166 725 194 Coenae
737 164 824 194 Dom-
833 174 909 202 repe-

110 205 218 234 riuntur
229 225 236 237 ‚
249 203 319 232 idest
330 225 347 237 ‚.
356 206 449 234 oleum
461 207 729 235 Catechumenomm
740 226 748 237 ,
766 204 842 244 quod
853 205 910 234 Da-

111 245 217 274 vantria
233 245 265 273 in
282 243 331 273 suo
342 245 505 274 Caeremon.
518 248 555 274 Μ.
569 247 594 275 5.
604 247 704 274 Oleum
713 248 909 275 exorcizatum

111 294 200 318 vocat,
212 295 268 324 quo
278 286 378 323 peetus,
390 289 418 314 δε
428 285 544 325 scapula:
556 286 715 325 baptizandi
727 285 909 318 liniuntui·,nd

109 326 278 354 reddendum
299 326 378 354 illum
400 337 504 360 verum(
518 327 664 356 Athletam
680 325 788 356 Christi
797 347 806 359 ,
828 335 856 354 ut
880 336 906 354 in

107 365 279 398 confflem&
287 367 449 396 adver-litate
460 368 612 397 toleranter
621 367 754 399 sustinete
766 367 907 399 valenta-

108 407 128 435 li
150 405 316 436 fortitudine
334 407 364 436 in
383 407 500 447 ingressii
518 409 581 438 fidei
599 417 734 438 armatus;
756 407 908 446 eodemque

107 447 170 476 oleo
181 457 322 486 unguntur
334 449 489 478 Sacerdotes
509 450 539 478 in
551 459 646 477 eorum
655 447 834 491 ordinatione
843 468 861 490 ,Ι
873 447 906 474 :id

108 487 299 516 denotandum
319 489 400 518 robur
409 491 438 518 in
447 490 563 519 internis
581 490 682 518 animae
703 497 837 526 potentiis
855 497 906 531 nnf

107 527 221 566 prelium
234 550 241 560 ,
253 539 313 566 qux
325 529 532 560 charasterizata
542 539 667 558 remanet
675 528 807 557 unffione
816 528 904 556 Sanc‘ti

107 568 224 606 Spiritus
236 590 244 601 ‚
255 579 283 596 ac
294 570 429 608 praecipue
439 582 473 600 ne
483 572 512 600 in
522 570 730 599 sacerdotalibus
741 568 861 612 manibus
871 568 904 596 ad

106 608 323 647 supernaturalia
332 621 416 649 opera
425 621 468 640 eas
478 611 653 644 extollendo,
665 610 747 677 νίᾅοι·
757 608 903 653 atlileticns

107 659 245 678 remaneat
256 669 263 677 .
274 651 347 679 Item
357 652 455 680 eodem
465 653 529 680 oleo
539 654 631 691 Reges
641 661 693 680 con
707 658 902 694 ecrantur,pri-

106 699 153 718 mo
163 691 294 719 unfiione
303 691 401 729 capitis
409 693 443 722 ad
449 691 652 721 sanetificandas
661 691 854 731 cogitationes,
863 689 902 718 se-

105 731 197 759 cundo
207 732 237 758 in
246 732 356 768 pectore
370 759 374 763 ,
396 743 426 762 ut
435 733 561 763 constans
581 732 690 762 audacia
710 732 765 760 illis
777 730 900 760 consera-

105 780 159 802 tur,
169 771 252 799 tertio
264 772 294 799 in
303 773 425 811 icapulis,
434 783 465 802 ut
475 775 610 813 patientes
619 773 776 805 reddantur,
791 772 900 801 tandem

104 810 134 838 in
144 811 258 840 dextero
270 812 424 847 brachio,ut
435 814 583 844 christiana
593 814 759 843 fortitudine
769 813 900 842 roboren-

102 859 148 879 tur
159 871 166 878 ·
177 852 294 891 Reginae
306 863 396 883 autem
406 865 516 884 tanturn
527 856 556 883 in
565 855 681 894 scapulis
695 877 700 886 .
711 854 779 884 &in
789 853 899 882 brachio

102 890 250 920 liniuntur.
260 893 380 924 Thomas
391 896 594 927 Cantuarieiifis
604 897 635 924 in
643 906 671 924 ea
682 894 839 934 epistola,in
848 905 899 933 qua

101 931 137 960 de
147 932 355 964 consecratione
365 937 450 975 Regis
462 938 572 976 Angliae
584 936 723 975 agit‚alios
733 935 899 975 significatus

103 973 196 1006 tradit,
208 975 347 1012 inquiens:
361 979 565 1016 [Inunguntur
574 977 690 1006 enimin
700 978 798 1014 capite,
810 986 840 1004 in
853 987 896 1015 pe-

102 1013 187 1046 erere,
197 1018 224 1042 ὅ(
235 1015 360 1050 brachiis,
370 1019 444 1056 quod
455 1018 590 1057 fignificat
600 1018 726 1057 gloriam,
740 1016 898 1049 scientim,

99 1057 128 1082 δε
139 1053 332 1085 fortitudinem
342 1079 349 1086 .
364 1060 376 1089 ]
399 1059 519 1087 Secunda
529 1060 583 1087 olei
594 1058 678 1087 sandi
688 1057 788 1096 species
798 1059 899 1087 dicitur

102 1095 199 1131 Oleum
211 1097 394 1133 lustratorum,
408 1110 463 1138 quo
472 1103 547 1134 juxta
559 1101 594 1129 D.
606 1100 700 1138 Jzicobi
713 1109 878 1137 preceptum
892 1121 906 1139 ,‚

101 1145 241 1174 unguntur
253 1138 366 1172 infirmi,
377 1150 435 1168 non
444 1139 531 1169 solnm
544 1162 551 1173 ,
563 1151 593 1169 ut
606 1140 755 1169 venialium
767 1139 906 1184 remissio-l

100 1186 164 1204 nem
175 1179 310 1216 accipiant
323 1201 330 1212 ‚
342 1179 386 1208 seu
397 1182 555 1210 mortalium
565 1181 724 1213 oblitorum,
734 1191 794 1209 cuni
808 1181 839 1210 sit
851 1187 906 1239 ve<1

104 1221 202 1251 rum&
214 1219 372 1249 distinctum
384 1221 583 1250 Sacramentum
594 1244 600 1254 ,
620 1221 666 1250 sed
676 1225 702 1250 δ(
716 1232 764 1259 pro
776 1222 897 1261 corporis

99 1255 194 1290 salure,-
205 1263 231 1289 &
243 1261 305 1289 ideo
316 1261 348 1289 :id
360 1262 447 1290 morte
459 1263 593 1291 damnatis
606 1273 662 1291 non
671 1262 877 1291 administratur
890 1285 896 1295 ,

101 1309 162 1327 cum
181 1301 229 1329 tali
250 1301 342 1330 medio
352 1303 478 1341 corporis
496 1302 609 1332 salutem
629 1304 747 1332 minime
766 1313 897 1341 exoptare

99 1339 203 1378 poffint
215 1362 222 1370 .
241 1343 334 1371 Greci
355 1353 447 1372 tamen
458 1344 587 1382 praedieka
596 1345 656 1373 olea
675 1345 703 1373 in
719 1355 752 1372 eo
772 1337 904 1389 tempore}

99 1381 284 1416 benedicunt,
304 1383 334 1411 in
344 1395 398 1422 quo
407 1385 448 1413 uti
459 1385 560 1413 debent
571 1407 580 1418 ‚
590 1396 649 1424 qux
661 1385 815 1414 benediclio
825 1387 903 1414 inter·

99 1432 145 1450 eos
156 1433 169 1451 a
178 1422 340 1461 fimplicibus
352 1425 539 1453 Sacerdotibus
558 1426 616 1454 fici-i
633 1427 802 1463 permittitur
813 1447 819 1454 .
843 1398 904 1467 Di-l

99 1463 171 1491 Ctum
183 1465 235 1498 jani
247 1463 296 1492 fuit
308 1464 472 1504 stipi·a‚quod
481 1466 586 1495 Oleum
597 1465 716 1494 sanetum
727 1467 838 1495 dabatur
848 1478 895 1495 :in-

100 1512 128 1530 te
140 1503 272 1531 viaticum
281 1523 288 1530 .
307 1507 442 1542 Tempore
452 1515 541 1534 autem
551 1507 630 1544 pestis
641 1506 725 1544 pollet
736 1506 794 1536 haec
804 1509 897 1536 uncstio

99 1542 217 1570 infirmis
237 1543 298 1571 fieri
310 1545 449 1573 mediante
469 1545 546 1585 virga
556 1567 562 1573 .
582 1547 667 1575 Dian.
679 1549 755 1575 trac't.
768 1559 795 1582 4.
806 1548 840 1576 de
852 1549 895 1576 Sa-

100 1592 182 1611 cram.
193 1582 305 1611 resolut.
322 1595 330 1611 i
339 1591 384 1617 67.
396 1587 459 1614 Imo
472 1586 556 1625 aliqui
575 1586 699 1616 sufficere
710 1597 805 1626 putarit
817 1590 896 1616 unius

1259 23 1301 65 O
1332 23 1368 64 L
1630 38 1686 78 47

970 78 1044 110 lium'
1064 79 1175 110 nonnifi
1195 78 1250 110 iilis
1269 80 1333 118 hoc]
1341 81 1544 110 Sacramentum
1567 39 1768 113 consere-{ium

970 119 1134 160 censuit‚qui
1142 120 1181 150 sui
1193 131 1345 159 compoteS,
1355 131 1383 150 ac
1392 121 1455 150 sana
1465 131 1557 150 mente
1567 122 1637 152 illud
1647 123 1767 163 postula-

970 161 1065 191 verint
1075 165 1094 197 .“,
1105 163 1142 190 In
1152 161 1212 191 casu
1224 161 1388 190 necessitatis
1405 162 1469 191 oleo
1479 162 1614 191 currentis
1624 165 1688 192 anni
1697 174 1766 193 con-

967 201 1073 231 secrato
1083 213 1141 231 non
1152 202 1281 235 invento,
1292 201 1364 241 posse
1377 203 1419 232 uti
1431 203 1481 232 illo
1492 202 1769 237 anni·transaCti,Sac.

966 243 1111 282 Congreg.
1120 241 1247 281 Episcop.
1259 243 1304 271 die
1316 255 1362 272 20.
1374 244 1439 280 Maji
1455 251 1538 280 1560.
1551 244 1674 272 decrevit
1685 264 1693 272 .
1707 248 1765 274 An-

967 283 1082 322 tiquirus
1092 293 1141 322 per
1151 293 1244 312 manus
1254 285 1410 320 Presbyteri
1419 285 1483 315 oleo
1495 285 1640 314 benedicio
1649 284 1765 314 cadave-

966 334 993 352 ra
1004 325 1189 357 Sacerdotum,
1201 323 1247 352 seu
1256 325 1372 353 aliorum
1384 326 1631 355 Ecclesiasticorum
1639 324 1765 365 asperge-

965 365 1062 392 bantur
1071 386 1079 398 ‚
1100 365 1176 404 quod
1195 365 1276 394 etiam
1293 366 1327 394 ad
1346 365 1580 405 praesenslGra'eci
1597 365 1745 395 observant
1754 386 1764 394 -

966 411 978 440 [
989 407 1059 433 Tum
1072 405 1193 434 Antistes
1201 406 1265 434 oleo
1274 416 1446 436 mortuorum
1457 407 1608 445 perfundit,
1619 406 1765 446 sanctaque

965 446 1123 483 precatione
1142 456 1192 484 pro
1210 447 1336 475 omnibus
1352 446 1473 476 adhibita
1493 448 1524 476 in
1542 448 1605 477 loco
1623 447 1761 477 honorato

962 495 1059 524 corpus
1069 497 1130 515 cum
1139 487 1201 516 aliis
1221 486 1340 523 ejusdem
1358 488 1466 518 ordinis
1487 487 1585 517 sanctis
1602 489 1763 528 corporibus

963 527 1071 564 reponit
1086 548 1094 559 ‚
1113 531 1140 556 δε
1150 527 1258 556 condit.
1277 529 1303 557 S.
1314 528 1435 564 Dionys.
1454 530 1488 558 de
1507 529 1608 558 Eccics.
1624 527 1764 559 hierarch.

961 569 1061 604 cap.7.]
1078 568 1134 603 Qui
1145 568 1246 597 ibidem
1257 569 1418 604 mysterium
1428 569 1508 605 hujus
1527 571 1700 599 caerernonise
1712 580 1763 598 ex-

961 607 1045 644 plicat
1057 629 1064 640 ,
1085 609 1229 646 inquiens:
1253 615 1265 644 [
1277 612 1318 638 Ac
1329 619 1386 638 tum
1396 610 1510 649 quidem
1520 611 1578 641 olei
1588 611 1707 650 perfusio
1725 609 1761 639 ad

959 646 1029 675 sacra
1039 649 1185 677 certamina
1194 659 1256 677 eum
1268 670 1275 683 ,
1287 650 1334 688 qui
1344 649 1503 680 initiabatur
1513 674 1520 685 ,
1543 653 1656 681 vocabat
1665 663 1674 682 ,-
1685 661 1760 681 nunc

959 697 1049 716 autem
1061 689 1152 717 oleum
1163 711 1170 722 ‚
1182 691 1257 728 quod
1267 690 1423 720 infunditur
1433 714 1441 725 ‚
1462 703 1523 721 euni
1534 715 1542 726 ,
1561 693 1610 732 qui
1621 691 1734 722 excessit
1743 701 1761 720 e

961 728 1019 757 vita
1028 750 1036 762 ,
1049 729 1078 757 in
1089 730 1150 768 ipsis
1162 731 1353 759 certaminibus
1363 732 1471 761 cerrasse
1482 744 1511 761 ac
1520 732 1656 762 deceffisse
1666 733 1760 762 decla-

960 771 1020 800 rat]
1032 779 1066 798 ex
1077 770 1172 808 quibus
1185 772 1271 800 verbis
1281 771 1344 800 satis
1354 773 1497 811 colligitur
1512 797 1519 808 ‚
1539 774 1614 813 quod
1625 774 1759 803 Sacerdo-

958 819 997 838 tes
1007 811 1160 848 antiquitus
1176 812 1242 840 oleo
1252 811 1344 841 sancto
1364 813 1589 844 consecrabantur
1606 824 1703 843 contra
1715 825 1760 843 ca-

957 850 1123 879 lumniantes
1134 853 1300 881 recentiores
1309 856 1431 886 Graems,
1441 855 1487 893 qui
1500 856 1661 885 Latinorum
1672 855 1759 884 ritum

960 890 991 920 in
1000 890 1186 921 consecrando
1193 895 1257 923 oleo
1265 893 1356 922 stinfto
1367 895 1523 924 Sacerdotes
1536 918 1543 929 ,
1554 900 1583 925 ὃ(
1595 895 1758 935 Episcopos,

957 932 1022 960 dum
1033 933 1198 962 ordinantur
1210 956 1216 967 ,
1236 935 1401 963 calumniare
1417 946 1473 964 non
1482 936 1581 965 cess'int
1593 959 1600 970 ,
1623 941 1650 965 ὃ(
1663 945 1757 965 tamen

955 972 1100 1001 evidenter
1109 985 1123 1001 a
1132 975 1273 1009 Dionysio
1281 979 1380 1004 Graeco
1391 977 1515 1005 Dostore
1525 999 1534 1010 ‚
1553 981 1582 1006 ὃ(
1604 978 1756 1016 Apostolo-

956 1023 1015 1041 rum
1027 1013 1174 1052 Discipulo
1185 1016 1346 1045 affirmatur.
1361 1017 1518 1055 Aliquando
1528 1027 1620 1046 nmen
1631 1028 1681 1057 pro
1691 1020 1755 1047 oleo

954 1052 1028 1081 sacro
1039 1054 1144 1083 abufive
1154 1056 1246 1084 oleum
1255 1057 1288 1085 de
1300 1056 1406 1092 lychno
1418 1079 1425 1090 ‚
1438 1059 1549 1095 quodni
1560 1058 1696 1087 honorem
1705 1059 1758 1088 aii-

954 1096 1028 1130 cujus
1039 1096 1129 1123 Sanffi
1138 1096 1216 1124 ardet
1227 1119 1234 1129 ‚
1255 1098 1426 1136 intelligitur
1435 1119 1443 1130 ,
1466 1103 1493 1128 δ(
1513 1098 1618 1128 solebat
1637 1099 1755 1129 infirmis

954 1135 1115 1163 devotionis
1125 1136 1196 1164 causa
1206 1137 1349 1172 distribui,
1361 1148 1390 1166 ut
1399 1138 1485 1167 hodie
1495 1140 1580 1168 etiam
1591 1139 1651 1168 ficri
1661 1139 1732 1169 solet
1743 1152 1753 1173 ;

957 1176 991 1204 iic
1001 1176 1137 1204 Palladius
1147 1177 1176 1206 in
1188 1179 1310 1207 Laufiaca
1320 1201 1327 1212 ‚
1346 1178 1391 1207 ubi
1410 1179 1443 1208 de
1455 1181 1480 1208 S.
1493 1181 1614 1209 Macario
1629 1181 1754 1210 Alexan-

954 1216 1037 1244 drino
1049 1217 1172 1255 loquitur
1182 1240 1190 1250 ‚
1201 1228 1255 1246 ait.-
1270 1221 1378 1254 [Cujus
1387 1219 1583 1249 commiserans
1595 1220 1652 1250 susis
1664 1222 1753 1260 preci-

953 1258 997 1285 bus
1008 1278 1016 1289 ,
1026 1261 1054 1286 δε
1063 1256 1136 1286 sacro
1145 1259 1208 1288 oleo
1219 1269 1277 1288 eain
1287 1261 1406 1299 propriis
1415 1261 1535 1290 manibus
1544 1262 1683 1301 inungens
1692 1284 1701 1296 ‚
1719 1263 1753 1292 :id

953 1298 1011 1326 dies
1021 1298 1126 1337 viginti
1138 1299 1288 1329 immunem
1299 1312 1313 1329 a
1323 1301 1395 1330 malo
1405 1302 1542 1331 redditam
1555 1304 1584 1331 in
1593 1303 1753 1333 Civitatem

952 1339 1090 1377 propriam
1101 1339 1206 1369 dimilit
1216 1361 1223 1368 .

911 1381 1076 1410 OLIRANUM
1088 1401 1095 1412 ‚
1107 1380 1249 1409 incensum
1262 1393 1270 1413 5
1281 1383 1374 1412 Greci
1387 1380 1505 1419 λίβανος
1516 1406 1524 1417 ,
1547 1387 1575 1414 8(
1587 1386 1687 1415 Arabes
1697 1386 1751 1415 Al-

952 1421 1040 1449 luban
1049 1420 1157 1454 dnum,
1168 1432 1224 1460 quo
1236 1424 1369 1452 vocabulo
1380 1426 1519 1454 Romanus
1530 1425 1654 1456 Basilicae
1667 1426 1749 1457 Vati*

954 1471 1027 1489 canae
1040 1462 1200 1491 canonicus
1211 1463 1304 1502 paffim
1315 1465 1412 1494 utitur3
1424 1465 1444 1492 ia
1455 1464 1530 1493 enim
1541 1470 1552 1499 (
1563 1474 1593 1493 ut
1602 1467 1665 1496 alias
1674 1467 1751 1496 dixi-

951 1501 1167 1540 inus)scripserar
1179 1504 1213 1532 de
1222 1505 1316 1533 eadem
1327 1505 1435 1534 Baiilica
1445 1515 1570 1544 tempore
1581 1508 1679 1536 calisti
1690 1509 1748 1537 111.

953 1543 987 1572 fic
997 1542 1124 1580 inquiens
1136 1557 1142 1571 :
1158 1551 1169 1580 [
1182 1545 1247 1573 Una
1258 1546 1322 1574 libra
1333 1556 1413 1578 cerae,
1425 1550 1452 1575 δ(
1462 1546 1608 1576 dimidium
1619 1548 1654 1578 de
1664 1550 1750 1577 oliba-

953 1595 990 1612 no
1013 1593 1061 1621 per
1082 1584 1203 1613 mensem
1215 1607 1222 1618 ,
1244 1597 1266 1614 c.
1278 1598 1325 1622 42·

101 1633 207 1651 tantum
218 1625 399 1653 membrorum
411 1627 493 1664 partis
502 1627 782 1656 unetionemSilvcst.
799 1639 894 1666 3.p:irt.
912 1624 1072 1654 Oria-Anus
1086 1647 1094 1657 ‚
1114 1636 1242 1664 anthuus
1251 1628 1282 1655 ab
1291 1626 1423 1655 adverbio
1432 1628 1506 1656 Olim
1521 1639 1527 1655 ῖ
1547 1627 1582 1656 fi'c
1595 1629 1750 1659 Anastasitss

99 1663 194 1703 quaest.
207 1675 220 1702 3
229 1676 253 1692 ι.
263 1675 314 1693 art.
325 1676 351 1698 7.
372 1667 440 1702 Ωιι-ε
452 1668 562 1704 quidem
571 1668 670 1706 opinio
680 1669 711 1697 ab
721 1669 895 1698 universitate

100 1705 264 1734 Lovanienfi
275 1706 308 1734 de
319 1717 391 1734 :inno
408 1712 489 1741 1588.
500 1709 673 1747 comprobata
685 1709 736 1737 suit
748 1730 756 1738 .
770 1709 841 1738 Mihi
855 1721 892 1738 ta-

100 1755 164 1773 men
176 1745 264 1783 placer
273 1747 370 1774 Dianae
381 1747 526 1776 consilium
538 1770 544 1781 ‚
569 1750 615 1787 qui
637 1750 666 1778 in
686 1750 733 1778 tali
755 1749 813 1778 casu
824 1752 895 1780 reste

100 1785 238 1813 existimat
247 1796 332 1814 unum
343 1798 449 1816 tantum
461 1799 493 1816 cx
505 1790 705 1827 conduplicatis
719 1791 846 1819 membris
857 1791 881 1819 fe

99 1825 236 1854 ssinanter
247 1828 344 1865 inungi
355 1851 362 1862 ,
381 1833 407 1857 ἃ
420 1827 466 1857 sub
475 1831 553 1858 unica
564 1830 650 1858 fornia
660 1832 766 1869 prolata
785 1832 892 1860 dicere:

952 1665 1083 1693 biblioth.
1096 1677 1125 1694 in
1136 1666 1255 1698 Paschali
1268 1670 1335 1706 Papa
1347 1668 1453 1707 inquit:
1478 1675 1489 1704 [
1503 1672 1537 1701 Et
1553 1670 1666 1699 olitanis
1677 1679 1749 1699 tem-

952 1707 1060 1743 poribus
1070 1707 1150 1734 nimis
1159 1717 1343 1736 emarcuerant
1353 1730 1360 1736 .
1372 1711 1384 1740 ]
1398 1709 1530 1747 Idemque
1542 1711 1570 1737 in
1582 1711 1706 1740 Adriano
1716 1722 1747 1740 in

953 1747 1068 1784 quadam
1081 1747 1115 1775 ibi
1125 1749 1240 1786 epistola
1257 1750 1287 1778 ad
1299 1752 1406 1788 Regem
1421 1752 1580 1778 Francorum
1592 1752 1647 1780 ait:
1669 1753 1745 1788 [Sed

951 1788 1085 1815 olitanam
1096 1788 1272 1818 traditionem
1285 1792 1388 1819 Sanctae
1399 1790 1556 1819 catholicae
1568 1813 1576 1824 ,
1587 1796 1614 1821 &
1626 1793 1745 1832 Aposto-

951 1828 1008 1856 licae
1019 1831 1152 1857 Romaim
1166 1831 1291 1860 Eccleiix
1304 1841 1430 1859 tenentes
1442 1851 1450 1858 .

102 1872 114 1901 [
125 1868 176 1894 Per
186 1865 244 1893 istas
254 1865 352 1895 fanestis
363 1869 508 1898 unctiones
520 1892 527 1903 ‚
537 1874 564 1899 3<
576 1870 647 1899 suam
659 1870 803 1909 piissimam
814 1871 892 1900 mise-
908 1868 1039 1897 OLIVETi
1051 1872 1139 1898 Mons
1153 1890 1160 1897 .
1174 1871 1247 1899 Vide
1258 1873 1346 1900 Eleon
1356 1891 1363 1899 .
1725 1908 1730 1912 ³

101 1906 248 1934 ricordiam
266 1908 409 1947 indulgeat
428 1910 477 1938 tibi
490 1911 563 1939 Deus
582 1912 718 1951 quidquid
729 1923 776 1950 per
787 1912 890 1946 visum,
908 1909 1071 1938 OLOBERUS
1086 1930 1092 1936 -
1104 1911 1177 1938 Vide
1188 1912 1333 1940 Holoberus
1344 1933 1351 1945 ‚
1363 1911 1432 1940 idest
1442 1934 1449 1944 ‚
1463 1922 1552 1941 totum
1562 1925 1595 1958 cr
1607 1925 1740 1954 purpura,-

99 1946 221 1975 auditum
235 1968 242 1978 ,
254 1948 399 1978 odoratum
410 1972 417 1982 ,
427 1950 533 1988 gustum
543 1973 551 1984 ,
561 1956 588 1980 ἃ·
601 1953 700 1980 taftuin
712 1953 852 1991 deliquisti
863 1955 891 1984 .]

98 1989 168 2016 Non
179 1987 340 2025 approbatur
351 1989 379 2017 in
390 1989 443 2018 hoc
455 1992 630 2021 Sacramento
641 2003 655 2020 a
665 1992 820 2032 quibusdam
833 1995 892 2023 Do-

98 2028 215 2056 ftoribus
226 2027 311 2057 forma
321 2029 368 2059 iiia
379 2052 386 2062 ,
397 2041 457 2069 quae
471 2032 500 2060 in
512 2033 567 2061 ritu
579 2034 759 2062 Ambroiiano
769 2033 891 2064 observa-

99 2069 217 2106 tur,quia
228 2079 286 2097 non
295 2069 332 2098 est
341 2070 572 2108 deprecarivassed
583 2074 731 2108 judiciaria.
745 2075 893 2113 Apostolus

99 2109 174 2137 enim
186 2109 216 2136 in
228 2109 314 2137 forma
324 2110 498 2149 deprecativa
507 2113 630 2142 adhiberi
642 2115 747 2146 docuit,
760 2116 824 2144 dum
834 2117 870 2144 ait
883 2127 888 2143 .-

101 2149 216 2184 [Orent
228 2149 308 2188 super
318 2161 378 2179 eum
389 2154 418 2183 .]
441 2152 634 2182 Nihilominus
651 2154 798 2184 sustinetur
809 2167 822 2184 a
833 2158 892 2185 Sua-

98 2199 144 2218 rcz
156 2199 224 2218 tom.
235 2203 261 2225 4.
281 2190 352 2229 disp.
365 2203 411 2227 40.
422 2192 485 2221 sest.
497 2204 524 2231 3.
535 2205 562 2222 n.
577 2199 602 2223 8.
613 2195 739 2224 Solebam
752 2197 780 2224 in
794 2196 892 2235 Hispa-

950 1951 1035 1988 :iliqui
1046 1960 1138 1978 tamen
1158 1961 1188 1979 in
1200 1952 1299 1980 eodem
1309 1952 1460 1991 iignificatu
1477 1964 1530 1982 con
1553 1965 1675 1985 ementes
1690 1962 1744 1985 Ho-

950 1991 1082 2028 lephorns,
1094 1995 1122 2019 δ(
1131 1993 1274 2029 Olopherus
1285 1995 1391 2023 dixerc5
1403 1996 1564 2023 vocabulum
1574 2006 1666 2026 tamen
1675 2008 1742 2026 con-

951 2036 1076 2064 tractum,
1087 2035 1113 2059 &
1124 2033 1310 2062 abbreviatum
1319 2036 1355 2062 eii
1369 2044 1401 2062 ex
1417 2036 1611 2076 Haloporphyro.
1622 2040 1682 2067 Ain
1693 2049 1742 2066 vc-

949 2082 980 2100 ro
990 2082 1050 2100 auru
1056 2082 1129 2100 mant
1138 2073 1188 2101 ell'e
1201 2085 1302 2103 nomen
1311 2076 1534 2114 greco-latinum
1545 2099 1553 2110 ‚
1565 2088 1594 2106 ac
1605 2079 1739 2118 fignifica-

950 2122 978 2140 re
989 2123 1076 2140 totum
1089 2123 1183 2141 verum
1194 2137 1202 2148 ,
1213 2119 1241 2144 ὁ(
1254 2126 1310 2144 non
1320 2115 1487 2144 faliificatum
1496 2138 1506 2149 ,
1525 2128 1586 2146 cum
1598 2120 1630 2148 iit
1641 2120 1741 2150 textile

949 2152 1063 2182 sericum
1074 2175 1082 2186 ‚
1093 2164 1147 2182 taut
1160 2156 1190 2183 in
1203 2156 1316 2185 stamine
1327 2179 1334 2190 ,
1346 2167 1427 2194 quam
1437 2156 1466 2185 in
1475 2158 1610 2196 tegimine
1622 2182 1629 2188 .
1649 2162 1691 2190 Sic
1701 2172 1739 2190 et.

948 2194 1002 2222 iani
1013 2195 1147 2232 reperitur
1157 2197 1325 2234 Holosencus
1337 2219 1345 2230 ‚
1356 2197 1422 2226 idest
1434 2219 1443 2230 ,
1457 2207 1530 2227 totus
1540 2199 1639 2230 sericus
1649 2222 1657 2229 .
1697 2227 1700 2229 .

98 2229 144 2258 nia
155 2240 289 2269 perpetuo
298 2232 354 2260 Dei
363 2232 493 2272 obsequio
502 2234 628 2264 dedicare
637 2246 683 2264 eos
695 2258 702 2269 ‚
711 2237 758 2275 qui
769 2236 891 2275 supervi-
907 2234 1092 2264 Oromenus
1105 2257 1113 2268 ,
1122 2234 1296 2275 ὀλολυγμὸς,
1308 2238 1446 2266 mcestitiae
1455 2240 1567 2269 clamor.
1579 2240 1739 2271 Melitenses

96 2269 194 2299 xiss'ent
207 2271 266 2309 post
279 2283 419 2311 acceptum
429 2275 534 2304 Oicum
545 2274 665 2304 stinctum
675 2298 683 2310 ‚
695 2287 737 2304 uti
748 2279 889 2307 miraculo-

98 2309 125 2338 se
136 2311 242 2340 virtutc
252 2311 330 2347 hujus
339 2315 517 2348 Sacramenti,
528 2317 669 2356 gratiaque
679 2318 784 2346 coelesti
796 2329 809 2346 a
823 2329 891 2348 mor-

947 2277 1071 2314 Laghma
1081 2297 1088 2308 ‚
1113 2276 1168 2304 live
1185 2279 1313 2315 Naghma
1329 2278 1497 2308 confufioni's
1509 2283 1737 2312 vociferationem

948 2318 1085 2356 appellant
1097 2337 1104 2344 .
1126 2323 1137 2352 [
1150 2318 1236 2346 Aliud
1245 2319 1284 2348 est
1294 2321 1453 2359 ololygmus
1463 2343 1472 2353 ‚
1491 2320 1543 2350 hoc
1553 2325 1591 2352 est
1601 2347 1609 2358 ‚
1619 2327 1723 2354 clamor
1733 2347 1741 2358 ,

97 2351 131 2379 tis
142 2352 257 2382 articulo
273 2353 380 2384 liberari
395 2367 402 2387 ς
424 2355 488 2384 idco
505 2357 590 2387 XIII.
610 2359 776 2389 'toletanum
788 2359 892 2389 Conci·
948 2358 1022 2387 aliud
1031 2358 1185 2397 alalagmuS.
1196 2358 1382 2397 Chrysost.in
1393 2359 1531 2400 psal-914
1545 2366 1617 2395 Nam
1626 2366 1745 2404 Alalag-

1647 2417 1708 2436 1711ίὸ
