1866 2526
482 35 599 80 CH

130 106 222 136 graeco
232 117 240 130 ,
249 94 323 135 quod
333 92 469 125 Persidem
479 116 487 127 ,
497 103 541 123 aut
553 91 714 124 Armeniam
726 94 842 124 denotat
853 115 860 123 .
871 90 923 124 vi-

95 152 97 156 ·
129 138 163 166 de
175 145 278 176 graecos
285 135 430 165 historicos
450 135 485 164 de
495 134 605 164 Lazulis
621 135 729 174 populis
740 156 749 168 ,
771 146 838 174 quos
850 136 921 164 Beli-

130 177 212 206 sariiis
220 176 403 206 debellaverat
417 187 425 207 ς
448 187 481 205 ex
493 175 546 204 isto
553 174 628 204 enim
645 176 737 214 lapide
749 197 757 209 ,
779 186 860 214 quem
873 176 922 204 m-

128 218 211 246 dorus
229 227 262 245 ex
274 217 407 246 Armenia
425 216 576 255 provenire
589 217 628 245 ait
640 237 647 249 ‚
669 216 828 245 extrahitur
844 217 918 245 barba

126 267 250 297 argentea
262 278 270 290 ‚
291 261 320 287 ὃ(
331 267 407 286 aurea
418 279 426 290 ,
446 266 476 285 ut
488 256 601 285 testatur
610 258 655 295 J0:
667 257 786 295 Baptista
793 259 876 291 Porta
884 257 912 285 in

127 297 174 327 sua
193 298 311 327 naturali
327 297 437 337 magia.
457 299 503 327 De
521 297 571 326 hac
589 296 791 332 chrysocolla,
814 297 915 335 lib-35.

125 348 182 377 cap.
195 338 268 368 6.fic
287 338 371 366 tradit
382 337 501 368 Plinius:
525 343 539 373 [
562 338 694 366 Armenia
716 338 821 371 mittit,
842 337 929 377 quod¹

125 382 180 414 ejus
189 380 307 408 nomine
315 379 467 417 appellatur
477 383 507 411 ς(
525 386 635 416 nempe,
656 380 834 416 Lazulgrace
845 399 853 411 ,
874 378 916 406 la-

125 427 186 448 tine
200 423 355 451 Armenia)
366 419 431 457 lapis
441 419 478 447 cst
488 418 534 446 hic
544 429 656 457 quoquc
664 418 846 453 chrysocolla:
858 427 915 445 mo-

1255 34 1296 75 ο
1326 35 1346 76 i
1637 38 1711 92 183

976 88 1174 123 sententiosum
1194 112 1202 125 ‚
1232 94 1261 120 δε
1281 90 1449 120 succinctum
1470 93 1602 131 loquendi
1623 95 1756 124 modum.

937 133 1191 164 Cnnrsonzmou.
1214 131 1288 161 Vide
1311 132 1441 170 Prafinus
1452 150 1461 161 .

937 175 1115 204 Cunrsouns
1128 196 1136 207 ‚
1154 183 1275 212 graecum
1285 174 1380 202 vocab.
1389 172 1526 213 Χρυσὸρεις
1539 193 1550 210 ,
1565 183 1656 203 aureus
1668 173 1740 203 rivus
1751 186 1758 202 :

977 216 1013 246 sic
1021 215 1174 254 appellatus
1182 215 1221 243 est
1241 216 1269 243 S.
1279 215 1324 252 Jo:
1335 211 1513 243 Damascenus
1526 225 1533 245 5
1552 217 1581 243 ὃ(
1589 215 1620 243 ab
1631 215 1760 244 Arabibi13

974 256 1094 294 Mansur
1104 276 1112 289 ,
1133 254 1202 284 idest
1212 276 1220 287 ,
1238 255 1381 284 auxiliatus
1391 275 1398 286 ‚
1417 252 1462 282 scu
1471 254 1628 293 redemptus
1638 255 1758 284 dimum

974 295 1079 326 sortass'e
1097 295 1159 334 quia
1181 294 1359 325 aBeatiss'ima
1368 295 1487 333 Virgine
1503 295 1546 324 illi
1564 295 1688 324 restituta
1709 294 1761 323 suit

976 347 1070 366 manus
1080 357 1088 368 ‚
1107 347 1167 375 quae
1180 338 1208 365 iii
1218 336 1408 364 testimonium
1421 338 1544 364 veritatis
1554 336 1583 365 ab
1595 335 1717 365 inimicis
1726 334 1758 363 fi-

973 377 1017 406 dei
1029 377 1153 406 mutilata
1165 377 1267 406 fuerat.
1285 377 1348 405 Hoc
1361 386 1454 404 tamen
1463 377 1584 414 Mansur
1602 386 1706 406 nomen
1721 375 1760 405 est

975 419 1116 456 proprium
1136 419 1208 446 inter
1217 421 1316 447 Turcas
1328 439 1335 450 ,
1357 421 1384 445 δε
1397 417 1496 446 Arabes
1507 437 1514 444 .

125 459 162 489 do
173 459 306 493 infectus,
327 469 517 499 optimumque
536 459 592 491 est,
614 459 690 497 quod
707 459 824 486 maxime
843 458 914 486 viret
932 460 1166 488 Cnursorimsus
1179 479 1187 486 ,
1210 458 1285 486 Vide
1307 458 1475 496 chrysocolla
1487 477 1495 484 .

123 501 330 529 communicato
339 500 432 528 colore
451 510 513 528 cum
531 500 667 528 caerulco:
690 498 814 527 solebant
838 499 913 526 libra:
931 500 1167 528 Cnursosromus
1179 521 1186 531 ‚
1208 495 1398 535 Χρυσόςομσς,
1417 498 1551 526 eximiiS.
1562 497 1685 528 Ecclesiae
1695 498 1760 527 Do*

123 544 179 576 ejus
191 542 324 570 trecentis
333 540 450 569 nummis
461 541 546 568 taxari
559 542 589 572 .]
610 543 644 568 Et
654 539 701 568 lib.
714 550 760 577 33.
772 549 829 577 cap.
844 548 868 573 5.
879 538 914 566 de

121 581 238 611 secunda.
247 581 335 620 specie
347 580 542 616 chrysocollae
553 601 562 613 ,
583 580 658 609 idem
674 580 729 608 ait:
754 584 766 613 [
786 577 913 614 Chryso*

974 541 1057 568 {toi-is
1081 540 1195 578 Joannis
1217 538 1436 576 Constantinop.
1457 537 1622 568 Patriarchae
1649 549 1756 578 cogno-

972 589 1054 613 men,
1077 581 1152 618 quod
1172 590 1201 609 os
1222 589 1330 608 aureum
1353 578 1504 618 fignificat.

124 623 194 650 colla
205 621 306 650 humor
315 623 353 650 cst
365 623 395 649 in
403 622 490 659 puteis
500 642 509 653 ,
532 630 601 658 quos
609 620 728 649 diximus
739 642 746 653 ,
757 630 804 658 per
815 629 912 648 venam
931 620 1147 649 Cuitrso'l‘ELlA
1160 642 1168 653 ,
1187 617 1360 655 Χρυσοπλῖα
1370 639 1378 647 .
1396 621 1453 649 FR.
1463 618 1517 648 hoc
1528 619 1565 649 est
1575 619 1633 649 auri
1648 619 1754 649 contri·

123 663 180 691 auri
191 663 313 691 defluens
321 661 459 691 crescente
468 662 537 689 limo
545 671 575 689 in
586 660 722 699 rigoribus
730 661 860 695 hybernis
871 658 914 687 us-

972 661 1048 688 biitio
1058 681 1066 688 .
1084 665 1182 700 Evagr.
1193 661 1236 689 lib.
1248 659 1349 698 3.hist.
1358 661 1423 689 eccl.
1432 670 1489 699 cap.
1503 672 1551 696 42.

121 712 174 742 que
185 703 220 732 ad
228 703 359 731 duritiam
370 701 487 742 pumicis
495 722 504 734 ‚
525 702 705 730 laudatiorem
715 701 829 729 eandem
847 710 913 728 aei’a-
931 701 1112 730 Cnnrsuccn
1124 721 1132 728 .
1150 703 1205 730 PR.
1216 701 1314 730 Italico
1323 704 1425 739 Aequa
1431 700 1505 738 forte
1516 722 1524 734 ‚
1534 699 1580 729 scu
1593 701 1752 740 Dastarti-

120 744 170 771 riis
180 743 297 772 metallis
308 765 316 776 ‚
338 747 365 771 δι
376 741 529 781 proximam
539 742 569 770 in
581 742 742 780 argentariis
762 741 820 769 fieri
837 751 912 769 com-

122 792 230 822 pertum
239 783 278 812 est
288 804 296 816 ,
310 783 454 812 invenitur
463 783 532 811 &in
542 782 698 821 plumbariis
709 793 716 812 ;
732 782 818 810 vilior
827 782 911 809 etiam

119 825 149 852 in
158 824 258 852 auraria
268 845 274 851 .
288 826 300 856 ]
312 827 351 852 Ex
362 824 456 862 quibus
468 823 613 862 colligitur
622 844 630 856 ‚
640 823 763 851 colorem
775 822 912 860 prasinum

118 873 177 892 non
185 863 236 893 ess'e
246 874 404 902 porraceum
425 873 454 892 ut
463 864 624 901 Calcpiniis‚
635 867 662 892 δε
673 863 721 891 alii
731 863 888 891 existimant
899 875 911 897 ,-

118 903 166 933 sed
175 906 320 934 caeriileuin
331 916 338 936 5
362 915 425 933 nam
433 903 636 939 chrysocollam
647 903 766 932 Ifidorus
776 903 855 941 supra
874 903 911 931 ait

119 944 171 973 css'e
180 946 283 974 coloris
293 945 411 984 prasini,
433 949 461 974 δ(
479 945 585 974 Plinius
595 945 724 975 caerulei5
746 954 814 982 ergo
832 944 911 982 prali-

120 995 188 1018 nus,
209 990 238 1014 &
249 987 379 1015 caeruleus
395 986 470 1013 idem
488 986 566 1013 color
577 986 635 1015 est5
659 984 692 1012 fic
711 984 860 1013 dicendum
876 984 910 1011 de

122 1026 310 1064 chrysopraso,
323 1036 405 1064 quem
414 1026 486 1054 idem
499 1026 649 1063 Calepinus
657 1035 720 1053 cuin
728 1025 788 1053 aliis
799 1034 910 1053 aureum

122 1075 252 1104 porraceo
261 1067 355 1094 colore
365 1066 484 1094 mixtum
493 1064 545 1093 esse
553 1064 640 1094 asserit
651 1076 658 1093 x
671 1075 769 1094 contra
776 1075 844 1103 quos
856 1064 909 1093 res-

121 1107 260 1145 pondetur
269 1117 301 1135 ex
314 1106 450 1139 Philone,
473 1106 578 1144 quilib.
593 1118 615 1135 i.
629 1106 754 1144 Allegor.
775 1106 812 1134 ait
833 1103 870 1136 O''
881 1103 910 1135 δὲ

118 1143 264 1185 σάπφειρος
284 1142 410 1184 ‘Upim-tn
430 1144 509 1179 λίθος
529 1144 600 1179 ἔςῖν.
621 1153 632 1181 [
655 1146 802 1184 5.ιρρ1]ἰηι5
820 1154 910 1174 autem

120 1187 158 1215 cst
181 1187 249 1226 lapis
267 1187 386 1225 pralinus
395 1207 402 1213 .
426 1188 437 1216 ]
462 1189 496 1214 Et
516 1186 581 1214 licet
610 1196 698 1225 graece
717 1188 799 1215 Lxx.
818 1186 908 1214 locuni

122 1227 209 1255 Exod.
233 1231 278 1255 28.
298 1238 327 1263 9.
349 1225 508 1254 vertifi'ent:
533 1225 703 1264 [Sumcsque
721 1227 788 1255 duos
807 1226 909 1264 lapides

118 1267 274 1305 smaragdos
285 1271 337 1296 &n
348 1269 360 1298 ]
374 1266 458 1295 dic'tio
467 1276 560 1295 tamen
569 1266 692 1295 hebraica
701 1268 793 1295 Solwm
804 1267 840 1294 ibi
851 1278 909 1295 non

117 1308 188 1336 clare
200 1307 370 1347 smaragdum
381 1307 447 1336 telle
458 1308 635 1342 Hieronymo
644 1308 675 1335 in
684 1308 795 1346 epist.ab
809 1307 907 1335 Fabiol.

120 1348 258 1387 significat
272 1369 278 1380 ,
300 1349 402 1376 &licet
410 1358 500 1386 gtaece
511 1347 626 1386 πράσιον
637 1357 795 1387 porraceum
806 1347 908 1386 fignifi-

970 753 999 770 re
1007 742 1126 770 dicitur:
1147 743 1283 770 veteribus
1292 742 1434 779 incognita
1445 762 1453 773 ‚
1471 751 1523 779 qua
1534 740 1663 770 Artifices
1669 751 1752 770 utun-

971 793 1015 810 tur
1024 781 1283 819 ad‘impiimendiim
1293 804 1300 815 ,
1319 781 1552 811 &delineandum
1572 782 1602 809 in
1612 783 1731 811 metallis
1741 803 1752 815 ,

969 827 998 852 ὅ(
1008 833 1039 851 ea
1048 823 1187 852 mediante
1198 833 1290 851 :iurum
1299 823 1329 850 ab
1338 821 1398 850 aliis
1407 822 1523 850 metallis
1532 820 1680 860 separatur,
1690 832 1750 860 quae

970 874 1003 891 ex
1014 864 1140 896 candida,
1162 874 1190 892 ac
1201 864 1272 892 clai-a
1292 864 1321 891 iii
1330 862 1478 890 caeruleum
1495 862 1670 892 convertitur
1687 872 1752 890 auro

970 905 1104 932 immixta:
1117 914 1143 932 at
1154 904 1174 932 fi
1183 904 1214 932 in
1224 915 1253 932 ea
1263 914 1297 933 aes
1309 901 1425 931 insufiim
1437 903 1469 932 sit
1480 925 1488 936 ,
1508 903 1538 931 in
1546 903 1698 932 castaneum
1705 913 1751 931 co-

971 945 1057 973 lorem
1071 943 1281 974 transmutatur:
1296 943 1399 973 ferrum
1408 944 1515 973 veroin
1524 944 1641 972 rubrum.-
1653 954 1751 983 purum

968 995 1060 1013 :uitem
1076 995 1218 1024 argentum
1238 986 1266 1013 in
1277 985 1390 1024 nigrum
1409 985 1532 1014 colorem
1549 984 1625 1013 illam
1633 995 1752 1014 convcr-

969 1035 1004 1053 tit
1015 1036 1022 1055 ς
1033 1026 1097 1054 hinc
1109 1024 1186 1054 senes
1196 1047 1204 1058 ,
1215 1030 1242 1055 δε
1255 1026 1354 1053 vetula:
1366 1027 1540 1059 juventutem
1549 1024 1748 1057 affectantemd

969 1065 1186 1095 abscondendam
1200 1067 1331 1094 canitiem
1347 1064 1436 1093 solent
1459 1066 1579 1098 barbam,
1601 1069 1628 1094 δε
1638 1066 1752 1104 capillos

969 1106 1043 1135 rufos
1052 1128 1061 1139 ‚
1079 1107 1175 1145 nigros
1184 1128 1192 1139 ‚
1214 1108 1258 1135 vel
1267 1106 1402 1134 castaneus
1414 1105 1462 1134 hac
1471 1116 1538 1144 aqua
1552 1106 1662 1145 tingere
1671 1128 1679 1140 ‚
1702 1116 1750 1134 va-

966 1147 1081 1180 riando,
1104 1157 1221 1185 nempe,
1243 1146 1438 1176 tantummodo
1447 1147 1550 1175 metalli
1566 1147 1730 1175 infusionem
1743 1168 1751 1180 ‚

965 1191 1042 1224 juxta
1062 1188 1184 1216 colorem
1205 1187 1234 1215 ab
1257 1188 1294 1216 eis
1316 1197 1474 1225 exoptatum
1483 1207 1490 1214 .

928 1228 1096 1261 Curua-us,
1117 1238 1241 1267 graecum
1262 1228 1356 1257 vocab.
1379 1227 1510 1263 Χυὲαἶος,
1534 1227 1653 1267 vulgaris
1673 1248 1682 1260 ‚
1715 1238 1742 1256 :ic

966 1269 1030 1296 vilis
1051 1268 1187 1307 fignificat
1207 1281 1213 1297 :
1236 1268 1363 1306 [Accipe
1384 1278 1476 1296 tecum
1504 1279 1590 1297 unum
1612 1267 1751 1297 vasculum

966 1307 1077 1343 chydaei
1101 1309 1182 1337 vini,
1201 1309 1344 1337 Pallad.in
1355 1309 1478 1337 lausiaca.
1501 1311 1515 1340 1
1538 1309 1636 1348 Aliqui
1654 1319 1750 1347 putant

967 1348 1042 1377 suiss‘e
1066 1350 1164 1378 vinum
1186 1349 1338 1388 exprefliim
1359 1360 1393 1377 ex
1416 1351 1561 1387 palmarum
1584 1349 1728 1378 fructibus.

117 1398 179 1419 cet;
205 1388 251 1418 hic
261 1398 352 1418 tamen
362 1389 429 1426 lapis
436 1387 639 1427 chrysoprasius
655 1398 747 1417 utrum
763 1399 779 1416 a
796 1390 889 1417 colore
902 1411 907 1420 ,
925 1390 1140 1418 Cnrrxopones
1151 1412 1159 1423 ,
1177 1400 1298 1428 graeciim
1308 1391 1401 1418 vocab.
1412 1386 1577 1428 χυτρόποδες
1587 1411 1595 1418 .
1615 1390 1748 1419 FR.olla-

117 1429 164 1458 vel
174 1440 189 1458 a
198 1431 260 1458 loco
272 1451 280 1463 ‚
301 1430 374 1458 unde
383 1428 500 1457 sumitur
510 1452 517 1462 ,
540 1430 579 1457 ita
590 1429 680 1468 potius
689 1430 889 1457 denominetur
900 1451 907 1462 ‚

120 1480 180 1498 non
197 1471 301 1508 liquere
319 1479 356 1497 a.t
369 1470 469 1497 ibidem
479 1470 516 1498 D.
528 1471 719 1504 Hieronymus
735 1468 778 1497 his
801 1469 907 1501 verbis5

120 1516 132 1544 [
145 1509 200 1544 Qui
210 1508 333 1538 hebraice
342 1510 470 1537 dicuntur
478 1511 569 1538 Sobom
581 1533 589 1544 ‚
611 1511 642 1539 ab
651 1511 754 1548 Aquila
764 1531 771 1542 ‚
793 1514 820 1539 ὃ(
831 1511 908 1545 Sym-

969 1440 1028 1458 rum
1036 1428 1227 1464 sustentacula,
1238 1433 1282 1459 vel
1291 1429 1354 1468 ipsae
1365 1431 1428 1458 ollae
1441 1440 1501 1459 cum
1514 1431 1624 1468 pedibus
1634 1451 1642 1458 .
1656 1431 1745 1465 [Sive

965 1471 1062 1499 clibani
1075 1492 1084 1503 ,
1107 1471 1163 1500 live
1185 1471 1373 1510 chytropodes
1383 1471 1552 1500 destruantur
1561 1493 1570 1505 ,
1590 1475 1618 1500 ὃ(
1628 1472 1748 1500 immuu-

965 1511 993 1539 di
1015 1521 1095 1539 ei'unt
1106 1533 1115 1539 .
1135 1513 1227 1541 Levit.
1247 1523 1307 1550 cap.
1333 1523 1376 1540 11.

120 1549 217 1578 macho
228 1571 235 1582 ‚
248 1554 275 1579 δι
285 1549 481 1578 Theodotione
490 1550 641 1585 Onychini
652 1573 661 1583 ‚
681 1552 761 1579 LXX.
773 1549 906 1589 sinaragdi
924 1552 1081 1580 CiuouluM
1091 1573 1100 1584 ,
1109 1562 1190 1591 graec.
1203 1554 1296 1581 vocab.
1306 1550 1436 1589 κιβώειον,
1449 1553 1559 1590 proprie
1570 1553 1702 1591 significat
1714 1553 1748 1582 fa-

119 1591 320 1618 transferuntur
328 1610 334 1617 .
347 1588 480 1628 Josephus
488 1589 670 1626 sardonychas
681 1600 758 1619 vocat
770 1611 777 1623 ,
788 1601 849 1619 cuin
860 1593 908 1618 he-

119 1631 192 1659 braeo
205 1630 362 1669 Aquilaque
372 1629 562 1658 consentiens:
586 1641 617 1660 ut
637 1632 682 1659 vel
701 1631 822 1660 colorem
839 1632 908 1669 lapi—

117 1671 201 1703 dum,
224 1671 270 1699 vel
282 1672 398 1708 patriam
408 1671 624 1699 demonstraret.
646 1674 658 1703 ]
672 1673 715 1700 Ita
731 1671 813 1700 etiam
829 1683 862 1701 ex
874 1672 905 1700 li—

117 1711 251 1749 gnificatu
260 1711 338 1748 hujus
347 1712 448 1740 coloris
458 1712 616 1750 intelligere
626 1713 738 1741 videtur
746 1714 905 1751 Procopius,

119 1752 261 1789 inquiens:
286 1752 429 1786 [Prasinus
439 1752 616 1789 peculiariter
624 1753 763 1781 dedicatus
773 1754 810 1782 est
820 1752 904 1783 sacer-

119 1791 206 1819 domli
216 1792 316 1824 tribui,
337 1802 396 1830 quae
407 1792 557 1820 caelestium
567 1794 769 1831 cogitationem
780 1794 902 1823 rimatur.

118 1831 307 1860 Carbunculus
315 1833 486 1861 consecratus
495 1834 532 1861 eil:
543 1834 624 1872 regiae
638 1834 776 1872 potestatss
788 1845 818 1863 iit
827 1837 902 1864 enini

118 1871 192 1910 ignis
200 1876 252 1900 &c-
264 1873 294 1900 in
302 1883 361 1911 cap.
374 1885 401 1901 ι.
410 1872 512 1902 Genes.
524 1876 537 1905 1
551 1875 638 1903 Unde
647 1885 680 1903 ex
693 1875 827 1904 coloribus
836 1877 903 1915 lapi—

119 1913 184 1940 dum
193 1913 325 1940 moralem
337 1913 522 1951 lignificatum
530 1915 640 1944 derivat
649 1937 656 1948 ,
668 1926 768 1954 nempe
778 1939 785 1949 ‚
796 1927 810 1945 a
822 1918 902 1956 prasi-

119 1963 157 1981 no
165 1953 267 1981 caelesti
286 1953 320 1981 ad
329 1954 463 1982 caelestem
481 1957 748 1994 contemplationem
759 1979 766 1990 ‚
788 1962 814 1986 &
825 1969 838 1986 a
847 1968 902 1986 car-

122 1993 232 2021 bunculi
241 1993 334 2021 colore
344 1994 378 2021 ad
388 1995 479 2032 ignem
489 2016 497 2028 ,
517 2006 546 2023 ac
556 1998 692 2025 lucentem
702 2000 811 2036 Regum
824 2008 901 2036 pote-

117 2033 214 2062 statem
225 2053 234 2060 .
243 2034 335 2069 Quare
345 2032 536 2072 chrysoprasus
547 2038 585 2065 est
596 2038 688 2075 potius
700 2048 801 2072 aureus,
813 2044 840 2068 ὃ(
849 2050 902 2068 cae-

121 2075 212 2102 ruleus
220 2076 298 2102 color
307 2073 409 2102 mixms
419 2095 429 2102 .
448 2076 494 2104 De
515 2077 622 2114 prasino
639 2080 733 2107 colore
742 2077 818 2118 saepe
827 2082 902 2109 Ana-

117 2114 208 2143 stafius
228 2115 259 2142 in
277 2114 342 2143 vitis
351 2114 517 2144 Pontificum
535 2119 709 2147 mentionem
726 2119 790 2147 facit
800 2140 808 2146 .
830 2121 903 2149 Vide

117 2155 246 2192 Pmfinus
255 2175 263 2182 .
275 2155 467 2184 Aldourandus
479 2166 546 2185 vei-o
555 2158 626 2187 liunt
638 2160 759 2196 lapidem
770 2170 902 2194 cyaneum

74 2216 75 2219 ,
118 2204 239 2223 autumat
260 2205 275 2223 a
297 2195 390 2223 Plinio
409 2197 575 2239 appellatum
595 2198 690 2232 sume,
716 2203 744 2228 δι
766 2201 798 2229 m
818 2203 903 2242 Chry-

73 2255 107 2304 {c

117 2236 220 2272 socolla
241 2235 316 2264 varia
337 2245 496 2274 excogitat.

116 2286 158 2304 ui<
168 2285 184 2303 γ
195 2286 208 2303 s
221 2285 238 2303 o
251 2287 265 2304 1.
277 2286 294 2304 o
306 2285 324 2304 <3
336 2287 356 2304 u
366 2287 377 2305 s
399 2297 408 2309 ,
454 2276 628 2317 Χρυσολὸγσς
645 2302 656 2314 ,
694 2291 814 2320 graecum
852 2293 903 2311 no-

119 2325 183 2344 men
202 2336 210 2349 ‚
239 2326 346 2344 aureum
373 2315 618 2348 sermocinatorem
655 2321 789 2361 fignificat
813 2344 819 2354 ,
858 2334 904 2351 co-

117 2365 299 2396 gnomentum
318 2357 394 2389 Petri
409 2361 553 2390 Ravennae
562 2360 695 2402 Archiep.
716 2371 831 2402 propter
848 2367 904 2401 ejus

964 1593 1002 1621 bx
1023 1602 1155 1631 aegyptiae
1174 1594 1358 1622 ventriculum
1368 1605 1376 1623 ς
1404 1594 1563 1631 translative
1582 1603 1672 1622 tamen
1703 1604 1749 1623 vas

963 1634 1080 1661 denotat
1091 1654 1098 1661 .
1110 1635 1168 1662 FR.
1176 1645 1262 1673 genus
1272 1635 1373 1673 poculi,
1383 1631 1428 1661 seu
1438 1633 1530 1661 calicis
1541 1633 1571 1662 in
1581 1634 1693 1663 modum
1707 1635 1748 1663 so-

965 1674 1066 1702 liorum
1082 1674 1277 1703 colocaliorum
1297 1675 1395 1702 factum
1404 1695 1413 1705 ,
1443 1674 1548 1701 Hillor.
1569 1676 1743 1713 Longobard-

964 1715 1072 1743 Aduot.
1083 1714 1113 1742 in
1123 1714 1168 1742 lib.
1180 1726 1206 1752 3.
1225 1726 1248 1743 c.
1261 1726 1274 1752 3
1285 1725 1308 1749 5.
1319 1726 1326 1742 z
1339 1715 1354 1748 Η
1367 1725 1372 1741 :
1388 1714 1482 1742 Hodie
1492 1724 1583 1742 tamen
1604 1715 1676 1744 inter
1695 1719 1748 1745 Ec-

960 1755 1122 1783 clefiasticos
1132 1756 1344 1784 Tabernaculum
1355 1777 1362 1787 ,
1384 1754 1414 1782 in
1436 1765 1490 1792 quo
1499 1753 1677 1784 conservatur
1692 1757 1746 1785 Sac-

960 1795 1126 1824 Eucharistia
1135 1817 1143 1828 ‚
1153 1796 1287 1834 significat
1298 1817 1305 1823 .
1317 1795 1486 1831 [ciborium
1495 1805 1528 1823 ex
1540 1805 1655 1834 argento
1666 1796 1750 1834 puris—

960 1837 1045 1865 simo.
1067 1836 1202 1865 Antist-in
1224 1839 1317 1866 Leone
1327 1838 1408 1867 11L]
1429 1847 1443 1864 a
1461 1836 1627 1871 Symmacho
1644 1840 1744 1866 Paxis:

960 1882 987 1906 δ(
1002 1880 1100 1906 Turris
1110 1878 1261 1914 gestatoria
1271 1889 1284 1906 a
1293 1880 1378 1916 Greg.
1388 1879 1492 1905 Turon.
1501 1876 1534 1904 de
1544 1877 1747 1913 Olor-Martyr-

959 1929 983 1946 c.
997 1923 1042 1946 86.
1051 1918 1152 1945 dicitur
1161 1938 1169 1945 .
1182 1918 1254 1946 Vide
1264 1917 1316 1946 suis
1326 1918 1392 1946 locis
1402 1938 1408 1944 .
1423 1917 1610 1954 Antiqaiorum
1621 1916 1679 1946 usus
1687 1929 1747 1948 erat

959 1957 1141 1986 conservandi
1151 1957 1204 1986 hoc
1215 1961 1413 1987 Sacramentum
1424 1958 1453 1985 in
1463 1956 1622 1995 quibusdam
1640 1960 1745 1988 colum-

958 1999 999 2026 bis
1008 2000 1145 2037 argenteis
1155 2020 1163 2031 ,
1187 2000 1229 2027 vel
1240 2009 1324 2026 aureis
1344 1997 1422 2035 super
1434 1998 1528 2026 Altare
1545 1999 1726 2036 pendentibus
1736 2023 1744 2035 ,

957 2049 987 2067 ut
997 2039 1085 2067 adhuc
1097 2049 1154 2067 mos
1172 2040 1209 2068 est
1221 2050 1249 2067 in
1259 2039 1390 2076 aliquibus
1402 2038 1500 2066 Galliae
1511 2040 1634 2068 Ecclesiis
1646 2063 1653 2074 ,
1671 2043 1745 2070 Pari-

958 2080 1000 2108 siis
1011 2079 1162 2116 przsertim
1174 2102 1181 2107 .
1203 2083 1283 2108 Ritus
1294 2079 1337 2106 liic
1351 2090 1378 2107 in
1392 2079 1508 2107 Ecclelia
1521 2090 1534 2107 a
1544 2081 1581 2108 D.
1594 2081 1744 2111 Baiilioin-

957 2120 1097 2148 troducius
1110 2119 1201 2152 fuit‚ut
1212 2130 1240 2147 in
1250 2123 1304 2155 ejus
1315 2120 1370 2147 vita
1378 2117 1536 2148 observatur
1545 2123 1616 2159 apud
1625 2123 1742 2157 Surium,

958 2170 1025 2189 tom.
1040 2171 1062 2188 i.
1073 2162 1117 2188 ubi
1136 2161 1256 2188 dicitur:
1275 2166 1287 2194 [
1305 2162 1427 2188 Tertiam
1446 2170 1512 2189 vero
1532 2166 1543 2194 (
1556 2163 1624 2192 idest*
1644 2165 1740 2199 Hostia

957 2203 1114 2237 consecrata
1121 2201 1294 2238 particulam
1305 2204 1355 2232 >in
1363 2201 1487 2230 columba
1507 2212 1584 2230 aurea
1606 2204 1745 2240 pendente

956 2240 1114 2279 rcsposuille
1124 2243 1152 2271 .]
1168 2241 1240 2268 Vide
1253 2243 1397 2269 Baromum
1415 2244 1471 2270 An.
1484 2253 1530 2277 57.
1543 2253 1571 2270 n.
1595 2253 1658 2277 152.
1670 2246 1743 2273 Item

958 2283 1108 2319 ponebatur
1119 2280 1286 2309 hucliaristia
1296 2282 1327 2310 in
1336 2281 1395 2311 base
1405 2284 1504 2311 Crucis
1512 2294 1544 2311 ex
1556 2283 1674 2312 ordimt.
1687 2288 1740 2313 Tu-

958 2333 1056 2350 i‘onen.
1066 2322 1189 2350 concilii
1203 2323 1243 2350 11.
1254 2324 1330 2351 Ante
1340 2324 1453 2352 Concu.
1463 2324 1591 2352 Trident.
1601 2321 1747 2354 conservass

956 2363 1032 2391 batur
1042 2363 1073 2392 iu
1085 2361 1217 2391 foramine
1229 2363 1381 2398 muri,ficut
1393 2362 1474 2402 usque
1486 2374 1558 2394 nunc
1568 2365 1671 2394 Oleum
1681 2366 1748 2396 San-

1382 2405 1413 2433 M
1455 2416 1474 2440 4
1636 2405 1709 2436 ftum
