1866 2526
166 39 241 81 182
498 38 538 80 C
565 36 614 82 'H

145 95 286 136 Gregorio
296 95 406 125 Veritas
421 96 452 126 in
470 107 534 126 vera
552 106 633 127 carne
643 96 795 135 appellatur
805 116 812 124 .
833 106 893 125 can.
915 95 932 123 si

144 138 204 177 quis
223 147 271 176 per
292 148 368 166 vetus
379 138 568 167 testamentum
579 160 586 168 .
610 150 657 168 22.
672 138 766 178 quaest.
789 149 815 166 ε..
825 139 933 166 Notan-

146 179 230 211 dum,
252 178 327 217 quod
335 189 396 207 caro
405 178 512 208 Christi
534 190 591 208 non
608 179 711 208 dicitur
728 189 791 207 caro
810 177 931 216 peccati,

145 218 192 248 sed
212 220 244 247 in
263 219 469 248 similitudinem
493 221 580 249 carnis
597 218 757 261 peccatricis
767 240 774 247 .
796 229 854 247 can.
879 218 932 245 uti-

146 260 201 289 lem
212 282 220 294 ‚
244 271 290 289 zz-
300 261 393 300 quaest.
407 273 432 289 2.
446 263 518 290 Item
526 261 655 289 Christus
666 259 816 298 appellatus
825 258 864 286 est
875 259 932 285 Ire-

145 300 253 333 naitlia,
264 301 349 334 idest,
361 302 489 340 Princeps
499 302 571 341 pacis
579 322 586 329 .
598 302 673 330 Vide
681 300 845 328 irenarcha.
860 301 932 328 Item

114 359 116 362 >
144 342 285 380 sequester
295 362 302 373 ,
315 341 395 374 idest,
407 343 557 372 mediator..
570 343 643 371 Vide
652 342 787 378 §equester
799 360 804 367 .
817 341 874 368 Ubi
889 350 933 368 na-

146 382 230 409 tussit
240 401 247 408 .
258 382 332 410 Vide
341 383 485 412 Thamnus
497 405 504 411 .
517 385 552 412 In
562 383 682 420 antiquis
695 381 882 408 monumentis
893 391 933 409 re-

144 422 249 460 peritur
258 443 266 454 ‚
288 421 359 461 saepe
378 421 430 450 hoc
456 425 560 462 signum
579 425 641 452 loco
653 424 707 450 XP.
728 421 795 449 idest
807 442 815 453 ‚
837 423 933 450 CHR.

143 463 217 500 quod
226 461 369 491 Christum
380 464 522 501 fignificat.
533 465 605 493 Vide
616 463 775 501 Torrigium
787 462 821 489 de
832 464 934 500 Crypt-

143 503 397 542 Vatican.iinprell'.
408 503 524 532 secunda
535 526 542 532 .
566 504 640 533 Vide
657 504 740 531 ctiam
755 502 801 530 hic
819 501 849 530 in
868 503 932 537 di&-

142 544 282 572 Labarum
294 564 301 571 .
332 545 475 572 (Ueterum
495 545 529 573 de
551 554 666 584 proprio
683 543 792 573 Christi
821 544 933 571 nomine

141 585 255 621 JESUS
267 606 274 616 ‚
296 584 365 612 illud
374 594 533 613 reverenter
551 585 794 623 pronuntiantibus
815 585 934 621 Joannes

144 626 215 661 Papa
223 626 315 652 XXII.
327 626 378 652 XI.
388 625 495 653 dierum
506 626 709 665 indulgentiam
721 623 876 654 conceffifl'e
892 635 934 652 re—

142 664 193 692 fert
205 666 249 701 Jo.
263 664 390 692 Villanus
409 666 439 694 iii
458 669 512 702 ejus
523 665 585 694 hist.
597 677 651 705 par.
679 678 701 694 1.
713 667 758 694 lib.
769 677 797 702 9.
809 676 866 704 cap.
886 676 933 701 79.

140 706 212 732 Item
224 703 351 733 Christus
372 715 422 743 pro
442 708 518 735 rebus
527 706 634 736 Christi
646 729 653 740 ‚
677 717 775 745 nempe
786 728 794 739 ‚
815 706 935 735 ccclesia-

140 744 213 773 sticis
225 767 232 777 ,
254 749 281 773 ὃ(
292 745 474 784 spiritualibus
485 769 493 780 ,
516 759 574 776 can.
584 749 739 776 convenior
748 769 755 775 .
778 749 804 778 §-
826 759 881 776 non
891 746 921 774 so

140 786 180 814 let
192 784 318 814 Christus
330 807 337 814 .
362 798 407 823 23.
425 788 518 826 queest.
541 793 564 817 8.
585 793 613 817 ὅ(
632 789 669 816 ibi
682 790 773 817 Glossa
786 810 793 817 .
816 789 933 824 Qualem

140 825 279 861 hymnum
292 826 418 855 Christus
436 829 568 857 cecinerit
588 829 618 857 in
635 831 731 858 ultima
742 841 818 858 coena
829 850 836 857 .
860 829 933 857 Vldc

142 872 269 906 Hymnus
280 887 287 894 .
298 866 426 896 Christus
437 870 515 897 unius
527 870 636 899 Uxoris
646 870 762 909 Sponsus
773 891 779 898 .
793 871 865 900 Vide
875 875 933 897 Mo-

139 918 268 944 nogamus
280 928 286 933 -
300 908 373 936 Vide
385 910 522 947 Claomgus
533 932 540 938 .
551 912 663 939 Dicitur
675 912 738 941 Vita
749 913 851 939 clzivatzi
862 910 933 937 :Vi-

138 948 173 976 de
184 949 342 977 clavatum
354 970 360 976 .
383 954 438 977 Dei
459 952 556 978 virtlis
569 972 575 978 .
599 953 659 988 Qua
677 952 722 980 die
741 962 863 980 mortuus
884 951 932 979 fit.

141 987 215 1017 Vide
223 990 380 1025 ⁴Parasceve
390 1010 397 1017 .
423 994 486 1025 Ejus
498 991 612 1030 vestigia
629 1002 658 1020 lu
671 995 768 1021 Monte
789 993 911 1021 OlivetO
925 1013 932 1024 ‚

139 1030 249 1067 quando
261 1029 293 1057 ad
302 1030 404 1057 coelum
415 1030 574 1060 ascenderat
586 1054 594 1065 ,
619 1044 758 1072 nunquam
769 1034 824 1071 tegi
837 1042 933 1070 potue-

138 1079 203 1097 runt
215 1090 221 1096 .
246 1069 319 1098 Vide
330 1074 419 1099 Pavio
430 1091 436 1098 .
458 1074 644 1101 Praambulus
657 1095 663 1101 .
677 1076 721 1103 An
732 1075 809 1103 nudis
821 1073 933 1112 pedibus

141 1110 284 1138 incedebat
296 1111 326 1138 iu
338 1113 433 1140 terris.
461 1112 531 1141 Vide
548 1116 700 1143 sandalm.
724 1116 840 1153 Reliqua
859 1114 932 1141 Vide
953 1142 956 1145 .

139 1153 262 1187 Detsona
272 1172 278 1178 .
302 1153 436 1187 Eptstases
447 1173 454 1180 .
478 1155 607 1182 Caldam
618 1176 624 1182 .
648 1155 809 1192 Homoufion
821 1175 827 1182 .
841 1155 932 1183 Nullast

132 1192 268 1228 fimmen,
290 1196 412 1221 Faenius
422 1213 429 1220 .
452 1194 618 1223 Teletarcha
627 1217 633 1223 .
646 1196 749 1227 Quibus
762 1196 876 1223 motivis
887 1195 931 1221 in-

139 1231 214 1260 ducti
223 1231 285 1259 sunt
299 1233 411 1260 Hebraei
422 1233 454 1261 :id
465 1233 606 1262 Christum
617 1257 624 1267 ,
647 1245 676 1264 iit
697 1236 914 1273 Redemptorem
925 1257 932 1268 ‚

139 1273 437 1301 acclamandumindie
449 1295 456 1305 ,
480 1285 535 1312 quo
549 1276 774 1311 Hierosolymam
795 1275 931 1313 superast-

138 1312 385 1351 namingrelliisest
400 1335 407 1341 .
432 1315 506 1343 Vide
526 1316 690 1345 Palmarum
702 1316 822 1354 sistam.
846 1316 931 1345 Chri-

137 1354 190 1383 stus
202 1354 304 1382 dicitur
316 1355 412 1383 Virtus
422 1354 477 1382 Dei
489 1375 495 1382 .
520 1355 594 1384 Vide
616 1359 725 1385 Verbum
738 1362 791 1386 Dei
803 1378 809 1385 .
826 1358 932 1386 Utrum

140 1394 268 1433 appellari
279 1393 362 1433 possit
373 1405 494 1424 creatura
506 1417 512 1423 .
537 1397 610 1425 Vide
622 1403 761 1426 Creatnra
771 1419 777 1426 .

98 1436 333 1465 Ciiitisi‘OLoous
348 1457 356 1468 ,
379 1446 498 1474 graecum
508 1447 612 1466 nomen
622 1436 792 1476 Χειςαλόγος
801 1438 932 1476 significat

136 1475 281 1504 hominem
291 1485 388 1505 ornate
400 1476 433 1504 de
443 1476 557 1506 Christo
568 1479 728 1517 loquentem
739 1500 747 1511 ,
770 1479 800 1506 in
820 1489 874 1517 quo
893 1489 931 1507 ta—

139 1527 203 1544 men
216 1516 428 1546 faistalocutioui
442 1528 498 1545 non
509 1519 735 1557 correspondens
748 1520 814 1547 hinc
826 1529 876 1557 pro
886 1530 930 1552 σο,

139 1558 187 1596 qui
207 1557 380 1587 Christianus
399 1559 512 1587 nomine
531 1570 636 1588 tantum
653 1560 827 1599 intelligitur
839 1582 846 1592 ,
870 1571 930 1587 cum

139 1608 169 1626 re
179 1608 242 1627 vera
252 1601 306 1633 ejus
316 1608 399 1637 opere.
408 1598 572 1629 Christiano
584 1600 691 1629 nomini
702 1602 817 1629 minime
828 1601 929 1628 corres-

138 1640 282 1676 pondeant
291 1660 299 1667 .

96 1678 340 1709 CHRYSARGYRUM
351 1701 358 1712 ,
369 1690 489 1719 graecum
502 1683 663 1711 vocabulum
678 1680 855 1721 χρυσάργυρον
872 1692 930 1719 ,au-

1260 40 1374 83 CH

989 96 1086 129 thina,
1112 106 1174 136 vera
1186 100 1237 126 &o
1249 97 1322 127 Vide
1333 97 1380 126 suo
1390 95 1452 125 loco
1463 116 1470 126 .
1494 97 1628 138 Idemque
1644 97 1675 128 in
1685 101 1773 129 Beue·-

988 136 1042 164 dic.
1053 138 1109 166 111.
1122 143 1135 172 [
1153 138 1283 167 Cainisias
1293 139 1363 167 albas
1381 137 1509 176 sigillatas
1530 139 1694 169 holosericas
1712 150 1774 170 cum

989 175 1170 212 chrysoclavo
1180 181 1209 211 .]
1227 180 1325 217 Itaque
1336 188 1402 220 opus
1412 179 1510 209 textile
1519 181 1719 221 configuratum
1729 192 1774 210 au-

988 217 1041 245 reis
1049 218 1131 247 clavis
1141 228 1198 247 erat
1208 230 1218 249 3
1239 220 1305 248 inde
1318 221 1397 248 vestis
1408 219 1444 248 ita
1463 231 1592 250 contexta
1603 222 1700 261 Chryso
1715 223 1776 254 ,cla-

988 267 1061 289 vata
1071 259 1209 287 dicebatur
1217 281 1225 292 ,
1236 270 1316 298 quam
1327 259 1417 289 Lsitini
1426 263 1652 292 Auroclavatam
1661 263 1757 291 dixere
1768 281 1776 289 .

992 305 1003 333 [
1015 299 1204 328 Aurocl‘ivatis
1213 300 1328 329 vestibus
1337 301 1405 329 item
1423 300 1574 331 interdixit
1585 324 1592 330 .
1612 304 1721 333 Tacitus
1730 325 1736 332 .
1762 305 1773 334 ]

988 341 1031 373 Ac
1052 341 1098 368 alii
1107 348 1108 351 ’
1117 340 1264 377 Scriptores
1284 342 1439 370 clavatam
1457 344 1558 378 vestem
1579 345 1757 382 appellarunt
1769 363 1776 369 -

988 379 1200 419 Antiquiffiinus
1210 383 1399 410 Romanorum
1407 380 1467 410 usus
1479 382 1564 413 suerat
1573 406 1581 418 ,
1594 384 1701 413 ferendi
1712 385 1778 413 Cla-

989 429 1077 449 varas
1089 423 1171 457 vestes
1183 432 1191 452 5
1213 425 1240 450 δ(
1250 422 1311 450 latae
1322 443 1330 454 ,
1351 422 1495 450 Laticlavi
1505 444 1513 455 ‚
1535 425 1686 464 strietaeque
1699 447 1705 457 ,
1716 429 1778 454 Att-

984 463 1057 498 gusta
1068 462 1145 490 clavi
1154 462 1358 500 appellabantur
1369 481 1376 489 .
1389 464 1481 499 Atque
1490 466 1653 498 Laticlavas
1664 473 1775 502 mappas

990 502 1135 530 Petronius
1146 503 1219 531 dixit
1229 525 1237 535 ‚
1247 507 1275 531 δε
1286 502 1420 531 Martialis
1430 523 1438 535 ,
1459 502 1505 532 lib.
1519 516 1545 539 4.
1557 516 1600 544 ep.
1612 515 1660 541 45.
1673 512 1685 541 [
1697 510 1730 535 Et
1742 506 1779 534 la-

991 552 1020 570 to
1031 543 1131 571 variata
1152 553 1247 581 mappa
1256 545 1335 573 clavo
1348 553 1354 571 :
1378 546 1390 574 ]
1412 553 1471 581 qux
1491 545 1722 584 configurationes
1745 557 1777 574 ex

989 593 1054 621 auro
1065 593 1142 612 erant
1154 585 1268 612 intextae
1280 606 1287 617 ,
1300 583 1345 613 scu
1357 583 1455 613 insutae
1469 586 1586 614 vestibus
1596 609 1603 619 ,
1613 588 1717 626 mappis
1728 608 1736 619 ,
1750 596 1777 615 ac

990 623 1082 651 linteis
1092 625 1124 653 rid
1134 626 1245 653 modum
1263 626 1404 654 clavorum
1424 626 1521 664 capitis
1532 647 1538 653 .
1553 633 1565 661 [
1585 629 1720 657 Habentes
1740 637 1779 655 t:-

990 664 1063 692 bulas
1073 687 1080 697 ,
1103 665 1147 694 seu
1157 666 1291 694 orbiculos
1303 666 1336 694 de
1347 665 1530 701 chrysoclavo
1543 689 1551 700 ‚
1565 669 1657 697 Anast-
1671 667 1700 696 in
1712 670 1779 697 Leo-

992 715 1026 733 ne
1037 707 1115 737 HL]
1139 709 1195 735 FR.
1214 711 1248 736 Et
1264 706 1336 745 saepe
1356 717 1433 736 erant
1445 718 1479 736 ex
1496 715 1637 746 purpura[
1653 702 1782 736 ’Vestitum

989 746 1100 774 colobio
1110 748 1170 775 silbo
1181 749 1425 786 cl2vatopurpur-1.
1439 750 1474 777 In
1485 759 1542 776 vita
1553 748 1780 778 s.B2rth010maei

990 787 1119 823 Apostoli
1131 788 1161 816 rib
1173 789 1259 817 Abdia
1272 787 1407 827 descripta
1417 809 1424 820 ,
1448 789 1494 817 lib.
1505 792 1557 826 9.]
1572 793 1637 818 Erat
1648 789 1723 818 enim
1732 800 1778 817 co-

989 827 1089 855 lobium
1101 839 1264 866 purpureum
1277 851 1284 861 ‚
1308 840 1362 868 quo
1383 829 1416 857 ad
1425 827 1480 867 sagi
1501 831 1627 858 militaris
1646 826 1782 858 'imitatio-

990 878 1054 895 nem
1066 870 1194 897 Monaclii
1204 871 1286 898 etiam
1297 871 1439 898 utcbzintur
1450 891 1457 897 .
1470 876 1482 905 [
1507 871 1597 899 Habet
1616 882 1683 899 vcro
1704 871 1781 899 colo-

988 909 1061 936 bium
1072 909 1193 938 nostrum
1203 911 1311 939 clavum
1322 911 1646 948 pui·pureum.,Quidnam
1656 911 1780 950 designst

987 949 1078 977 clavus
1098 950 1146 977 illc
1158 955 1323 989 purpureus?
1346 949 1543 989 Unusquisque
1564 952 1636 990 Regi
1657 952 1779 979 militans

989 989 1070 1018 habet
1080 1001 1225 1028 purpuram
1235 992 1265 1020 in
1274 991 1338 1030 sago
1346 990 1396 1025 ‘suo
1406 995 1457 1019 ἃς.
1468 991 1502 1019 sic
1513 995 1541 1019 δε
1562 1003 1611 1020 nos
1623 992 1651 1020 in
1671 992 1781 1028 colobio

987 1031 1081 1059 nostro
1094 1041 1259 1069 purpureum
1281 1033 1389 1060 clavum
1408 1031 1572 1069 apponimus
1583 1053 1591 1064 ,
1613 1041 1644 1060 ut
1665 1033 1782 1061 demon-

988 1071 1099 1099 stremus
1110 1082 1158 1100 iios
1169 1073 1196 1100 in
1209 1072 1325 1101 Christo
1335 1071 1519 1101 commilitare
1530 1092 1537 1099 .
1549 1073 1573 1101 S.
1585 1072 1780 1106 Doroth.Abb.

986 1112 1073 1140 dot‘lr.
1085 1112 1172 1150 prima
1181 1134 1188 1140 .
1213 1116 1224 1144 ]
1237 1113 1369 1149 Quamvis
1389 1113 1518 1143 Aibertus
1537 1114 1665 1142 Rubcnus
1686 1113 1780 1142 existi-

990 1162 1047 1180 met
1059 1175 1067 1186 ,
1091 1154 1164 1191 quod
1175 1164 1230 1182 -vox
1247 1155 1350 1183 Clavus
1364 1165 1420 1183 non
1431 1153 1566 1192 significet
1586 1155 1703 1193 aliquam
1713 1155 1779 1193 figu-

986 1203 1043 1220 ram
1053 1215 1061 1226 ‚
1074 1191 1120 1221 seu
1131 1194 1228 1222 lincam
1236 1194 1271 1228 vin
1283 1196 1414 1226 vestibus5
1425 1194 1473 1222 sed
1483 1195 1604 1223 colorem
1615 1204 1779 1234 purpureum

987 1244 1053 1262 :iuro
1062 1244 1235 1267 courexmm,
1247 1236 1312 1264 licut
1324 1235 1426 1263 dicitur
1437 1236 1778 1276 Chrysococcinusmchry-

981 1274 1134 1312 soprafinm
1151 1296 1158 1307 ,
1183 1276 1386 1314 Chrysocitrt'on
1397 1297 1404 1308 ,
1428 1279 1455 1303 ὃ(
1475 1275 1577 1312 reliqua
1590 1277 1709 1304 color-ita
1720 1286 1779 1304 tex-

987 1315 1047 1343 tilia
1056 1325 1119 1342 auro
1131 1316 1216 1343 mixta
1226 1337 1232 1343 .
1257 1316 1340 1351 Quod
1351 1326 1442 1344 tamen
1453 1325 1487 1343 ex
1507 1316 1603 1344 eodem
1628 1316 1779 1345 Bibliothe-

985 1356 1060 1384 cario
1071 1356 1248 1384 confirmatur
1257 1369 1268 1390 ,-
1291 1366 1354 1386 nam
1366 1378 1374 1389 ,
1396 1366 1425 1384 iit
1436 1354 1514 1393 supra
1525 1355 1615 1384 visum
1625 1356 1663 1384 est
1674 1356 1704 1383 in
1713 1357 1779 1385 dist.

987 1397 1118 1424 Blattum
1137 1396 1207 1434 apud
1224 1397 1341 1425 eundem
1360 1396 1514 1435 significare
1526 1406 1671 1435 purpuram
1683 1418 1691 1429 ,
1711 1401 1738 1426 ὅ(
1750 1397 1779 1424 in

984 1438 1079 1466 Leone
1090 1439 1146 1465 111.
1159 1438 1230 1465 idem
1243 1437 1381 1475 scripserat
1393 1452 1400 1465 .·
1414 1437 1470 1472 [In
1482 1437 1579 1466 Altare
1591 1439 1619 1465 B.
1638 1437 1779 1466 Petronil-

984 1477 1017 1505 1ae
1031 1477 1120 1515 posuit
1132 1478 1231 1506 vestem
1241 1478 1275 1506 de
1287 1481 1405 1506 staurace
1417 1487 1469 1506 una
1479 1499 1486 1510 ,
1498 1476 1612 1506 habente
1622 1478 1779 1515 periclysim

986 1518 1019 1546 de
1029 1519 1118 1546 blattis
1130 1541 1136 1552 ,
1148 1517 1193 1546 seu
1204 1518 1388 1554 chrysoclavo
1397 1539 1404 1546 .
1417 1520 1429 1549 ]
1443 1520 1477 1545 Et
1490 1518 1650 1546 vocabulum
1661 1523 1712 1546 Seu
1723 1529 1778 1546 non

986 1569 1046 1587 raro
1057 1560 1182 1597 copulam
1192 1565 1229 1588 Et
1238 1560 1309 1597 apud
1323 1559 1441 1588 eundem
1460 1558 1610 1598 fignificat-e
1629 1558 1779 1587 videbimus

987 1599 1017 1627 iii
1028 1600 1093 1627 dist.
1103 1606 1154 1628 Seu
1164 1621 1170 1627 .

948 1642 1220 1674 ΕΗκγεοειτκῐοΝ,
1249 1645 1277 1670 δ(
1307 1641 1548 1681 chrysococcinon.
1572 1640 1646 1669 Vide
1667 1642 1779 1681 Chryso-

987 1682 1085 1709 slavus
1097 1682 1111 1708 Α

139 1731 199 1748 rum
210 1743 217 1754 ,
239 1725 266 1749 ὃ(
277 1731 418 1760 argentum
428 1722 564 1760 fignificat
574 1745 582 1756 ,
606 1728 632 1752 δ(
647 1732 696 1761 pro
709 1723 811 1750 tributo
828 1723 931 1760 scopi>
947 1723 1163 1751 CHRYSOCOLLA
1175 1742 1181 1748 .
1208 1724 1262 1751 FR.
1274 1723 1318 1750 De
1326 1720 1379 1749 hoc
1391 1722 1522 1751 vocabulo
1539 1722 1657 1750 Isidorus
1676 1720 1777 1749 duobus

139 1771 202 1792 tui-5
226 1762 463 1800 quodinmoneta
472 1773 549 1791 aurea
563 1786 569 1796 ‚
592 1767 759 1802 &argentea
776 1774 790 1790 ci
809 1773 929 1790 meretri?

139 1802 212 1830 cibus
222 1825 231 1835 ‚
253 1802 367 1841 aliisque
378 1802 520 1831 infamibus
537 1804 659 1842 personis
669 1804 930 1841 Constantinopoli-

140 1851 207 1870 tano
219 1843 382 1882 Imperatori
391 1841 557 1872 solvendum
568 1854 624 1872 erat
636 1865 643 1877 ,
665 1844 700 1872 de
710 1854 764 1882 quo
775 1848 910 1882 Evagrius
922 1867 928 1877 ‚

142 1883 189 1910 lib.
199 1894 225 1921 3.
236 1884 332 1912 histor.
343 1895 365 1912 c.
380 1893 428 1920 39.
437 1885 482 1912 ubi
492 1885 527 1913 de
538 1885 654 1913 sanitate
665 1885 806 1912 Zolimum
816 1884 929 1912 histori-

139 1933 199 1950 cum
221 1925 365 1953 convincit
385 1924 549 1954 referentem
567 1928 698 1964 Magnum
717 1925 930 1961 Constantinum

142 1963 228 1992 simile
237 1966 371 1994 tributum
383 1965 538 2002 imposuisse
549 1987 555 1993 .
579 1966 640 1994 Fuit
651 1974 742 1993 autem
759 1966 859 1994 abolita
879 1966 930 1994 liu-

139 2002 259 2040 jusmodi
281 2005 382 2034 solutio
401 2006 433 2033 ab
456 2008 626 2045 Imperatore
649 2006 805 2035 Anastafio.
831 2008 929 2036 Barou-

140 2045 196 2072 An.
208 2055 275 2082 330.
286 2056 361 2073 num.
375 2054 422 2083 36.

99 2083 321 2113 CHRYSOBULLA
333 2107 339 2113 .
363 2088 436 2116 Vide
445 2089 530 2116 Bulla
541 2108 548 2115 .

100 2124 338 2154 CiiursociAt-vs
352 2146 359 2153 .
383 2129 446 2156 Vox
470 2139 562 2167 gracco
573 2128 676 2161 latina,
697 2126 768 2165 saepe
785 2128 815 2156 ab
834 2128 928 2156 Anast.

141 2164 274 2193 Biblioth.
293 2166 322 2194 in
342 2166 406 2194 vitis
434 2169 540 2197 Pontis.
566 2170 678 2198 tilitata.
698 2170 710 2200 ]
731 2169 817 2206 Super
832 2169 929 2197 Altare

140 2208 225 2242 majus
248 2205 313 2234 fecit
333 2210 467 2237 tetravela
486 2209 658 2242 holoserica,
680 2207 796 2237 alithina
814 2218 929 2246 quatuor

140 2255 201 2273 cuin
211 2245 332 2275 hostillis
343 2268 351 2279 ,
374 2252 401 2276 ὅ(
413 2250 477 2277 rofis
487 2250 675 2284 chrysoclavis
684 2269 692 2277 .
714 2249 809 2278 Anast.
821 2259 851 2276 in
860 2251 928 2278 Leo-

141 2296 176 2314 ne
195 2288 276 2318 HL]
297 2288 404 2316 Omnes
422 2288 485 2317 sunt
504 2292 708 2320 vocesbarbarae
718 2289 874 2326 compolitae
895 2301 927 2319 ex

139 2327 348 2365 graeco-latium
371 2339 434 2357 nam
444 2332 596 2359 Tetravela
606 2332 665 2360 vela
682 2330 878 2368 quatruplicats
895 2332 926 2359 fi-

133 2367 270 2410 gnificat.
292 2369 465 2408 Holosen'ca,
488 2370 580 2404 idest,
605 2381 662 2400 tota
681 2382 714 2400 cx
732 2369 837 2399 serico.
860 2372 925 2401 Ah-

988 1763 1076 1790 modis
1087 1762 1229 1799 scripserat
1241 1774 1247 1789 .·
1260 1763 1350 1801 primo
1360 1763 1434 1789 enim
1445 1762 1491 1791 lib.
1504 1773 1550 1799 33.
1561 1763 1684 1796 Etymol.
1694 1773 1716 1789 c.
1734 1772 1776 1796 ¹4·

988 1803 1021 1831 iic
1036 1812 1090 1831 ait:
1105 1809 1118 1838 [
1137 1801 1323 1837 Chrysocolla
1334 1803 1499 1840 gigniturin
1510 1803 1591 1833 India
1604 1824 1610 1835 ‚
1623 1802 1668 1829 ubi
1682 1801 1778 1830 formi—

987 1854 1023 1871 cae
1035 1854 1132 1872 eruunt
1143 1854 1246 1876 aurum,
1257 1843 1294 1872 est
1305 1853 1393 1871 autem
1403 1853 1467 1871 auro
1478 1843 1573 1871 similis
1586 1865 1593 1875 ,
1605 1846 1632 1871 ὃς
1642 1841 1722 1870 habet
1733 1852 1778 1870 nri-

987 1894 1073 1912 turam
1083 1884 1233 1923 magnetis3
1257 1883 1308 1912 nisi
1318 1884 1393 1922 quod.
1413 1894 1511 1922 augere
1529 1893 1621 1911 aurum
1640 1884 1775 1913 traditur;

986 1925 1096 1953 unde&
1108 1934 1295 1962 nuncupatur.
1319 1927 1330 1955 ]
1353 1926 1414 1952 Hoc
1425 1925 1552 1952 minei-ali
1571 1924 1682 1952 stratum
1702 1922 1776 1951 fuisse

986 1965 1122 2003 Caligula*
1133 1988 1140 1998 ,
1162 1964 1338 2002 Neronisque
1350 1966 1464 1993 Circum
1474 1964 1622 2003 Marinum
1640 1962 1757 1991 credidit
1767 1985 1775 1997 ,

987 2006 1061 2042 quod
1071 2006 1118 2033 alii
1128 2005 1188 2034 aeris
1199 2006 1321 2044 aerugine
1332 2006 1464 2043 pisturam
1483 2006 1560 2034 illam
1579 2003 1653 2032 fuiss‘e
1670 2004 1775 2031 colora-

986 2055 1043 2073 tum
1055 2048 1175 2075 malunt:
1199 2055 1225 2074 at
1236 2046 1310 2074 Plin.
1328 2046 1376 2074 lib.
1397 2057 1444 2084 33.
1456 2057 1478 2074 c.
1492 2056 1518 2081 ς.
1528 2046 1662 2073 Maritano
1681 2043 1774 2079 favet.

985 2087 1110 2115 Secundo
1129 2088 1194 2115 loco
1212 2087 1285 2115 idem
1305 2086 1442 2125 Ifidorus,
1465 2088 1484 2114 l.
1510 2097 1554 2122 19.
1573 2095 1630 2123 cap.
1653 2095 1700 2117 17.
1717 2084 1774 2112 ait:

987 2126 1197 2162 [chrysocolla
1213 2129 1306 2156 colore
1328 2128 1434 2165 prasino
1452 2127 1489 2155 est
1501 2149 1508 2160 ‚
1531 2126 1604 2164 quod
1625 2134 1702 2153 venat
1721 2127 1777 2161 ejus

984 2166 1083 2196 habere
1093 2178 1185 2197 aurum
1195 2168 1313 2196 traditur
1324 2189 1331 2200 ‚
1342 2167 1401 2196 haec
1412 2172 1439 2196 ὃ(
1452 2168 1480 2195 in
1491 2166 1622 2196 Armenia
1633 2165 1755 2193 nascitur
1764 2184 1774 2197 ‚

983 2206 1031 2236 scd
1050 2219 1081 2236 ex
1093 2209 1253 2237 Macedonia.
1271 2209 1417 2247 probabilis
1435 2208 1530 2238 venitz
1554 2207 1679 2235 funditur
1699 2205 1774 2248 enim

983 2259 1016 2276 ex
1029 2250 1146 2278 metallis
1155 2249 1214 2277 aeris
1223 2271 1231 2282 ,
1252 2252 1324 2284 cujus
1334 2249 1463 2278 inventio
1474 2257 1617 2287 argentum
1627 2268 1635 2279 ,
1656 2250 1684 2275 ὅ(
1695 2245 1773 2274 Indi-

983 2299 1044 2318 cum
1054 2290 1149 2327 prodit
1159 2303 1171 2324 ς
1194 2300 1256 2318 nam
1268 2292 1346 2318 venae
1359 2293 1414 2326 ejus
1432 2299 1493 2317 cum
1507 2299 1538 2317 iis
1556 2288 1655 2317 habent
1667 2295 1770 2329 natm-„e

982 2331 1156 2359 societatem.
1179 2333 1191 2361 ]
1206 2331 1250 2358 De
1262 2330 1311 2358 hac
1322 2329 1438 2359 secunda
1455 2329 1544 2368 specie
1561 2329 1671 2358 videtur
1688 2325 1770 2353 intel-

981 2371 1032 2410 ligi
1042 2371 1183 2411 lapidem,
1205 2371 1254 2410 qui
1273 2371 1359 2410 vulgo
1377 2371 1469 2402 Lazul
1487 2370 1589 2400 dicitur
1605 2365 1770 2414 :evocabulo

1659 2416 1727 2445 gfff-'f
