1866 2526
460 26 582 71 ΝΟ

108 87 144 118 de
159 99 212 128 qua
229 87 302 126 saepe
318 84 490 116 mentionem
512 84 578 114 facit
596 83 626 113 in
644 87 701 120 ejus
713 81 845 123 Registro
866 81 916 119 D.l

107 129 263 169 Gregorius
272 129 340 166 Papa
353 128 376 156 1.
386 130 470 155 Erant
481 135 574 155 tamen
587 125 702 164 duplicis
711 124 819 164 generis
829 135 837 155 s
858 123 906 153 :ilii

107 169 256 200 Ordinarii
265 189 274 202 ‚
284 172 313 198 ὅ(
322 167 370 197 :ilii
380 166 546 206 Regionarii
558 188 566 200 ,
575 165 606 194 hi
614 176 703 194 curam
714 165 846 194 habebant
857 168 907 194 i-:c-

108 210 194 240 clefioe
213 212 347 240 Romanae
366 207 544 246 patrimonii,
562 210 590 235 ὃς
601 205 671 245 saepe
681 207 715 235 ad
735 209 849 241 majores
859 205 903 233 di-

130 250 231 280 nitates
249 250 482 288 promovebantur
499 251 576 284 juxta
596 257 692 276 corum
710 247 885 275 meritorium
896 265 904 277 ,

107 261 339 328 servitiorumque
356 290 543 328 exigentiam.
564 289 620 318 PR.
640 290 770 317 Notarius
781 286 904 314 dicitura

108 334 184 361 Nom
193 351 201 359 ·
213 329 304 361 Glofl'a
316 331 345 359 in
355 340 411 358 crin.
425 328 585 361 Monachus,
595 328 657 356 dist.
669 339 716 361 77.
728 327 802 356 Vide
820 332 905 355 Exce-

105 380 166 410 ptor
176 393 182 400 .
194 372 312 409 Graphi'o
321 392 328 398 .
339 377 545 400 Protonotarms
557 389 564 396 .
574 371 743 397 scriniarius
754 389 760 395 .
773 367 905 396 Tabellio.

1244 22 1294 66 N
1324 24 1366 66 O
1622 29 1700 78 461

958 80 1024 119 jitlis
1043 79 1133 121 potius
1142 80 1194 110 ess'e
1206 80 1362 110 sermonem
1372 103 1380 115 ‚
1402 79 1450 119 qui
1459 79 1561 120 linguae
1581 80 1758 116 libertatum*

960 127 989 153 ὅ(
998 122 1144 152 offensivos
1165 132 1274 150 morum
1284 122 1417 151 terminos
1428 121 1525 150 habere
1536 121 1627 151 solent
1637 135 1648 154 ς
1668 127 1695 153 δι
1705 133 1764 152 ma-

964 164 1040 192 xime
1051 164 1081 192 in
1091 163 1224 202 pueritias
1241 162 1354 192 Notarii
1364 163 1439 192 enirn
1449 162 1611 191 dicebantur
1619 165 1700 192 etiam
1710 165 1763 193 iia-

959 204 1032 241 juli,
1051 204 1070 234 fi
1080 202 1218 233 Gloffirio
1228 203 1304 232 Bafii.
1324 203 1493 232 credendum
1503 203 1534 231 fit
1556 213 1570 231 a
1582 203 1720 241 Qalepino
1731 203 1762 232 in

960 244 1025 274 dist.
1036 247 1167 274 Notarius
1178 243 1294 272 addufto
1304 264 1311 272 .
1330 244 1446 273 Notarii
1455 244 1580 273 officium
1592 265 1601 277 ‚
1623 243 1692 272 idest
1701 254 1763 283 gra-

961 285 1060 324 phium
1070 306 1078 318 ,
1101 285 1190 324 potest
1200 284 1231 312 in
1242 284 1335 313 dicbus
1347 283 1452 313 festivis
1460 283 1582 314 exerceri
1593 305 1601 317 ‚
1623 284 1698 323 quod
1706 283 1762 313 ser-

961 327 1020 355 vile
1029 336 1088 354 non
1100 326 1137 354 est
1149 345 1157 353 .
1175 327 1219 354 Ita
1232 325 1354 353 Vestrius
1365 326 1400 354 de
1409 326 1482 361 stylo
1493 325 1612 354 Datariae
1623 334 1710 355 :errat
1720 335 1763 354 ta-

961 377 1025 395 men
1034 366 1127 395 Gloss'a
1139 367 1169 394 in
1179 365 1351 405 etymologia
1360 365 1439 402 hujus
1448 366 1572 394 nominis
1580 387 1589 394 .

109 414 182 446 Item
194 413 347 441 notandum
360 433 367 444 ,
390 411 463 449 quod
473 410 584 449 qumdo
593 409 622 437 in
633 411 743 437 Men-eo
762 410 862 437 Graeco
872 406 903 434 fit
920 409 1071 437 Nomos
1083 428 1090 434 .
1112 409 1169 435 FR.
1178 407 1267 444 aliqua
1282 416 1346 435 nota
1359 406 1468 436 infamis
1492 413 1504 442 [
1519 409 1564 435 An
1576 417 1643 435 vero
1653 415 1764 435 notatus

109 464 217 482 mentio
228 455 272 483 SS.
282 452 463 482 Notariorum
473 473 481 483 ‚
505 449 701 488 intelliguntur
712 449 755 477 SS.
766 449 902 482 Martyres

108 495 265 524 Marcianus
275 516 284 527 ‚
297 497 324 522 ἃ
337 491 488 527 Martyrius
497 513 505 524 ‚
528 501 586 518 non
597 489 671 528 quod
680 488 803 517 officium
813 489 902 517 Nota—

109 534 193 563 riatus
204 533 424 565 exercuiss'ent,ut
434 531 564 560 nonnulli
576 530 752 558 crediderunt
763 539 771 559 ς
781 527 827 556 sed
838 538 901 566 quia

110 575 220 604 suerunt
232 576 361 603 leftoi-es.
382 572 491 602 Ideoin
509 570 657 606 Martyrol.
673 572 792 599 Roman.
805 567 851 597 sub
859 579 899 596 ea-

109 617 171 644 dem
182 617 227 644 die
242 628 255 644 ε,
264 626 289 650 ς.
297 614 430 644 Oc'tobris
439 613 541 641 dicitur
551 632 558 644 ‚
568 610 643 649 quod
653 609 804 645 Martyrius
816 608 902 637 fuerat

109 657 294 685 Subdiaconus
304 677 312 688 ,
322 659 349 684 ὅ(
361 654 514 684 Marcianus
525 661 620 679 cantor
628 671 635 678 .
659 651 713 680 Sed
722 649 904 679 Subdiaconus

109 697 147 726 est
158 698 256 726 1,εᾶοτ
265 696 334 734 apud
345 697 458 724 Graecos
467 715 476 726 ‚
498 692 572 721 idern
583 691 665 720 etiam
675 693 783 721 Cantor
794 713 802 724 ‚
826 700 905 729 quem

108 738 201 767 Latini
221 736 398 774 Confeffltrem
418 734 594 771 Psalmistam
613 732 710 761 dixere
720 754 726 765 ,
750 742 779 760 iit
793 732 822 760 in
841 731 906 760 diet.

959 449 1056 486 aliquis
1065 447 1097 476 fit
1106 469 1114 480 ‚
1136 451 1164 476 Sc
1173 446 1395 485 repreheniibilis
1407 469 1414 481 ‚
1437 458 1496 476 can.
1507 447 1526 475 si
1539 447 1617 476 testes
1626 457 1725 476 omncs
1733 459 1763 482 4.

958 489 1050 528 qucest.
1063 501 1088 517 2.
1099 491 1127 517 δι
1137 498 1164 525 3.
1175 488 1201 519 ξ.
1212 490 1284 516 Item
1294 488 1404 516 testium
1415 508 1422 517 .
1433 490 1446 519 ]
1458 488 1547 524 Quare
1556 489 1673 518 cicatrix
1683 488 1714 516 in
1725 487 1763 516 fa-

959 539 1000 558 tie
1009 529 1043 557 ad
1053 526 1287 557 reminiscentiam
1297 529 1407 564 alicujus
1416 528 1535 557 infamia:
1554 535 1626 559 Nota
1635 528 1742 558 dicitur
1751 548 1760 556 .

962 570 1035 598 Vide
1055 575 1126 598 Nota
1137 589 1145 596 .
1167 573 1201 598 Et
1211 569 1448 599 excommunicare
1467 570 1504 598 est
1517 570 1628 600 infamia
1646 579 1761 598 notare.

961 610 1034 638 Vide
1045 615 1112 638 Noto
1121 630 1129 638 .

920 652 1189 681 NOTHOTROPHIUM
1201 649 1365 690 νοθοτροφέῧον
1374 673 1382 685 ,
1404 651 1480 681 iocus
1489 651 1533 681 ubi
1556 653 1668 682 aluntur
1675 649 1763 689 spurii

960 701 1067 720 tantum
1078 711 1086 719 ι

921 733 1047 762 Nonius
1061 752 1069 759 .
1090 732 1162 761 Vide
1171 737 1294 762 Manzer
1303 753 1309 760 .
1320 737 1450 762 Tremuis
1461 753 1468 761 .

108 776 242 815 Conseffor
253 797 260 804 .
272 777 297 807 §.
307 776 430 805 Tandem
440 771 588 804 confessor
597 795 604 806 ‚
615 772 743 801 diximus.
755 774 850 811 Itaque
859 755 1010 803 Lc-lNoiro
1020 794 1027 800 .
1052 774 1109 802 FR.
1122 773 1332 802 excommunico
1345 794 1352 801 .
1376 773 1502 809 [Illicita
1513 784 1580 814 ergo
1603 783 1761 803 excommu—

106 819 162 846 aar
172 839 180 849 ,
200 820 226 845 ὅ(
238 819 370 846 Notarius
380 825 457 844 erant
467 814 616 851 synonima
635 814 666 842 in
677 817 708 842 Ee
717 813 795 842 clesia
806 816 906 841 Roma-

107 868 142 886 na
155 879 162 890 ,
185 867 215 885 ut
225 857 368 896 colligitur
379 867 411 885 ex
421 868 480 885 can.
494 868 522 892 9.
541 855 603 883 dist.
614 865 660 887 77·
673 854 718 883 ubi
730 855 763 883 fic
773 853 887 882 habetur
899 876 905 884 ‚

107 896 276 934 [Monachus
287 908 354 927 vero
364 898 499 927 Novitius
511 905 620 924 morum
630 894 773 924 honestate
787 894 904 926 fulcitus,

105 939 240 967 continuo
252 940 359 970 [θείοις
372 940 415 966 vel
427 938 559 967 Notarius
575 945 635 969 ,aut
646 946 720 964 certe
730 934 857 964 defensor
867 933 905 962 es-

108 980 192 1007 feetus
202 1002 209 1013 ,
219 979 279 1018 post
293 989 346 1007 tres
359 978 465 1007 menses
477 978 575 1006 existat
587 977 723 1012 Acoiytus
733 978 810 1007 &c.]
833 975 905 1004 &ibi

962 813 1066 842 nicatio
1078 835 1085 846 ‚
1105 818 1157 847 (ut
1168 825 1200 842 ex
1219 813 1359 852 praemissis
1368 824 1476 853 apparet
1488 819 1500 847 *1
1525 826 1582 844 non
1592 815 1667 843 laedit
1679 824 1740 843 euin
1751 835 1762 848 ,

961 854 1009 892 qui
1023 863 1150 883 notatur:
1173 853 1310 883 sedilium
1327 865 1404 893 aquo
1415 865 1528 885 notatur
1539 858 1569 887 .]
1591 859 1626 884 Et
1647 854 1764 884 inseritis

964 895 1060 930 [Sicut
1078 896 1109 924 ab
1120 895 1338 934 imprudeniibus
1351 896 1460 924 familiae
1483 906 1629 935 potentum
1640 906 1690 934 pro
1700 905 1763 933 pec-

963 935 1028 964 catis
1045 935 1224 965 dominorum
1240 935 1441 967 consueverunt
1452 938 1560 971 notari,
1583 947 1643 967 can.
1655 943 1763 966 certum

962 976 1000 1005 est
1010 999 1017 1009 ,
1031 987 1078 1012 24.
1088 987 1133 1016 qu.
1148 987 1176 1015 3.

106 1018 200 1048 (Jiosi'i
219 1030 269 1057 pro
291 1018 440 1056 Defensori*
457 1019 621 1047 exorcistam
639 1018 793 1056 intelligit.
813 1018 905 1054 Igitui¹
921 1018 1086 1050 Nominat,
1106 1027 1144 1046 ita
1164 1018 1311 1047 vocabatur
1327 1018 1459 1056 epistola,
1484 1019 1529 1048 vel
1539 1017 1691 1052 accusatio,
1711 1027 1764 1056 qua

107 1060 172 1089 diim
188 1063 304 1089 Menaeus
315 1069 419 1099 graecus
429 1060 538 1088 Sindios
548 1058 718 1087 Marcianum
730 1080 738 1091 ,
757 1062 784 1087 δι
796 1059 905 1092 Marty-

107 1100 179 1129 rium
191 1103 326 1130 Notai·.os
337 1101 455 1138 appellat
467 1121 476 1133 ‚
495 1103 520 1128 &-
532 1098 680 1133 Mai-tyrol.
692 1101 775 1128 Rom.
794 1098 903 1127 eosdem

105 1141 307 1170 Subdiaconum
327 1150 411 1169 unum
420 1163 428 1174 ‚
448 1145 476 1169 δι
485 1142 639 1169 Cantorem
660 1139 745 1168 alium
758 1148 836 1168 vocat
849 1160 857 1172 ,
876 1142 904 1167 ὃ(

106 1183 208 1211 ledor
217 1204 225 1215 ,
239 1182 431 1214 Subdiaconus,
442 1185 469 1209 ὅ(
481 1183 590 1210 Cantor
601 1201 609 1212 ,
619 1184 647 1209 ὅ(
657 1181 789 1210 Notarius
799 1179 903 1219 promi·

106 1221 169 1251 seue
183 1232 390 1261 nonnumquam
401 1222 578 1260 accipiuntun
600 1221 817 1260 intelligendum
838 1231 904 1259 ergo

107 1265 144 1292 est
157 1285 164 1296 ‚
176 1264 225 1292 lios
236 1266 370 1298 Martyres
381 1272 440 1291 non
449 1261 574 1290 officium
585 1261 732 1290 notariatus
745 1283 754 1299 ‚
773 1261 820 1290 scd
829 1262 903 1290 ordi-

107 1315 150 1332 iiis
161 1302 322 1333 exercuisse;
343 1303 521 1331 confirmatur
531 1312 663 1341 praeterea
684 1313 717 1332 ex
728 1302 885 1331 Balsamone
896 1324 902 1334 ,

107 1345 157 1383 qui
171 1346 308 1373 notarium
320 1355 333 1372 a
345 1345 419 1372 notis
431 1343 606 1376 musicalibus,
618 1344 672 1372 (ive
683 1346 808 1372 Lectores
819 1354 832 1372 :z
843 1353 901 1381 per-

960 1058 1090 1086 deiiftum
1099 1058 1231 1095 judicibus
1241 1059 1461 1092 denunciabatur,
1473 1061 1528 1089 live
1539 1060 1636 1088 citatio
1645 1059 1692 1089 sub
1703 1068 1764 1097 poe-

961 1109 1002 1126 nis
1013 1103 1070 1128 ἃς.
1081 1105 1093 1135 [
1105 1099 1355 1128 Circumcelliones
1363 1099 1497 1138 quosdam
1517 1100 1630 1129 clericos
1639 1098 1763 1129 Donati-

962 1140 1010 1167 iias
1020 1150 1080 1168 (ursi
1093 1150 1187 1168 eorum
1197 1162 1205 1173 ‚
1226 1141 1272 1178 qui
1284 1140 1398 1178 publicae
1408 1140 1564 1179 disciplinae
1584 1139 1743 1170 inserviunt
1751 1162 1762 1173 ‚

958 1179 1091 1218 praemiss'a
1101 1181 1211 1209 notoria
1221 1201 1230 1213 ,
1239 1181 1273 1209 ad
1283 1181 1393 1217 judicia,
1406 1181 1532 1221 legesque
1542 1181 1690 1221 perduxit.
1704 1184 1763 1210 Au-

959 1221 1028 1259 gust.
1040 1221 1118 1259 epist.
1137 1228 1198 1250 160.
1212 1221 1267 1258 Qui
1279 1232 1336 1249 non
1347 1221 1528 1252 accusantibus
1538 1222 1637 1251 nostris
1648 1243 1656 1255 ,
1670 1221 1716 1251 sed
1729 1222 1764 1250 il-

960 1262 1050 1289 lorum
1063 1261 1172 1291 notoria
1185 1284 1192 1295 ,
1215 1262 1247 1290 ad
1261 1272 1329 1300 quos
1339 1263 1446 1291 tuendae
1459 1264 1530 1301 p‘icis
1541 1263 1688 1302 vigilantia
1700 1273 1764 1301 per-

959 1302 1061 1331 tinebat
1081 1324 1088 1335 ‚
1108 1301 1268 1340 praesentari
1289 1303 1397 1332 videtur
1424 1304 1563 1334 examini.
1587 1304 1667 1332 Idem
1685 1303 1764 1343 epist.

964 1352 1029 1379 159.
1043 1345 1056 1374 ]
1069 1343 1142 1372 Vide
1156 1344 1266 1381 Elogius
1275 1364 1282 1371 .

106 1385 236 1424 legendis
249 1386 322 1414 notis
331 1385 449 1423 appel'at
468 1384 498 1412 in
507 1395 566 1412 can.
579 1391 626 1412 62.
642 1385 729 1412 Trull.
740 1385 774 1412 de
783 1383 825 1412 his
835 1385 903 1413 duo-
918 1384 1087 1413 Noroitiim
1100 1405 1107 1412 .
1128 1386 1185 1413 FR.
1197 1384 1344 1422 dupliciter
1355 1384 1456 1414 dicitur
1467 1407 1475 1419 ‚
1498 1386 1544 1416 vel
1556 1396 1604 1425 pe:
1613 1385 1762 1415 confeffio-

104 1426 151 1454 bus
164 1426 267 1455 Sanftis
280 1426 449 1460 Martyribiis
459 1435 542 1463 agens
562 1423 604 1452 liis
625 1425 712 1453 verbis
725 1437 730 1451 .-
754 1425 845 1461 [Quae
859 1424 904 1453 fie-

105 1467 170 1495 bant
181 1467 210 1495 in
221 1467 378 1495 Sinetorum
390 1467 571 1494 Notariorum
585 1465 650 1492 festo
673 1476 686 1492 a
697 1466 821 1494 Notariis
840 1476 902 1504 pue-

106 1516 150 1534 ros
159 1506 318 1534 docentibus
332 1528 339 1538 ,
350 1516 411 1533 cuin
421 1504 535 1533 scenicis
546 1504 668 1542 persenis
679 1505 767 1534 iorum
777 1506 903 1534 obeunti-

106 1547 154 1574 bus
170 1568 177 1578 ,
190 1556 253 1574 :inte
264 1547 369 1583 aliquot
379 1556 467 1573 annos
478 1546 641 1573 exoluerunt
652 1545 815 1574 Sanfflffimi
830 1547 903 1575 illius

107 1587 227 1615 Domini
237 1587 314 1614 Lucae
326 1584 492 1614 Patriarchae
503 1586 636 1616 decreto]
650 1586 701 1614 Sed
711 1587 842 1615 Notarios
854 1597 903 1625 pro

106 1626 313 1665 ludimagistris
325 1635 471 1664 numquam
484 1626 576 1665 legisse
587 1627 701 1655 memini
715 1648 723 1660 ‚
732 1626 800 1656 hinc
809 1627 903 1656 ass'ere-

109 1678 137 1696 re
150 1667 265 1696 inducor
275 1665 349 1695 suiss'e
360 1666 410 1695 hos
422 1677 546 1695 cantores
558 1689 565 1700 ,
575 1667 631 1695 five
643 1667 755 1696 lectores
767 1689 774 1701 ‚
786 1678 815 1697 ut
826 1668 903 1707 supra

108 1707 197 1736 visum
209 1708 248 1737 est
261 1731 266 1741 2
280 1709 325 1746 qui
339 1717 433 1746 pueros
446 1717 518 1735 notas
529 1708 644 1736 canendi
656 1708 788 1737 docebant
798 1731 805 1742 ‚
817 1713 845 1738 ὃ(
854 1709 904 1738 ali-

958 1434 1022 1453 nem
1031 1425 1220 1463 delinquentis
1231 1447 1238 1458 ‚
1250 1427 1296 1454 vel
1306 1435 1354 1464 pei·
1364 1425 1533 1455 sententiam
1541 1448 1547 1454 .
1558 1426 1651 1455 Gloss'a
1661 1428 1690 1455 in
1702 1437 1762 1466 cap.

961 1477 987 1498 7.
999 1465 1034 1494 de
1043 1464 1162 1494 coliabit.
1173 1467 1200 1495 C
1202 1466 1250 1494 ler.
1263 1470 1290 1495 δι
1299 1467 1410 1495 Mulier.
1422 1467 1495 1496 Vide
1506 1467 1630 1505 Diffiteor
1643 1491 1649 1497 .
1670 1466 1765 1496 Diffe-‘

959 1507 1049 1534 tentia
1060 1517 1151 1535 autem
1161 1506 1199 1535 est
1219 1507 1294 1535 inter
1303 1508 1445 1536 notorium
1455 1530 1462 1541 ‚
1482 1511 1509 1536 δε
1520 1508 1657 1545 publicum
1669 1529 1677 1542 ,
1700 1518 1764 1536 nain

959 1547 1102 1576 notorium
1121 1548 1187 1576 licet
1207 1548 1346 1586 publicum
1366 1549 1471 1576 dicatur
1483 1570 1489 1580 ,
1511 1549 1651 1586 publicum
1671 1559 1764 1577 tamen

959 1598 1018 1616 non
1029 1587 1135 1626 semper
1146 1588 1247 1616 dicitur
1258 1600 1263 1619 ς
1274 1588 1346 1616 ratio
1356 1589 1431 1618 enim
1441 1588 1604 1617 differentiae
1618 1589 1656 1617 est
1669 1611 1677 1623 ‚
1699 1589 1763 1627 quia

959 1629 1101 1657 notorium
1111 1639 1176 1657 tunc
1186 1629 1306 1662 dicitur,
1329 1631 1439 1667 quando
1451 1639 1552 1668 nempe
1564 1629 1635 1658 :idest
1648 1630 1764 1659 eviden-

958 1669 996 1698 tia
1008 1669 1069 1697 facti
1081 1681 1088 1699 ς
1110 1670 1248 1707 publicum
1260 1679 1327 1697 vero
1345 1680 1379 1698 ex
1389 1669 1446 1699 sola
1466 1670 1534 1699 sama
1546 1681 1603 1699 non
1620 1679 1682 1699 raro
1693 1670 1766 1705 diciff

960 1719 1004 1738 tur
1013 1731 1021 1742 ,
1034 1720 1137 1748 :trgum-
1149 1720 1182 1738 ex
1195 1720 1251 1749 cap.
1265 1714 1289 1738 8.
1301 1709 1424 1746 ejusdem
1437 1711 1529 1739 tituli.

106 1758 171 1785 quas
182 1749 329 1777 cantilenas
340 1759 401 1776 tum
411 1747 522 1777 scenicis
533 1747 653 1786 personis
672 1748 759 1777 foi-um
778 1750 903 1778 obeunti·
917 1751 1045 1780 Novia
1058 1771 1064 1778 .
1079 1752 1135 1780 PR.
1148 1750 1252 1779 dicitur
1263 1761 1333 1779 terra
1344 1752 1378 1779 de
1390 1762 1465 1780 novo
1475 1753 1545 1781 culta
1556 1774 1564 1785 ,
1577 1756 1605 1781 δ(
1615 1752 1722 1781 redasta
1730 1751 1764 1781 :id

109 1788 156 1816 bus
167 1790 297 1817 canebant
308 1809 315 1816 .
331 1789 406 1817 Hinc
418 1788 522 1817 sortisse
533 1789 625 1817 eadem
636 1798 692 1817 erat
703 1792 799 1818 Roinae
809 1791 905 1819 Schola

108 1832 132 1856 C
135 1838 264 1857 antarum
275 1851 283 1862 ,
295 1839 324 1858 ac
336 1831 429 1858 Schola
440 1833 613 1859 &Mariorum
626 1850 632 1856 .
644 1831 715 1858 Nam
726 1832 836 1860 Notarii
849 1834 903 1861 Re-

107 1869 229 1907 gionarii
241 1891 248 1902 ,
259 1870 305 1908 qui
320 1870 387 1898 Ac‘ta
399 1872 555 1905 :Martyrum
566 1869 717 1899 scribebant
729 1891 740 1906 ‚
760 1882 817 1901 non
827 1882 903 1900 erant

107 1910 246 1948 plusquam
257 1909 358 1948 septem
370 1932 378 1943 ‚
399 1911 570 1949 totidemque
581 1911 702 1939 Diaconi
716 1913 881 1951 Regionarii
896 1934 902 1944 ,

107 1961 136 1978 :ic
149 1949 305 1978 defensores
317 1951 429 1989 Region
439 1952 479 1979 ‚rii
490 1974 497 1984 ,
521 1953 539 1980 ii
549 1962 615 1991 ergo
627 1952 668 1979 isti
680 1951 785 1990 septem
795 1953 904 1992 Regio-

108 1992 178 2020 narii
190 1991 302 2019 Notat-ii
312 1989 432 2019 scholam
443 1991 586 2026 habebant,
596 2003 678 2031 quate
692 2004 747 2021 iion
759 1993 792 2022 dc
802 1993 905 2032 septem

107 2031 271 2060 Diaconibus
284 2053 291 2064 ,
301 2031 540 2071 defensoribusque
549 2032 653 2062 scholas
664 2033 780 2063 habuisti:
790 2035 904 2063 dicatur?

107 2072 184 2108 Quid
193 2081 283 2101 autem
292 2073 328 2101 D.
340 2075 458 2112 Gregor.
471 2074 500 2101 in
511 2073 559 2101 suo
569 2072 661 2112 regist.
674 2074 719 2102 lib.
731 2086 757 2109 4.
768 2075 845 2112 epist.
862 2085 904 2109 ¹4·

106 2114 139 2141 ad
156 2114 201 2150 J0.
214 2112 383 2151 Archiepzsc.
404 2116 510 2143 Raven.
532 2115 671 2153 intcfssigit
693 2125 741 2152 per
762 2115 832 2143 illud
843 2115 904 2144 ada-

105 2154 183 2192 gium
196 2175 204 2186 ,
216 2164 273 2181 non
285 2154 362 2182 facile
375 2156 525 2192 percipitur
535 2176 543 2187 ‚
562 2156 627 2183 dum
639 2155 746 2192 inquit:
769 2155 904 2190 [Deinde

106 2204 191 2232 grave
202 2194 272 2222 milii
281 2197 318 2223 eit
332 2216 339 2227 ‚
351 2205 412 2233 quia
424 2195 561 2223 irrisiones
573 2197 632 2224 ilias
643 2217 651 2228 ,
663 2205 726 2234 quas
739 2195 834 2224 habere
844 2198 906 2226 No-

108 2235 171 2262 tarii
181 2234 267 2263 adhuc
277 2236 353 2273 pueri
365 2234 455 2263 solent
466 2257 472 2267 ,
492 2234 576 2274 usque
586 2235 672 2264 hodie
683 2235 764 2264 stater
774 2247 848 2265 meus
858 2239 907 2275 Jo-

107 2285 190 2303 aiines
201 2275 231 2303 in
251 2275 346 2314 lingua
356 2275 401 2304 sua
413 2279 555 2307 retinet.]
579 2280 612 2305 Et
635 2276 747 2304 inferius
761 2283 772 2312 [
787 2278 907 2306 Emenda

104 2315 168 2344 illos
180 2325 268 2344 mores
278 2318 391 2346 Notarii
403 2338 410 2345 .
423 2319 434 2348 ]
450 2318 524 2352 Quos
537 2327 648 2356 inquam
659 2328 746 2346 mores
757 2328 853 2356 privos
863 2317 907 2346 so-

109 2358 168 2388 lent
186 2356 272 2387 adhuc
281 2358 359 2397 pueri
372 2358 486 2388 Notarii
497 2357 612 2392 haberee
635 2359 725 2396 Quare
735 2368 803 2398 puto
815 2359 849 2388 de
859 2340 915 2411 BQ}

959 1791 1152 1829 agriculturam
1163 1813 1171 1824 ,
1192 1802 1251 1830 quae
1264 1802 1402 1830 nunquam
1416 1792 1501 1820 fuerat
1511 1794 1581 1821 culm
1592 1793 1620 1821 iii
1631 1793 1764 1822 memoria

959 1830 1104 1860 hominum
1113 1852 1120 1859 .
1140 1831 1233 1861 Gloss'a
1245 1843 1274 1860 in
1287 1843 1345 1870 cap.
1365 1844 1385 1860 i.
1397 1833 1431 1861 de
1444 1834 1549 1861 verbor.
1569 1833 1661 1872 signif.
1676 1838 1703 1863 ὃς
1715 1835 1764 1863 In-

957 1882 1067 1901 nocent.
1079 1873 1178 1901 111.in
1190 1882 1214 1907 ς.
1227 1873 1354 1901 decretal.
1367 1884 1389 1901 c.
1405 1886 1417 1902 ,ι
1428 1885 1448 1902 ι.
1461 1875 1493 1902 de
1504 1874 1764 1911 verbor-fign{fcat.

958 1913 1050 1951 inquit
1064 1913 1163 1949 [Quid
1175 1924 1224 1951 per
1234 1915 1336 1942 novale
1347 1915 1507 1942 vocibuium
1518 1915 1643 1953 intelligi
1655 1915 1763 1949 debeat,

958 1963 1003 1982 tua
1014 1953 1168 1982 fraternitas
1181 1954 1324 1992 requisivit
1335 1974 1342 1981 .
1364 1956 1440 1983 Licet
1453 1965 1541 1983 autem
1553 1956 1664 1994 quidam
1684 1956 1765 1984 dixe-

957 2004 1016 2022 rint
1026 2015 1034 2026 ,
1046 1994 1121 2032 quod
1132 1995 1228 2022 novale
1240 1995 1271 2022 sit
1284 2004 1355 2022 terra
1365 1994 1484 2032 praecisa,
1496 2006 1555 2034 qur:
1568 2007 1641 2024 anno
1649 1996 1736 2025 cefl‘nr:
1750 1999 1764 2028 ]

961 2037 1028 2063 Haec
1040 2033 1148 2063 ass'ertio
1167 2034 1281 2062 habetur
1291 2046 1320 2063 in
1335 2034 1360 2063 ‘il-
1371 2036 1405 2063 de
1427 2036 1533 2064 verbor.
1553 2036 1643 2075 signif.
1656 2036 1762 2072 l.sylva

961 2076 1043 2104 ccdua
1054 2098 1060 2108 ,
1079 2076 1105 2106 ξ.
1117 2076 1209 2113 penul.
1223 2076 1350 2113 Sequitur
1362 2076 1428 2104 ibid.
1449 2079 1645 2106 Innocentius.
1667 2084 1679 2113 [
1693 2078 1763 2106 Aliis

961 2115 1134 2144 afferentibus
1144 2137 1151 2148 ‚
1162 2116 1236 2154 quod
1248 2126 1280 2144 ex
1292 2115 1372 2151 sylva
1383 2139 1390 2150 ,
1401 2128 1461 2155 quae
1472 2118 1608 2146 arboribus
1618 2119 1764 2156 extirpatis

961 2157 994 2185 ad
1004 2158 1108 2185 cultum
1122 2157 1276 2194 redigitur,
1289 2157 1348 2185 ficri
1360 2158 1460 2187 novale
1471 2159 1592 2187 dicatur:
1612 2169 1722 2197 quarum
1733 2169 1762 2187 u<

962 2207 1056 2235 traque
1068 2198 1262 2234 interpretatio
1271 2207 1304 2225 ex
1317 2198 1443 2227 civilibus
1453 2199 1554 2238 legibus
1576 2200 1734 2237 colligitur.
1749 2202 1762 2230 ]

962 2239 1030 2266 Haec
1043 2237 1159 2266 secunda
1170 2236 1275 2266 afl‘ei‘tio
1285 2238 1430 2268 invenitur
1439 2240 1468 2268 in
1480 2241 1498 2267 l.
1511 2241 1586 2268 iiiam
1600 2262 1605 2271 .
1626 2239 1651 2268 ff.
1664 2241 1697 2267 de
1709 2250 1763 2267 ter-

962 2280 1058 2311 mino,
1079 2289 1134 2306 mo.
1147 2280 1163 2306 i.
1174 2278 1224 2306 ult.
1246 2279 1271 2309 §-
1283 2289 1414 2317 antepen.
1433 2281 1560 2319 Sequitur
1579 2281 1650 2308 idem
1663 2282 1763 2309 Innoc.

963 2321 1046 2354 [Nos
1057 2319 1141 2358 igitur
1153 2319 1327 2357 inquisitioni
1337 2331 1388 2349 ωε
1402 2323 1580 2350 Reverentia:
1589 2342 1599 2353 ,
1610 2331 1692 2359 quum
1703 2331 1763 2349 eam

960 2358 1326 2399 credimus,ptaedecessbrum
1332 2361 1491 2391 nostrorum
1501 2371 1691 2392 intentionem
1702 2360 1767 2389 fuis-

1677 2401 1725 2437 sc,
