1866 2526
118 66 182 139 PR}
194 108 300 138 Plinius
308 129 317 142 ,
339 112 366 139 ὃ(
387 107 523 139 AElianus
540 110 680 149 Porphyrii)
689 108 807 139 habent3
825 103 910 134 sedin

118 152 275 179 Deutoron.
287 159 344 188 cap.
360 161 402 185 14.
413 152 574 188 Porphyrion
584 151 685 189 legitur
694 170 701 177 .

77 193 172 222 Potum
178 200 362 220 rnooemrus
373 212 381 224 ‚
392 188 623 229 πορφυρογέννηγος
632 213 640 224 ,
655 191 688 219 fic
697 189 749 218 filii
758 190 913 230 Imperato-

117 232 154 260 ris
165 230 473 269 Constantinopolitani
483 232 756 270 cognominabantur,
766 240 799 258 ex
809 239 842 257 eo
853 237 914 266 qum

119 283 147 300 in
160 271 262 309 palatio
271 281 415 309 purpureo,
430 283 444 299 a
454 272 643 300 Constantino
654 273 758 309 Magno
767 269 912 299 aedificato,

116 312 377 349 nascebantur‚qu0d
388 321 438 350 pro
448 312 666 350 Imperatricibus
676 321 731 339 erat
741 310 913 339 destinatum.

118 353 277 390 luitprand.
286 352 334 381 hb.
350 363 372 380 1.
384 363 441 391 cap.
455 365 481 381 ι.
494 350 614 391 πορφύρα
632 352 706 380 enirn
716 362 805 390 graece
815 359 913 388 purpu-

121 403 177 421 ram
188 393 322 431 significat
334 413 341 420 .
351 394 412 422 Alii
423 403 514 422 tamen
525 393 683 420 existimant
694 392 731 420 ita
741 391 813 419 filios
823 393 914 427 Impe-

121 434 219 463 ratoris
228 434 422 462 denominatos
433 432 507 461 fuiss‘e
519 454 526 465 ‚
537 433 599 470 quia
611 433 701 461 statim
711 431 802 471 geniti
812 431 841 459 in
853 440 916 468 pur-

118 484 186 512 pura
195 473 393 513 colligebantur
404 485 410 501 .-
435 473 529 512 quibus
541 473 631 502 favere
642 473 753 502 videtur
766 473 872 502 Zonara
882 470 915 498 de

120 514 312 543 Constantino
333 515 405 551 Imp.
415 523 603 552 cognomento
623 515 699 542 Duca
711 523 793 551 agens
805 523 813 544 ς
832 511 878 540 sed
888 521 915 539 re

122 565 185 584 vera
194 565 207 583 a
218 554 351 593 praedieto
363 554 470 583 Palatio
482 565 584 582 nomen
595 554 704 583 hocilli
715 552 853 582 sumebant
863 572 869 579 .
881 555 913 580 E-

120 596 246 634 leganter
256 604 343 622 autem
354 605 366 622 a
381 595 504 623 Nicaeno
516 595 544 623 in
555 595 624 624 libro
635 604 730 623 contra
749 594 858 631 Judscos
868 596 915 620 Ec-

118 635 197 664 clesia
209 634 354 664 catholica
374 637 510 673 Porphyra
520 636 654 674 appellata
664 635 731 667 fuit,
752 638 779 663 δ(
789 632 916 671 Porphy-

119 676 243 714 rogeniti
263 674 418 704 Christiani
428 697 436 709 ‚
455 672 517 713 {luia
526 686 663 714 purpureo
683 675 819 713 sanguine
842 674 916 712 Agni

120 716 288 745 immaculati
299 715 435 753 redempti
446 715 523 744 sunt.
547 719 604 746 PR.
615 716 793 754 Imperatoris
813 714 864 742 filii
877 724 917 741 et-

119 757 174 785 iam
183 758 302 794 Augusti
313 755 486 786 dicebantur:
513 762 525 791 [
537 758 663 785 Bafilium
676 759 875 794 Imperatorem
885 755 917 782 ad

120 797 192 826 filios
204 801 258 832 ejus
270 797 488 826 Constantinum
500 819 508 830 ‚
519 802 546 826 ὅ(
557 800 678 827 Leonem
693 796 836 834 Augustos.
847 796 918 823 Can.

120 838 259 866 Adrianus
270 839 340 875 Papa
351 861 358 871 ,
378 839 440 866 dist.
453 841 524 875 63.]
546 839 606 867 Ubi
619 839 653 867 fic
664 837 773 867 Glofl‘a:
798 837 896 870 [Nota
910 857 916 867 ,

121 879 197 916 quod
206 879 258 907 filii
269 880 471 917 Imperatorum
482 879 611 907 dicuntur
623 880 707 907 etiam
719 876 845 916 Augusti,
858 876 920 915 quia

119 918 307 957 separabatur,
320 920 395 957 quod
405 919 488 947 futuri
499 918 583 948 efflent
596 921 777 957 Imperatores
790 939 797 950 ,
808 920 835 944 ἃ
847 916 920 954 quali

122 969 171 998 per
180 960 322 998 augurium
336 960 388 988 hoc
399 958 570 997 sperabant-5
583 961 626 988 vel
638 960 702 988 licut
715 961 870 997 Imperator
881 957 922 984 di*

120 1000 190 1028 citur
201 1000 346 1039 Augustus,
356 1001 418 1039 quia
429 1001 503 1028 illius
514 1001 684 1038 propositum
694 1000 772 1028 debet
783 997 921 1036 esse,quod

121 1051 217 1080 augeat
228 1053 237 1072 5
250 1043 286 1070 ita
298 1044 325 1069 <St
337 1041 409 1070 filius
417 1040 471 1069 dici
484 1040 572 1078 potest
583 1041 720 1079 Augustus
730 1061 737 1072 ,
758 1039 821 1078 quia
831 1043 859 1067 ὃς
870 1038 922 1067 hoc

120 1082 291 1119 propositum
313 1082 390 1110 debet
411 1080 507 1109 habere
518 1094 528 1114 ς
548 1092 609 1109 cum
628 1081 737 1110 habebit
748 1080 920 1118 Imperium]

124 1122 196 1151 Vide
206 1118 387 1159 Nabal-{fimus
402 1145 408 1155 ,
421 1122 465 1150 ubi
476 1121 533 1150 haec
543 1121 634 1151 Glossh
646 1122 824 1160 impugnatur
834 1142 840 1148 .

82 1164 185 1192 Pom
198 1184 205 1191 .
226 1164 297 1192 Vide
311 1168 395 1200 Regia
405 1183 411 1189 .
431 1165 522 1192 Portae
534 1163 654 1192 Bastlicae
667 1164 807 1192 Vaticanae
819 1182 825 1189 .
850 1160 923 1190 Vide

121 1205 265 1233 Gusdonea
275 1226 282 1233 .

82 1245 255 1274 Portavimus
267 1267 273 1272 .
296 1247 351 1275 FR.
364 1244 488 1281 Ianitor.
505 1246 607 1280 [Itaut
620 1244 741 1272 soeminis
753 1244 785 1272 ad
796 1241 925 1271 haurien-

79 1300 90 1311 ,ν
110 1285 184 1329 *dam
196 1295 289 1323 aquam
303 1308 309 1317 ,
320 1290 347 1314 ὃ(
360 1280 390 1313 :id
401 1285 610 1313 disum-endum
622 1296 676 1323 quo
689 1285 829 1313 voluerint
840 1305 847 1315 ,
861 1293 924 1320 por-

97 1317 176 1356 {rari
188 1336 245 1354 non
263 1326 383 1354 relistant
396 1347 402 1353 .
427 1325 515 1354 Oddo
526 1326 559 1353 de
579 1326 706 1354 combust.
727 1326 752 1353 S.
765 1323 882 1352 Martini
895 1342 900 1347 .
913 1325 924 1354 ]

112 1368 196 1401 ,Item
206 1366 341 1405 fignificat
354 1366 561 1395 Cubicularium
572 1367 627 1394 live
640 1367 731 1404 potius
742 1365 902 1392 Delatorem
918 1384 924 1390 .

126 1407 355 1446 [Canonicorum
364 1405 464 1434 ass'ensu
477 1416 524 1443 per
534 1417 683 1445 portarium
695 1405 782 1444 Regis
794 1414 904 1432 extorto
918 1425 925 1436 ‚

112 1447 170 1483 phi).
186 1457 210 1482 ς.
220 1448 358 1476 Decretvl.
372 1447 414 1475 tit.
426 1458 439 1483 3
449 1457 472 1481 ς.
484 1457 540 1484 cap.
558 1458 600 1480 14.

84 1490 281 1526 PcfitTAricuM
294 1508 300 1515 .
322 1490 379 1517 PR.
391 1487 497 1516 Solutio
517 1486 714 1515 transvehendi
728 1508 735 1518 ‚
758 1490 785 1514 δ(
795 1496 828 1514 ex
841 1496 869 1513 ea
879 1495 920 1523 ga·

84 1520 222 1565 :alsenam
231 1528 362 1566 exigendi
385 1527 527 1566 significat.
549 1528 568 1555 l.
579 1528 597 1556 si
607 1527 782 1556 Fortunat-ius
795 1548 803 1558 ,
826 1527 859 1554 de
872 1525 926 1553 fur-

125 1570 161 1596 tis
171 1592 179 1601 ‚
189 1573 217 1597 Se
229 1569 300 1598 Bull.
311 1568 439 1597 Calinen.
453 1578 520 1596 tom.
535 1580 560 1597 2.
572 1569 656 1596 const.
669 1575 716 1606 36.
727 1569 802 1596 Item
812 1566 923 1596 Chron.

74 1609 255 1646 ffffCafinen.
266 1610 313 1637 lib.
331 1621 353 1637 ι.
365 1619 421 1646 cap.
434 1616 478 1643 56.
493 1609 566 1637 Vide
577 1614 690 1638 Portam
702 1629 709 1636 .

62 1651 65 1653 ’
83 1647 306 1680 PORTA-sontum
318 1671 325 1683 ,
336 1649 414 1682 idest,
427 1649 552 1678 machina
561 1649 699 1688 portatilis
712 1669 718 1676 .
729 1647 802 1677 Vide
813 1648 926 1677 Palma—

82 1717 87 1721 .
114 1702 187 1719 vum
196 1690 299 1729 festum
312 1711 319 1718 .

83 1733 143 1760 Pon
153 1742 257 1760 sunus
271 1753 279 1764 ,
297 1740 373 1759 extra
385 1740 493 1769 portam
505 1730 613 1759 fituattts
625 1752 633 1764 ,
656 1730 690 1759 fic
703 1741 716 1758 a
730 1731 766 1758 D.
781 1728 926 1757 Ambrosio

85 1800 89 1802 .
122 1773 170 1800 lib.
184 1781 208 1806 ς.
220 1772 297 1810 epist.
309 1783 354 1809 32.
367 1772 500 1810 appellata
511 1771 559 1799 fuit
573 1772 687 1799 Ecclelia
699 1780 776 1799 extra
794 1770 927 1798 Civitatis

128 1822 237 1850 portam
248 1813 352 1850 pofita:
376 1814 456 1848 [Nec
466 1815 517 1847 jun
538 1812 662 1850 portiana
674 1834 681 1845 ,
704 1811 757 1839 hoc
767 1811 826 1842 est,
836 1813 926 1837 extra-

128 1863 255 1882 muranea
265 1853 377 1881 Basilica
388 1853 527 1890 petebatur
537 1873 543 1879 .

85 1894 256 1923 Pourlcant
267 1915 275 1922 .
301 1896 356 1922 FR.
366 1896 420 1922 Pro
433 1893 619 1931 intelligentia
631 1892 709 1927 liujus
727 1890 833 1920 obscuri
848 1901 927 1919 voca-

127 1935 182 1963 buli
194 1935 224 1962 ab
237 1933 428 1963 Erudttiffimo
439 1937 474 1962 R.
486 1936 514 1962 P.
526 1935 562 1962 D.
574 1935 682 1971 Joanne
692 1931 844 1970 Ciampino
854 1932 927 1959 Lite-

127 1986 216 2003 rarum
240 1974 460 2013 Apostolicarum
472 1985 484 2002 a
497 1975 610 2003 Secretis
623 1996 630 2006 ‚
654 1978 681 2002 ὃ(
691 1974 723 2001 de
735 1974 821 2002 Pareo
831 1971 927 2006 majori

128 2016 326 2044 Abbreviatore
349 2015 471 2051 Quaestio
483 2025 557 2043 mota
579 2014 631 2042 suit
643 2037 650 2047 ‚
668 2014 807 2042 occasione
816 2011 928 2041 canonis

130 2057 197 2085 XII.
216 2057 403 2085 Lateranenfis
422 2056 548 2085 Concilii
567 2057 591 2083 Ι.
609 2054 655 2083 sub
677 2055 792 2084 Calixto
804 2055 844 2082 ΙΙ.
855 2063 927 2080 anno

134 2107 145 2123 ι
156 2107 164 2123 ι
173 2108 216 2125 22.
229 2096 366 2126 celebrate
378 2097 420 2125 ubi
434 2097 468 2125 fic
479 2096 608 2124 habetur.
624 2101 635 2130 [
649 2097 730 2123 Illam
743 2104 809 2123 vcro
819 2103 927 2132 pravam

128 2136 320 2165 delunc'torum
332 2138 542 2165 Porticanorum
552 2135 778 2164 consuetudinem
789 2157 795 2167 ,
808 2144 868 2172 quae
881 2133 926 2160 ha-

130 2177 224 2204 &enus
236 2178 271 2205 ibt
286 2178 336 2205 suit
347 2190 356 2208 ς
368 2189 402 2206 ex
414 2180 526 2205 lratrum
537 2177 691 2205 nostrorum
703 2198 711 2209 ,
734 2180 762 2204 ἃ
775 2184 858 2203 totius
869 2175 925 2202 (λι-

126 2218 179 2246 Tin
192 2218 327 2248 censuim
346 2228 456 2246 necnon
471 2222 498 2246 δε
519 2219 663 2246 voluntate
675 2239 683 2250 ‚
700 2225 778 2254 atque
796 2213 927 2243 consensu

131 2260 188 2288 Ρη
195 2258 258 2286 festi
277 2259 474 2286 removendam
495 2257 650 2288 censemus5
672 2266 701 2285 ut
722 2256 927 2285 Porticanorum

130 2299 311 2328 habitatorum
325 2299 381 2327 stne
391 2298 543 2327 heredibus
562 2298 740 2327 morientium
749 2298 818 2325 bona
836 2306 927 2323 contra

131 2340 307 2368 morientium
319 2340 546 2368 deliberationem
558 2339 673 2367 minime
684 2338 875 2376 pervadantur.
886 2338 927 2364 Ita

132 2389 223 2410 tamen
234 2403 242 2417 ,
252 2390 281 2410 ut
292 2381 434 2414 Porticani
442 2380 473 2412 in
482 2382 617 2416 Romanae
630 2379 773 2421 Ecclefiae9
784 2381 811 2409 &z
820 2377 909 2407 nostra
920 2398 928 2409 ‚

1267 50 1371 93 Po

969 103 1177 144 nostrorumque
1197 106 1379 136 Success'orum
1395 105 1550 136 obedientia
1561 128 1569 139 ,
1592 109 1620 136 δε
1631 105 1764 137 fidelitate

971 155 1150 184 permaneant
1159 165 1166 173 .
1181 148 1193 177 ]
1204 148 1326 176 Dubium
1335 148 1421 186 igitur
1432 148 1513 178 variis
1526 147 1650 177 doffilrina
1662 169 1670 180 ,
1680 151 1708 176 &
1718 148 1765 177 di-

971 185 1077 225 gnitate
1087 186 1238 225 insignibus
1249 198 1263 215 a
1282 188 1394 225 praefato
1412 191 1447 218 R.
1459 191 1489 218 P.
1501 190 1539 217 D.
1551 187 1702 227 Ciampino
1712 199 1763 227 pro

971 236 1040 256 voto
1058 236 1174 265 rogante
1185 226 1336 256 exhibitum
1347 239 1354 259 ς
1377 229 1404 257 in
1417 230 1509 268 primis
1521 239 1635 268 purpura
1646 251 1652 261 ,
1675 233 1704 257 δε
1715 230 1765 257 do-

971 267 1058 296 ctrina
1074 267 1310 296 Eminentiffimus
1328 269 1365 298 N.
1378 272 1415 299 N.
1433 269 1475 298 his
1494 270 1581 298 verbis
1603 269 1764 308 respondit:

973 314 986 343 [
998 309 1090 336 Strabo
1102 308 1148 336 lib.
1164 318 1206 343 15.
1219 307 1404 347 Geographiae
1416 311 1575 338 Porticanus
1585 309 1707 339 recenset
1718 312 1763 339 in-

970 358 1012 376 ter
1023 349 1135 387 populos
1155 349 1244 377 Indiae
1264 350 1335 378 circa
1346 350 1446 378 Indum
1467 351 1581 378 fluvium
1593 350 1745 380 habitantes
1757 372 1764 380 .

971 389 1024 418 Sed
1034 388 1064 417 hi
1083 387 1156 417 nihil
1166 389 1199 417 ad
1209 400 1341 418 canonem
1362 392 1522 419 Lateraneu.
1533 392 1681 420 Crederem
1692 391 1766 421 suissi:

971 429 1151 460 portuenses,-
1175 440 1237 458 nam
1257 431 1385 459 Calixtus
1404 431 1527 460 decernit
1544 432 1576 460 de
1595 434 1765 465 PorticaniS,

968 480 1098 508 tanquam
1115 470 1149 497 de
1173 469 1297 505 subjeffis
1316 471 1444 499 dominio
1475 473 1619 509 temporali
1641 474 1766 503 Ecclefie

970 514 1053 539 Rom.
1067 513 1078 541 ]
1092 510 1179 539 Aliud
1191 520 1285 539 votum
1296 512 1490 542 Eruditionum
1498 512 1764 543 Consummatiffinti

969 553 1005 580 R.
1016 553 1045 579 P.
1059 552 1095 579 D.
1107 549 1219 589 Josephi
1233 552 1330 580 Suarez
1343 553 1513 581 Vafionenfis
1524 552 1661 591 Episcopi,
1673 559 1701 584 δε
1712 557 1768 583 Va-

971 591 1065 620 ticanse
1086 591 1204 619 Bffilicae
1223 592 1329 620 Vicarii
1349 593 1400 621 tale
1421 592 1490 622 fuit:
1515 593 1720 628 [Iuttstriffime
1729 595 1767 623 D·

972 633 1122 670 Ciampine
1134 635 1185 660 ἃς.
1205 633 1296 661 Prima
1306 632 1397 661 fronte
1411 635 1533 672 putabam
1551 636 1711 663 Porticanos
1723 644 1768 663 cos

971 673 1057 701 dte‘tos
1070 693 1080 709 ,
1097 672 1142 709 qui
1155 674 1328 701 morabantur
1338 675 1367 701 in
1378 674 1528 711 porticibus
1538 695 1546 707 ,
1570 675 1610 703 uti
1622 675 1771 703 sttbbafilia-

972 724 1020 741 nos
1036 738 1037 742 ,
1058 717 1085 741 ὃ(
1097 712 1281 742 subrostranos
1293 736 1299 745 ,
1321 715 1367 751 qui
1378 714 1535 743 habitabant
1545 737 1554 748 ‚
1576 719 1602 744 δ(
1616 716 1773 744 deridebant

975 764 1003 780 in
1014 753 1132 782 Balilicis
1142 775 1150 785 ,
1173 758 1200 782 ὅ(
1210 754 1316 783 Rostris
1328 776 1335 787 ‚
1358 764 1402 783 aut
1413 765 1498 794 prope
1510 777 1518 788 ‚
1534 757 1600 784 ficut
1612 754 1753 785 Atrienses
1763 774 1773 783 .

973 795 1175 822 Porticationes
1196 794 1395 832 comperiebam
1413 796 1496 824 distas
1518 796 1658 824 struffturas
1681 795 1772 835 porti-

973 844 1052 870 cuum
1072 835 1103 862 in
1132 835 1248 862 circuitu
1275 845 1516 864 monumentorum
1535 836 1679 865 aedificatas
1702 834 1774 874 apud

975 876 1096 903 Macrum
1113 875 1131 903 l.
1145 873 1247 902 funeris
1259 896 1266 907 ,
1290 886 1336 912 37.
1347 876 1384 903 D.
1395 877 1428 904 de
1438 877 1532 915 Reliq.
1544 881 1570 905 ὅ(
1584 876 1712 915 sumptib.
1733 876 1774 904 fu*

976 925 1032 942 ner.
1052 914 1165 943 Deinde
1174 914 1316 943 censebam
1328 925 1372 944 eos
1385 937 1392 948 ,
1414 918 1461 955 qui
1473 918 1588 955 porticis
1598 917 1752 946 adlidebant
1765 937 1774 948 ‚

974 956 1075 993 quique
1087 955 1204 984 Portarii
1217 965 1349 983 vocantur
1361 956 1405 984 lib.
1417 968 1443 992 4.
1454 960 1526 996 Reg.
1536 967 1591 995 cap.
1608 969 1634 990 7.
1649 956 1718 985 vers.
1727 968 1735 984 1
1748 968 1771 984 t.

975 999 1002 1024 ὅ(
1019 1007 1041 1024 1.
1061 996 1293 1034 Paralipom.cap.
1309 1004 1351 1024 ιο.
1378 996 1447 1025 vers.
1458 1009 1504 1032 42.
1528 997 1663 1026 Custodes
1682 1007 1774 1034 porta-

976 1047 1034 1064 rum
1047 1058 1054 1069 ,
1075 1041 1102 1065 ὅ(
1113 1036 1269 1065 Por-riciarii
1279 1058 1287 1069 ‚
1310 1036 1355 1065 seu
1368 1037 1503 1074 Janitores
1515 1059 1523 1070 ‚
1543 1042 1569 1066 ὅ(
1579 1037 1696 1066 Ostiarii
1709 1057 1717 1064 .
1740 1038 1776 1065 In

976 1077 1078 1116 Regul.
1089 1078 1113 1106 S.
1125 1076 1252 1106 Cesum:
1265 1078 1346 1116 Virg.
1359 1088 1472 1106 vocatur
1482 1078 1638 1116 porticiaria
1651 1077 1776 1111 janium

976 1117 1013 1145 ita
1024 1118 1131 1146 Balilica
1142 1118 1271 1146 Por-tiana
1284 1127 1396 1147 vocatur
1406 1119 1439 1146 ad
1450 1129 1555 1157 portam
1567 1141 1574 1151 ,
1587 1117 1631 1146 seu
1642 1127 1778 1147 extramu-

977 1168 1056 1186 ranee.
1066 1178 1073 1185 .
1087 1159 1112 1186 S.
1125 1158 1249 1187 Ambros.
1262 1159 1305 1187 lib.
1321 1168 1346 1193 ς.
1369 1159 1446 1196 epist.
1461 1171 1506 1188 22.
1518 1160 1648 1197 Denique
1660 1158 1778 1187 venitin

953 1213 963 1221 ω
978 1208 1099 1236 mentem
1109 1198 1270 1227 Portuenses
1283 1221 1290 1232 ,
1314 1199 1359 1238 qui
1371 1199 1524 1228 habitabant
1535 1200 1564 1227 in
1575 1202 1660 1228 Portu
1670 1201 1776 1228 Roma-

980 1250 1017 1267 no
1027 1261 1035 1272 ,
1049 1239 1136 1267 distos
1147 1250 1208 1268 aevo
1219 1239 1338 1278 sequiori
1349 1241 1508 1268 Porticanos
1518 1263 1524 1273 ,
1536 1241 1601 1268 sicut
1613 1239 1757 1268 Africanos
1769 1260 1778 1272 ‚

981 1280 1147 1313 Illyricanos
1158 1301 1166 1312 ,
1185 1280 1360 1309 Araulicanos
1372 1301 1379 1312 ,
1392 1282 1564 1318 Anglicanos
1576 1301 1583 1312 ,
1603 1280 1759 1308 Gallicanos
1772 1304 1778 1312 ,

981 1320 1144 1348 Marlieanos
1159 1342 1166 1352 ‚
1178 1320 1343 1348 Corsicanos
1353 1330 1463 1358 qnoque
1474 1321 1504 1348 in
1515 1319 1638 1348 Honorii
1649 1321 1689 1348 11.
1701 1320 1780 1347 Bulla

979 1360 1040 1387 data
1060 1361 1187 1388 Laterani
1208 1361 1240 1388 ad
1259 1360 1412 1397 Rogerium
1430 1360 1679 1398 Archiepiscopnm
1707 1358 1781 1388 Pisa.-

980 1410 1045 1428 num
1064 1411 1106 1428 an.
1123 1412 1131 1428 1
1144 1400 1374 1429 126.P0nt1s.11.
1396 1402 1468 1429 Nam
1479 1401 1549 1438 apud
1561 1400 1730 1429 Anastasium
1750 1399 1779 1427 in

982 1450 1038 1469 rita
1060 1441 1161 1468 Leonis
1172 1442 1224 1469 IV.
1235 1451 1295 1478 pag.
1311 1453 1323 1468 2
1332 1446 1376 1477 83.
1399 1450 1523 1469 narratur
1532 1440 1605 1469 hunc
1614 1441 1781 1469 Pontificem

980 1481 1074 1509 Corus
1091 1482 1213 1509 exulibus
1235 1480 1411 1508 incolendam
1429 1480 1607 1509 I-'ortuensem
1624 1481 1782 1509 Civitatem

980 1520 1088 1549 donass'e
1099 1542 1105 1553 ,
1118 1531 1179 1549 cum
1188 1522 1260 1549 circa
1269 1522 1294 1549 S.
1305 1520 1379 1548 Petri
1389 1522 1529 1550 Basilicam
1537 1520 1688 1549 absolvisset
1698 1521 1780 1550 Civi-

981 1572 1065 1590 tatem
1087 1562 1241 1590 Leoninam
1252 1581 1259 1588 .
1277 1565 1311 1589 Et
1333 1571 1399 1589 vero
1409 1583 1417 1594 ‚
1439 1562 1478 1589 uti
1500 1560 1596 1590 Celsus
1619 1561 1782 1590 Cittadinus·

980 1602 1034 1630 suis
1046 1602 1075 1630 in
1083 1601 1188 1630 schedis
1199 1610 1344 1630 notaverat
1357 1623 1364 1634 ‚
1376 1601 1434 1629 hoec
1446 1612 1537 1640 portus
1548 1624 1555 1634 ,
1568 1602 1645 1637 hujus
1658 1601 1729 1640 porti
1742 1600 1781 1630 ef-

985 1643 1130 1676 ferebatur5
1143 1643 1215 1671 unde
1225 1643 1385 1670 Porticanus
1395 1642 1515 1671 derivari
1526 1642 1627 1680 potuit.
1638 1642 1782 1670 Praefeftus

984 1684 1069 1712 Urbis
1079 1686 1213 1712 Romance
1224 1685 1265 1718 jus
1278 1683 1419 1711 exercebat
1430 1683 1460 1710 in
1471 1682 1633 1712 Praefeftum
1643 1692 1759 1710 annonae
1773 1702 1782 1713 ,

982 1729 1009 1753 δ(
1019 1733 1172 1752 curatorem
1183 1733 1284 1762 portus,
1295 1725 1370 1757 cujus
1381 1734 1476 1751 munus
1487 1731 1543 1751 erat
1553 1744 1560 1756 ,
1573 1725 1687 1751 Portum
1698 1723 1783 1751 Clau.-

986 1765 1025 1794 dti
1036 1765 1068 1793 ad
1076 1764 1157 1794 Ostia
1167 1765 1305 1798 Tyberina
1316 1774 1437 1801 reparare
1448 1763 1560 1792 advesta
1569 1773 1583 1791 a
1594 1764 1644 1791 Seu
1651 1762 1783 1791 acincnli-

985 1807 1031 1834 bus
1041 1806 1112 1833 calce
1126 1828 1133 1838 ,
1144 1815 1234 1833 euram
1244 1805 1376 1832 mercium
1385 1826 1393 1837 ,
1404 1814 1463 1842 quae
1476 1803 1544 1832 inibi
1556 1805 1763 1841 exponebantur
1772 1824 1782 1835 ‚

983 1857 1078 1885 gerere
1090 1868 1097 1879 ‚
1117 1855 1196 1884 atque
1208 1856 1302 1873 omnes
1314 1845 1344 1873 ab
1364 1844 1470 1880 injuriis
1484 1844 1624 1874 vindicare
1635 1865 1641 1872 .
1657 1846 1704 1882 Jus
1715 1853 1783 1881 quo-

984 1898 1037 1925 que
1049 1885 1181 1915 Praefecto
1201 1895 1257 1914 erat
1267 1887 1297 1913 in
1316 1885 1522 1914 Centurionem
1531 1894 1626 1923 portus
1637 1906 1644 1917 ,
1663 1885 1711 1922 qui
1722 1893 1786 1912 cum

983 1928 1114 1956 militibus
1124 1937 1235 1965 portum
1245 1927 1368 1955 tuebatur
1380 1948 1386 1959 ,
1400 1935 1428 1954 ut
1439 1925 1561 1954 recenset
1574 1925 1604 1953 in
1615 1925 1695 1954 Praef.
1705 1925 1787 1952 Con-

984 1969 1066 1996 telor.
1079 1978 1104 2005 p.
1121 1973 1163 1996 18.
1174 1971 1202 1996 ὃ(
1213 1968 1243 1995 in
1265 1967 1362 1995 Indice
1372 1966 1487 1996 Codicis
1505 1965 1689 1994 Theodosiani
1700 1964 1785 1993 refer-

985 2018 1029 2037 tur
1040 2010 1070 2036 in
1082 2009 1173 2037 Verbo
1183 2029 1191 2040 ‚
1203 2010 1302 2036 Portus
1313 2027 1320 2034 .
1339 2007 1427 2036 Urbis
1439 2010 1536 2035 Romae
1548 2008 1692 2035 Praefectus
1702 2005 1785 2033 facul-

985 2060 1051 2078 tates
1070 2049 1218 2087 publicabat
1238 2059 1333 2076 eorum
1344 2070 1351 2080 ,
1374 2047 1420 2086 qui
1440 2046 1569 2075 offensam
1586 2045 1785 2075 contrahebant

985 2100 1097 2130 propter
1115 2098 1208 2126 operas
1219 2088 1380 2126 portuenses
1392 2110 1399 2121 ‚
1418 2097 1447 2116 ut
1468 2098 1500 2115 ex
1511 2087 1587 2125 epist.
1610 2088 1634 2116 S.
1646 2085 1784 2115 Ambrosii

989 2143 1034 2167 52..
1057 2131 1090 2158 ad
1112 2129 1256 2158 Eusebium
1274 2128 1438 2168 Episcopum
1460 2126 1665 2157 Bononiensem
1677 2127 1763 2165 liquet
1773 2145 1782 2152 .

986 2172 1063 2208 Quin
1082 2171 1237 2199 vindicabat
1249 2170 1398 2199 Praefectus
1407 2171 1476 2197 bona
1489 2178 1584 2197 eorum
1594 2189 1602 2201 ‚
1625 2168 1672 2206 qui
1682 2168 1737 2195 line
1748 2165 1783 2192 Ii-

986 2212 1055 2241 beris
1065 2212 1246 2243 decederent,
1258 2215 1285 2240 6<
1297 2211 1362 2242 illis,
1374 2210 1421 2248 qui
1431 2210 1461 2238 ab
1471 2209 1612 2241 intestato,
1623 2212 1650 2236 ὃ(
1661 2205 1781 2249 ζίηεΙὴῖε-

985 2253 1048 2282 rede
1059 2253 1247 2280 moriebantur
1259 2273 1266 2285 ,
1284 2250 1438 2280 succedebat
1449 2251 1477 2279 in
1500 2249 1625 2279 Civitate
1637 2250 1759 2276 Leonina
1772 2265 1782 2276 ,

985 2294 1061 2332 quod
1069 2297 1110 2329 jus
1119 2293 1241 2322 abolevit
1250 2292 1377 2320 Calixtus
1389 2294 1459 2329 Papa
1469 2292 1514 2319 ΙΙ.Ὶ
1522 2300 1594 2318 anno
1608 2299 1617 2315 1
1629 2296 1691 2329 {²13-
1703 2283 1781 2312 ΒῐῑῙῘίῑ

985 2336 1048 2362 data
1070 2334 1146 2364 Albae
1171 2343 1195 2370 5.
1218 2333 1282 2361 Idus
1305 2333 1375 2370 Julii
1393 2331 1495 2360 IndiCt.
1515 2332 1538 2357 I.
1560 2325 1734 2356 Pontificatus
1746 2326 1784 2352 V.

985 2374 1133 2405 Contelor.
1144 2384 1170 2414 p.
1185 2385 1193 2402 i
1200 2387 1229 2413 9.
1243 2377 1271 2405 ὃ(
1281 2384 1330 2412 79.
1348 2374 1363 2397 11
1367 2373 1381 2402 J
1383 2372 1437 2401 nde
1456 2371 1485 2399 in
1495 2377 1576 2407 portu
1588 2363 1786 2435 quoquebsgpen
