1866 2526
134 111 211 140 mine
222 108 353 141 Cosmih'
363 112 406 142 ‘In
414 110 473 140 vita
495 111 522 139 S.
534 107 671 139 Auxentii
693 105 928 138 Archimandritae

138 162 147 180 t
155 163 182 188 4.
191 151 312 181 Februar.

92 193 228 222 Pmroen
239 212 247 220 .
263 193 320 222 FR.
339 195 438 222 Romae
456 198 482 222 s.
494 194 618 221 Martini
637 192 667 218 in
686 192 802 219 Pentica
813 188 929 218 Ecclesia

134 233 314 271 ituppellata
325 256 332 268 ‚
351 234 416 263 alias
426 235 454 263 in
466 239 577 263 Portu-a
588 252 596 260 .
617 231 762 270 'lorrigius
779 231 814 259 de
824 231 927 268 Crypt.

133 273 337 303 Vatican.ed=t.
351 287 376 304 τ..
389 285 448 314 pag.
462 281 528 309 561.
857 310 862 315 ι

91 314 273 342 Pisanum
287 336 294 346 ‚
314 316 424 344 divisim
444 317 474 344 in
489 313 612 354 quinque
632 321 721 350 partes
731 331 738 339 .
759 312 836 355 [APcr
856 310 927 339 idem

133 363 238 392 tempu·
255 355 386 385 desunc‘to
397 357 472 385 dieto
483 353 616 385 Lothario
628 375 635 385 ,
655 351 802 396 pentifarie
813 361 926 390 regnum

131 395 293 423 Francorum
302 396 423 425 divisum
431 396 470 426 est
480 417 488 424 .
500 394 609 425 Chron.
621 393 713 423 Calin.
722 392 768 420 lib.
785 403 807 420 1.
819 402 876 431 cap.
884 402 927 428 ¹9-

90 433 271 465 penmonis
283 456 290 464 .
314 437 387 466 Vide
398 438 514 466 Triloris
525 455 533 463 .

90 475 171 504 kau
186 496 192 504 .
215 477 288 505 Vide
311 481 541 516 Promptuarium
554 496 561 503 .
671 514 676 519 Π
857 511 862 517 .

91 514 210 545 ΡΕΝυιΑ
226 538 232 549 »
255 518 326 548 iuter
350 519 540 557 Expositores,
560 516 598 544 est
607 524 721 544 maxima
740 522 883 542 contentio
893 512 927 540 de

133 556 212 592 hujus
224 559 346 587 vocabuli
364 558 565 599 significatione
575 577 583 590 ‚
606 567 660 594 quo
669 556 705 583 D.
717 555 811 598 Paulus
820 553 880 582 usus
888 553 926 581 est

131 598 245 635 epistola
254 598 368 628 secunda
379 600 412 628 ad
422 597 601 628 Timotheum
611 618 618 629 ‚
631 607 653 624 e.
665 607 692 631 4.
702 594 820 623 scribens
832 605 839 621 .·
852 596 924 638 [hPe-

130 639 222 666 nulant
236 660 243 671 ,
254 650 332 678 quam
341 640 439 678 reliqui
450 638 557 668 Troade
567 636 637 675 apud
648 637 770 673 Carpum
781 655 791 672 ‚
811 644 926 663 veniens

132 677 195 707 affer
207 689 297 708 tecum
306 702 314 714 ‚
324 681 444 710 &libros
454 701 462 712 ‚
485 688 603 707 maxime
615 686 706 705 autem
717 676 900 705 membranas.
913 676 924 705 ]

130 720 288 748 Ambrosius
300 743 308 753 ,
332 719 496 757 AnselmuS,
520 723 548 748 δι
558 721 692 753 Haymon
700 715 868 746 senatoriam
879 726 926 745 ve—

129 808 170 826 tra
182 800 288 828 Urbem
298 803 399 840 geniti,
409 801 519 841 quando
529 801 565 829 ibi
578 799 812 838 ingrediebantur,
821 802 849 827 ὃ(
860 799 923 827 ideo

127 850 158 867 ea
169 840 310 880 indigebat
320 843 468 881 Apostolus
482 864 489 875 ,
509 851 538 869 ut
550 844 669 870 Romam
679 839 818 869 accederet
829 848 923 884 §.nam

128 889 162 908 ex
172 882 325 920 privilegio
334 883 470 913 Civitatis
479 881 613 911 Tarsensis
623 883 679 918 ejus
692 881 786 918 patriae
797 902 806 913 ‚
829 889 913 908 civna

128 929 156 949 te
166 924 292 951 Romana
301 924 436 953 fruebatur
447 944 454 950 .
475 922 606 952 Batonius
617 931 684 950 vero
693 921 725 949 ad
733 932 776 950 an.
791 932 803 956 5
811 926 835 949 8.
848 921 925 949 volu-

128 971 192 989 men
205 962 273 1002 legis
286 965 315 993 in
324 965 414 1003 aliqua
430 964 551 1001 oblonga
562 963 714 991 membrana
726 961 856 1000 scriptum
865 983 873 994 ,
898 964 926 989 &

128 1011 204 1030 more
215 1003 340 1033 hebraico
350 1005 509 1033 involutum
522 1002 596 1032 fuiss'e
605 1012 726 1031 autumat
736 1023 744 1030 .
757 1003 853 1041 Aliqui
861 1012 924 1030 cen—

125 1041 240 1072 suerunt
251 1047 369 1074 Thecam
380 1046 483 1073 librom
490 1055 514 1072 m
523 1044 574 1073 ess'e
585 1055 592 1075 3
604 1043 638 1072 sic
648 1044 724 1072 enim
734 1053 824 1072 textus
833 1043 924 1079 Syria-

128 1093 174 1111 cus
184 1082 264 1114 habet
275 1108 281 1118 ,
294 1097 321 1113 ac
337 1086 464 1114 Arabicus
474 1090 522 1114 Vas
533 1085 666 1114 librorum
676 1084 745 1123 legit
758 1103 765 1111 .
779 1084 925 1113 Tertullia-

127 1134 178 1152 nus
188 1146 194 1155 ,
218 1126 263 1155 lib.
275 1127 309 1154 de
317 1126 400 1155 Orat.
411 1136 470 1164 cap.
486 1136 529 1155 12.
542 1126 691 1154 Planemm
701 1123 776 1153 fuifl'e
787 1125 924 1154 existima-

128 1165 182 1197 vit,
192 1175 243 1203 qua
255 1166 329 1195 Milli
339 1168 497 1200 celebratur,
509 1177 570 1195 cum
581 1177 637 1205 quo
645 1175 749 1205 graecus
759 1174 851 1195 textus
860 1177 925 1194 con-

125 1206 220 1234 cordat
230 1229 237 1240 ‚
249 1209 295 1246 qui
306 1203 421 1245 φελὸηαν
433 1207 523 1240 habet,
538 1212 566 1236 ὅ(
576 1210 667 1236 Graeci
678 1207 815 1244 planetam
827 1207 926 1245 praedi—

126 1248 195 1280 c'tam
208 1245 403 1277 szcerdotalem
414 1249 446 1277 sic
456 1249 592 1286 appellate
600 1246 690 1276 solent
704 1267 711 1274 .
721 1247 845 1276 Tandem
858 1249 924 1276 Hie-

126 1297 258 1323 ronymus
271 1311 278 1322 ‚
288 1288 515 1324 Chrysostomus,
529 1287 753 1326 Theophylastus
766 1286 813 1320 s&
823 1289 870 1317 alii
880 1300 926 1318 ex-

127 1328 259 1358 teriorem
279 1330 380 1358 vestem
392 1329 570 1365 hybernalem
588 1328 639 1358 esse
651 1329 790 1357 affirmant
801 1350 809 1361 ,
831 1331 927 1368 qulbus

126 1367 220 1399 favent
233 1371 373 1409 juvenalis
385 1372 475 1406 Satyt.
489 1380 513 1406 ς.

246 1427 309 1432 «---
320 1414 354 1439 Et
365 1413 453 1440 multo
464 1411 576 1440 stillaret
587 1411 683 1449 penula
691 1410 804 1440 nimbos

128 1452 155 1477 ὅ(
167 1449 313 1486 Lipridius
324 1452 353 1479 in
364 1453 464 1480 Severo
477 1453 548 1490 Imp.
559 1451 926 1490 ubiinquit:[Penulisintr:1

125 1489 234 1518 Urbem
245 1489 356 1529 frigoris
367 1492 483 1522 causa.ut
493 1492 569 1520 senes
578 1492 925 1530 uterentur‚permisit,cum

128 1529 158 1557 id
171 1529 329 1559 vestimenti
341 1543 426 1569 genus
439 1531 545 1570 semper
555 1533 755 1565 itinerantium,
767 1543 812 1561 aut
822 1534 922 1571 pluvia*

127 1568 217 1598 suisset
228 1573 257 1602 .]
281 1573 338 1601 PR.
347 1573 390 1600 De
405 1573 504 1609 penula
515 1573 591 1601 vatic
601 1574 672 1612 apud
682 1574 833 1612 Scriptores
846 1595 854 1607 ,
877 1575 922 1612 qui

127 1611 265 1639 affirmant
274 1611 348 1640 fixisse
357 1613 505 1641 oratoriam
516 1614 618 1642 vestem
630 1635 635 1646 ‚
647 1615 835 1642 austoritatem
846 1614 924 1642 desu-

126 1661 206 1679 munt
215 1662 248 1679 ex
257 1663 397 1682 oratorum
406 1653 528 1692 dialogo,
540 1655 585 1692 qui
597 1655 693 1684 Tacito
701 1654 867 1687 inscribitur,
880 1657 922 1684 ubi

128 1691 162 1720 sic
172 1691 302 1721 habetur:
325 1695 487 1730 [Quantum
497 1695 661 1723 humilitatis
671 1696 835 1733 eloquenti-2
847 1705 924 1733 puta-

128 1742 186 1761 mus
205 1733 323 1763 attulisse
334 1736 443 1773 penulas
454 1736 516 1764 istas
527 1757 534 1767 ,
554 1736 757 1774 quibtisastric'ti
768 1758 775 1769 ,
796 1740 824 1764 ὃ(
837 1738 920 1765 veluti

127 1772 220 1801 inclusi
240 1785 300 1802 cuni
309 1777 387 1813 Judic
395 1777 448 1804 sous
470 1775 616 1804 fabulamur
628 1780 637 1805 ἓ
649 1779 660 1808 ]
686 1777 741 1813 Qui
752 1787 818 1806 vero
830 1786 924 1815 putant

929 107 939 610 J

130 759 198 788 stem
210 759 283 788 suisli:
293 761 388 790 dicunt
399 783 406 794 ‚
427 771 478 800 qua
487 760 631 788 utebantur
651 758 770 788 Romani
782 757 870 787 Cives
879 768 927 785 ex·
940 771 941 774 ¹

1286 47 1320 91 P
1352 48 1388 91 E
1653 65 1728 105 521

984 114 1075 135 earum
1095 105 1171 136 usum
1179 106 1290 138 arcendi
1301 107 1412 147 frigoris
1429 108 1517 148 gratia
1526 108 1631 139 senibus
1650 108 1788 141 concefl’ess

984 157 1040 176 rat:
1052 151 1080 176 ὅ(
1089 159 1123 178 ex
1135 149 1314 186 Quintiliano
1324 150 1389 181 ‚l1b.
1401 156 1426 178 6.
1438 160 1494 188 cap.
1506 157 1533 179 6.
1545 151 1590 178 ubi
1602 152 1637 179 ait
1648 166 1653 180 ;
1665 151 1783 181 Poscen-

982 188 1006 218 ti
1015 191 1143 228 penulam
1154 191 1360 229 interrogatum
1371 189 1537 229 respondisse
1549 190 1652 220 fertur:
1665 193 1712 226 [Si
1725 203 1783 221 non

982 231 1148 269 pluet,n011
1158 231 1197 260 est
1211 241 1278 269 opus·
1289 231 1357 264 tibi,
1371 232 1389 260 si
1400 232 1483 270 pluet,
1495 230 1552 270 ipse
1562 241 1637 260 utar.
1650 234 1663 263 ]
1675 233 1726 261 Sed
1737 232 1784 261 alii

982 280 1076 300 contra
1087 281 1145 300 tum
1157 282 1207 311 pro
1219 272 1325 304 aestivo,
1337 282 1395 301 tum
1408 282 1458 310 pro
1468 272 1596 308 hyberno
1605 282 1731 312 tempore
1740 282 1785 311 pe-

983 311 1057 340 nulas
1067 312 1252 342 diversimode
1265 311 1405 342 inseruisse
1416 314 1520 342 malunt
1532 335 1538 345 ,
1561 315 1637 352 quod
1647 324 1681 343 ex
1692 315 1786 343 Hora-

981 354 1023 381 tio
1037 353 1082 381 lib.
1102 364 1124 381 ι.
1134 354 1211 393 epist.
1221 353 1256 382 ad
1266 353 1415 384 Bullatium
1426 355 1541 394 probant
1554 355 1583 382 in
1594 354 1691 393 primis
1701 376 1710 389 ,
1733 353 1783 394 qui

981 393 1019 421 ita
1030 394 1148 422 cecinit:

1022 434 1122 463 Penula
1133 434 1253 465 solstitio
1263 459 1270 470 ,
1285 437 1432 475 campestre
1444 436 1580 466 nivalibus
1588 437 1677 471 auris,

1021 476 1073 503 Per
1082 476 1201 505 brumam
1212 477 1326 512 Tyberis
1339 500 1345 511 ,
1356 477 1450 507 sextili
1461 478 1553 508 mense
1562 479 1681 507 caminus
1691 498 1699 506 .

981 515 1106 544 Secundo
1116 527 1148 546 ex
1159 517 1296 546 Svetonio
1306 519 1335 547 in
1344 519 1465 548 Claudio
1477 517 1722 555 Nerone‚c.48.ubi
1733 517 1782 546 ille

980 557 1094 594 loquens
1103 557 1137 586 de
1147 557 1199 586 hoc
1209 559 1378 596 Imperatore
1389 571 1402 589 a
1413 560 1501 589 Galba
1511 561 1648 590 trucidato
1661 583 1668 593 ,
1680 560 1785 597 inquit:

986 603 998 631 [
1010 597 1053 624 Ut
1062 607 1118 625 erat
1128 598 1203 627 nudo
1215 600 1284 637 pede
1295 621 1303 632 ‚
1313 609 1393 639 atque
1403 601 1539 630 tunicatus
1549 623 1556 634 ‚
1568 602 1696 640 penulam
1707 598 1786 629 obso-

984 637 1035 665 leti
1044 638 1145 666 coloris
1154 638 1350 677 superinduit]
1372 646 1398 671 δ(
1409 653 1430 669 c.
1442 641 1576 677 49.'idem
1586 643 1619 671 de
1632 643 1730 671 eodem
1742 650 1785 668 re-

985 677 1037 706 fert
1047 700 1055 710 ,
1079 679 1154 717 quod
1165 679 1217 708 hoc
1226 680 1393 710 indumento
1403 683 1434 711 ab
1444 682 1537 711 ic'iibus
1560 682 1587 711 se
1597 682 1761 712 defendebat
1773 692 1782 708 τ

986 724 998 753 [
1011 720 1114 747 Penula
1123 720 1157 748 ad
1168 720 1257 749 vultus
1268 722 1389 760 apposita
1400 744 1407 756 ,
1419 725 1431 754 ]
1452 723 1509 757 (sic
1520 734 1581 751 cum
1600 722 1784 762 diphthongo

984 759 1013 787 in
1026 760 1158 797 aliquibus
1168 763 1296 791 Svetonii
1305 763 1441 792 codicibus
1454 768 1465 796 )
1487 763 1538 792 Sed
1549 774 1609 792 cum
1622 766 1701 793 Nero
1710 766 1784 801 Imp.

983 809 1012 827 ut
1023 800 1107 829 refert
1116 803 1214 830 Baton.
1225 813 1268 831 an.
1279 814 1325 835 70.
1338 815 1394 833 na..
1405 805 1438 834 ad
1448 803 1523 834 diem
1540 816 1582 834 10.
1592 805 1668 845 Junii
1680 803 1784 833 occisus

984 840 1066 869 fuerit
1077 863 1086 874 ‚
1105 842 1134 870 in
1145 853 1196 881 qua
1207 843 1253 872 die
1263 854 1343 872 etlam
1353 843 1409 884 ipse
1422 845 1495 874 suam
1505 857 1620 874 uxorem
1633 845 1786 875 Oftaviam

981 881 1137 911 occiderat:
1150 894 1216 923 ergo
1226 884 1244 913 si
1255 885 1352 914 ‘estivo
1363 895 1487 925 tempore
1497 888 1594 925 penula
1605 887 1667 916 usus
1676 886 1714 916 est
1725 888 1789 916 Ness

982 931 1014 950 ro
1024 943 1031 955 ‚
1044 924 1151 960 penulae
1163 924 1278 953 diversae
1290 936 1340 963 pro
1349 927 1462 957 diversis
1473 928 1642 966 temporibus
1653 927 1783 956 cons-icie-

981 963 1095 992 bantur:
1117 963 1162 993 sed
1172 975 1287 1004 utraque
1305 967 1375 996 ratio
1394 969 1512 998 minime
1530 969 1695 998 concludere
1705 967 1784 998 vide-

982 1013 1026 1031 tur
1036 1015 1044 1034 5
1056 1004 1118 1042 quia
1130 1007 1242 1034 Horatii
1254 1007 1334 1035 verba
1345 1008 1415 1037 clare
1425 1019 1556 1048 apparent
1566 1010 1674 1040 ironice
1685 1009 1785 1048 figura-

981 1055 1017 1076 ta,
1027 1055 1056 1072 ac
1067 1047 1190 1074 Neronis
1201 1046 1300 1075 saelum
1311 1046 1413 1078 casuale
1423 1049 1518 1084 fuerat,
1531 1049 1659 1089 priusque
1669 1050 1785 1079 ereden—

979 1085 1055 1118 dum,
1068 1087 1142 1124 quod
1153 1089 1308 1126 Imperator
1318 1090 1445 1128 penulam
1457 1102 1508 1130 pro
1518 1091 1659 1121 noc'kurnis
1671 1088 1785 1119 necess—

983 1127 1079 1155 tatibus
1089 1149 1098 1160 ,
1117 1137 1147 1156 ut
1158 1127 1217 1156 sieri
1229 1127 1300 1158 solet
1311 1152 1318 1163 ‚
1338 1131 1371 1159 ad
1380 1132 1467 1160 cubile
1477 1141 1653 1171 praeparatam
1665 1131 1784 1169 reperie-

982 1174 1023 1195 rat
1036 1177 1044 1198 ὶ
1063 1167 1155 1206 itaque
1165 1180 1220 1198 non
1230 1170 1317 1199 obstat
1331 1193 1339 1205 ‚
1356 1173 1430 1210 quod
1445 1173 1505 1201 talis
1515 1173 1613 1211 penula
1624 1171 1785 1208 hybernalis

983 1217 1040 1236 non
1054 1207 1142 1237 fuisset
1152 1229 1159 1236 .
1179 1211 1334 1240 Redeundo
1344 1212 1431 1252 igitur
1440 1214 1474 1242 ad
1484 1216 1612 1252 penulam
1624 1236 1632 1247 ‚
1655 1223 1735 1252 quam
1745 1214 1784 1242 D.

981 1249 1077 1276 Paulus
1089 1248 1212 1287 poscebat
1223 1273 1231 1285 ,
1254 1252 1288 1280 de
1297 1263 1327 1282 ea
1338 1253 1371 1282 sic
1380 1255 1564 1284 Tertullianus
1580 1255 1619 1284 ait
1630 1254 1763 1293 praedifto
1774 1275 1784 1287 ,

982 1289 1028 1317 lib.
1046 1290 1081 1318 de
1099 1291 1182 1320 Orat.
1201 1302 1258 1331 cap.
1275 1304 1316 1331 ¹3·
1330 1300 1342 1329 [
1353 1295 1534 1330 Quorundam
1553 1295 1784 1324 consuetudinem

984 1328 1058 1358 suissi»
1066 1351 1074 1363 ‚
1088 1331 1181 1368 positis
1192 1334 1298 1370 penulis
1307 1336 1464 1364 orationem
1473 1336 1556 1366 facere
1568 1349 1574 1365 ι
1588 1337 1622 1366 sic
1635 1335 1710 1364 enim
1721 1336 1785 1364 ade-

983 1379 1035 1398 unt
1047 1371 1123 1400 Idola
1134 1383 1260 1402 nationes
1271 1397 1277 1407 ,
1289 1376 1363 1413 quod
1372 1378 1466 1416 utique
1478 1377 1496 1406 fi
1507 1377 1567 1407 sie'ri
1579 1387 1729 1416 oporteret,
1746 1379 1784 1405 Λ-

986 1412 1103 1448 postoli,
1117 1413 1162 1451 qui
1174 1414 1208 1442 de
1220 1413 1311 1444 habitu
1321 1418 1417 1446 orandi
1430 1418 1543 1451 docent,
1556 1415 1783 1456 comprehendis-

983 1450 1045 1480 sent
1056 1463 1065 1483 5
1077 1453 1128 1482 nisi
1139 1454 1157 1483 si
1168 1455 1212 1494 qui
1227 1466 1324 1493 putant
1335 1458 1448 1486 Paulum
1460 1459 1587 1496 penulam
1598 1457 1671 1487 suam
1682 1458 1712 1486 in
1721 1468 1781 1487 om—

984 1494 1061 1521 tioue
1072 1504 1156 1532 penes
1164 1497 1288 1534 Carpum
1299 1498 1434 1537 reliquisle
1444 1521 1451 1527 .
1470 1500 1546 1528 Deus
1557 1521 1564 1532 ,
1575 1499 1681 1528 scilicet
1694 1520 1701 1531 ,
1725 1510 1783 1527 non

983 1534 1073 1562 audiat
1082 1537 1224 1573 penulatos
1235 1559 1242 1570 ‚
1263 1538 1309 1576 qui
1321 1548 1374 1567 tres
1385 1540 1496 1568 §anctos
1506 1540 1533 1567 in
1544 1539 1654 1568 fornace
1667 1540 1783 1575 Babylo-

984 1575 1023 1602 nli
1036 1576 1122 1614 Regis
1140 1587 1247 1607 orantes
1257 1589 1317 1607 cum
1330 1578 1450 1608 sarabaris
1461 1601 1468 1612 ‚
1492 1585 1519 1609 ὅ(
1530 1580 1627 1609 thiaris
1638 1580 1690 1609 suis
1700 1591 1782 1610 exau-

983 1614 1074 1643 divit.
1086 1618 1098 1647 ]
1110 1621 1143 1646 Et
1157 1618 1184 1646 in
1199 1619 1244 1647 lib.
1256 1620 1290 1648 de
1302 1621 1409 1649 Coton.
1424 1621 1507 1649 milit.
1521 1632 1577 1660 cap.
1590 1626 1613 1650 8.
1628 1627 1639 1657 [
1652 1622 1715 1650 Plus
1723 1622 1762 1651 est
1773 1644 1782 1656 ‚

980 1656 1054 1694 quod
1075 1660 1101 1685 δε
1114 1657 1241 1688 Christus
1261 1660 1392 1690 vestietur
1402 1683 1409 1694 ‚
1427 1661 1534 1690 habebit
1553 1663 1635 1690 etiam
1657 1663 1784 1701 penulam

982 1697 1079 1725 Paulus
1090 1718 1096 1724 -
1110 1701 1122 1729 ]
1147 1701 1287 1730 Caeterum
1297 1702 1333 1729 D.
1345 1703 1535 1738 Hieronymus
1546 1725 1554 1735 ‚
1578 1704 1624 1731 lib.
1635 1713 1661 1741 3.
1674 1702 1783 1732 advers.

981 1737 1071 1776 Pelag.
1082 1740 1208 1776 penulam
1220 1764 1227 1775 ‚
1237 1740 1283 1770 seu
1294 1743 1429 1772 lacernam
1440 1745 1652 1782 interpretatur.-
1675 1744 1784 1774 lacerna

980 1787 1069 1806 autem
1081 1780 1111 1807 in
1122 1782 1220 1811 cuculli
1232 1783 1343 1812 modum
1353 1794 1431 1823 caput
1439 1785 1583 1823 obtegebat
1594 1805 1600 1812 .

125 1813 252 1852 penulam
265 1815 337 1844 suill‘e
348 1816 513 1846 senatoriam
525 1817 627 1845 vestem
640 1839 646 1850 ,
658 1827 771 1846 utuntur
780 1819 923 1848 austorita-
941 1819 1058 1847 Plautum
1069 1839 1076 1847 .
1101 1821 1174 1850 Vide
1196 1825 1286 1853 Velum
1296 1845 1304 1852 .

127 1863 154 1881 tc
168 1855 318 1893 Lampridu
330 1857 359 1884 in
371 1857 532 1886 Alexandro
542 1858 643 1886 Severo
656 1881 662 1890 ,
684 1859 727 1887 ubi
737 1859 790 1886 ait:
815 1864 827 1893 [
841 1860 924 1888 Illum
941 1861 1019 1888 ΡεκΑ
1032 1880 1039 1887 .
1062 1861 1136 1889 Vide
1154 1866 1262 1898 Bursa.

125 1893 163 1922 sta
169 1894 244 1923 tuille
255 1917 262 1927 ,
285 1905 315 1924 ut
325 1896 402 1924 senes
411 1898 515 1935 penulis
527 1908 596 1926 intra
609 1900 714 1927 Urbem
729 1921 737 1932 ,
756 1900 865 1928 arcendi
878 1900 910 1929 fri
941 1901 1149 1934 Peneum-sou
1160 1923 1167 1929 .
1176 1905 1232 1934 Fu.
1243 1909 1404 1935 'laxatotem
1415 1907 1580 1936 tributorum
1590 1929 1598 1941 ‚
1610 1911 1638 1937 δε
1649 1918 1707 1937 non
1718 1918 1783 1937 exa-

127 1944 203 1973 goris
213 1937 301 1973 gratia
312 1958 320 1969 ,
333 1946 475 1966 uterentur
485 1959 492 1971 ‚
503 1949 563 1967 curn
573 1940 642 1967 olim
653 1939 717 1968 esset
729 1940 923 1970 vestimentum

129 1975 264 2004 viatorum
277 1979 306 2008 .]
329 1987 391 2015 quia
400 1980 511 2017 plebeiis
522 1978 668 2009 senatoria:
683 1980 767 2009 vestes
778 1981 924 2018 prohibitae

127 2025 203 2044 erant
214 2037 220 2043 .
233 2017 318 2046 Unde
328 2019 464 2048 Martialis
473 2041 480 2052 ‚
502 2020 549 2048 lib.
567 2032 609 2059 ¹3·
620 2022 693 2060 epig.
711 2032 733 2049 1.
743 2020 924 2052 differentiam

128 2055 193 2085 facit
202 2057 276 2086 inter
285 2069 394 2098 togam,
417 2069 476 2098 quae
487 2061 525 2089 est
535 2063 646 2100 proprie
664 2061 800 2090 senatoria
811 2084 819 2095 ‚
841 2066 868 2092 δι
879 2074 924 2103 pe-

128 2097 221 2125 nulam
232 2120 241 2132 ,
262 2109 321 2138 quae
331 2100 369 2128 est
379 2099 568 2139 cujuscumque
579 2103 751 2131 conditionis
762 2103 842 2132 vestis
850 2125 859 2137 ‚
883 2106 924 2134 in«

127 2147 239 2176 quiens:

169 2182 203 2207 Et
213 2189 277 2218 toga
288 2181 412 2216 cordylis
420 2203 428 2215 ‚
439 2186 465 2211 ὅ(
478 2184 574 2220 penula
584 2184 652 2212 defit
662 2183 745 2212 olivis
757 2203 764 2212 .

127 2220 200 2250 Item
219 2220 361 2259 Ulpianus
371 2223 400 2251 in
411 2244 420 2256 ‚
437 2223 455 2251 l.
469 2224 550 2252 vestis
561 2246 568 2257 ‚
588 2223 614 2253 ff.
624 2225 658 2253 de
675 2234 742 2252 auro
754 2245 761 2257 ,
782 2228 810 2254 ὃ(
820 2236 924 2265 argent.

125 2260 210 2298 legat.
229 2262 304 2290 inter
313 2263 469 2292 communia
486 2264 648 2294 vestimenta
658 2287 666 2298 ‚
689 2265 784 2303 quibus
804 2268 876 2301 viri,
899 2271 924 2296 ὅ(

124 2299 251 2330 soeminae
264 2302 416 2340 promiscue
427 2313 542 2333 utuntur
550 2327 558 2339 ‚
570 2305 661 2345 posuit
672 2325 680 2332 -
691 2306 750 2334 Alii
762 2317 851 2337 autem
861 2319 926 2337 con-

126 2342 245 2371 tendunt
256 2343 331 2372 fuiss'e
342 2343 520 2380 hylaei-nalem
533 2347 635 2375 vestem
647 2369 655 2380 ‚
669 2357 702 2376 ex
714 2349 874 2386 Lampridio
883 2349 927 2377 su—

127 2390 175 2425 pra
182 2383 265 2413 allato
276 2385 421 2424 probantes
432 2407 441 2421 ‚
451 2387 514 2427 quia
526 2388 680 2429 Imperator
689 2408 698 2422 ,
720 2397 749 2417 ut
759 2389 798 2419 ibi
808 2390 925 2425 dicitur,

981 1948 1084 1970 ctorem
1096 1943 1191 1972 tributi
1202 1945 1351 1983 significat,
1374 1957 1403 1976 ut
1416 1948 1537 1977 Alciatus
1547 1947 1653 1978 assetuit
1666 1961 1672 1976 :
1697 1949 1781 1985 [Ubi

982 1992 1100 2020 primum
1112 1983 1216 2013 fabricis
1234 1985 1286 2015 suis
1298 1997 1346 2025 per
1357 1990 1485 2026 praetoria
1495 1989 1605 2018 domini
1616 1990 1716 2018 tributa
1725 1989 1782 2019 dis—

983 2023 1108 2056 solvunt,
1123 2025 1186 2053 dum
1197 2027 1372 2066 antiquorum
1383 2029 1490 2058 lacunas
1501 2040 1576 2069 parca
1587 2030 1714 2059 nituntur
1724 2030 1779 2059 fru-

981 2065 1097 2103 galitate
1108 2076 1230 2104 reparare
1244 2090 1250 2100 ,
1268 2072 1296 2097 ὅ(
1306 2071 1480 2109 profligantia
1491 2071 1688 2109 patrimonium
1702 2072 1782 2101 fulci—

982 2115 1010 2133 re
1018 2105 1139 2136 culmina
1151 2128 1157 2134 .
1170 2109 1367 2147 Indigenarum
1376 2111 1454 2149 copia
1463 2112 1497 2141 ad
1507 2111 1559 2141 hoc
1571 2122 1680 2141 tantum
1690 2111 1779 2142 serva-

982 2155 1010 2173 ta
1022 2166 1031 2179 ,
1051 2156 1079 2174 ut
1100 2145 1251 2178 fimffionis
1263 2150 1380 2180 Publicae
1400 2154 1596 2191 peraequatoris
1613 2155 1695 2182 etiam
1715 2163 1782 2183 vota.

981 2185 1174 2216 transcendens
1185 2200 1311 2219 numerus
1322 2202 1377 2220 non
1385 2192 1483 2222 deesset
1494 2215 1501 2222 .
1513 2195 1654 2223 Ennodius
1665 2217 1672 2228 ‚
1692 2194 1779 2233 Epist.
1813 2194 1818 2195 ⁷

983 2233 1010 2256 ⁶.
1021 2227 1068 2256 lib·
1083 2239 1092 2256 1
1100 2249 1106 2255 .
1119 2231 1131 2260 ]
1147 2230 1204 2258 Ubi
1216 2231 1337 2270 loquitur
1348 2233 1382 2261 de
1391 2234 1604 2264 Telonariorum
1614 2257 1622 2268 ‚
1631 2234 1677 2263 seu
1688 2235 1781 2264 Publi-

982 2279 1111 2296 canorum
1121 2269 1253 2306 injustitia
1262 2294 1270 2305 ,
1281 2273 1329 2311 qui
1340 2274 1370 2302 in
1379 2275 1493 2304 transitu
1502 2277 1573 2305 Latii
1585 2275 1706 2305 fluminis
1715 2286 1782 2315 pto-

981 2319 1016 2348 pe
1026 2310 1147 2339 Comum
1158 2322 1171 2339 a
1181 2312 1380 2343 transeuntibus
1390 2315 1538 2355 exigebant
1556 2316 1783 2355 vestigaliaultra

982 2359 1074 2385 taum
1083 2361 1098 2379 a
1110 2355 1339 2391 peraequatoribus
1349 2356 1505 2395 impositam
1514 2377 1521 2385 .
1535 2363 1733 2396 Peraquatores
1745 2367 1785 2387 et-

982 2391 1037 2419 iam
1045 2390 1204 2423 dicebantur
1214 2416 1223 2429 ,
1245 2395 1294 2435 qui
1304 2405 1395 2426 taxam
1406 2397 1436 2427 in
1446 2398 1542 2437 pretiis
1557 2408 1648 2429 rerum
1659 2399 1786 2428 comesti-

1701 2440 1744 2468 bi-
