1866 2526
136 65 216 103 520
475 49 508 91 P
542 49 580 91 A

114 118 168 148 pur
177 107 312 149 siquidem
319 105 507 138 remissionem
517 106 663 147 fignificat,
675 106 750 146 quod
760 106 789 136 in
797 105 916 144 septimo

116 149 210 179 mense
219 151 369 179 celebratur
378 172 385 182 ,
398 150 428 178 in
438 159 494 187 quo
504 149 550 177 die
561 158 677 187 coquere
687 169 695 181 ,
706 158 752 176 aut
763 147 834 176 cibos
847 156 915 184 prae-

118 201 212 230 parare
223 201 363 230 nequeunt
373 211 381 223 ‚
392 193 419 219 ὅ(
428 192 550 226 jejunare
559 189 659 218 debent
668 199 681 217 a
691 187 785 226 primis
796 186 916 226 vesperis

119 232 227 269 Chepur
237 254 245 265 ‚
264 231 346 270 iisque
356 230 390 259 ad
408 229 551 269 sequentes
564 229 672 258 festivas
691 227 814 266 vesperas
824 248 832 259 ,
854 237 916 255 cum

118 273 188 310 apud
201 283 245 300 eos
255 272 388 300 maximus
395 273 534 310 culparum
546 270 636 299 veniae
646 268 794 298 destinatus
804 268 863 296 dies
873 268 914 296 sit:

119 313 214 351 itaque
231 313 250 342 fi
261 313 290 341 in
299 314 384 341 Lunae
397 335 405 345 ,
424 312 470 342 vel
481 311 612 341 Mercurii
622 310 715 338 diebus
733 308 834 338 Pascha
846 309 915 337 cele-

119 354 242 383 braretur
255 374 262 386 ‚
279 354 389 382 caderet
400 354 507 390 Chepur
516 362 544 380 in
556 351 662 379 veneris
672 371 680 382 ‚
701 350 746 378 vel
758 349 914 378 Dominicae

117 394 211 422 diebus
220 416 228 427 ,
239 397 266 422 ὅ(
275 393 432 433 sequeretur
442 415 449 426 ,
459 393 536 431 quod
550 402 596 429 per
607 391 718 419 biduum
729 390 860 418 abstinere
870 389 916 418 de-

117 433 234 463 buissent
245 445 258 463 a
266 435 330 464 cibis
339 458 347 468 ,
360 435 424 463 dum
436 434 466 461 in
478 433 590 461 Sabbnto
601 452 607 463 ‚
623 431 667 459 vel
677 431 873 458 antecedenter
883 430 916 458 ad

118 475 226 513 Chepur
236 497 243 507 ,
254 476 273 505 fi
284 476 391 504 caderet
403 475 433 502 in
442 473 593 501 Dominica
606 492 614 504 ,
637 471 683 500 vel
693 469 887 510 subsequenter
896 471 915 498 si

112 514 189 544 idem
198 517 228 545 in
239 517 284 544 die
295 516 403 546 veneris
416 537 423 548 ,
434 513 507 542 cibos
518 522 678 552 praeparare,
689 521 733 540 aut
744 522 860 550 coquere
873 522 916 539 ne-

117 557 230 594 quirent
239 577 246 584 .
270 556 477 594 Subterfugiunt
485 555 598 583 ulterius
607 551 714 581 Pascha
732 552 763 580 in
775 553 820 580 dic
832 562 914 581 venc-

116 598 154 625 ris
167 619 174 630 ,
197 608 232 626 ne
244 597 340 626 cadens
349 596 525 636 postmodum
535 595 564 622 in
577 594 689 622 sabbato
708 593 809 631 primus
820 591 914 621 sceno-

116 639 256 676 pegiarum
268 638 326 666 dies
335 636 547 676 praetermittere
557 644 720 663 tenerentur
728 643 815 661 ramos
828 643 862 661 ex
872 643 914 661 ar-

115 678 221 706 boribus
231 679 352 712 caedere,
371 689 433 707 cum
443 678 475 706 fit
493 686 561 714 opus
573 674 674 703 servile
686 695 696 711 ‚
716 674 784 703 &in
799 674 912 703 sabbato

115 717 287 756 prohibitum
298 729 306 750 ς
329 729 391 748 nam
401 730 435 748 ex
445 729 467 746 c.
480 728 511 755 23
519 737 526 744 .
536 715 654 745 Levitici
666 715 695 743 in
706 714 793 752 prima
803 714 848 742 die
856 713 912 742 sce-

117 760 242 798 nopegix
254 759 435 798 praescribitur
446 759 483 787 eis
494 758 555 786 talis
565 766 701 784 ramorum
710 755 821 789 caesura,
831 764 861 784 ut
870 755 912 799 di-

116 800 190 828 ftum
199 800 237 828 est
247 801 276 828 in
286 801 311 828 d.
323 802 455 838 Hostmna
466 820 473 827 .
484 800 520 827 In
530 808 604 827 anno
615 797 711 836 igitur,
722 797 752 824 in
762 807 816 835 quo
827 795 911 834 passus

115 840 152 867 est
174 841 320 874 Christus,
339 844 415 879 juxta
425 842 545 870 lunarem
562 847 720 875 computum
738 836 912 869 hebraicum,

115 880 213 909 Pascha
224 892 337 910 venerat
348 883 378 910 in
393 882 437 910 die
450 881 556 910 veneris
567 900 577 916 ‚
599 878 828 917 quemadmodum
839 878 911 905 idem

115 922 289 960 Redemptor
308 922 498 951 observaverat
508 943 516 954 ‚
534 920 580 958 qui
591 919 737 947 rabbinicas
749 919 913 947 traditiones

114 962 230 991 minime
242 974 449 1002 curans,agnum
459 962 615 990 comederat
627 960 654 986 iu
666 959 709 988 die
719 959 799 997 Jovis
810 959 843 986 nd
856 958 911 987 ves>

115 1012 189 1040 peras
209 1003 316 1032 Paschae
337 1003 473 1043 sequentis
483 1002 538 1031 diei
550 1013 558 1032 ς
581 1000 626 1028 sed
637 999 784 1028 secundum
795 1000 910 1027 rabbini-

114 1053 173 1071 cam
182 1043 405 1073 observationem
418 1044 577 1073 incedentes
588 1041 698 1069 Heln-„ei
710 1040 806 1079 pascha
825 1040 856 1068 in
866 1040 913 1069 dic

115 1085 219 1113 Sabbati
230 1086 397 1114 celebrarunt
411 1107 417 1118 ,
440 1096 476 1113 ne
486 1083 555 1111 illud
567 1093 599 1110 ex
613 1081 734 1110 addufiis
745 1080 912 1110 observaiio-

116 1126 192 1154 nibus
202 1126 232 1154 in
242 1127 314 1155 diem
325 1127 432 1155 venei-is
445 1125 621 1154 inciderim&
634 1122 697 1150 idco
706 1122 836 1151 comestio
846 1124 911 1160 agni

114 1164 239 1195 hebraica
248 1169 280 1196 ad
292 1178 398 1195 cosnam
411 1166 517 1194 veneris
528 1164 594 1192 facta
605 1163 657 1191 suit
667 1184 675 1195 ‚
698 1163 729 1191 in
739 1174 793 1201 quo
804 1163 850 1190 die
861 1184 869 1195 ‚
882 1174 912 1192 ut

113 1207 159 1244 Jo.
172 1209 347 1247 Evangelilla
356 1220 380 1236 c.
393 1219 402 1236 ι
413 1212 436 1236 3.
448 1205 517 1236 vers.
530 1211 554 1233 8.
565 1205 632 1233 bene
643 1213 772 1232 notaVit:
796 1208 851 1239 [Et
862 1204 912 1242 ipsi

115 1258 174 1275 non
185 1248 355 1277 introicrunt
367 1251 396 1278 in
408 1248 538 1286 pr.etorio
552 1249 562 1277 ]
577 1245 645 1273 idest
657 1266 664 1277 ,
688 1246 718 1272 in
729 1245 774 1272 die
786 1256 895 1275 venei-is
904 1267 910 1277 ‚

115 1289 225 1326 qur-,ndo
235 1311 243 1321 ,
264 1301 363 1328 nempe
375 1312 383 1323 ,
405 1289 532 1317 Christus
551 1286 703 1324 patiebatur
713 1307 720 1317 ,
744 1287 807 1324 quia
818 1288 848 1314 in
857 1287 912 1314 illis

114 1328 234 1366 vesperis
255 1330 442 1359 manducaturi
462 1339 538 1357 erant
550 1337 650 1365 :ignum
671 1325 795 1363 paschale
806 1339 813 1358 5
838 1328 912 1355 ideo-

113 1380 165 1408 que
175 1369 283 1399 subdit:
309 1378 319 1406 [
334 1372 377 1400 Ut
389 1382 446 1398 non
456 1377 728 1398 contaminarentun·
740 1366 787 1396 sed
798 1378 826 1396 ut
838 1379 911 1396 man-

114 1411 244 1439 ducarent
255 1411 385 1450 paschin]
399 1411 531 1448 Idemque
541 1408 726 1436 manifestavit
737 1408 811 1436 idem
823 1413 911 1438 Evan-

114 1451 231 1490 gelista,
253 1453 328 1491 quod
339 1453 391 1480 tale
410 1451 553 1489 parasceve
574 1448 670 1487 pascha
690 1460 749 1477 non
765 1460 821 1478 ertit
831 1453 909 1485 juxta

112 1491 259 1521 Mosaicam
271 1493 477 1521 institutionem
488 1513 496 1525 ,
507 1495 534 1519 ὃ(
547 1489 733 1527 Apostolicam
743 1490 909 1520 observatio-

114 1543 177 1560 nem
187 1555 194 1566 ,
208 1544 269 1561 nam
280 1533 408 1562 Christus
419 1543 479 1561 cum
491 1531 633 1570 Apostolis
646 1531 735 1568 pridie
745 1553 752 1563 ,
775 1542 855 1570 quam
866 1542 912 1569 pa-

113 1582 217 1601 teretur
226 1596 232 1607 ,
253 1574 341 1607 idest,
364 1575 395 1602 in
405 1574 486 1612 Jovis
496 1573 541 1600 die
551 1573 582 1601 ad
591 1581 697 1600 coenam
715 1573 910 1602 comestionem

113 1614 178 1652 :igni
196 1616 380 1644 celebraverat
391 1636 398 1648 ‚
418 1615 466 1643 illa
477 1623 567 1643 autem
588 1613 747 1651 posticipata
766 1614 911 1642 ceiebmtio

112 1655 295 1684 Hebraeorum
317 1656 450 1685 rabbinica
461 1655 545 1683 fuerat
558 1676 566 1687 ,
591 1657 617 1682 ὃ(
629 1653 691 1682 ideo
701 1655 731 1681 in
752 1665 774 1682 c.
786 1653 910 1692 sequenti

110 1694 218 1724 subdit:
240 1703 252 1732 [
267 1701 330 1726 Erat
341 1706 430 1725 autem
452 1694 592 1734 parasceve
602 1694 704 1733 pascliae
717 1715 724 1726 ,
738 1697 750 1725 ]
773 1695 840 1722 idest
851 1716 858 1727 ,
881 1706 910 1723 ut

110 1746 168 1764 non
187 1737 245 1765 fine
258 1737 388 1772 mysterio
398 1738 491 1770 addit,
516 1734 685 1772 [parasceve
705 1735 864 1773 Judaeorum
876 1756 883 1763 .
897 1738 908 1767 ]

114 1780 219 1805 Etcum
229 1779 322 1806 eadem
332 1777 483 1806 reflexione
494 1777 556 1805 alibi
569 1798 578 1810 ‚
596 1777 684 1815 Judaei
696 1776 825 1813 quoniam
835 1787 907 1814 para-

113 1816 192 1846 sceve
201 1827 275 1849 παῖς
287 1821 299 1850 ]
322 1819 355 1847 ad
364 1818 603 1848 demonstrandum
616 1839 623 1849 ,
642 1817 715 1855 quod
736 1816 795 1844 talis
806 1816 907 1854 paschae

113 1859 278 1896 praeparatio
290 1858 437 1887 secundum
449 1858 581 1887 calculum
592 1859 750 1896 Judaeorum
760 1857 833 1884 illius
842 1867 908 1885 tcm-

111 1900 188 1936 poris
206 1900 301 1930 fiebam
321 1911 380 1928 non
401 1910 467 1928 vero
484 1901 558 1935 juxta
577 1900 698 1926 lunarem
719 1907 879 1935 computum
897 1909 909 1926 :i

111 1938 228 1968 Christo
238 1940 362 1968 Domino
371 1939 542 1969 observatum
554 1961 561 1967 .
573 1939 657 1975 Quod
668 1949 700 1966 ex
712 1938 827 1968 Talmud
837 1949 911 1966 com-

975 105 1104 135 dirriento
1115 105 1238 138 infulcita
1247 118 1368 137 remanet
1377 128 1384 136 .
1406 109 1441 137 In
1453 108 1549 139 eodem
1561 119 1650 139 autem
1658 108 1727 145 die„
1742 112 1776 142 ἰή

974 157 1029 185 quo
1048 157 1130 186 penes
1151 149 1280 177 Hebraeos
1291 160 1404 188 propter
1423 149 1518 179 festum
1537 152 1716 181 Poiitecostes
1733 164 1776 181 re·

975 197 1038 215 cens
1053 187 1218 216 frumentum
1227 190 1354 218 Domino
1363 189 1523 220 offerebatur
1532 214 1541 225 ‚
1559 191 1605 221 sub
1616 193 1707 221 eadem
1718 191 1774 221 fru-

973 228 1062 256 menti
1079 227 1171 266 specie
1190 230 1299 267 Corpus
1309 229 1417 258 Christi
1435 232 1472 260 D.
1482 235 1578 261 Petrus
1588 232 1749 262 sacrificavit
1761 245 1770 265 5

975 268 1091 306 primam
1110 269 1185 296 enim
1204 268 1309 298 Missam
1329 270 1360 297 in
1370 269 1419 299 linc
1438 271 1483 299 die
1501 273 1574 301 intra
1588 274 1774 302 Coenaculum

975 309 1042 338 Sion
1059 310 1243 338 celebraverat
1256 320 1273 337 .’
1286 311 1388 339 Pamel.
1405 320 1473 339 tom.
1498 324 1520 341 i.
1541 314 1648 352 liturg.
1669 313 1772 342 Eccles-

974 351 1034 378 Lat.
1046 349 1210 389 Antiquitus
1221 350 1332 389 quando
1341 351 1371 378 in
1381 350 1428 379 hac
1440 352 1486 380 die
1496 362 1620 392 tempore
1633 353 1716 382 Miflie
1729 365 1770 382 ca-

975 401 994 417 n
1011 390 1087 417 batur
1095 390 1236 429 sequentia
1248 394 1309 419 Veni
1315 393 1411 428 sande
1418 395 1536 429 Spiritus
1547 394 1604 427 &a
1615 393 1773 422 resonabant

975 430 1059 458 etiam
1071 430 1140 459 tubae
1152 452 1161 464 ,
1181 431 1215 459 ad
1225 431 1414 459 denotandum
1425 433 1598 470 repentinum
1609 433 1729 463 sonitum
1740 435 1772 463 ab

975 471 1117 508 Apostolis
1136 472 1309 510 congregatis
1328 472 1452 500 auditum
1465 493 1474 506 ‚
1494 474 1601 511 quando
1617 475 1648 502 in
1667 475 1714 503 hac
1725 475 1773 504 die

974 512 1089 549 Spiritus
1107 513 1217 541 Sanstus
1226 511 1305 551 super
1323 512 1443 551 fingulos
1464 523 1558 542 eorum
1578 513 1752 544 descenderat
1764 535 1773 543 .

973 553 1047 580 Item
1057 553 1090 581 ob
1100 552 1226 581 eumdem
1238 552 1420 592 significatum
1431 564 1464 582 ex
1474 554 1599 583 Ecclefiae
1610 556 1682 583 testo
1695 556 1770 594 igni-

974 601 1012 620 tas
1022 594 1141 621 flammas
1152 593 1332 631 projiciebant
1342 615 1350 626 ,
1374 603 1419 621 aut
1430 593 1499 622 rosas
1510 594 1670 634 spargebant
1682 615 1689 623 .
1710 598 1772 624 Du-

971 633 1049 661 rand.
1061 634 1104 661 lib.
1114 640 1142 661 6.
1155 644 1178 661 c.
1195 645 1256 667 107.
1267 634 1342 672 quod
1353 634 1482 663 Meiiimae
1493 635 1580 663 adhuc
1593 635 1670 664 durat
1682 655 1689 663 .
1700 638 1774 666 Item

970 681 1018 711 per
1029 676 1294 710 nomenPentecostes
1307 684 1397 702 totum
1407 685 1511 714 teinpus
1523 686 1690 714 praecnrrcns
1700 677 1773 705 inter

971 714 1189 743 Resurreffionis
1207 713 1306 743 Pascha
1316 714 1396 753 usque
1407 716 1440 744 ad
1459 717 1632 745 Pentecostes
1642 717 1711 744 olim
1727 717 1772 745 in·

968 754 1277 794 telligebatur,huiicque
1287 753 1394 783 sensum
1406 756 1507 785 habent
1518 758 1596 785 verba
1605 757 1652 785 illa
1663 756 1774 795 inc-43.

970 795 1095 823 Concilii
1106 795 1268 823 Eliberitani
1278 806 1409 824 contenta
1421 818 1428 829 ,
1441 798 1483 825 ub:
1496 797 1613 825 dicitur:
1627 800 1765 832 [Pi-avam

970 835 1178 863 institutionem
1196 836 1335 865 emendari
1353 837 1456 874 placuit
1476 839 1554 872 juxta
1574 838 1767 865 auetoritatem

970 876 1046 915 Scrip
1053 886 1215 908 turarum,ut
1227 877 1316 904 cunsti
1327 877 1402 905 diem
1412 878 1583 906 Pentecostcs
1596 878 1655 916 post
1667 877 1771 906 Pascha

969 917 1132 945 celebremus
1151 927 1209 944 non
1222 917 1462 956 Quzdragesiinam
1475 939 1482 950 ,
1501 917 1548 946 sed
1567 918 1768 956 Quinquagefi—

971 967 1040 985 inam
1051 977 1057 984 .
1068 959 1080 988 ]
1104 966 1166 984 nam
1176 967 1224 994 per
1234 966 1324 985 totuin
1336 958 1388 986 hoc
1400 959 1531 996 temporis
1544 960 1659 986 tractum
1670 957 1771 986 solem-

972 1008 1018 1025 nes
1030 998 1087 1026 dies
1096 998 1302 1026 celebrabantur
1313 1009 1320 1028 5
1345 998 1409 1027 ideo
1419 998 1602 1027 Tertullianus
1613 999 1721 1026 dixerat
1733 998 1772 1027 fe-

969 1038 1101 1067 stivitates
1111 1038 1285 1067 Pentecostes
1295 1037 1521 1068 Christianorum
1532 1039 1560 1066 in
1573 1049 1687 1067 numero
1698 1042 1771 1068 Gen.

969 1079 1062 1107 tilium
1073 1078 1261 1107 solemnitates
1270 1079 1411 1113 excedere,
1424 1080 1488 1108 dum
1498 1081 1543 1108 ait:
1559 1085 1570 1115 [
1585 1083 1707 1117 Excerpe
1717 1079 1771 1107 sin-

969 1119 1043 1158 gulas
1056 1120 1217 1149 festivitates
1229 1120 1372 1148 nationum
1383 1142 1391 1153 ,
1403 1122 1450 1149 vix
1463 1122 1642 1150 Pentecosten
1655 1121 1772 1158 implere

970 1170 1102 1197 poterunt
1113 1162 1145 1190 .]
1164 1162 1200 1189 In
1210 1161 1304 1199 quibus
1324 1170 1415 1190 tamen
1425 1161 1518 1189 diebus
1538 1171 1619 1199 opera
1637 1159 1746 1189 servilia
1757 1170 1770 1187 a

970 1201 1140 1229 Christianis
1152 1202 1366 1232 'exercebantuffi
1379 1202 1501 1241 quamvis
1520 1212 1601 1240 opera
1618 1200 1769 1239 spiritualia

970 1241 1056 1280 magis
1067 1241 1319 1279 frequentarentur:
1335 1246 1361 1270 ἃ
1373 1245 1437 1270 ideo
1448 1243 1480 1270 ad
1492 1243 1574 1270 instar
1585 1244 1767 1270 Hebraeorum

970 1281 1001 1309 lii
1011 1284 1067 1309 dies
1078 1291 1163 1309 etiam
1186 1287 1253 1309 Dies
1265 1283 1421 1320 remiffionzs
1431 1283 1590 1310 dicebantur
1601 1304 1608 1314 ‚
1631 1293 1659 1310 ac
1670 1283 1769 1310 stantes

970 1322 1064 1350 fideles
1081 1331 1218 1349 orationes
1229 1321 1375 1349 fundebant
1388 1342 1394 1349 .
1416 1324 1451 1350 In
1461 1333 1516 1361 quo
1536 1332 1625 1350 tamen
1635 1322 1766 1360 temporis

968 1361 1044 1390 cursu
1057 1363 1198 1390 Maronitae
1212 1363 1241 1389 in
1252 1362 1357 1400 (ignum
1369 1363 1475 1391 lactitiie
1488 1373 1597 1391 carnem
1607 1364 1765 1391 comedunt:

970 1406 1086 1438 [Graeci
1107 1413 1174 1431 vero
1185 1413 1232 1440 pei·
1252 1412 1337 1430 totam
1347 1402 1453 1431 Pischae
1475 1404 1599 1432 octavam
1622 1413 1728 1432 tantuin
1737 1402 1768 1430 id

969 1443 1071 1471 faciunt
1085 1464 1091 1470 .
1113 1445 1169 1472 FR-
1182 1444 1331 1473 Dicebatur
1346 1444 1518 1472 Pentecostes
1537 1454 1644 1482 tempus
1662 1444 1715 1472 hoc
1725 1447 1765 1470 ie-

967 1485 1037 1512 stum
1057 1484 1215 1511 immediate
1237 1484 1408 1521 praecedens,
1428 1485 1492 1512 licut
1506 1493 1612 1522 teinpus
1624 1484 1767 1513 immedia—

970 1535 1027 1552 tum
1038 1534 1100 1552 ante
1112 1523 1211 1552 Pascha
1221 1545 1227 1556 ‚
1238 1523 1346 1552 Pisi—hx
1360 1524 1499 1553 dicebatur
1508 1546 1516 1557 ,
1537 1535 1566 1553 ut
1578 1535 1607 1552 in
1616 1524 1642 1552 d.
1662 1525 1769 1561 Pascha

969 1567 1072 1593 dictum
1085 1565 1132 1592 est.
1143 1566 1214 1593 Item
1223 1565 1360 1592 dicebatur
1371 1565 1589 1605 Qiiadragelima.
1604 1565 1675 1594 Vide
1684 1566 1765 1606 Qua-

967 1605 1118 1642 dragestma
1131 1625 1138 1632 .

926 1650 1139 1676 Pemoecosres
1152 1648 1255 1674 ΜευΙΑ
1266 1666 1274 1672 .
1294 1647 1351 1674 FR.
1362 1647 1438 1675 Ferizi
1448 1656 1541 1685 quarta
1560 1645 1632 1674 infra
1641 1647 1767 1674 oftavam

967 1686 1186 1715 Pentecostesita
1204 1687 1338 1724 appellata
1350 1707 1358 1719 ‚
1377 1687 1442 1716 licut
1454 1686 1512 1716 Pis(
1520 1687 1552 1715 ha
1572 1686 1691 1714 medium
1702 1707 1710 1718 ‚
1733 1686 1770 1714 de

968 1737 1022 1765 quo
1033 1728 1136 1754 dictum
1146 1728 1183 1754 est
1194 1737 1225 1754 in
1235 1728 1299 1755 dict.
1310 1728 1415 1764 Pascha
1427 1732 1548 1756 mmmm
1558 1748 1565 1756 .
1586 1728 1642 1762 Qui
1652 1728 1768 1764 loquen-

968 1769 996 1796 di
1005 1768 1101 1795 modus
1123 1777 1256 1806 reperitur
1269 1768 1297 1795 in
1319 1769 1395 1806 epist.
1410 1771 1435 1798 S.
1455 1769 1572 1797 Maximi
1596 1770 1727 1802 Martyris
1737 1777 1769 1795 in

970 1809 1127 1837 Collectan.
1148 1808 1279 1836 Anaitafii
1291 1819 1304 1836 a
1314 1809 1460 1838 sirmondo
1479 1809 1552 1837 edita
1561 1809 1592 1836 in
1604 1813 1627 1837 8.
1638 1808 1681 1836 ubi
1704 1817 1765 1846 pag·

973 1860 1037 1886 ¹39·
1050 1849 1082 1876 lic
1095 1848 1208 1876 habetur
1220 1860 1225 1875 :
1239 1855 1250 1884 [
1262 1850 1352 1876 Media
1362 1850 1534 1878 pentecostes
1545 1849 1616 1881 heri,
1629 1848 1701 1888 quod
1714 1847 1767 1875 fuit

967 1894 1063 1917 octava
1081 1890 1186 1917 decima
1197 1890 1294 1918 mensis
1305 1890 1360 1918 dics
1370 1912 1378 1923 ,
1399 1901 1449 1930 quii
1463 1889 1624 1919 solemnitas
1641 1889 1768 1928 agebatur

968 1930 1055 1958 sancia
1066 1930 1162 1957 inediae
1174 1931 1345 1959 Pentecostes
1355 1952 1362 1958 .

114 1981 243 2017 probatur
254 2002 261 2013 ‚
275 1981 304 2009 in
314 1991 368 2019 quo
378 2003 385 2013 ,
397 1981 440 2009 ubi
450 1981 484 2008 de
496 1980 601 2009 Christi
612 1990 702 2008 morte
714 1979 804 2017 agitur
817 2000 823 2011 ,
835 1979 911 2007 illam
929 1974 1064 2001 Pers-uei
1075 1981 1102 1998 kS
1114 1991 1121 2003 ι
1132 1982 1276 2006 Ἧτνίῐκῒϊῑς
1289 1992 1296 1998 ·
1310 1973 1365 2000 FR·
1377 1973 1414 2000 ita
1424 1972 1557 2010 appellata
1567 1969 1618 1998 fuit
1629 1969 1766 2006 SYROdusn

115 2020 143 2046 in
154 2021 198 2048 die
208 2020 309 2059 pascliae
320 2020 628 2051 antecedentsaccidiss’e
640 2020 758 2059 legitur.
779 2020 846 2054 Quae
857 2029 909 2048 tra-

114 2060 188 2088 ditio
197 2062 216 2090 ii
225 2072 276 2099 pro
288 2072 351 2090 vera
362 2061 499 2094 habeatur,
510 2062 655 2090 dicendum
668 2059 768 2094 necesse
778 2060 827 2093 est,
837 2061 911 2098 quod

113 2101 267 2138 manipulus
285 2101 418 2140 spicarum
438 2103 467 2130 in
485 2103 530 2130 die
551 2101 703 2130 Dominico
721 2110 785 2128 tunc
808 2101 910 2129 oblatus

114 2140 203 2168 fuisset
212 2162 220 2173 ,
232 2152 292 2169 cum
302 2142 397 2180 pascha
407 2143 436 2171 in
447 2143 493 2172 dic
505 2143 607 2171 sabbati
617 2143 747 2171 celebrata
758 2141 829 2180 estet.
841 2142 908 2177 Quae

115 2180 255 2219 responsio
275 2183 359 2221 magis
369 2183 488 2212 consona
499 2184 627 2211 videtur.-
648 2193 704 2210 non
714 2182 788 2210 enim
806 2192 857 2219 pro
867 2182 905 2209 di-

117 2222 183 2250 vina
192 2222 332 2251 oblatione
346 2223 517 2261 prohibitum
528 2235 582 2252 erat
590 2223 676 2262 spicas
689 2223 830 2261 colligere,
842 2221 909 2250 mes-

117 2262 228 2301 semque
237 2273 363 2291 exercere
374 2264 402 2291 in
411 2265 457 2292 die
466 2264 569 2293 sabbati
581 2287 588 2297 ,
611 2274 674 2292 cum
683 2264 710 2291 in
720 2263 818 2292 ordine
828 2263 861 2291 :id
869 2262 909 2291 sa-

972 2022 1032 2050 quae
1042 2022 1056 2039 a
1075 2011 1181 2039 Latinis
1201 2013 1379 2050 Qumisex-ta
1395 2013 1514 2040 dicitur:
1534 2011 1766 2051 quemadmodum

967 2062 1055 2091 graeca
1067 2062 1122 2080 vox
1132 2049 1208 2079 sonat
1220 2073 1226 2083 ,
1238 2053 1299 2090 quia
1312 2052 1368 2080 liiec
1380 2054 1506 2088 Synodus
1517 2054 1601 2081 fuerat
1612 2052 1705 2090 quinti
1720 2054 1766 2084 ,δε

965 2092 1036 2121 sexti
1056 2092 1361 2131 constantinopolitani
1381 2095 1507 2122 Concilii
1524 2093 1745 2132 supplementum
1754 2109 1765 2123 ‚

966 2135 995 2161 in
1004 2134 1099 2173 quibus
1111 2143 1228 2161 canones
1246 2134 1362 2162 minime
1372 2135 1512 2163 constituti
1522 2133 1583 2161 sunt
1595 2144 1604 2164 ς
1625 2133 1712 2161 sedin
1721 2131 1764 2160 di·

967 2176 1012 2202 έὶο
1022 2174 1215 2211 supplemento
1225 2184 1253 2201 in
1263 2176 1360 2203 Trullo
1371 2176 1404 2203 dc
1416 2186 1489 2204 anno
1499 2186 1566 2208 707.
1575 2174 1719 2205 celebrato,
1728 2172 1762 2199 de

966 2226 1021 2254 quo
1030 2216 1134 2242 dictum
1153 2214 1190 2242 est
1202 2224 1231 2242 in
1250 2216 1314 2244 diei.
1327 2221 1425 2253 Agnus
1436 2222 1507 2246 Dei·-
1528 2214 1605 2244 Alias
1620 2214 1742 2244 pennae
1753 2230 1761 2242 ›

966 2253 1094 2286 ’πειθέκτη
1103 2277 1111 2288 ,
1123 2256 1225 2284 dicitur
1234 2277 1242 2284 .

114 2303 293 2332 crificandum
304 2303 458 2342 permissiim
471 2305 581 2343 quidem
593 2305 625 2334 sit
634 2304 734 2332 sei-vile
743 2314 809 2341 opus
819 2303 848 2330 in
862 2314 908 2330 eo-
925 2301 1168 2328 PENTENTROPUS
1182 2320 1189 2330 ‚
1212 2298 1378 2338 ‘mvrem'rpo
1387 2314 1397 2328 ι,
1408 2311 1434 2335 ες
1444 2322 1451 2332 ,
1472 2310 1529 2328 erat
1548 2310 1615 2328 unus
1633 2306 1669 2326 ex
1679 2303 1759 2334 qum<

115 2344 177 2372 dem
188 2344 298 2372 sabbato
308 2365 317 2377 ,
333 2344 399 2373 ficut
410 2349 437 2373 δε
447 2355 497 2383 pro
506 2344 637 2373 sacrificio
654 2346 769 2373 mastare
782 2344 905 2372 victimas

116 2384 224 2413 licitum
233 2384 391 2425 eran-prima
402 2384 485 2426 igitur
494 2386 591 2426 opinio
600 2384 696 2426 absque
703 2384 833 2426 suppofiti
846 2384 906 2414 fun-

966 2349 1019 2379 que
1031 2340 1261 2376 procuratoribus,
1271 2342 1318 2381 qui
1329 2340 1406 2370 simul
1418 2341 1579 2378 Collegium
1589 2337 1743 2380 formabant
1752 2349 1759 2363 a

969 2389 982 2418 [
992 2381 1107 2413 Conjux
1120 2390 1227 2421 quoqu:
1237 2382 1348 2412 alterius
1364 2379 1500 2417 cujusdam
1509 2379 1699 2420 Peiitepitropi
1712 2386 1765 2411 iio-z

1648 2427 1723 2454 nune

1456 2478 1462 2491 Q
