1866 2526
136 70 212 108 594
470 52 497 95 S
534 52 573 94 A

109 114 156 143 scd
174 110 324 152 antiquitus
337 121 431 141 omnes
442 108 620 141 Ecclefiastici
640 109 679 139 eis
690 111 835 139 utebantur
845 110 912 136 nio-¹

109 155 201 183 destiae
211 154 296 193 gratia.
307 175 314 187 ,
334 153 458 192 quamvis
468 163 530 181 cum
541 151 630 189 aliqua
640 150 795 180 differentia
805 149 838 177 ad
850 158 904 177 ma-

107 195 291 224 nifestandum
310 204 406 222 eornm
417 194 536 223 Ordinis
546 192 659 230 gradum
671 213 678 224 ,
699 201 728 220 ut
741 191 770 219 in
780 189 904 227 Capitul.

111 235 208 265 Caroli
216 235 312 273 Magni
324 257 331 267 ,
344 236 389 262 lib.
403 244 428 269 5.
439 245 462 261 c.
475 244 538 268 2¹9·
551 241 676 260 notatum
685 231 727 260 his
737 231 824 259 verbis
837 230 904 268 legi-

109 287 176 305 musr
188 283 200 311 [
213 276 256 304 Ut
267 273 447 312 unusquisque
456 273 601 308 Presbyter
610 271 717 301 Missiim
726 271 838 301 Ordine
848 273 905 300 Ro-

109 327 191 346 mano
203 326 262 344 cuin
271 314 397 343 sandaliis
407 314 532 342 celebret.
545 315 556 343 ]
572 313 699 351 Episcopi
709 322 801 340 tamen
811 310 904 339 sanda-

109 358 146 385 lia
160 357 268 385 fibulam
278 354 397 383 ferebant
408 375 416 387 ,
437 353 687 392 adfigmficandam
699 374 706 384 ,
724 362 753 381 ut
765 352 798 379 de
811 352 903 380 div1n.

110 397 155 426 off.
166 396 258 434 inquit
270 395 388 424 Albinus
400 416 408 427 ,
426 394 456 422 in
464 393 642 432 praedicando
651 394 780 422 divinum
792 393 904 420 verbum

111 436 378 476 promptitudinem5
392 436 427 462 ita
439 435 521 462 etiam
534 433 654 462 ferebant
663 434 785 462 Diaconi
797 454 804 465 ‚
820 436 847 461 δε
859 433 903 460 Sa-

109 478 233 506 cerdotes
244 497 251 509 ‚
274 475 320 504 sed
331 476 512 504 Subdiaconus
532 474 653 502 utebatur
662 473 788 502 sandaliis
810 473 864 501 fine
875 473 905 502 fi-

106 519 176 548 bulis
185 539 192 546 .
215 517 295 545 Idem
305 516 399 545 Albin.
414 517 510 543 Forma.
530 524 620 542 autem
631 516 741 553 antiqua
757 514 841 549 *hujus
851 515 904 542 csil-

109 558 244 588 ceamenti
257 567 293 584 ita
303 557 332 584 ab
341 556 438 584 eodeni
449 555 555 583 Albino
565 554 742 584 describitur:
764 555 865 590 [Sand.
877 555 909 583 lia

108 601 236 629 dicuntur
245 596 325 625 solem
337 608 345 626 ς
369 596 407 624 est
419 605 511 624 autem
532 606 616 634 genus
635 596 811 624 calceamenti
823 618 830 628 ‚
855 606 909 634 quo

106 641 260 670 induuntur
269 636 390 666 Ministri
402 636 525 665 Ecclefiae
537 657 545 669 ,
566 635 699 664 subterius
710 637 820 675 quidem
838 637 910 665 solea

106 682 235 709 muniens
257 678 337 716 pedes
349 689 362 705 a
374 686 463 709 terra,
480 676 602 714 superius
622 687 689 705 vero
705 678 908 715 operimentum

107 720 209 750 habens
221 740 227 747 .
247 718 389 757 Significat
401 727 492 746 :tutem
504 717 664 745 Ministrum
678 718 760 746 Verbi
773 718 828 746 Dei
849 728 906 746 non

74 782 78 784 >
107 762 204 790 debere
225 759 341 787 terrenis
353 759 505 787 incumbere
516 779 523 790 ‚
542 757 588 786 sed
599 759 689 796 potius
699 758 851 786 coelestibus
864 768 907 786 iu-

108 802 187 830 hiare
199 824 207 835 ‚
226 804 252 829 S<
266 799 491 837 praedicationem
501 797 574 826 suam
584 798 652 827 nulli
663 799 821 830 occultare]
843 803 905 827 Erat

106 843 241 871 vetustior
259 840 412 868 sandalium
422 838 482 868 usus
493 860 502 872 ‚
521 839 587 867 ficut
597 840 680 869 modo
701 851 714 869 a
726 840 904 878 Regularibus

98 882 273 915 discalceatis
292 880 469 913 deferuntur,
489 879 621 909 nimirum
633 891 668 910 ex
685 880 820 919 superiori
830 890 904 919 parte

1265 52 1368 95 SA

965 113 1065 148 apes-ta,
1076 118 1106 137 ut
1117 119 1149 136 ex
1159 110 1272 139 Rabano
1280 111 1314 139 de
1324 110 1416 139 instit.
1428 110 1506 140 Cler.
1518 120 1626 151 cap-22.
1636 113 1756 146 habetur:

963 153 1034 186 [Pes
1047 160 1132 188 neque
1144 151 1229 178 tectus
1239 151 1271 179 fit
1283 173 1290 184 ,
1305 162 1391 190 neque
1402 152 1487 181 nudus
1499 153 1533 182 ad
1543 163 1643 183 terram
1654 176 1662 188 ,
1673 155 1739 184 idest
1750 177 1760 190 ,

960 202 990 220 ut
1001 201 1087 229 neque
1107 190 1259 218 occultetur
1270 192 1454 231 Evangelium
1464 215 1472 226 ,
1497 205 1547 223 nec
1557 195 1674 223 terrenis
1686 206 1760 225 com-

962 232 1051 260 modis
1067 231 1201 259 innitatur
1212 250 1218 257 .
1233 233 1244 262 ]
1269 234 1311 260 Ae
1321 234 1459 270 Rupertus
1471 233 1505 263 de
1515 235 1604 264 divin.
1617 235 1662 266 off.
1673 236 1718 264 lib.
1738 248 1760 265 1.

960 283 1017 310 cap.
1030 284 1076 306 24·
1095 272 1146 300 alisi
1164 271 1245 299 etiam
1258 270 1381 306 symbola
1401 273 1492 302 inhoc
1510 275 1557 304 usu
1577 275 1758 305 internoscit:

963 313 1109 348 [Sindzlm
1128 311 1272 340 Pontificis
1284 312 1352 340 illud
1371 312 1525 351 significant
1543 317 1701 345 Dominicae
1714 319 1761 346 In-

959 354 1124 382 c.irnationis
1136 353 1348 381 calceamentum
1358 374 1366 385 ‚
1378 353 1412 381 de
1421 363 1476 391 quo
1486 355 1548 393 ipse
1560 357 1592 385 in
1601 356 1714 394 psalmo,
1726 359 1762 387 In

960 395 1112 423 Idumaeain
1123 414 1130 424 ,
1143 393 1234 430 inquit
1245 415 1252 425 ,
1269 393 1413 421 extendam
1424 395 1636 426 calceamentum
1648 408 1737 426 meum
1750 419 1758 430 ,

959 435 1027 463 idest
1038 457 1045 467 ‚
1057 433 1182 473 gentibus
1193 443 1287 461 notam
1299 432 1395 461 faciam
1406 435 1627 466 Incarnationem
1637 449 1731 467 meam·
1747 441 1759 469 ]

960 478 1016 504 PR.
1036 475 1119 512 Apud
1141 473 1312 501 Eminentill‘.
1331 475 1416 501 Dom.
1436 484 1525 504 meum
1547 478 1630 506 Carti.
1650 482 1762 508 Branca-

960 516 1033 544 cium
1050 514 1165 552 semipes
1186 524 1351 542 marmoreus
1369 513 1548 545 conservatur
1566 518 1596 545 in
1625 519 1763 548 Sabinensi.

966 568 1032 596 agro
1043 566 1164 594 repertus
1177 577 1183 587 ,
1195 558 1268 589 cujus
1287 564 1384 592 typum
1402 554 1447 583 hic
1457 556 1594 586 delineare
1603 560 1713 593 curavi,
1733 569 1763 588 ut

968 598 1069 626 nedum
1078 596 1263 625 sandaliorum
1277 595 1453 633 antiquonum
1466 596 1551 626 forma
1561 597 1707 636 speFtetun
1718 599 1763 628 sed

966 638 1048 666 etiam
1067 638 1099 666 ad
1132 636 1325 675 percutiendos
1350 635 1505 672 hujusmodi
1532 639 1621 677 lapide
1639 641 1768 669 Novato-

967 689 1027 706 rum
1055 678 1219 707 latrantium
1246 677 1342 705 dentes
1362 698 1370 709 ,
1400 677 1446 715 qui
1465 688 1593 717 tanquam
1621 680 1764 709 inventio-

966 729 1031 748 nem
1042 728 1181 747 recentem
1192 717 1392 755 appofitioneni
1403 719 1499 746 Crucis
1511 720 1540 747 in
1553 720 1663 757 pedibus
1682 724 1764 750 Rom.

964 759 1107 788 Pontificis
1133 757 1184 787 ess'e
1205 758 1356 786 fabulantur
1367 779 1374 790 ,
1401 758 1467 786 dnm
1487 759 1517 787 in
1537 760 1590 788 hoc
1609 760 1746 798 semipede
1758 783 1765 794 ,

965 810 1091 838 tempore
1112 821 1120 832 ,
1143 808 1197 837 quo
1224 798 1304 827 nudis
1326 797 1451 837 vestigiis
1470 800 1619 829 Pontifices
1655 801 1764 829 incede-

958 842 1026 909 inm
1036 862 1043 873 ,
1066 840 1138 868 clare
1150 839 1262 867 videtui:
1271 860 1279 872 ‚
1291 838 1366 876 quod
1379 838 1410 867 in
1419 838 1457 867 eis
1465 840 1568 869 Cruces
1578 841 1687 870 deferre
1699 851 1758 870 con*

973 890 1105 910 neverant
1115 900 1123 908 .

102 1704 183 1736 ⁴Usus
203 1705 277 1735 enim
289 1706 318 1735 in
339 1707 458 1736 Caerem.
471 1704 577 1733 Pontis.
597 1705 772 1743 praescriptus
784 1726 791 1736 ,
811 1702 842 1730 in
852 1701 917 1741 quo‘

102 1748 222 1776 dicitur:
238 1754 250 1783 [
263 1748 394 1777 Induitur
403 1746 494 1785 papali
507 1745 598 1773 habitu
610 1767 617 1778 ,
637 1757 700 1784 toga
712 1767 720 1778 ‚
731 1744 833 1772 scilicet
843 1765 850 1776 ,
875 1743 908 1770 li-

102 1798 154 1817 nea
163 1788 220 1816 alba
230 1809 238 1821 ,
248 1787 375 1818 sandaliis
386 1788 473 1816 rubeis
485 1797 562 1815 aurea
572 1786 770 1824 crucesignatis
783 1807 790 1817 ,
804 1788 817 1816 ]
838 1783 907 1811 anti-

102 1827 243 1867 quiffimus
255 1829 294 1857 est
304 1852 311 1861 ,
324 1831 352 1857 &
361 1828 448 1857 adhuc
462 1830 559 1856 Romae
572 1828 684 1865 antiqua
696 1826 846 1864 perdurant
857 1823 907 1851 hu-

102 1872 146 1906 jus
165 1869 326 1898 documenti
348 1877 527 1897 monumenta
537 1869 672 1896 nonnulla
684 1889 691 1900 ,
715 1876 745 1894 ut
757 1867 787 1894 in
798 1864 907 1892 tribuna.

103 1911 130 1938 S.
143 1911 273 1939 Praxedis
283 1920 296 1938 a
308 1909 430 1939 Paschali
452 1911 523 1947 Papa
534 1910 557 1937 Ι.
571 1908 676 1936 mufivo
693 1917 775 1945 opere
786 1906 907 1934 constru-

104 1951 144 1978 ἃει
154 1972 162 1983 ,
184 1951 228 1978 ubi
239 1949 364 1988 seipsum
376 1950 455 1989 pingi
468 1949 565 1977 fecerat
577 1959 638 1977 cum
648 1947 776 1976 sandaliis
788 1950 863 1982 juxta
874 1946 908 1972 il-

104 1991 156 2019 lius
166 1989 258 2020 saeculi
271 2001 378 2019 morem
387 1990 528 2019 cruciculis
544 1989 632 2028 nigris
643 1990 672 2017 in
681 1988 790 2027 cuspide
812 1996 905 2016 eorum

104 2031 217 2069 {ignatis
228 2053 235 2065 ‚
249 2032 381 2060 nimirum
392 2032 426 2060 de
436 2035 562 2065 ann.82.4
585 2032 657 2058 Item
670 2030 704 2058 de
714 2040 756 2057 an.
769 2035 835 2063 624.
850 2029 908 2056 Ho—

103 2072 197 2099 norius
211 2074 236 2101 Ι.
257 2083 319 2101 cum
332 2072 486 2101 aedificaflet
497 2071 630 2109 templum
655 2071 680 2099 S.
691 2068 809 2109 Agnetis
820 2069 849 2096 in
863 2068 907 2097 via

101 2113 280 2141 Numentana
293 2135 300 2145 ,
321 2113 484 2141 cruciculam
494 2112 578 2140 albam
592 2133 600 2143 ,
621 2121 650 2139 ut
662 2133 668 2143 ‚
679 2110 765 2139 adhuc
776 2109 888 2138 videtur
899 2129 905 2140 ‚

102 2152 134 2180 in
143 2155 199 2187 ejus
223 2154 316 2191 effigie
330 2154 362 2181 ad
373 2154 454 2192 pedes
468 2151 600 2190 imposuit
612 2173 617 2179 .
638 2153 681 2180 Sic
694 2153 723 2178 in
735 2152 759 2179 S.
771 2150 856 2178 Maria
875 2148 907 2177 ad

101 2192 211 2221 fontem
222 2214 230 2225 ‚
248 2203 329 2230 quam
349 2196 392 2231 Jo.
405 2195 458 2222 1v.
481 2202 603 2221 erexerat
614 2214 621 2225 ,
645 2191 714 2220 teste
728 2189 851 2220 Anastas.
864 2190 910 2218 Bi-

102 2232 288 2262 bliothecario
298 2256 305 2266 ,
317 2234 405 2263 adhuc
417 2235 536 2263 duorum
548 2232 716 2262 Pontii-icum
726 2231 832 2269 effigies
844 2240 913 2258 con-

100 2274 248 2303 servantur
258 2284 320 2302 cum
330 2275 449 2302 crucibus
458 2275 489 2302 in
502 2273 614 2311 cuspide
625 2272 810 2301 sandaliorum
820 2292 826 2298 .
838 2273 912 2299 Item

105 2316 140 2343 de
151 2325 226 2343 anno
239 2324 306 2351 590.
317 2315 390 2343 idem
404 2315 434 2343 in
442 2314 490 2343 usu
502 2314 576 2342 fuiss'e
589 2312 752 2352 perspicitur
772 2322 805 2340 ex
818 2312 912 2350 effigie

104 2356 129 2383 S.
143 2358 263 2394 Gregor.
275 2356 370 2394 Magni
381 2366 394 2383 a
407 2356 514 2393 Joanne
526 2355 652 2383 Diacono
664 2353 802 2391 descripta
816 2353 846 2380 in
856 2355 921 2450 musi

103 2396 160 2425 vit-1
169 2417 178 2432 ,1
189 2400 216 2427 ἃ.
227 2407 242 2426 a
259 2398 336 2426 nobis
346 2395 391 2427 hic
405 2396 483 2425 allata
496 2395 526 2426 in
537 2395 600 2425 dict.
614 2395 736 2433 Baculus
746 2414 754 2423 .
766 2395 828 2423 Imo
839 2392 911 2422 anti-

962 1702 1043 1740 quior
1055 1703 1139 1742 figura
1151 1702 1271 1735 ,scilicet
1282 1725 1289 1736 ,
1309 1703 1343 1732 de
1353 1711 1417 1730 ann.
1431 1711 1497 1739 337.
1513 1699 1542 1728 in
1552 1698 1629 1738 Julio
1640 1701 1709 1736 Papa
1720 1699 1767 1726 ha'-

962 1744 1041 1771 betur
1052 1744 1081 1771 in
1092 1744 1157 1771 diet.
1169 1745 1271 1772 Saliare
1282 1765 1288 1771 .
1309 1745 1381 1773 Nam
1392 1742 1451 1770 usus
1461 1741 1602 1770 osculandi
1623 1739 1765 1768 pontificis

962 1784 1043 1821 pedes
1056 1783 1255 1822 antiqinffimus
1268 1784 1316 1816 est,
1328 1788 1355 1812 δ(
1364 1792 1508 1821 propterea
1519 1782 1549 1809 in
1562 1781 1669 1819 {ignum
1677 1780 1766 1807 humi-

962 1825 1047 1852 litatis
1058 1835 1164 1852 crucem
1173 1825 1371 1863 apponitPapa
1383 1824 1411 1851 in
1421 1824 1490 1861 pede
1499 1822 1532 1850 rid
1544 1821 1745 1849 ostendendum
1758 1839 1766 1850 ,

961 1865 1037 1902 quod
1051 1866 1110 1893 talis
1122 1865 1285 1893 reverentia:
1297 1866 1368 1893 afrus
1381 1874 1437 1892 non
1448 1864 1493 1891 fibi
1506 1884 1513 1895 ,
1527 1861 1573 1890 sed
1584 1861 1669 1890 Cruci
1681 1859 1767 1889 Chri-

961 1905 995 1933 sti
1004 1905 1173 1938 exhibeatur,
1190 1916 1219 1933 ut
1228 1906 1262 1934 de
1273 1905 1367 1933 osculo
1380 1904 1442 1942 ped.
1454 1907 1537 1933 Rom.
1549 1912 1605 1940 cap.
1623 1913 1631 1929 1
1642 1907 1665 1930 8.
1675 1900 1768 1930 erudi—

962 1954 990 1973 te
1002 1945 1104 1983 Joseph
1123 1946 1275 1983 Stephanus
1287 1944 1428 1983 scripserat
1440 1965 1446 1971 .
1473 1947 1530 1973 PR.
1541 1942 1600 1971 haec
1613 1942 1697 1971 etiam
1711 1940 1767 1969 fue-

961 1994 1000 2014 rat
1013 1985 1153 2025 responsio
1163 1986 1301 2015 Poss'evini
1320 1989 1427 2024 Magno
1437 1984 1596 2015 Moscorum
1610 1982 1685 2011 Duci
1696 1991 1768 2019 prae-

963 2026 1024 2055 stim
1037 2049 1043 2059 ,
1067 2028 1112 2065 qui
1126 2027 1292 2056 Pontificem
1303 2036 1446 2065 gerentem
1468 2027 1588 2053 Crucem
1608 2021 1767 2051 Dominiin

965 2068 1075 2104 pedibus
1085 2068 1200 2095 minime
1213 2068 1335 2096 laudabat
1347 2087 1354 2094 .
1378 2066 1480 2095 Similis
1491 2066 1562 2093 atho
1573 2064 1607 2092 de
1617 2061 1765 2092 Laurentio

964 2110 1146 2137 Venetierum
1164 2109 1241 2137 Duce
1253 2108 1357 2146 legitur
1367 2128 1374 2139 ,
1389 2109 1462 2141 cujus
1473 2116 1549 2144 pater
1561 2105 1670 2132 nolebat
1681 2101 1766 2140 capite

967 2148 1077 2177 detesto
1088 2148 1178 2177 secum
1189 2149 1277 2187 loqui,
1288 2149 1352 2176 ideo
1361 2146 1487 2175 occursus
1499 2145 1666 2174 occasionem
1678 2142 1767 2179 fugie-

966 2189 1021 2220 bam
1035 2200 1128 2217 verum
1139 2189 1256 2227 prudens
1269 2189 1340 2217 filius
1351 2188 1380 2216 in
1393 2187 1581 2216 ducalibireto
1590 2192 1698 2222 parvam
1709 2192 1766 2209 cru·

943 2253 945 2255 .
966 2240 1025 2258 cem
1036 2230 1201 2268 imposuerat
1215 2252 1221 2262 ,
1232 2239 1261 2257 ut
1273 2232 1327 2264 ejus
1337 2238 1412 2266 pater
1424 2227 1594 2265 intelligeret
1604 2246 1612 2256 ‚
1623 2223 1696 2261 quod
1709 2232 1767 2249 non

966 2269 1035 2304 filio,
1045 2270 1091 2299 sed
1103 2271 1175 2298 cruci
1189 2270 1218 2298 in
1228 2270 1275 2298 tali
1286 2271 1344 2297 astu
1355 2268 1494 2306 praestaret
1506 2267 1641 2295 honorem
1651 2285 1657 2291 .
1670 2265 1768 2300 imque

968 2311 1001 2338 ad
1013 2312 1154 2341 evitandas
1165 2312 1265 2340 similes
1276 2310 1424 2338 calumnias
1436 2307 1554 2337 Gelafius
1563 2307 1633 2342 Papa
1644 2305 1684 2332 ΙΙ.
1703 2303 1766 2331 ideo

969 2351 1074 2380 soi-tafl‘e
1089 2353 1117 2380 in
1124 2355 1182 2387 ejus
1193 2351 1320 2380 sandaliis
1332 2360 1388 2378 non
1397 2357 1502 2377 crucem
1512 2368 1519 2378 ,
1538 2345 1585 2374 sed
1595 2355 1647 2373 tres
1659 2341 1766 2373 Christi

972 2393 1097 2422 crucifixi
1108 2394 1203 2424 clavos
1215 2392 1383 2430 configurare
1391 2388 1500 2426 juss'erat
1510 2408 1518 2421 ,
1529 2395 1557 2415 ut
1567 2387 1597 2416 in
1608 2388 1663 2422 ejus
1671 2381 1766 2425 effigie

1693 2432 1724 2451 in
