1866 2526
473 25 583 68 CA

1241 25 1281 68 C
1313 25 1352 67 A
1615 43 1689 80 129

123 82 241 116 haben]
264 82 336 114 Nam
355 92 386 112 ut
398 84 567 123 Augustinus
577 92 687 123 quoque
706 81 743 111 ait
753 104 761 116 ‚
784 82 830 122 qui
851 79 923 111 lue-8
959 91 984 110 c.
999 91 1041 111 io.
1054 84 1066 114 ]
1081 82 1139 111 FR-
1151 81 1261 112 Calices
1271 81 1427 120 hujusmodi
1440 81 1524 112 etiam
1535 83 1613 114 facile
1636 86 1725 126 frangi
1739 107 1748 118 ,

121 125 217 154 redem
228 123 316 153 fllium
327 124 462 163 relinquit
471 147 479 159 ,
501 125 618 154 Christo
628 125 712 153 donat
725 145 732 157 ‚
753 127 827 160 cujus
845 123 904 152 haec

122 163 186 195 sunt
197 165 292 193 verba:
315 164 435 203 [Siquis
444 165 564 195 irascitur
575 165 635 194 filio
653 163 701 194 suo
712 186 719 197 ‚
740 168 769 193 &
787 164 906 193 moriens

122 204 302 236 exhaereditat
324 215 386 235 eum
396 227 404 238 ,
427 206 447 235 si
458 207 569 236 viveret
592 216 685 234 nonne
707 215 767 234 euni
791 207 906 244 placare-

121 256 180 275 mus
199 267 207 279 ‚
231 255 324 274 nonne
344 246 371 274 ei
401 246 489 275 filiuni
522 246 700 276 reconciliare
729 247 886 274 deberemus
897 249 906 274 ἓ

121 286 273 323 Quomodo
281 297 348 325 ergo
357 296 419 315 cum
431 287 490 318 filio
499 287 549 316 suo
558 288 625 316 volo
635 297 664 315 ut
682 287 778 315 habeat
795 296 887 325 pacem
899 306 907 318 ,

121 330 196 363 cujus
205 336 303 365 appeto
323 326 536 358 haeredirstem?
557 328 610 357 Sed
628 329 707 366 plane
724 328 758 357 stc
770 327 848 356 faciat
857 325 905 354 sre-

123 377 174 407 pe,
195 368 271 406 quod
290 367 412 397 hortatus
429 369 507 400 sum5
529 370 576 407 qui
597 379 681 397 unum
699 367 787 397 fllium
805 366 905 410 habet,

121 417 200 447 putet
210 407 354 437 Christum
364 410 494 439 alterum:
517 409 536 438 si
547 410 613 438 duos
624 409 704 438 habet
714 431 723 443 ‚
733 418 809 447 putet
820 409 847 436 C
849 406 907 451 hri-

121 450 192 478 stum
203 449 312 477 tertium
322 462 333 482 ,¹
357 450 375 478 si
388 451 483 479 decem
501 449 581 479 habet
592 472 600 483 ,
622 449 798 478 undecimum
819 446 906 491 Cbri-

120 490 191 518 stum
213 489 290 517 facist
301 511 309 522 ‚
332 494 359 519 ὅ(
369 489 510 530 suscipiat.
533 491 618 519 Ser-m.
632 502 657 519 ι..
667 490 701 517 de
711 489 769 518 vira
778 489 904 519 Cleric.]

120 533 216 569 Atque
223 530 367 559 concludit
376 531 450 560 idem
459 533 484 561 S.
497 531 620 560 Doi‘tor:
641 535 658 566 ἶ
670 529 834 567 Quicunque
846 529 906 556 vult

118 569 321 599 exhaereditato
343 571 402 599 silio
421 593 429 605 ,
459 573 595 601 haeredem
625 571 712 599 faeere
742 570 885 599 Ecclesiam
896 579 904 599 ς

121 615 227 649 quaex'at
244 611 377 644 alterum,
399 612 446 651 qui
465 611 590 650 suscipiat
602 632 610 644 ‚
635 621 690 639 non
703 609 904 653 Augustinum:

125 651 183 680 imo
193 652 257 680 Deo
268 662 283 690 p
291 651 394 690 ropitio
403 653 542 681 neminem
553 651 688 684 inveniet,
700 652 772 689 apud.
780 653 905 679 Gratian.

125 701 134 719 ι
142 702 168 723 7.
179 692 272 729 quaest.
285 704 311 727 4.
322 702 379 720 can.
391 692 556 731 Quicunque
568 692 628 720 vult
640 693 670 722 .]
684 694 722 720 At
733 691 800 730 quid
810 691 904 719 dicen-

120 732 188 760 dum
197 732 231 762 de
240 731 387 770 Religiosis
406 733 463 761 illis
475 754 483 766 ‚
506 733 553 771 qui
573 733 694 761 divitum
713 735 845 768 juvenum
857 742 904 759 vor

119 773 256 801 luntarem
268 771 407 801 blanditiis·
418 794 425 805 ‚
448 777 475 803 δι’
486 772 698 812 persuasionibus
715 782 884 811 extorquent
897 794 903 804 ,

118 822 150 841 ut
171 811 330 850 religiosum
347 813 470 842 habitum
491 813 638 853 suscipiant
660 818 670 843 ?
691 815 736 843 De
757 813 905 856 Religiosis

116 851 203 881 nostri
213 851 305 881 saeculi
316 863 372 882 non
382 853 469 883 scribo
479 877 486 888 ‚
510 865 576 894 quos
585 855 615 883 ab
625 854 678 883 hoc
690 864 768 893 turpe
780 854 906 882 interefle

116 891 222 921 alienos
230 892 349 932 agnosco
361 905 369 924 ‚-
392 905 487 924 verum
497 895 531 923 de
542 895 660 934 antiquis
673 918 677 928 ,
701 898 729 923 δε
741 895 906 933 temporibus

115 933 199 962 valde
209 933 320 962 remotis
331 935 493 974 degentibus
504 958 511 969 ,
533 937 568 964 de
588 936 685 975 quibus
703 936 829 964 Concilii
843 936 902 963 Mo-

117 973 232 1012 guntini
244 976 295 1002 ΡΡ.
307 976 528 1012 pronunciatum
541 976 621 1005 talia:
647 981 659 1010 [
671 978 738 1005 Non
751 976 779 1003 in
792 975 905 1003 frustum

118 1013 287 1047 animarum,
307 1013 354 1044 sed
373 1016 402 1043 in
412 1017 556 1045 avaritiam
569 1038 575 1046 ,
592 1019 618 1044 δε
638 1026 717 1055 turpe
738 1017 842 1044 lucrum
863 1016 904 1044 in-

112 1052 221 1083 hiantes
231 1075 241 1088 ,
262 1053 387 1084 homines
407 1056 657 1085 circumvenientes
676 1078 684 1090 ,
706 1057 828 1085 tondunt
847 1078 855 1089 ‚
878 1060 906 1085 ὃ(

115 1103 158 1123 res
176 1104 269 1123 eorum
289 1095 338 1124 tali
355 1096 523 1134 persuasione
539 1096 735 1135 surripiunt.]
760 1097 809 1125 Isti
832 1096 906 1125 enim

117 1134 215 1164 taliter
225 1135 329 1168 niceti,
351 1137 369 1164 si
381 1138 465 1165 trastu
478 1137 611 1176 temporis
622 1137 793 1174 perseverare
802 1147 904 1176 cogan-

118 1184 182 1207 tur,
205 1176 272 1204 bona
282 1186 376 1204 eorum
394 1176 547 1206 haeredibus
567 1177 706 1206 reddenda
723 1176 804 1209 sunt,
825 1187 856 1205 ut
878 1177 907 1204 in

116 1225 177 1243 can.
189 1215 343 1244 constituit.
355 1227 401 1245 21.
413 1218 506 1255 quaest.
518 1229 544 1256 3.
559 1217 736 1256 disponitur-5
756 1228 837 1256 atque
846 1221 905 1254 jure

117 1255 226 1293 oPtimo
234 1256 339 1285 Bullam
357 1257 445 1285 edidit
458 1259 615 1287 Alexander
634 1260 706 1296 Papa
717 1260 785 1287 VII.
808 1259 837 1286 in
855 1269 907 1306 gua

115 1294 243 1334 prohibet
254 1296 414 1335 unigenitos
422 1298 524 1327 divites
537 1298 634 1338 absque
654 1299 823 1328 Genitorum
839 1309 904 1327 con-

115 1334 194 1364 sensu
203 1358 210 1369 ,
232 1335 353 1366 habitum
364 1337 524 1378 Religionis
533 1339 668 1377 suscipere
678 1360 686 1367 .
707 1339 810 1369 Calicis
830 1340 904 1378 puri-

115 1376 210 1405 ficatio
220 1397 227 1404 .
252 1377 325 1406 Vide
333 1380 495 1416 Purificatio
503 1381 602 1409 calicis
612 1401 620 1408 .
631 1380 705 1408 Vide
716 1381 886 1417 Mimstralis
897 1401 903 1407 .

115 1417 201 1446 Calix
214 1428 270 1447 non
281 1419 370 1456 potest
387 1420 463 1458 tangi
479 1442 487 1453 ,
511 1421 561 1450 nisi
570 1431 584 1450 a
593 1419 661 1450 solis
672 1421 806 1450 Ministris
824 1421 855 1449 in
865 1420 904 1449 sa-

114 1457 171 1486 cris
191 1459 347 1487 constitutis
356 1480 363 1487 .
388 1460 461 1490 Vide
483 1463 674 1498 Minister-ium
694 1483 700 1490 .
724 1461 905 1490 Coeremonia

114 1496 270 1527 adhibenda
280 1499 309 1528 in
317 1499 420 1529 Calicis
441 1500 584 1531 offertorio
594 1523 600 1530 .
624 1502 698 1530 Vide
709 1503 884 1540 offertorium
897 1514 902 1533 ε

115 1536 253 1567 ubietiam
264 1550 386 1568 narratur
397 1563 405 1574 ‚
427 1543 501 1580 quod
519 1542 668 1581 antiquitus
687 1543 842 1571 elevabatur
852 1544 904 1571 Ca-

115 1578 158 1606 lix
177 1588 321 1617 coopertus
339 1581 371 1609 ad
392 1582 578 1616 offertorium,
601 1587 678 1619 juxta
697 1583 781 1611 ritum
793 1585 904 1612 Graeco-

114 1628 178 1647 rum
188 1639 195 1646 .
216 1622 254 1654 εΙΙε
265 1622 300 1649 In
309 1621 445 1650 Calicibus
457 1623 542 1661 igitur
555 1624 651 1652 vitreis
660 1621 818 1652 consecrare
828 1624 903 1652 ordi-

114 1668 194 1687 narat
215 1661 324 1689 Sanftus
346 1661 524 1700 zephyrinus
545 1666 617 1703 Papa
628 1686 635 1697 ,
658 1675 690 1693 ex
713 1664 807 1702 quibus
831 1664 900 1693 mihi

113 1709 200 1728 unum
213 1700 308 1730 videre
329 1703 452 1742 contigit
463 1725 471 1737 ,
492 1714 574 1743 quem
597 1705 698 1733 eximio.
720 1705 902 1734 veneratione

112 1749 198 1778 penes
207 1740 236 1769 se
248 1742 384 1781 Virgilius
395 1743 481 1781 Spada
490 1746 523 1774 In
529 1745 652 1773 nocentii
663 1747 695 1773 X.
707 1744 901 1781 Eleemosyna-

111 1779 169 1809 rius
178 1781 350 1816 adservabat5
373 1785 484 1814 cuiduae
504 1795 538 1813 ex
549 1786 642 1814 eadem
661 1786 775 1814 materia
792 1787 903 1816 collate-

113 1821 186 1850 mles
197 1821 266 1851 ansae
277 1823 408 1861 adjunstae
418 1835 499 1853 erant
510 1847 518 1859 ‚
540 1829 617 1862 juxta
630 1826 767 1855 vetustum
778 1837 899 1856 morem:

113 1865 132 1896 1
142 1863 228 1891 Levat
236 1873 297 1891 cum
307 1863 451 1893 offertorio
463 1867 575 1894 calicem
595 1877 644 1906 per
655 1866 728 1895 ansas
740 1889 747 1899 ,
768 1871 796 1895 ἃ
808 1878 885 1896 tenet
895 1891 901 1901 ‚

114 1902 327 1933 exaltansillum
343 1907 419 1941 juxta
428 1907 591 1936 Pontificem
603 1928 609 1935 .
632 1907 705 1936 Ord.
726 1909 834 1940 Rom]
858 1910 902 1938 De

106 1942 324 1974 *Archidiacono
336 1966 344 1978 ‚
366 1947 431 1975 dum
441 1947 573 1976 Pontifici
592 1948 739 1977 celebranti
751 1948 884 1977 ministrat
894 1971 901 1982 ,

116 1984 192 2023 agits
215 1993 296 2022 atque
305 1986 331 2013 S.
342 1987 474 2024 Exuperii
485 1987 756 2027 fl‘oletanifipaiscopi
777 1987 900 2026 spiritua-

114 2025 154 2053 les
163 2025 275 2053 divitias
286 2027 409 2055 exaltans·
420 2049 428 2060 ,
451 2029 530 2067 epist.
540 2040 566 2064 4.
579 2029 613 2058 ad
630 2029 709 2058 Rust.
727 2029 798 2057 circa.
818 2029 901 2058 finem

113 2066 154 2094 D.
164 2065 356 2101 Hieronymus
368 2088 374 2099 ,
398 2068 454 2096 ait:
479 2068 587 2105 [Nihil
598 2070 649 2098 illo
660 2069 744 2097 ditius
753 2091 761 2103 ‚
783 2070 831 2108 qui
842 2080 902 2098 cor-

113 2115 165 2144 pus
175 2106 295 2135 Domini
306 2107 424 2136 canistro
433 2109 556 2138 vimineo
568 2131 576 2143 ,
599 2114 627 2139 ὅ(
637 2109 796 2148 sanguinem
811 2120 901 2149 portat

113 2147 145 2174 in
156 2146 230 2175 vitro
241 2169 248 2175 .
260 2149 272 2179 ]
296 2146 372 2175 Usus
387 2146 432 2176 hic
447 2149 534 2188 usque
543 2151 576 2178 ad
588 2150 660 2179 Divi
672 2149 781 2178 Urbani
801 2153 880 2189 Papae
894 2173 902 2184 ‚

113 2189 143 2214 ὅ(
156 2187 285 2222 Martyris
294 2197 416 2226 tempora
425 2190 584 2227 perduravit
595 2212 603 2223 ,
615 2191 663 2229 qui
673 2190 774 2219 deinde
784 2201 817 2219 ex
827 2202 902 2225 auro,

115 2227 162 2256 vel
172 2236 289 2266 argento
298 2228 358 2256 fieri
371 2229 520 2263 stabilivit,
539 2231 567 2259 in
579 2232 674 2270 quibus
685 2253 691 2263 ‚
714 2241 743 2259 ut
756 2232 903 2260 Tertullia-

111 2277 165 2295 sius
178 2278 270 2296 narrat
281 2290 289 2301 ‚
313 2268 459 2298 Christum
469 2280 530 2298 cum
540 2271 649 2300 ovicula
660 2273 799 2300 aberrante
810 2271 838 2299 in
848 2275 903 2307 ejus

113 2306 246 2336 humeros
255 2308 345 2337 delata
357 2310 454 2338 caelare
463 2309 585 2340 solebant
595 2333 604 2345 ‚
625 2312 752 2350 inquiens
764 2323 770 2338 :
784 2318 796 2346 [
807 2314 902 2340 Patro-

108 2348 249 2378 tcinabitur
257 2350 347 2388 pastor
357 2371 365 2383 ,
375 2361 455 2388 quem
466 2351 495 2380 in
505 2351 601 2380 Colice
611 2352 772 2392 depingitis.
782 2353 828 2381 Dc
835 2353 904 2391 pall.

152 2391 347 2422 ‚Hierolexicon
363 2396 472 2421 Alacri-

961 122 1035 151 idem
1047 132 1256 152 commemorat.
1266 123 1313 153 lib.
1324 123 1358 152 de
1374 123 1511 152 Pudicitia
1528 135 1552 152 c.
1564 136 1611 158 27.
1633 127 1677 156 ubi
1697 129 1747 156 1²2-

961 163 1059 192 melius
1067 162 1164 193 calices
1173 165 1280 193 vitreos
1291 174 1357 193 tunc
1367 163 1441 194 fuisl'e
1452 163 1606 194 dostiffime
1626 168 1749 196 animad-

962 204 1048 234 vertit
1058 223 1065 231 .
1079 206 1154 233 Nam
1163 204 1182 233 si
1193 205 1321 234 Urbanus
1331 206 1354 234 Ι.
1365 215 1470 238 aureos,
1479 208 1507 234 δε
1519 215 1662 245 argenteos
1671 209 1749 237 Cali-

961 254 1004 272 ces
1015 244 1263 275 fiericonstituerat
1274 268 1280 279 ,
1301 245 1348 284 qui
1370 245 1429 284 post
1441 247 1608 275 Tertulliani
1627 257 1750 286 tempora

960 285 1090 314 Pontifex
1100 285 1231 314 extiterat
1242 285 1392 325 5sequitur,
1402 286 1477 324 quod
1488 297 1511 314 c.
1529 298 1571 315 io.
1580 287 1614 317 de
1625 289 1688 326 pall.
1700 288 1749 317 cit.

962 335 1021 353 non
1030 325 1064 355 de
1073 325 1158 354 aureis
1168 348 1176 359 ,
1195 331 1222 356 δι
1233 326 1368 366 argenteis
1379 348 1388 360 ‚
1408 326 1454 355 sed
1467 327 1501 356 de
1514 328 1609 357 vitreis
1621 329 1750 358 calicibus

962 367 1218 405 Tertulldoquatur
1227 389 1234 396 .
1258 367 1368 397 Vetitus
1385 377 1475 396 autem
1486 367 1537 397 fuit
1550 370 1651 398 vitreus
1662 370 1749 400 Calix

962 406 996 434 ob
1006 406 1144 435 fractionis
1154 408 1304 446 periculum
1317 430 1324 440 ‚
1345 411 1373 437 ὅ(
1384 408 1530 438 Dominici
1539 407 1678 449 sanguinis
1690 421 1750 440 ver-

960 446 1074 480 sione-m,
1085 448 1153 477 sicut
1162 449 1270 477 cuidam
1280 449 1422 478 Laurentii
1434 449 1548 478 nomine
1558 450 1749 480 Mediolanen-

961 487 993 515 fis
1003 489 1127 518 Ecclesia:
1139 489 1278 523 Diacono,
1289 500 1322 518 ex
1333 490 1467 529 Gregorii
1476 491 1641 520 Turonensis
1650 491 1684 521 de
1700 493 1749 521 Gi.

962 528 1044 555 Mart.
1054 539 1077 556 c.
1094 535 1137 558 16.
1147 529 1309 559 testimonio
1319 530 1477 569 accid1t‚qni
1488 531 1606 569 proceflii
1618 532 1750 571 temporis

961 566 1080 603 ejusdem
1092 571 1216 600 Ecclesiae
1230 569 1378 610 Episcopus
1389 571 1485 600 extitit
1498 593 1505 604 ‚
1516 581 1546 600 ut
1556 583 1589 601 ex
1602 573 1753 602 Sirmondo

962 607 991 636 in
1004 610 1090 638 Notis
1099 610 1132 638 ad
1142 611 1304 641 Ennodium
1315 633 1322 640 .
1335 612 1382 641 lib.
1393 612 1450 640 dies
1459 611 1526 640 sacr-
1543 624 1565 640 i.
1577 617 1604 642 ὃ(
1623 624 1657 642 ex
1668 616 1752 643 Baro-

962 648 1010 676 nio
1019 659 1062 678 an.
1074 655 1140 686 489.
1152 656 1180 681 ὅ(
1191 650 1245 691 seq.
1256 652 1418 692 colligitur.
1441 652 1558 692 Insuper
1569 654 1686 684 similem
1697 656 1751 683 Ca-

960 689 1023 717 licis
1034 690 1195 720 fraEtionem
1207 714 1214 725 ‚
1226 697 1253 722 δε
1266 695 1292 722 S.
1302 693 1410 722 Donati
1423 693 1544 731 precibus
1555 694 1751 734 reintegratum

961 730 986 758 S.
999 732 1084 770 Greg.
1097 732 1170 771 Mag.
1182 733 1227 761 lib.
1244 744 1265 762 1.
1278 733 1353 762 Dial.
1367 745 1389 762 c.
1402 744 1428 765 7.
1442 733 1524 763 refert
1536 756 1543 767 ‚
1563 735 1610 773 qui
1624 737 1751 764 Donatus

961 770 1112 809 Episcopus
1122 774 1255 802 Aretinus
1265 775 1394 804 floruerat
1405 784 1476 802 anno
1486 786 1534 811 94.
1545 777 1644 804 Baton.
1658 776 1687 804 in
1697 775 1749 805 boc

961 812 1020 839 An.
1030 822 1057 840 n.
1069 816 1115 847 48.
1126 823 1161 841 ex
1172 814 1267 852 quibus
1285 813 1405 843 insertur
1425 814 1505 843 etiam
1525 815 1583 852 post
1603 815 1750 845 Pontifica-

961 860 1021 880 tum
1032 852 1170 882 §.Ui-bani
1180 854 1210 882 in
1221 855 1381 894 pauperibus
1393 856 1518 885 Ecclesiis
1528 856 1637 885 Calices
1648 857 1750 885 vitreos

961 901 1010 929 per
1019 893 1080 921 him
1091 892 1188 922 saltem
1199 894 1298 924 saecula
1309 895 1410 924 durass'e
1419 916 1426 923 .
1450 897 1546 935 Itaque
1557 908 1614 926 non
1623 896 1683 926 usus
1693 898 1749 927 Ca-

960 932 1021 960 licis
1031 954 1040 966 ,
1062 937 1089 962 &
1101 944 1205 973 patene
1219 936 1314 964 vitrea:
1325 935 1479 974 prohibitus
1490 937 1562 965 suita
1575 938 1600 966 S.
1612 939 1731 967 Urbano
1745 950 1750 965 τ

960 972 1008 1001 sed
1017 976 1201 1011 omniasacra
1211 975 1444 1015 ministeriasecit
1455 987 1584 1015 argentea
1593 999 1602 1011 ,
1625 989 1654 1008 ut
1671 978 1751 1016 supra

960 1023 993 1041 ex
1005 1014 1118 1042 Concil.
1131 1016 1237 1044 Tribur.
1247 1017 1350 1045 constat
1362 1039 1369 1044 .
1393 1018 1456 1046 Imo
1476 1018 1597 1046 tantive
1613 1029 1647 1048 ex
1658 1019 1707 1048 lib.
1718 1019 1753 1048 de

960 1056 1079 1083 Roman.
1091 1056 1270 1086 Pontificibus
1281 1057 1315 1086 sic
1335 1056 1448 1086 habetur
1460 1070 1466 1085 :
1487 1061 1500 1092 [
1513 1058 1568 1087 Hic
1587 1059 1652 1088 fecit
1670 1059 1751 1089 mini.

960 1093 1039 1122 steria
1047 1094 1146 1123 sacrata
1167 1098 1262 1126 omnia
1279 1107 1423 1136 argentea,
1450 1102 1476 1127 δ(
1490 1108 1601 1137 patenas
1612 1110 1752 1139 argenteas

960 1134 1064 1172 viginti
1087 1135 1210 1175 quinque
1228 1138 1354 1175 apposuit
1363 1159 1370 1166 .
1384 1140 1396 1169 ]
1417 1139 1506 1167 Unde
1526 1151 1583 1168 non
1595 1140 1749 1178 prohibuis-

965 1172 994 1201 se
1004 1196 1011 1207 ‚
1023 1174 1070 1203 sed
1085 1175 1189 1210 fecisse,
1208 1181 1236 1206 δε
1246 1177 1395 1216 apposuisle
1423 1180 1567 1218 colligitur
1586 1181 1733 1210 Urbanum
1744 1203 1752 1210 .

958 1214 1039 1250 Quin
1057 1217 1226 1254 temporibus
1242 1220 1268 1247 S.
1279 1218 1351 1248 Xisti
1362 1221 1442 1257 Papae
1456 1241 1463 1252 ,
1487 1223 1605 1249 &Mai-t.
1625 1231 1701 1250 erant
1712 1221 1753 1250 sa—

959 1265 1003 1284 cra
1013 1253 1072 1285 vast
1083 1266 1161 1286 aurea
1172 1280 1180 1291 ,
1202 1268 1232 1286 ut
1243 1269 1277 1287 ex
1288 1260 1366 1288 Afris
1386 1261 1412 1288 S.
1423 1261 1565 1289 Laurentii
1583 1264 1751 1291 Protomzrt.

960 1306 1008 1334 per
1019 1298 1044 1326 S.
1055 1298 1183 1326 Ambros.
1196 1299 1212 1326 l.
1230 1311 1255 1327 2.
1266 1310 1290 1327 c,
1303 1304 1350 1335 48.
1366 1304 1393 1329 ὅ(
1404 1301 1588 1330 Prudentium
1601 1303 1630 1330 in
1642 1303 1752 1338 hymno

963 1341 987 1364 8.
999 1338 1024 1365 S.
1037 1339 1178 1367 Laurentii
1196 1339 1325 1370 constan*
1350 1341 1442 1369 Sixtus
1459 1342 1535 1370 enim
1546 1343 1692 1372 Urbanum
1705 1355 1753 1382 per

959 1378 1093 1407 CXXIV.
1103 1389 1189 1408 annos
1199 1380 1385 1418 praetesl'erat5
1405 1392 1467 1410 nam
1479 1383 1570 1412 Sixtus
1580 1395 1653 1413 :inno
1665 1385 1752 1414 Doni.

957 1419 1076 1447 CXLII.
1087 1420 1223 1455 martyrio
1234 1431 1379 1450 coronatus
1398 1422 1449 1450 fuit
1460 1445 1467 1455 ‚
1491 1427 1517 1452 ὃ(
1530 1424 1660 1452 Urbmus
1678 1425 1751 1464 cepit

958 1457 1036 1487 suum
1052 1461 1251 1490 Pontificatum
1271 1464 1326 1491 An.
1348 1463 1509 1492 CCXXVI.
1529 1465 1688 1494 Prohibitio
1708 1466 1751 1495 vi-

960 1508 1084 1528 treorum
1094 1502 1222 1531 Calicum
1231 1512 1260 1530 re
1271 1512 1333 1531 vera
1343 1502 1372 1531 in
1383 1503 1649 1534 Concil.Rhemenli
1659 1513 1749 1535 can.6.

960 1550 1133 1569 emanaverat
1146 1564 1152 1575 ,
1176 1553 1206 1571 ut
1221 1541 1337 1571 habetur
1356 1543 1386 1572 in
1405 1554 1463 1572 can.
1474 1554 1503 1572 ut
1514 1545 1583 1573 calix
1597 1567 1604 1578 ‚
1626 1547 1661 1575 de
1671 1548 1750 1576 Con-

959 1579 1027 1609 secr.
1037 1581 1099 1610 dist.
1115 1593 1136 1610 i.
1147 1584 1192 1612 ubi
1202 1583 1310 1622 ligneos
1323 1605 1328 1615 ‚
1342 1585 1447 1612 vitreos
1460 1606 1465 1616 ,
1477 1595 1563 1614 aereos
1576 1606 1584 1618 ‚
1607 1587 1653 1615 vel
1663 1597 1695 1615 ex
1706 1598 1749 1615 :iu-

958 1621 1060 1650 ricalco
1069 1622 1130 1651 fieri
1138 1623 1245 1652 Calices
1255 1623 1399 1661 prohibuit
1409 1645 1416 1651 .
1438 1637 1444 1652 ι
1459 1627 1474 1659 Η
1487 1637 1493 1653 z
1507 1626 1663 1656 Marmoreo
1672 1626 1750 1656 usum

958 1661 1034 1691 fuifl'e
1043 1662 1129 1691 calice
1149 1665 1174 1692 S.
1185 1663 1362 1693 Theodorum
1377 1664 1632 1695 Archimandritam
1653 1668 1682 1696 in
1693 1672 1749 1703 ejus

960 1703 1019 1732 vita
1029 1704 1182 1742 Gregorius
1193 1706 1336 1740 Presbyter
1346 1705 1429 1734 refert
1441 1716 1492 1736 {ex
1503 1717 1556 1735 «ει-ε
1567 1718 1634 1736 vero
1643 1709 1749 1742 Gallus,

959 1747 986 1772 ὃ(
996 1745 1183 1773 Columbauus
1195 1746 1395 1784 Abb;1tes,cujus
1404 1747 1548 1775 materiam
1558 1749 1657 1777 Sac.C:i
1663 1759 1748 1778 none>

959 1784 993 1813 ob
1004 1784 1165 1813 nauseosum
1174 1786 1282 1825 gustum
1292 1809 1300 1819 ,
1325 1797 1406 1826 :itque
1417 1788 1531 1815 odorem
1541 1810 1549 1821 ‚
1574 1789 1608 1817 sic
1619 1789 1703 1818 etiam
1712 1799 1746 1818 ex

957 1825 1111 1854 aurichalco
1121 1847 1128 1858 ,
1152 1825 1351 1864 prohibuerunt
1362 1848 1369 1855 .
1380 1829 1503 1857 Calicem
1515 1850 1522 1860 ,
1543 1839 1598 1867 quo
1611 1829 1641 1858 in
1651 1830 1747 1864 ultima

958 1876 1037 1894 ccena
1047 1865 1175 1895 Christus
1184 1867 1323 1896 Dominus
1333 1867 1540 1897 consecraverat
1551 1891 1560 1902 ‚
1583 1880 1747 1909 argenteum

959 1905 1032 1934 suifl'e
1041 1909 1140 1935 Baton.
1153 1909 1209 1936 An.
1220 1918 1266 1945 34.
1279 1907 1399 1941 refert,&
1411 1909 1490 1937 Bedae
1503 1911 1667 1948 temporibus
1678 1912 1748 1940 Hie-

957 1946 1104 1981 rosolymis
1114 1947 1314 1980 ostendebatur,
1325 1959 1354 1976 ut
1366 1948 1481 1986 ipsemet
1491 1950 1538 1978 lib.
1550 1951 1583 1978 de
1595 1953 1659 1980 Loc.
1669 1953 1746 1980 Sanc.

957 1997 980 2014 c.
991 1998 1017 2025 3.
1029 1988 1063 2015 sic
1072 1987 1195 2016 testatur:
1208 1995 1221 2023 [
1232 1990 1266 2016 In
1277 1990 1373 2026 platea,
1384 1999 1443 2027 quae
1458 1992 1663 2026 Mummium&
1674 1994 1745 2020 Gol-

956 2027 1042 2066 gotha
1051 2038 1193 2056 Contlnu‘it
1206 2050 1213 2060 ‚
1236 2029 1333 2057 exedra.
1353 2029 1390 2057 est
1403 2051 1411 2061 ,
1432 2030 1460 2058 in
1472 2041 1522 2069 qua
1531 2032 1614 2060 calix
1625 2033 1742 2062 Domini

957 2067 1092 2097 scriniolo
1104 2069 1260 2098 reconditus
1280 2079 1327 2107 per
1338 2072 1460 2108 operculi
1480 2071 1603 2101 foramen
1612 2073 1690 2112 tangi
1701 2071 1743 2101 so-

956 2109 1036 2141 len&
1046 2108 1218 2147 osculiri‚quz
1232 2119 1375 2147 argenteus
1386 2111 1457 2139 calix
1470 2110 1536 2142 hinc
1547 2112 1611 2141 inde
1619 2114 1685 2142 duas
1697 2114 1745 2143 ha-

958 2149 1002 2178 bet
1011 2148 1114 2178 ansulas
1127 2170 1133 2181 ,
1150 2149 1258 2177 sextarii
1272 2149 1506 2190 mensuramcapit
1517 2174 1526 2186 ‚
1548 2152 1577 2181 in
1587 2164 1642 2192 quo
1651 2154 1745 2185 illaest

958 2188 1073 2228 spongia
1085 2190 1202 2218 Domini
1215 2199 1294 2227 potus
1304 2191 1452 2223 ministrs]
1465 2193 1599 2222 Valentiae
1611 2204 1678 2223 vero
1691 2196 1745 2223 Hi-

958 2228 1057 2268 spania:
1078 2231 1160 2258 alium
1181 2230 1364 2259 Dominicu‘m
1382 2234 1507 2261 Calicem
1527 2233 1627 2263 achatae
1646 2236 1743 2274 lapidis

960 2268 1117 2298 conservari
1126 2270 1220 2298 hom-2
1227 2272 1673 2312 ⁶.zulirm2tCarthagem‚·forcalle
1684 2277 1744 2314 plu-

961 2311 1042 2339 resin
1051 2309 1180 2339 sac-ecem
1189 2312 1316 2340 contastu
1326 2334 1333 2345 ,
1351 2316 1380 2342 ὅ(
1390 2313 1596 2352 dispensatione
1609 2314 1745 2353 sanguinis

961 2352 1109 2380 salvatoris
1120 2350 1203 2380 nostri
1216 2351 1366 2382 consecrati
1379 2353 1462 2382 suere.
1475 2355 1566 2394 Igitur
1577 2356 1680 2384 Calicis
1691 2367 1747 2386 ma-

1410 2396 1425 2424 l
1636 2396 1704 2427 teria
