<?xml version="1.0" encoding="UTF-8"?>
<!DOCTYPE html PUBLIC "-//W3C//DTD XHTML 1.0 Transitional//EN"
    "http://www.w3.org/TR/xhtml1/DTD/xhtml1-transitional.dtd">
<html xmlns="http://www.w3.org/1999/xhtml" xml:lang="en" lang="en">
 <head>
  <title>
</title>
<meta http-equiv="Content-Type" content="text/html;charset=utf-8" />
  <meta name='ocr-system' content='tesseract 3.04.00' />
  <meta name='ocr-capabilities' content='ocr_page ocr_carea ocr_par ocr_line ocrx_word'/>
</head>
<body>
  <div class='ocr_page' id='page_1' title='image "./dominicimacrimel00magr/dominicimacrimel00magr_0668.png"; bbox 0 0 1866 2526; ppageno 0'>
   <div class='ocr_carea' id='block_1_1' title="bbox 147 80 943 177">
    <p class='ocr_par' dir='ltr' id='par_1_1' title="bbox 147 80 943 177">
     <span class='ocr_line' id='line_1_1' title="bbox 162 80 601 136; baseline -0.007 -11"><span class='ocrx_word' id='word_1_1' title='bbox 162 80 243 136; x_wconf 80' lang='lat'>640</span> <span class='ocrx_word' id='word_1_2' title='bbox 499 80 527 123; x_wconf 88' lang='lat' dir='ltr'>S</span> <span class='ocrx_word' id='word_1_3' title='bbox 558 80 601 122; x_wconf 93' lang='lat' dir='ltr'>U</span> 
     </span>
     <span class='ocr_line' id='line_1_2' title="bbox 147 130 943 177; baseline -0.015 -5"><span class='ocrx_word' id='word_1_4' title='bbox 147 141 320 172; x_wconf 72' lang='lat' dir='ltr'>dubitatione</span> <span class='ocrx_word' id='word_1_5' title='bbox 338 138 465 169; x_wconf 75' lang='lat' dir='ltr'>damnata</span> <span class='ocrx_word' id='word_1_6' title='bbox 483 139 562 171; x_wconf 87' lang='lat' dir='ltr'>est.]</span> <span class='ocrx_word' id='word_1_7' title='bbox 582 137 627 167; x_wconf 88' lang='lat' dir='ltr'>ubi</span> <span class='ocrx_word' id='word_1_8' title='bbox 645 131 731 173; x_wconf 77' lang='lat' dir='ltr'>aliqui</span> <span class='ocrx_word' id='word_1_9' title='bbox 750 135 806 170; x_wconf 83' lang='lat' dir='ltr'>ejus</span> <span class='ocrx_word' id='word_1_10' title='bbox 825 130 943 177; x_wconf 78' lang='lat' dir='ltr'>Codices</span> 
     </span>
    </p>
   </div>
   <div class='ocr_carea' id='block_1_2' title="bbox 149 174 945 259">
    <p class='ocr_par' dir='ltr' id='par_1_2' title="bbox 149 174 945 259">
     <span class='ocr_line' id='line_1_3' title="bbox 150 174 944 214; baseline -0.014 -2"><span class='ocrx_word' id='word_1_11' title='bbox 150 182 280 212; x_wconf 87' lang='lat' dir='ltr'>mendose</span> <span class='ocrx_word' id='word_1_12' title='bbox 291 182 390 211; x_wconf 85' lang='lat' dir='ltr'>habent</span> <span class='ocrx_word' id='word_1_13' title='bbox 399 181 558 210; x_wconf 83' lang='lat' dir='ltr'>Dubitata.</span> <span class='ocrx_word' id='word_1_14' title='bbox 580 176 702 208; x_wconf 81' lang='lat' dir='ltr'>Tandem</span> <span class='ocrx_word' id='word_1_15' title='bbox 714 174 848 214; x_wconf 86' lang='lat' dir='ltr'>reperitur</span> <span class='ocrx_word' id='word_1_16' title='bbox 862 183 944 202; x_wconf 84' lang='lat' dir='ltr'>etiam</span> 
     </span>
     <span class='ocr_line' id='line_1_4' title="bbox 149 213 945 259; baseline -0.014 -6"><span class='ocrx_word' id='word_1_17' title='bbox 149 224 308 257; x_wconf 76' lang='lat' dir='ltr'>subitatio,</span> <span class='ocrx_word' id='word_1_18' title='bbox 329 222 399 252; x_wconf 86' lang='lat' dir='ltr'>idest</span> <span class='ocrx_word' id='word_1_19' title='bbox 409 245 417 259; x_wconf 85' lang='lat'>‚</span> <span class='ocrx_word' id='word_1_20' title='bbox 435 219 572 250; x_wconf 69' lang='lat' dir='ltr'>subitanea</span> <span class='ocrx_word' id='word_1_21' title='bbox 582 239 591 251; x_wconf 87' lang='lat'><em>,</em></span> <span class='ocrx_word' id='word_1_22' title='bbox 608 228 637 246; x_wconf 80' lang='lat' dir='ltr'>ac</span> <span class='ocrx_word' id='word_1_23' title='bbox 651 213 798 254; x_wconf 82' lang='lat' dir='ltr'>improvisa</span> <span class='ocrx_word' id='word_1_24' title='bbox 809 225 867 244; x_wconf 86' lang='lat' dir='ltr'>res.</span> <span class='ocrx_word' id='word_1_25' title='bbox 891 216 945 243; x_wconf 83' lang='lat' dir='ltr'>Ita-</span> 
     </span>
    </p>
   </div>
   <div class='ocr_carea' id='block_1_3' title="bbox 147 255 936 305">
    <p class='ocr_par' dir='ltr' id='par_1_3' title="bbox 147 131 959 866">
     <span class='ocr_line' id='line_1_5' title="bbox 147 255 936 305; baseline -0.018 -8"><span class='ocrx_word' id='word_1_26' title='bbox 147 277 202 305; x_wconf 85' lang='lat' dir='ltr'>que</span> <span class='ocrx_word' id='word_1_27' title='bbox 221 264 332 295; x_wconf 88' lang='lat' dir='ltr'>videtur</span> <span class='ocrx_word' id='word_1_28' title='bbox 348 262 401 291; x_wconf 84' lang='lat' dir='ltr'>hoc</span> <span class='ocrx_word' id='word_1_29' title='bbox 419 263 533 291; x_wconf 84' lang='lat' dir='ltr'>verbum</span> <span class='ocrx_word' id='word_1_30' title='bbox 551 257 605 288; x_wconf 74' lang='lat' dir='ltr'>esse</span> <span class='ocrx_word' id='word_1_31' title='bbox 624 258 735 287; x_wconf 84' lang='lat' dir='ltr'>Patrum</span> <span class='ocrx_word' id='word_1_32' title='bbox 752 255 936 286; x_wconf 75' lang='lat' dir='ltr'>Afrcanorun</span> 
     </span>
    </p>
   </div>
   <div class='ocr_carea' id='block_1_4' title="bbox 149 307 257 337">
    <p class='ocr_par' dir='ltr' id='par_1_4' title="bbox 149 307 257 337">
     <span class='ocr_line' id='line_1_6' title="bbox 149 307 257 337; baseline -0.019 0"><span class='ocrx_word' id='word_1_33' title='bbox 149 307 240 337; x_wconf 78' lang='lat' dir='ltr'>usuale</span> <span class='ocrx_word' id='word_1_34' title='bbox 249 328 257 335; x_wconf 91' lang='lat'><em>.</em></span> 
     </span>
    </p>
   </div>
   <div class='ocr_carea' id='block_1_5' title="bbox 107 335 946 751">
    <p class='ocr_par' dir='ltr' id='par_1_5' title="bbox 107 335 946 665">
     <span class='ocr_line' id='line_1_7' title="bbox 107 335 944 383; baseline -0.018 -5"><span class='ocrx_word' id='word_1_35' title='bbox 107 347 277 383; x_wconf 71' lang='lat' dir='ltr'>SunJuGALE</span> <span class='ocrx_word' id='word_1_36' title='bbox 290 364 297 372; x_wconf 84' lang='lat'>·</span> <span class='ocrx_word' id='word_1_37' title='bbox 319 345 376 373; x_wconf 71' lang='lat' dir='ltr'>PR.</span> <span class='ocrx_word' id='word_1_38' title='bbox 399 345 559 381; x_wconf 67' lang='lat' dir='ltr'>jumentum</span> <span class='ocrx_word' id='word_1_39' title='bbox 571 362 578 370; x_wconf 91' lang='lat'><strong>.</strong></span> <span class='ocrx_word' id='word_1_40' title='bbox 599 344 615 376; x_wconf 74' lang='lat' dir='ltr'>t</span> <span class='ocrx_word' id='word_1_41' title='bbox 625 343 694 369; x_wconf 83' lang='lat' dir='ltr'>Ecce</span> <span class='ocrx_word' id='word_1_42' title='bbox 715 340 778 368; x_wconf 79' lang='lat' dir='ltr'>Rex</span> <span class='ocrx_word' id='word_1_43' title='bbox 798 347 858 365; x_wconf 86' lang='lat' dir='ltr'>tuus</span> <span class='ocrx_word' id='word_1_44' title='bbox 868 335 944 366; x_wconf 79' lang='lat' dir='ltr'>venit</span> 
     </span>
     <span class='ocr_line' id='line_1_8' title="bbox 149 377 946 422; baseline -0.016 -5"><span class='ocrx_word' id='word_1_45' title='bbox 149 390 199 418; x_wconf 86' lang='lat' dir='ltr'>tibi</span> <span class='ocrx_word' id='word_1_46' title='bbox 210 385 362 416; x_wconf 78' lang='lat' dir='ltr'>mansuetus</span> <span class='ocrx_word' id='word_1_47' title='bbox 373 406 380 416; x_wconf 85' lang='grc'><strong><em>,</em></strong></span> <span class='ocrx_word' id='word_1_48' title='bbox 391 383 487 413; x_wconf 83' lang='lat' dir='ltr'>sedens</span> <span class='ocrx_word' id='word_1_49' title='bbox 496 382 576 422; x_wconf 86' lang='lat' dir='ltr'>super</span> <span class='ocrx_word' id='word_1_50' title='bbox 585 381 693 412; x_wconf 79' lang='lat' dir='ltr'>asinam,</span> <span class='ocrx_word' id='word_1_51' title='bbox 706 382 733 407; x_wconf 72' lang='grc' dir='ltr'>ὃ(</span> <span class='ocrx_word' id='word_1_52' title='bbox 744 378 848 417; x_wconf 85' lang='lat' dir='ltr'>pullum</span> <span class='ocrx_word' id='word_1_53' title='bbox 858 377 946 406; x_wconf 85' lang='lat' dir='ltr'>filium</span> 
     </span>
     <span class='ocr_line' id='line_1_9' title="bbox 148 420 942 468; baseline -0.016 -10"><span class='ocrx_word' id='word_1_54' title='bbox 148 427 310 468; x_wconf 80' lang='lat' dir='ltr'>subjugalis.</span> <span class='ocrx_word' id='word_1_55' title='bbox 330 425 432 454; x_wconf 71' lang='lat' dir='ltr'>Mattli.</span> <span class='ocrx_word' id='word_1_56' title='bbox 441 435 498 463; x_wconf 86' lang='lat' dir='ltr'>cap.</span> <span class='ocrx_word' id='word_1_57' title='bbox 510 435 556 453; x_wconf 78' lang='lat'>21.</span> <span class='ocrx_word' id='word_1_58' title='bbox 578 431 652 450; x_wconf 78' lang='lat' dir='ltr'>num.</span> <span class='ocrx_word' id='word_1_59' title='bbox 669 430 693 456; x_wconf 89' lang='lat'>5.</span> <span class='ocrx_word' id='word_1_60' title='bbox 714 420 887 448; x_wconf 83' lang='lat' dir='ltr'>Secutiviam</span> <span class='ocrx_word' id='word_1_61' title='bbox 899 420 942 447; x_wconf 32' lang='lat' dir='ltr'>Ba*</span> 
     </span>
     <span class='ocr_line' id='line_1_10' title="bbox 149 459 944 504; baseline -0.018 -5"><span class='ocrx_word' id='word_1_62' title='bbox 149 471 220 499; x_wconf 73' lang='lat' dir='ltr'>laam</span> <span class='ocrx_word' id='word_1_63' title='bbox 237 480 272 498; x_wconf 75' lang='lat' dir='ltr'>ex</span> <span class='ocrx_word' id='word_1_64' title='bbox 291 465 394 499; x_wconf 77' lang='lat' dir='ltr'>Boron,</span> <span class='ocrx_word' id='word_1_65' title='bbox 414 465 460 504; x_wconf 87' lang='lat' dir='ltr'>qui</span> <span class='ocrx_word' id='word_1_66' title='bbox 473 463 626 493; x_wconf 80' lang='lat' dir='ltr'>mercedem</span> <span class='ocrx_word' id='word_1_67' title='bbox 649 460 808 499; x_wconf 85' lang='lat' dir='ltr'>iniquitatis</span> <span class='ocrx_word' id='word_1_68' title='bbox 826 459 944 487; x_wconf 75' lang='lat' dir='ltr'>amavit:</span> 
     </span>
     <span class='ocr_line' id='line_1_11' title="bbox 147 498 945 549; baseline -0.018 -9"><span class='ocrx_word' id='word_1_69' title='bbox 147 509 352 549; x_wconf 88' lang='lat' dir='ltr'>correptionem</span> <span class='ocrx_word' id='word_1_70' title='bbox 372 516 439 535; x_wconf 85' lang='lat' dir='ltr'>vero</span> <span class='ocrx_word' id='word_1_71' title='bbox 459 504 552 533; x_wconf 73' lang='lat' dir='ltr'>habuit</span> <span class='ocrx_word' id='word_1_72' title='bbox 572 502 626 531; x_wconf 85' lang='lat' dir='ltr'>suae</span> <span class='ocrx_word' id='word_1_73' title='bbox 644 500 762 531; x_wconf 81' lang='lat' dir='ltr'>vesaniae</span> <span class='ocrx_word' id='word_1_74' title='bbox 774 512 781 528; x_wconf 89' lang='lat'>:</span> <span class='ocrx_word' id='word_1_75' title='bbox 810 498 945 537; x_wconf 71' lang='lat' dir='ltr'>subjugale</span> 
     </span>
     <span class='ocr_line' id='line_1_12' title="bbox 149 539 944 581; baseline -0.019 0"><span class='ocrx_word' id='word_1_76' title='bbox 149 562 258 581; x_wconf 77' lang='lat' dir='ltr'>mutum</span> <span class='ocrx_word' id='word_1_77' title='bbox 276 548 397 580; x_wconf 81' lang='lat' dir='ltr'>animal,</span> <span class='ocrx_word' id='word_1_78' title='bbox 417 545 540 575; x_wconf 84' lang='lat' dir='ltr'>hominis</span> <span class='ocrx_word' id='word_1_79' title='bbox 559 553 626 572; x_wconf 87' lang='lat' dir='ltr'>voce</span> <span class='ocrx_word' id='word_1_80' title='bbox 645 542 780 580; x_wconf 82' lang='lat' dir='ltr'>loquens,</span> <span class='ocrx_word' id='word_1_81' title='bbox 803 539 944 577; x_wconf 78' lang='lat' dir='ltr'>prohibuit</span> 
     </span>
     <span class='ocr_line' id='line_1_13' title="bbox 148 583 943 632; baseline -0.019 -10"><span class='ocrx_word' id='word_1_82' title='bbox 148 591 292 632; x_wconf 84' lang='lat' dir='ltr'>prophetae</span> <span class='ocrx_word' id='word_1_83' title='bbox 304 586 491 626; x_wconf 73' lang='lat' dir='ltr'>insipientiam</span> <span class='ocrx_word' id='word_1_84' title='bbox 502 608 511 620; x_wconf 87' lang='lat'><em>‚</em></span> <span class='ocrx_word' id='word_1_85' title='bbox 522 598 548 616; x_wconf 85' lang='lat'>2.</span> <span class='ocrx_word' id='word_1_86' title='bbox 557 583 633 613; x_wconf 84' lang='lat' dir='ltr'>Petri</span> <span class='ocrx_word' id='word_1_87' title='bbox 645 604 654 617; x_wconf 93' lang='lat'><em>,</em></span> <span class='ocrx_word' id='word_1_88' title='bbox 663 592 719 621; x_wconf 79' lang='lat' dir='ltr'>cap.</span> <span class='ocrx_word' id='word_1_89' title='bbox 732 593 757 611; x_wconf 87' lang='lat'>2.</span> <span class='ocrx_word' id='word_1_90' title='bbox 770 590 846 609; x_wconf 87' lang='lat' dir='ltr'>num.</span> <span class='ocrx_word' id='word_1_91' title='bbox 862 591 906 617; x_wconf 88' lang='lat'>15.</span> <span class='ocrx_word' id='word_1_92' title='bbox 917 584 943 609; x_wconf 69' lang='grc' dir='ltr'>ὅ(</span> 
     </span>
     <span class='ocr_line' id='line_1_14' title="bbox 151 628 570 665; baseline -0.024 -1"><span class='ocrx_word' id='word_1_93' title='bbox 151 635 181 664; x_wconf 83' lang='lat' dir='ltr'>in</span> <span class='ocrx_word' id='word_1_94' title='bbox 190 644 249 662; x_wconf 84' lang='lat' dir='ltr'>can.</span> <span class='ocrx_word' id='word_1_95' title='bbox 259 629 344 660; x_wconf 87' lang='lat' dir='ltr'>secuti</span> <span class='ocrx_word' id='word_1_96' title='bbox 354 628 416 657; x_wconf 88' lang='lat' dir='ltr'>sunt</span> <span class='ocrx_word' id='word_1_97' title='bbox 427 649 435 661; x_wconf 93' lang='lat'><em>‚</em></span> <span class='ocrx_word' id='word_1_98' title='bbox 452 640 478 657; x_wconf 86' lang='lat'>2.</span> <span class='ocrx_word' id='word_1_99' title='bbox 487 637 532 665; x_wconf 87' lang='lat' dir='ltr'>qu.</span> <span class='ocrx_word' id='word_1_100' title='bbox 545 637 570 659; x_wconf 91' lang='lat'>7.</span> 
     </span>
    </p>

    <p class='ocr_par' dir='ltr' id='par_1_6' title="bbox 107 661 943 751">
     <span class='ocr_line' id='line_1_15' title="bbox 107 661 943 708; baseline -0.02 -2"><span class='ocrx_word' id='word_1_101' title='bbox 107 677 263 707; x_wconf 74' lang='lat' dir='ltr'>Sunmcms</span> <span class='ocrx_word' id='word_1_102' title='bbox 277 693 285 705; x_wconf 82' lang='lat'>‚</span> <span class='ocrx_word' id='word_1_103' title='bbox 302 673 401 700; x_wconf 82' lang='lat' dir='ltr'>Romae</span> <span class='ocrx_word' id='word_1_104' title='bbox 411 679 482 708; x_wconf 88' lang='lat' dir='ltr'>pons</span> <span class='ocrx_word' id='word_1_105' title='bbox 491 667 628 697; x_wconf 76' lang='lat' dir='ltr'>dicebatur</span> <span class='ocrx_word' id='word_1_106' title='bbox 637 671 716 695; x_wconf 78' lang='lat' dir='ltr'>Sacer</span> <span class='ocrx_word' id='word_1_107' title='bbox 727 685 734 697; x_wconf 91' lang='lat'><em>‚</em></span> <span class='ocrx_word' id='word_1_108' title='bbox 745 667 772 692; x_wconf 72' lang='grc' dir='ltr'>ὃ(</span> <span class='ocrx_word' id='word_1_109' title='bbox 783 672 864 700; x_wconf 70' lang='lat' dir='ltr'>quare</span> <span class='ocrx_word' id='word_1_110' title='bbox 875 682 882 690; x_wconf 94' lang='lat'>.</span> <span class='ocrx_word' id='word_1_111' title='bbox 893 661 943 691; x_wconf 89' lang='lat' dir='ltr'>Vi-</span> 
     </span>
     <span class='ocr_line' id='line_1_16' title="bbox 145 712 337 751; baseline -0.031 -6"><span class='ocrx_word' id='word_1_112' title='bbox 145 716 181 744; x_wconf 90' lang='lat' dir='ltr'>de</span> <span class='ocrx_word' id='word_1_113' title='bbox 189 712 318 751; x_wconf 71' lang='lat' dir='ltr'>Pontifex</span> <span class='ocrx_word' id='word_1_114' title='bbox 330 732 337 739; x_wconf 89' lang='lat'><strong>.</strong></span> 
     </span>
    </p>
   </div>
   <div class='ocr_carea' id='block_1_6' title="bbox 105 751 943 828">
    <p class='ocr_par' dir='ltr' id='par_1_7' title="bbox 105 751 943 828">
     <span class='ocr_line' id='line_1_17' title="bbox 105 751 560 790; baseline -0.02 -4"><span class='ocrx_word' id='word_1_115' title='bbox 105 756 290 787; x_wconf 68' lang='lat' dir='ltr'>SUBLIMITAS</span> <span class='ocrx_word' id='word_1_116' title='bbox 302 773 309 781; x_wconf 92' lang='lat'>.</span> <span class='ocrx_word' id='word_1_117' title='bbox 328 751 401 781; x_wconf 83' lang='lat' dir='ltr'>Vide</span> <span class='ocrx_word' id='word_1_118' title='bbox 411 752 560 790; x_wconf 81' lang='lat' dir='ltr'>Hypsoma.</span> 
     </span>
     <span class='ocr_line' id='line_1_18' title="bbox 107 783 943 828; baseline -0.018 -1"><span class='ocrx_word' id='word_1_119' title='bbox 107 798 299 827; x_wconf 73' lang='lat' dir='ltr'>SUBMANSOR.</span> <span class='ocrx_word' id='word_1_120' title='bbox 318 795 376 822; x_wconf 81' lang='lat' dir='ltr'>FR.</span> <span class='ocrx_word' id='word_1_121' title='bbox 395 792 523 821; x_wconf 84' lang='lat' dir='ltr'>Rusticus</span> <span class='ocrx_word' id='word_1_122' title='bbox 535 811 542 823; x_wconf 91' lang='lat'><em>,</em></span> <span class='ocrx_word' id='word_1_123' title='bbox 561 788 608 828; x_wconf 89' lang='lat' dir='ltr'>qui</span> <span class='ocrx_word' id='word_1_124' title='bbox 627 787 751 817; x_wconf 62' lang='lat' dir='ltr'>Ecclesiae</span> <span class='ocrx_word' id='word_1_125' title='bbox 773 783 943 825; x_wconf 79' lang='lat' dir='ltr'>poss&#39;esfiones</span> 
     </span>
    </p>
   </div>
   <div class='ocr_carea' id='block_1_7' title="bbox 106 825 951 2372">
    <p class='ocr_par' dir='ltr' id='par_1_8' title="bbox 148 825 943 989">
     <span class='ocr_line' id='line_1_19' title="bbox 150 825 943 869; baseline -0.018 -3"><span class='ocrx_word' id='word_1_126' title='bbox 150 837 219 865; x_wconf 90' lang='lat' dir='ltr'>colit</span> <span class='ocrx_word' id='word_1_127' title='bbox 230 858 238 869; x_wconf 94' lang='lat'>‚</span> <span class='ocrx_word' id='word_1_128' title='bbox 258 839 285 864; x_wconf 76' lang='grc' dir='ltr'>ὃ(</span> <span class='ocrx_word' id='word_1_129' title='bbox 296 832 477 864; x_wconf 80' lang='lat' dir='ltr'>Ecclesiastica</span> <span class='ocrx_word' id='word_1_130' title='bbox 489 829 660 859; x_wconf 81' lang='lat' dir='ltr'>immunitate</span> <span class='ocrx_word' id='word_1_131' title='bbox 669 828 767 866; x_wconf 81' lang='lat' dir='ltr'>gaudet</span> <span class='ocrx_word' id='word_1_132' title='bbox 778 847 785 854; x_wconf 80' lang='grc'><strong>.</strong></span> <span class='ocrx_word' id='word_1_133' title='bbox 811 832 822 861; x_wconf 95' lang='grc'>[</span> <span class='ocrx_word' id='word_1_134' title='bbox 834 827 892 854; x_wconf 82' lang='lat' dir='ltr'>Hac</span> <span class='ocrx_word' id='word_1_135' title='bbox 904 825 943 852; x_wconf 88' lang='lat' dir='ltr'>in-</span> 
     </span>
     <span class='ocr_line' id='line_1_20' title="bbox 149 865 943 911; baseline -0.018 -5"><span class='ocrx_word' id='word_1_136' title='bbox 149 887 192 906; x_wconf 84' lang='lat' dir='ltr'>ter</span> <span class='ocrx_word' id='word_1_137' title='bbox 201 886 309 905; x_wconf 76' lang='lat' dir='ltr'>caeoeras</span> <span class='ocrx_word' id='word_1_138' title='bbox 327 874 464 903; x_wconf 79' lang='lat' dir='ltr'>libertates</span> <span class='ocrx_word' id='word_1_139' title='bbox 473 871 560 911; x_wconf 85' lang='lat' dir='ltr'>gratia</span> <span class='ocrx_word' id='word_1_140' title='bbox 578 870 685 907; x_wconf 88' lang='lat' dir='ltr'>potitur</span> <span class='ocrx_word' id='word_1_141' title='bbox 696 891 704 902; x_wconf 89' lang='lat'><em>,</em></span> <span class='ocrx_word' id='word_1_142' title='bbox 723 878 751 896; x_wconf 84' lang='lat' dir='ltr'>ut</span> <span class='ocrx_word' id='word_1_143' title='bbox 761 865 943 895; x_wconf 84' lang='lat' dir='ltr'>submansores</span> 
     </span>
     <span class='ocr_line' id='line_1_21' title="bbox 148 907 942 954; baseline -0.018 -7"><span class='ocrx_word' id='word_1_144' title='bbox 148 916 269 954; x_wconf 86' lang='lat' dir='ltr'>ejusdem</span> <span class='ocrx_word' id='word_1_145' title='bbox 280 914 404 945; x_wconf 79' lang='lat' dir='ltr'>Ecclesiae</span> <span class='ocrx_word' id='word_1_146' title='bbox 415 914 445 942; x_wconf 75' lang='lat' dir='ltr'>ab</span> <span class='ocrx_word' id='word_1_147' title='bbox 455 912 530 941; x_wconf 86' lang='lat' dir='ltr'>omni</span> <span class='ocrx_word' id='word_1_148' title='bbox 542 911 647 949; x_wconf 82' lang='lat' dir='ltr'>publica</span> <span class='ocrx_word' id='word_1_149' title='bbox 657 909 796 938; x_wconf 72' lang='lat' dir='ltr'>exaffione</span> <span class='ocrx_word' id='word_1_150' title='bbox 807 907 889 935; x_wconf 76' lang='lat' dir='ltr'>libera</span> <span class='ocrx_word' id='word_1_151' title='bbox 903 915 942 934; x_wconf 78' lang='lat' dir='ltr'>ar-</span> 
     </span>
     <span class='ocr_line' id='line_1_22' title="bbox 148 949 713 989; baseline -0.016 -2"><span class='ocrx_word' id='word_1_152' title='bbox 148 968 259 987; x_wconf 74' lang='lat' dir='ltr'>ceantur</span> <span class='ocrx_word' id='word_1_153' title='bbox 268 978 275 985; x_wconf 93' lang='lat'><strong>.</strong></span> <span class='ocrx_word' id='word_1_154' title='bbox 287 955 397 985; x_wconf 82' lang='lat' dir='ltr'>Miraeus</span> <span class='ocrx_word' id='word_1_155' title='bbox 409 956 438 982; x_wconf 83' lang='lat' dir='ltr'>in</span> <span class='ocrx_word' id='word_1_156' title='bbox 449 963 508 982; x_wconf 87' lang='lat' dir='ltr'>not.</span> <span class='ocrx_word' id='word_1_157' title='bbox 519 949 622 981; x_wconf 88' lang='lat' dir='ltr'>Eccles.</span> <span class='ocrx_word' id='word_1_158' title='bbox 635 951 713 989; x_wconf 85' lang='lat' dir='ltr'>Belg.</span> 
     </span>
    </p>

    <p class='ocr_par' dir='ltr' id='par_1_9' title="bbox 106 987 945 1073">
     <span class='ocr_line' id='line_1_23' title="bbox 106 987 945 1030; baseline -0.017 -2"><span class='ocrx_word' id='word_1_159' title='bbox 106 1000 303 1029; x_wconf 70' lang='lat' dir='ltr'>Sunmruoium</span> <span class='ocrx_word' id='word_1_160' title='bbox 315 1018 323 1030; x_wconf 94' lang='lat'>‚</span> <span class='ocrx_word' id='word_1_161' title='bbox 344 994 490 1024; x_wconf 81' lang='lat' dir='ltr'>submersio</span> <span class='ocrx_word' id='word_1_162' title='bbox 500 1013 507 1020; x_wconf 86' lang='lat'><strong>.</strong></span> <span class='ocrx_word' id='word_1_163' title='bbox 521 991 667 1028; x_wconf 75' lang='lat' dir='ltr'>[Tandem</span> <span class='ocrx_word' id='word_1_164' title='bbox 676 988 830 1029; x_wconf 73' lang='lat' dir='ltr'>submergio</span> <span class='ocrx_word' id='word_1_165' title='bbox 840 987 945 1024; x_wconf 85' lang='lat' dir='ltr'>adjudi-</span> 
     </span>
     <span class='ocr_line' id='line_1_24' title="bbox 150 1032 791 1073; baseline -0.016 -5"><span class='ocrx_word' id='word_1_166' title='bbox 150 1049 222 1068; x_wconf 81' lang='lat' dir='ltr'>catus</span> <span class='ocrx_word' id='word_1_167' title='bbox 233 1060 240 1066; x_wconf 89' lang='lat'><em>.</em></span> <span class='ocrx_word' id='word_1_168' title='bbox 252 1040 288 1067; x_wconf 86' lang='lat' dir='ltr'>In</span> <span class='ocrx_word' id='word_1_169' title='bbox 300 1038 356 1066; x_wconf 81' lang='lat' dir='ltr'>vita</span> <span class='ocrx_word' id='word_1_170' title='bbox 376 1037 402 1065; x_wconf 81' lang='lat' dir='ltr'>S.</span> <span class='ocrx_word' id='word_1_171' title='bbox 411 1034 569 1073; x_wconf 85' lang='lat' dir='ltr'>Theogenis</span> <span class='ocrx_word' id='word_1_172' title='bbox 580 1035 662 1061; x_wconf 83' lang='lat' dir='ltr'>Mart.</span> <span class='ocrx_word' id='word_1_173' title='bbox 678 1043 720 1060; x_wconf 83' lang='lat'>12.</span> <span class='ocrx_word' id='word_1_174' title='bbox 731 1032 791 1069; x_wconf 65' lang='lat' dir='ltr'>Jan.</span> 
     </span>
    </p>

    <p class='ocr_par' dir='ltr' id='par_1_10' title="bbox 106 1070 947 1230">
     <span class='ocr_line' id='line_1_25' title="bbox 106 1070 945 1116; baseline -0.017 -6"><span class='ocrx_word' id='word_1_175' title='bbox 106 1080 300 1110; x_wconf 64' lang='lat' dir='ltr'>Sussocurixn</span> <span class='ocrx_word' id='word_1_176' title='bbox 312 1100 319 1111; x_wconf 91' lang='lat'><em>‚</em></span> <span class='ocrx_word' id='word_1_177' title='bbox 342 1087 420 1116; x_wconf 80' lang='lat' dir='ltr'>genae</span> <span class='ocrx_word' id='word_1_178' title='bbox 439 1086 497 1114; x_wconf 80' lang='lat' dir='ltr'>pars</span> <span class='ocrx_word' id='word_1_179' title='bbox 506 1096 514 1107; x_wconf 86' lang='lat'><em>,</em></span> <span class='ocrx_word' id='word_1_180' title='bbox 545 1084 605 1113; x_wconf 82' lang='lat' dir='ltr'>quae</span> <span class='ocrx_word' id='word_1_181' title='bbox 625 1072 671 1101; x_wconf 86' lang='lat' dir='ltr'>sub</span> <span class='ocrx_word' id='word_1_182' title='bbox 689 1073 769 1100; x_wconf 89' lang='lat' dir='ltr'>oculo</span> <span class='ocrx_word' id='word_1_183' title='bbox 789 1070 927 1109; x_wconf 82' lang='lat' dir='ltr'>prominet</span> <span class='ocrx_word' id='word_1_184' title='bbox 939 1089 945 1096; x_wconf 95' lang='lat'><strong>.</strong></span> 
     </span>
     <span class='ocr_line' id='line_1_26' title="bbox 151 1111 946 1157; baseline -0.016 -7"><span class='ocrx_word' id='word_1_185' title='bbox 151 1118 382 1157; x_wconf 71' lang='lat' dir='ltr'>[subocularibus</span> <span class='ocrx_word' id='word_1_186' title='bbox 392 1117 479 1156; x_wconf 84' lang='lat' dir='ltr'>plenis</span> <span class='ocrx_word' id='word_1_187' title='bbox 489 1130 498 1146; x_wconf 63' lang='grc' dir='ltr'><strong>ι</strong></span> <span class='ocrx_word' id='word_1_188' title='bbox 512 1116 590 1153; x_wconf 79' lang='grc' dir='ltr'>]ο;ιῃ.</span> <span class='ocrx_word' id='word_1_189' title='bbox 604 1114 721 1141; x_wconf 64' lang='lat' dir='ltr'>Diacon.</span> <span class='ocrx_word' id='word_1_190' title='bbox 733 1113 761 1140; x_wconf 88' lang='lat' dir='ltr'>in</span> <span class='ocrx_word' id='word_1_191' title='bbox 773 1111 831 1139; x_wconf 77' lang='lat' dir='ltr'>vita</span> <span class='ocrx_word' id='word_1_192' title='bbox 842 1111 867 1138; x_wconf 84' lang='lat' dir='ltr'>S.</span> <span class='ocrx_word' id='word_1_193' title='bbox 877 1112 946 1138; x_wconf 82' lang='lat' dir='ltr'>Gre-</span> 
     </span>
     <span class='ocr_line' id='line_1_27' title="bbox 147 1150 947 1200; baseline -0.015 -10"><span class='ocrx_word' id='word_1_194' title='bbox 147 1173 209 1200; x_wconf 66' lang='lat' dir='ltr'>gor⁷</span> <span class='ocrx_word' id='word_1_195' title='bbox 220 1163 298 1199; x_wconf 79' lang='lat' dir='ltr'>Papae</span> <span class='ocrx_word' id='word_1_196' title='bbox 311 1162 323 1191; x_wconf 84' lang='lat'><em>]</em></span> <span class='ocrx_word' id='word_1_197' title='bbox 343 1158 388 1189; x_wconf 87' lang='lat' dir='ltr'>ubi</span> <span class='ocrx_word' id='word_1_198' title='bbox 399 1153 728 1190; x_wconf 79' lang='lat' dir='ltr'>delineamentaejusdem</span> <span class='ocrx_word' id='word_1_199' title='bbox 748 1150 891 1182; x_wconf 82' lang='lat' dir='ltr'>Pontificis</span> <span class='ocrx_word' id='word_1_200' title='bbox 901 1150 947 1179; x_wconf 86' lang='lat' dir='ltr'>de-</span> 
     </span>
     <span class='ocr_line' id='line_1_28' title="bbox 148 1201 260 1230; baseline -0.009 0"><span class='ocrx_word' id='word_1_201' title='bbox 148 1201 241 1230; x_wconf 77' lang='lat' dir='ltr'>scribit</span> <span class='ocrx_word' id='word_1_202' title='bbox 253 1222 260 1229; x_wconf 94' lang='lat'><strong>.</strong></span> 
     </span>
    </p>

    <p class='ocr_par' dir='ltr' id='par_1_11' title="bbox 107 1233 945 1278">
     <span class='ocr_line' id='line_1_29' title="bbox 107 1233 945 1278; baseline -0.016 -6"><span class='ocrx_word' id='word_1_203' title='bbox 107 1244 162 1272; x_wconf 60' lang='lat' dir='ltr'>Suu</span> <span class='ocrx_word' id='word_1_204' title='bbox 173 1245 327 1272; x_wconf 49' lang='lat' dir='ltr'>Parecoms</span> <span class='ocrx_word' id='word_1_205' title='bbox 341 1240 423 1270; x_wconf 73' lang='lat' dir='ltr'>Voce</span> <span class='ocrx_word' id='word_1_206' title='bbox 437 1261 444 1273; x_wconf 92' lang='lat'><em>,</em></span> <span class='ocrx_word' id='word_1_207' title='bbox 456 1238 521 1278; x_wconf 87' lang='lat' dir='ltr'>quid</span> <span class='ocrx_word' id='word_1_208' title='bbox 533 1236 667 1278; x_wconf 76' lang='lat' dir='ltr'>significet</span> <span class='ocrx_word' id='word_1_209' title='bbox 679 1257 685 1263; x_wconf 92' lang='lat'>.</span> <span class='ocrx_word' id='word_1_210' title='bbox 698 1235 771 1264; x_wconf 90' lang='lat' dir='ltr'>Vide</span> <span class='ocrx_word' id='word_1_211' title='bbox 782 1233 924 1271; x_wconf 74' lang='lat' dir='ltr'>superdico</span> <span class='ocrx_word' id='word_1_212' title='bbox 938 1252 945 1258; x_wconf 86' lang='lat'>.</span> 
     </span>
    </p>

    <p class='ocr_par' dir='ltr' id='par_1_12' title="bbox 108 1278 743 1313">
     <span class='ocr_line' id='line_1_30' title="bbox 108 1278 743 1313; baseline -0.013 -1"><span class='ocrx_word' id='word_1_213' title='bbox 108 1285 396 1313; x_wconf 76' lang='lat' dir='ltr'>SUBPULMENTARIUS</span> <span class='ocrx_word' id='word_1_214' title='bbox 407 1302 413 1309; x_wconf 93' lang='lat'>.</span> <span class='ocrx_word' id='word_1_215' title='bbox 438 1281 510 1309; x_wconf 91' lang='lat' dir='ltr'>Vide</span> <span class='ocrx_word' id='word_1_216' title='bbox 521 1278 724 1308; x_wconf 68' lang='lat' dir='ltr'>Parasellasius</span> <span class='ocrx_word' id='word_1_217' title='bbox 735 1298 743 1304; x_wconf 90' lang='lat'><strong>.</strong></span> 
     </span>
    </p>

    <p class='ocr_par' dir='ltr' id='par_1_13' title="bbox 109 1320 673 1356">
     <span class='ocr_line' id='line_1_31' title="bbox 109 1320 673 1356; baseline -0.014 -3"><span class='ocrx_word' id='word_1_218' title='bbox 109 1325 402 1353; x_wconf 71' lang='lat' dir='ltr'><strong>SUBSCRIBENDARIUS</strong></span> <span class='ocrx_word' id='word_1_219' title='bbox 413 1342 419 1349; x_wconf 90' lang='lat'><strong>.</strong></span> <span class='ocrx_word' id='word_1_220' title='bbox 430 1321 503 1349; x_wconf 84' lang='lat' dir='ltr'>Vide</span> <span class='ocrx_word' id='word_1_221' title='bbox 514 1320 654 1356; x_wconf 76' lang='lat' dir='ltr'>Regestum</span> <span class='ocrx_word' id='word_1_222' title='bbox 666 1338 673 1345; x_wconf 84' lang='lat'><strong><em>.</em></strong></span> 
     </span>
    </p>

    <p class='ocr_par' dir='ltr' id='par_1_14' title="bbox 108 1351 945 1564">
     <span class='ocr_line' id='line_1_32' title="bbox 108 1351 945 1399; baseline -0.018 -5"><span class='ocrx_word' id='word_1_223' title='bbox 108 1365 307 1397; x_wconf 74' lang='lat' dir='ltr'>SUBSEQUIVUS</span> <span class='ocrx_word' id='word_1_224' title='bbox 320 1383 327 1390; x_wconf 84' lang='lat'><strong>.</strong></span> <span class='ocrx_word' id='word_1_225' title='bbox 350 1363 406 1391; x_wconf 80' lang='lat' dir='ltr'>FR.</span> <span class='ocrx_word' id='word_1_226' title='bbox 417 1360 578 1399; x_wconf 83' lang='lat' dir='ltr'>subsequens</span> <span class='ocrx_word' id='word_1_227' title='bbox 590 1380 596 1386; x_wconf 92' lang='lat'><strong>.</strong></span> <span class='ocrx_word' id='word_1_228' title='bbox 612 1356 811 1393; x_wconf 73' lang='lat' dir='ltr'>[Relationem</span> <span class='ocrx_word' id='word_1_229' title='bbox 821 1351 945 1392; x_wconf 73' lang='lat' dir='ltr'>praeteri-</span> 
     </span>
     <span class='ocr_line' id='line_1_33' title="bbox 150 1393 943 1441; baseline -0.016 -8"><span class='ocrx_word' id='word_1_230' title='bbox 150 1414 187 1434; x_wconf 65' lang='lat' dir='ltr'>!ae</span> <span class='ocrx_word' id='word_1_231' title='bbox 200 1405 239 1433; x_wconf 87' lang='lat' dir='ltr'>rei</span> <span class='ocrx_word' id='word_1_232' title='bbox 250 1402 349 1432; x_wconf 87' lang='lat' dir='ltr'>nostris</span> <span class='ocrx_word' id='word_1_233' title='bbox 359 1402 525 1441; x_wconf 77' lang='lat' dir='ltr'>temporibus</span> <span class='ocrx_word' id='word_1_234' title='bbox 534 1400 614 1438; x_wconf 72' lang='lat' dir='ltr'>gestae</span> <span class='ocrx_word' id='word_1_235' title='bbox 625 1397 778 1426; x_wconf 84' lang='lat' dir='ltr'>inducimus</span> <span class='ocrx_word' id='word_1_236' title='bbox 793 1417 800 1428; x_wconf 92' lang='lat'><em>‚</em></span> <span class='ocrx_word' id='word_1_237' title='bbox 816 1404 861 1432; x_wconf 85' lang='lat' dir='ltr'>per</span> <span class='ocrx_word' id='word_1_238' title='bbox 871 1393 943 1432; x_wconf 86' lang='lat' dir='ltr'>quod</span> 
     </span>
     <span class='ocr_line' id='line_1_34' title="bbox 152 1435 945 1481; baseline -0.016 -7"><span class='ocrx_word' id='word_1_239' title='bbox 152 1446 186 1474; x_wconf 85' lang='lat' dir='ltr'>ad</span> <span class='ocrx_word' id='word_1_240' title='bbox 197 1445 329 1473; x_wconf 75' lang='lat' dir='ltr'>virtutem</span> <span class='ocrx_word' id='word_1_241' title='bbox 341 1441 499 1481; x_wconf 77' lang='lat' dir='ltr'>subsequiva</span> <span class='ocrx_word' id='word_1_242' title='bbox 510 1449 633 1478; x_wconf 76' lang='lat' dir='ltr'>tempora</span> <span class='ocrx_word' id='word_1_243' title='bbox 645 1446 823 1476; x_wconf 81' lang='lat' dir='ltr'>provocemus</span> <span class='ocrx_word' id='word_1_244' title='bbox 836 1456 841 1461; x_wconf 90' lang='lat'><em>.</em></span> <span class='ocrx_word' id='word_1_245' title='bbox 859 1435 945 1472; x_wconf 61' lang='lat' dir='ltr'>Julia—</span> 
     </span>
     <span class='ocr_line' id='line_1_35' title="bbox 153 1474 945 1522; baseline -0.016 -8"><span class='ocrx_word' id='word_1_246' title='bbox 153 1496 203 1514; x_wconf 92' lang='lat' dir='ltr'>nus</span> <span class='ocrx_word' id='word_1_247' title='bbox 214 1484 347 1522; x_wconf 83' lang='lat' dir='ltr'>Archiep.</span> <span class='ocrx_word' id='word_1_248' title='bbox 357 1483 485 1512; x_wconf 75' lang='lat' dir='ltr'>Toletan.</span> <span class='ocrx_word' id='word_1_249' title='bbox 495 1482 525 1511; x_wconf 83' lang='lat' dir='ltr'>in</span> <span class='ocrx_word' id='word_1_250' title='bbox 534 1480 598 1510; x_wconf 79' lang='lat' dir='ltr'>hist.</span> <span class='ocrx_word' id='word_1_251' title='bbox 609 1478 761 1517; x_wconf 81' lang='lat' dir='ltr'>Viligotor.</span> <span class='ocrx_word' id='word_1_252' title='bbox 773 1480 785 1509; x_wconf 92' lang='lat'><em>]</em></span> <span class='ocrx_word' id='word_1_253' title='bbox 799 1474 870 1504; x_wconf 89' lang='lat' dir='ltr'>Vide</span> <span class='ocrx_word' id='word_1_254' title='bbox 879 1475 945 1502; x_wconf 74' lang='lat' dir='ltr'>Sub-</span> 
     </span>
     <span class='ocr_line' id='line_1_36' title="bbox 153 1526 275 1564; baseline -0.033 -8"><span class='ocrx_word' id='word_1_255' title='bbox 153 1526 256 1564; x_wconf 78' lang='lat' dir='ltr'>ctfivus</span> <span class='ocrx_word' id='word_1_256' title='bbox 267 1545 275 1552; x_wconf 90' lang='lat'>.</span> 
     </span>
    </p>

    <p class='ocr_par' dir='ltr' id='par_1_15' title="bbox 110 1555 949 1678">
     <span class='ocr_line' id='line_1_37' title="bbox 110 1555 949 1598; baseline -0.018 -1"><span class='ocrx_word' id='word_1_257' title='bbox 110 1567 273 1598; x_wconf 63' lang='lat' dir='ltr'>Summum</span> <span class='ocrx_word' id='word_1_258' title='bbox 285 1585 291 1593; x_wconf 86' lang='lat'><strong><em>.</em></strong></span> <span class='ocrx_word' id='word_1_259' title='bbox 305 1563 377 1594; x_wconf 75' lang='lat' dir='ltr'>Vide</span> <span class='ocrx_word' id='word_1_260' title='bbox 389 1566 581 1592; x_wconf 71' lang='lat' dir='ltr'>Continentia.</span> <span class='ocrx_word' id='word_1_261' title='bbox 589 1564 649 1590; x_wconf 63' lang='lat' dir='ltr'>³?R.</span> <span class='ocrx_word' id='word_1_262' title='bbox 661 1560 694 1589; x_wconf 89' lang='lat' dir='ltr'>de</span> <span class='ocrx_word' id='word_1_263' title='bbox 703 1556 856 1588; x_wconf 73' lang='lat' dir='ltr'>subsidiaria</span> <span class='ocrx_word' id='word_1_264' title='bbox 865 1555 949 1583; x_wconf 67' lang='lat' dir='ltr'>afflo-</span> 
     </span>
     <span class='ocr_line' id='line_1_38' title="bbox 153 1596 948 1639; baseline -0.018 -2"><span class='ocrx_word' id='word_1_265' title='bbox 153 1618 190 1637; x_wconf 88' lang='lat' dir='ltr'>ne</span> <span class='ocrx_word' id='word_1_266' title='bbox 207 1607 300 1636; x_wconf 84' lang='lat' dir='ltr'>tutelae</span> <span class='ocrx_word' id='word_1_267' title='bbox 312 1627 320 1639; x_wconf 89' lang='lat'><em>‚</em></span> <span class='ocrx_word' id='word_1_268' title='bbox 344 1605 391 1634; x_wconf 83' lang='lat' dir='ltr'>lib.</span> <span class='ocrx_word' id='word_1_269' title='bbox 408 1603 536 1633; x_wconf 81' lang='lat' dir='ltr'>i.1nstit.</span> <span class='ocrx_word' id='word_1_270' title='bbox 547 1602 710 1631; x_wconf 78' lang='lat' dir='ltr'>desatisdat.</span> <span class='ocrx_word' id='word_1_271' title='bbox 723 1603 811 1629; x_wconf 73' lang='lat' dir='ltr'>”lutor</span> <span class='ocrx_word' id='word_1_272' title='bbox 819 1598 845 1629; x_wconf 83' lang='lat'>§.</span> <span class='ocrx_word' id='word_1_273' title='bbox 857 1596 948 1625; x_wconf 48' lang='lat' dir='ltr'>scien&lt;</span> 
     </span>
     <span class='ocr_line' id='line_1_39' title="bbox 154 1649 243 1678; baseline -0.022 0"><span class='ocrx_word' id='word_1_274' title='bbox 154 1649 219 1678; x_wconf 83' lang='lat' dir='ltr'>dum</span> <span class='ocrx_word' id='word_1_275' title='bbox 236 1668 243 1676; x_wconf 88' lang='lat'><strong>.</strong></span> 
     </span>
    </p>

    <p class='ocr_par' dir='ltr' id='par_1_16' title="bbox 117 1678 950 1887">
     <span class='ocr_line' id='line_1_40' title="bbox 117 1678 949 1724; baseline -0.016 -5"><span class='ocrx_word' id='word_1_276' title='bbox 117 1690 312 1722; x_wconf 69' lang='lat' dir='ltr'>Sunsuurm</span> <span class='ocrx_word' id='word_1_277' title='bbox 325 1708 332 1720; x_wconf 90' lang='lat'>‚</span> <span class='ocrx_word' id='word_1_278' title='bbox 351 1687 407 1716; x_wconf 76' lang='lat' dir='ltr'>PR.</span> <span class='ocrx_word' id='word_1_279' title='bbox 418 1694 468 1724; x_wconf 88' lang='lat' dir='ltr'>pro</span> <span class='ocrx_word' id='word_1_280' title='bbox 488 1682 655 1712; x_wconf 80' lang='lat' dir='ltr'>subsistentia</span> <span class='ocrx_word' id='word_1_281' title='bbox 665 1702 671 1708; x_wconf 94' lang='lat'>.</span> <span class='ocrx_word' id='word_1_282' title='bbox 692 1678 882 1718; x_wconf 80' lang='lat' dir='ltr'>[Requiratur</span> <span class='ocrx_word' id='word_1_283' title='bbox 893 1699 901 1711; x_wconf 95' lang='lat'><em>‚</em></span> <span class='ocrx_word' id='word_1_284' title='bbox 923 1681 949 1706; x_wconf 73' lang='grc' dir='ltr'>ὅ(</span> 
     </span>
     <span class='ocr_line' id='line_1_41' title="bbox 152 1718 950 1758; baseline -0.018 0"><span class='ocrx_word' id='word_1_285' title='bbox 152 1729 285 1758; x_wconf 80' lang='lat' dir='ltr'>referatur</span> <span class='ocrx_word' id='word_1_286' title='bbox 294 1727 323 1756; x_wconf 86' lang='lat' dir='ltr'>in</span> <span class='ocrx_word' id='word_1_287' title='bbox 334 1727 455 1755; x_wconf 86' lang='lat' dir='ltr'>medium</span> <span class='ocrx_word' id='word_1_288' title='bbox 465 1747 473 1758; x_wconf 90' lang='lat'><em>‚</em></span> <span class='ocrx_word' id='word_1_289' title='bbox 483 1735 513 1752; x_wconf 89' lang='lat' dir='ltr'>ut</span> <span class='ocrx_word' id='word_1_290' title='bbox 525 1735 557 1753; x_wconf 82' lang='lat' dir='ltr'>ex</span> <span class='ocrx_word' id='word_1_291' title='bbox 570 1722 689 1752; x_wconf 67' lang='lat' dir='ltr'>lestione</span> <span class='ocrx_word' id='word_1_292' title='bbox 699 1718 869 1758; x_wconf 76' lang='lat' dir='ltr'>cognoscatis</span> <span class='ocrx_word' id='word_1_293' title='bbox 879 1740 887 1751; x_wconf 95' lang='lat'><em>,</em></span> <span class='ocrx_word' id='word_1_294' title='bbox 907 1728 950 1745; x_wconf 87' lang='lat' dir='ltr'>cu-</span> 
     </span>
     <span class='ocr_line' id='line_1_42' title="bbox 153 1759 949 1806; baseline -0.018 -7"><span class='ocrx_word' id='word_1_295' title='bbox 153 1769 276 1806; x_wconf 81' lang='lat' dir='ltr'>jusmodi</span> <span class='ocrx_word' id='word_1_296' title='bbox 285 1767 367 1806; x_wconf 75' lang='lat' dir='ltr'>possit</span> <span class='ocrx_word' id='word_1_297' title='bbox 378 1767 475 1795; x_wconf 86' lang='lat' dir='ltr'>habere</span> <span class='ocrx_word' id='word_1_298' title='bbox 485 1763 667 1796; x_wconf 78' lang='lat' dir='ltr'>substantiam,</span> <span class='ocrx_word' id='word_1_299' title='bbox 678 1772 736 1789; x_wconf 75' lang='lat' dir='ltr'>can.</span> <span class='ocrx_word' id='word_1_300' title='bbox 748 1761 817 1788; x_wconf 86' lang='lat' dir='ltr'>benc</span> <span class='ocrx_word' id='word_1_301' title='bbox 829 1759 949 1798; x_wconf 83' lang='lat' dir='ltr'>quidem,</span> 
     </span>
     <span class='ocr_line' id='line_1_43' title="bbox 152 1799 950 1846; baseline -0.016 -7"><span class='ocrx_word' id='word_1_302' title='bbox 152 1810 215 1839; x_wconf 87' lang='lat' dir='ltr'>dist.</span> <span class='ocrx_word' id='word_1_303' title='bbox 227 1816 275 1846; x_wconf 89' lang='lat'>96.</span> <span class='ocrx_word' id='word_1_304' title='bbox 286 1810 305 1839; x_wconf 89' lang='lat'>]·</span> <span class='ocrx_word' id='word_1_305' title='bbox 320 1803 605 1837; x_wconf 69' lang='lat' dir='ltr'>Substantiaediversae</span> <span class='ocrx_word' id='word_1_306' title='bbox 619 1802 664 1831; x_wconf 91' lang='lat' dir='ltr'>sub</span> <span class='ocrx_word' id='word_1_307' title='bbox 676 1801 755 1831; x_wconf 79' lang='lat' dir='ltr'>unica</span> <span class='ocrx_word' id='word_1_308' title='bbox 763 1799 931 1830; x_wconf 81' lang='lat' dir='ltr'>subsistentia</span> <span class='ocrx_word' id='word_1_309' title='bbox 944 1820 950 1826; x_wconf 90' lang='lat'>.</span> 
     </span>
     <span class='ocr_line' id='line_1_44' title="bbox 154 1850 463 1887; baseline -0.016 -8"><span class='ocrx_word' id='word_1_310' title='bbox 154 1850 229 1879; x_wconf 86' lang='lat' dir='ltr'>Vide</span> <span class='ocrx_word' id='word_1_311' title='bbox 239 1850 446 1887; x_wconf 68' lang='lat' dir='ltr'>Homqypostata</span> <span class='ocrx_word' id='word_1_312' title='bbox 456 1869 463 1875; x_wconf 91' lang='lat'><em>.</em></span> 
     </span>
    </p>

    <p class='ocr_par' dir='ltr' id='par_1_17' title="bbox 111 1889 537 1925">
     <span class='ocr_line' id='line_1_45' title="bbox 111 1889 537 1925; baseline -0.014 -4"><span class='ocrx_word' id='word_1_313' title='bbox 111 1892 279 1920; x_wconf 69' lang='lat' dir='ltr'>Sunsriruo</span> <span class='ocrx_word' id='word_1_314' title='bbox 289 1909 297 1916; x_wconf 86' lang='lat'><strong><em>.</em></strong></span> <span class='ocrx_word' id='word_1_315' title='bbox 320 1889 393 1917; x_wconf 85' lang='lat' dir='ltr'>Vide</span> <span class='ocrx_word' id='word_1_316' title='bbox 401 1894 517 1925; x_wconf 75' lang='lat' dir='ltr'><em>Suppara</em></span> <span class='ocrx_word' id='word_1_317' title='bbox 529 1906 537 1915; x_wconf 80' lang='grc'><strong>.</strong></span> 
     </span>
    </p>

    <p class='ocr_par' dir='ltr' id='par_1_18' title="bbox 113 1922 950 2000">
     <span class='ocr_line' id='line_1_46' title="bbox 113 1922 950 1968; baseline -0.016 -7"><span class='ocrx_word' id='word_1_318' title='bbox 113 1934 280 1961; x_wconf 63' lang='lat' dir='ltr'>Samnii-1</span> <span class='ocrx_word' id='word_1_319' title='bbox 292 1951 300 1962; x_wconf 89' lang='lat'><em>‚</em></span> <span class='ocrx_word' id='word_1_320' title='bbox 320 1929 426 1968; x_wconf 88' lang='lat' dir='ltr'>publice</span> <span class='ocrx_word' id='word_1_321' title='bbox 444 1925 642 1967; x_wconf 87' lang='lat' dir='ltr'>poenitentium</span> <span class='ocrx_word' id='word_1_322' title='bbox 660 1923 756 1964; x_wconf 75' lang='lat' dir='ltr'>gradus</span> <span class='ocrx_word' id='word_1_323' title='bbox 768 1944 774 1950; x_wconf 92' lang='lat'><em>.</em></span> <span class='ocrx_word' id='word_1_324' title='bbox 798 1922 870 1951; x_wconf 84' lang='lat' dir='ltr'>&#39;v&#39;ide</span> <span class='ocrx_word' id='word_1_325' title='bbox 881 1926 950 1960; x_wconf 81' lang='lat' dir='ltr'>Hye-</span> 
     </span>
     <span class='ocr_line' id='line_1_47' title="bbox 155 1982 521 2000; baseline -0.011 0"><span class='ocrx_word' id='word_1_326' title='bbox 155 1982 264 2000; x_wconf 83' lang='lat' dir='ltr'>mantes</span> <span class='ocrx_word' id='word_1_327' title='bbox 274 1991 282 1999; x_wconf 87' lang='lat'><strong>.</strong></span> <span class='ocrx_word' id='word_1_328' title='bbox 517 1984 521 1986; x_wconf 95' lang='lat'><em>-</em></span> 
     </span>
    </p>

    <p class='ocr_par' dir='ltr' id='par_1_19' title="bbox 120 2005 951 2211">
     <span class='ocr_line' id='line_1_48' title="bbox 120 2005 951 2042; baseline -0.016 0"><span class='ocrx_word' id='word_1_329' title='bbox 120 2013 372 2042; x_wconf 71' lang='lat' dir='ltr'>Sosssrutiroiuvm</span> <span class='ocrx_word' id='word_1_330' title='bbox 383 2031 390 2042; x_wconf 86' lang='lat'><em>,</em></span> <span class='ocrx_word' id='word_1_331' title='bbox 406 2009 511 2038; x_wconf 79' lang='lat' dir='ltr'>tobalea</span> <span class='ocrx_word' id='word_1_332' title='bbox 520 2006 628 2036; x_wconf 74' lang='lat' dir='ltr'>crassior</span> <span class='ocrx_word' id='word_1_333' title='bbox 638 2028 646 2039; x_wconf 89' lang='lat'><em>‚</em></span> <span class='ocrx_word' id='word_1_334' title='bbox 658 2010 684 2034; x_wconf 76' lang='grc' dir='ltr'>δ(</span> <span class='ocrx_word' id='word_1_335' title='bbox 695 2005 790 2034; x_wconf 90' lang='lat' dir='ltr'>rudior</span> <span class='ocrx_word' id='word_1_336' title='bbox 801 2025 807 2036; x_wconf 90' lang='lat'><em>‚</em></span> <span class='ocrx_word' id='word_1_337' title='bbox 830 2012 881 2040; x_wconf 78' lang='lat' dir='ltr'>qua</span> <span class='ocrx_word' id='word_1_338' title='bbox 888 2012 951 2030; x_wconf 80' lang='lat' dir='ltr'>coo-</span> 
     </span>
     <span class='ocr_line' id='line_1_49' title="bbox 154 2043 948 2090; baseline -0.014 -9"><span class='ocrx_word' id='word_1_339' title='bbox 154 2053 308 2090; x_wconf 80' lang='lat' dir='ltr'>petiebatur</span> <span class='ocrx_word' id='word_1_340' title='bbox 317 2050 491 2088; x_wconf 81' lang='lat' dir='ltr'>altarc,supra</span> <span class='ocrx_word' id='word_1_341' title='bbox 501 2058 582 2087; x_wconf 82' lang='lat' dir='ltr'>quam</span> <span class='ocrx_word' id='word_1_342' title='bbox 592 2046 809 2076; x_wconf 72' lang='lat' dir='ltr'>extendebantur</span> <span class='ocrx_word' id='word_1_343' title='bbox 818 2043 878 2072; x_wconf 78' lang='lat' dir='ltr'>aliae</span> <span class='ocrx_word' id='word_1_344' title='bbox 890 2043 948 2070; x_wconf 80' lang='lat' dir='ltr'>duae</span> 
     </span>
     <span class='ocr_line' id='line_1_50' title="bbox 159 2082 949 2128; baseline -0.014 -7"><span class='ocrx_word' id='word_1_345' title='bbox 159 2091 315 2121; x_wconf 83' lang='lat' dir='ltr'>subtiliores</span> <span class='ocrx_word' id='word_1_346' title='bbox 329 2113 334 2119; x_wconf 95' lang='lat'>.</span> <span class='ocrx_word' id='word_1_347' title='bbox 348 2091 462 2127; x_wconf 60' lang='lat' dir='ltr'>waliae,</span> <span class='ocrx_word' id='word_1_348' title='bbox 476 2100 535 2128; x_wconf 85' lang='lat' dir='ltr'>quae</span> <span class='ocrx_word' id='word_1_349' title='bbox 549 2087 650 2117; x_wconf 87' lang='lat' dir='ltr'>suntin</span> <span class='ocrx_word' id='word_1_350' title='bbox 661 2085 846 2116; x_wconf 78' lang='lat' dir='ltr'>substratorio,</span> <span class='ocrx_word' id='word_1_351' title='bbox 856 2084 885 2111; x_wconf 91' lang='lat' dir='ltr'>in</span> <span class='ocrx_word' id='word_1_352' title='bbox 895 2082 949 2111; x_wconf 79' lang='lat' dir='ltr'>alio</span> 
     </span>
     <span class='ocr_line' id='line_1_51' title="bbox 155 2124 947 2167; baseline -0.013 -6"><span class='ocrx_word' id='word_1_353' title='bbox 155 2131 219 2161; x_wconf 83' lang='lat' dir='ltr'>vase</span> <span class='ocrx_word' id='word_1_354' title='bbox 228 2132 327 2160; x_wconf 89' lang='lat' dir='ltr'>debent</span> <span class='ocrx_word' id='word_1_355' title='bbox 337 2131 434 2165; x_wconf 81' lang='lat' dir='ltr'>lavari,</span> <span class='ocrx_word' id='word_1_356' title='bbox 446 2131 476 2159; x_wconf 80' lang='lat' dir='ltr'>in</span> <span class='ocrx_word' id='word_1_357' title='bbox 486 2129 541 2158; x_wconf 84' lang='lat' dir='ltr'>alio</span> <span class='ocrx_word' id='word_1_358' title='bbox 549 2128 700 2167; x_wconf 80' lang='lat' dir='ltr'>corporales</span> <span class='ocrx_word' id='word_1_359' title='bbox 710 2127 788 2166; x_wconf 78' lang='lat' dir='ltr'>pallae</span> <span class='ocrx_word' id='word_1_360' title='bbox 796 2146 806 2153; x_wconf 85' lang='lat'><strong><em>.</em></strong></span> <span class='ocrx_word' id='word_1_361' title='bbox 816 2126 851 2153; x_wconf 88' lang='lat' dir='ltr'>In</span> <span class='ocrx_word' id='word_1_362' title='bbox 861 2124 947 2152; x_wconf 74' lang='lat' dir='ltr'>Sacra-</span> 
     </span>
     <span class='ocr_line' id='line_1_52' title="bbox 157 2173 417 2211; baseline -0.008 -10"><span class='ocrx_word' id='word_1_363' title='bbox 157 2182 272 2201; x_wconf 73' lang='lat' dir='ltr'>mentar.</span> <span class='ocrx_word' id='word_1_364' title='bbox 285 2173 321 2200; x_wconf 89' lang='lat' dir='ltr'>D.</span> <span class='ocrx_word' id='word_1_365' title='bbox 331 2174 417 2211; x_wconf 77' lang='lat' dir='ltr'>Greg-</span> 
     </span>
    </p>

    <p class='ocr_par' dir='ltr' id='par_1_20' title="bbox 113 2210 651 2245">
     <span class='ocr_line' id='line_1_53' title="bbox 113 2210 651 2245; baseline -0.009 -3"><span class='ocrx_word' id='word_1_366' title='bbox 113 2215 293 2243; x_wconf 64' lang='lat' dir='ltr'>summum</span> <span class='ocrx_word' id='word_1_367' title='bbox 304 2234 312 2245; x_wconf 90' lang='lat'><em>‚</em></span> <span class='ocrx_word' id='word_1_368' title='bbox 323 2222 407 2240; x_wconf 71' lang='lat' dir='ltr'>trama</span> <span class='ocrx_word' id='word_1_369' title='bbox 417 2233 423 2240; x_wconf 87' lang='lat'><strong><em>.</em></strong></span> <span class='ocrx_word' id='word_1_370' title='bbox 436 2210 509 2240; x_wconf 90' lang='lat' dir='ltr'>Vide</span> <span class='ocrx_word' id='word_1_371' title='bbox 518 2212 635 2239; x_wconf 55' lang='lat' dir='ltr'>lxmam</span> <span class='ocrx_word' id='word_1_372' title='bbox 645 2230 651 2236; x_wconf 95' lang='lat'>.</span> 
     </span>
    </p>

    <p class='ocr_par' dir='ltr' id='par_1_21' title="bbox 116 2244 947 2372">
     <span class='ocr_line' id='line_1_54' title="bbox 116 2244 946 2289; baseline -0.013 -6"><span class='ocrx_word' id='word_1_373' title='bbox 116 2256 293 2284; x_wconf 69' lang='lat' dir='ltr'>Sun&#39;riiiTAs</span> <span class='ocrx_word' id='word_1_374' title='bbox 306 2273 313 2279; x_wconf 95' lang='lat'>.</span> <span class='ocrx_word' id='word_1_375' title='bbox 334 2254 390 2281; x_wconf 81' lang='lat' dir='ltr'>FR.</span> <span class='ocrx_word' id='word_1_376' title='bbox 401 2253 431 2281; x_wconf 83' lang='lat' dir='ltr'>in</span> <span class='ocrx_word' id='word_1_377' title='bbox 441 2253 501 2289; x_wconf 90' lang='lat' dir='ltr'>lege</span> <span class='ocrx_word' id='word_1_378' title='bbox 513 2251 640 2279; x_wconf 82' lang='lat' dir='ltr'>canonica</span> <span class='ocrx_word' id='word_1_379' title='bbox 650 2247 853 2288; x_wconf 77' lang='lat' dir='ltr'>rigorofitatem</span> <span class='ocrx_word' id='word_1_380' title='bbox 863 2244 946 2284; x_wconf 70' lang='lat' dir='ltr'>signi⁴</span> 
     </span>
     <span class='ocr_line' id='line_1_55' title="bbox 157 2289 947 2331; baseline -0.013 -9"><span class='ocrx_word' id='word_1_381' title='bbox 157 2294 230 2327; x_wconf 76' lang='lat' dir='ltr'>fleat,</span> <span class='ocrx_word' id='word_1_382' title='bbox 240 2292 308 2322; x_wconf 84' lang='lat' dir='ltr'>&amp;in</span> <span class='ocrx_word' id='word_1_383' title='bbox 318 2292 421 2331; x_wconf 82' lang='lat' dir='ltr'>duplici</span> <span class='ocrx_word' id='word_1_384' title='bbox 432 2290 507 2320; x_wconf 86' lang='lat' dir='ltr'>sensu</span> <span class='ocrx_word' id='word_1_385' title='bbox 516 2290 696 2329; x_wconf 81' lang='lat' dir='ltr'>intelligitur,</span> <span class='ocrx_word' id='word_1_386' title='bbox 711 2289 740 2316; x_wconf 91' lang='lat' dir='ltr'>in</span> <span class='ocrx_word' id='word_1_387' title='bbox 749 2289 861 2319; x_wconf 79' lang='lat' dir='ltr'>bonum,</span> <span class='ocrx_word' id='word_1_388' title='bbox 872 2296 947 2314; x_wconf 88' lang='lat' dir='ltr'>nem-</span> 
     </span>
     <span class='ocr_line' id='line_1_56' title="bbox 157 2325 946 2372; baseline -0.013 -9"><span class='ocrx_word' id='word_1_389' title='bbox 157 2345 190 2372; x_wconf 84' lang='lat' dir='ltr'>pe</span> <span class='ocrx_word' id='word_1_390' title='bbox 200 2355 208 2366; x_wconf 86' lang='lat'><em>,</em></span> <span class='ocrx_word' id='word_1_391' title='bbox 220 2334 286 2363; x_wconf 85' lang='lat' dir='ltr'>&amp;in</span> <span class='ocrx_word' id='word_1_392' title='bbox 296 2333 412 2361; x_wconf 85' lang='lat' dir='ltr'>malum:</span> <span class='ocrx_word' id='word_1_393' title='bbox 432 2333 462 2360; x_wconf 85' lang='lat' dir='ltr'>in</span> <span class='ocrx_word' id='word_1_394' title='bbox 472 2332 572 2360; x_wconf 87' lang='lat' dir='ltr'>bonum</span> <span class='ocrx_word' id='word_1_395' title='bbox 580 2330 713 2368; x_wconf 79' lang='lat' dir='ltr'>accipitur</span> <span class='ocrx_word' id='word_1_396' title='bbox 732 2339 781 2367; x_wconf 87' lang='lat' dir='ltr'>pro</span> <span class='ocrx_word' id='word_1_397' title='bbox 792 2325 946 2365; x_wconf 77' lang='lat' dir='ltr'>rigorolita-</span> 
     </span>
    </p>
   </div>
   <div class='ocr_carea' id='block_1_8' title="bbox 157 2363 1429 2412">
    <p class='ocr_par' dir='ltr' id='par_1_22' title="bbox 157 2363 1429 2412">
     <span class='ocr_line' id='line_1_57' title="bbox 157 2363 1429 2412; baseline -0.011 -9"><span class='ocrx_word' id='word_1_398' title='bbox 157 2384 184 2402; x_wconf 85' lang='lat' dir='ltr'>te</span> <span class='ocrx_word' id='word_1_399' title='bbox 195 2384 267 2412; x_wconf 77' lang='lat' dir='ltr'>purae</span> <span class='ocrx_word' id='word_1_400' title='bbox 277 2373 454 2402; x_wconf 76' lang='lat' dir='ltr'>conscientiae</span> <span class='ocrx_word' id='word_1_401' title='bbox 466 2392 472 2399; x_wconf 91' lang='lat'>.</span> <span class='ocrx_word' id='word_1_402' title='bbox 484 2373 581 2407; x_wconf 86' lang='lat' dir='ltr'>[Cum</span> <span class='ocrx_word' id='word_1_403' title='bbox 589 2370 674 2399; x_wconf 61' lang='lat' dir='ltr'>sancti</span> <span class='ocrx_word' id='word_1_404' title='bbox 685 2370 738 2399; x_wconf 89' lang='lat' dir='ltr'>viri</span> <span class='ocrx_word' id='word_1_405' title='bbox 749 2366 948 2396; x_wconf 60' lang='lat' dir='ltr'>maledictionis</span> <span class='ocrx_word' id='word_1_406' title='bbox 967 2367 1154 2394; x_wconf 67' lang='lat' dir='ltr'>SunTuLAst</span> <span class='ocrx_word' id='word_1_407' title='bbox 1163 2385 1172 2391; x_wconf 47' lang='lat'><strong><em>⁴</em></strong></span> <span class='ocrx_word' id='word_1_408' title='bbox 1185 2363 1410 2392; x_wconf 70' lang='lat' dir='ltr'>Videsutulares</span> <span class='ocrx_word' id='word_1_409' title='bbox 1423 2382 1429 2389; x_wconf 89' lang='lat'><strong>.</strong></span> 
     </span>
    </p>
   </div>
   <div class='ocr_carea' id='block_1_9' title="bbox 154 2407 961 2465">
    <p class='ocr_par' dir='ltr' id='par_1_23' title="bbox 154 2407 961 2465">
     <span class='ocr_line' id='line_1_58' title="bbox 154 2407 961 2465; baseline -0.01 -21"><span class='ocrx_word' id='word_1_410' title='bbox 154 2413 321 2448; x_wconf 75' lang='lat' dir='ltr'>sententiam</span> <span class='ocrx_word' id='word_1_411' title='bbox 330 2414 474 2454; x_wconf 79' lang='lat' dir='ltr'>proferunt</span> <span class='ocrx_word' id='word_1_412' title='bbox 483 2435 491 2447; x_wconf 55' lang='lat'><em>2</em></span> <span class='ocrx_word' id='word_1_413' title='bbox 506 2422 561 2441; x_wconf 89' lang='lat' dir='ltr'>non</span> <span class='ocrx_word' id='word_1_414' title='bbox 571 2413 600 2441; x_wconf 91' lang='lat' dir='ltr'>in</span> <span class='ocrx_word' id='word_1_415' title='bbox 611 2411 679 2443; x_wconf 75' lang='lat' dir='ltr'>hanc</span> <span class='ocrx_word' id='word_1_416' title='bbox 688 2421 722 2440; x_wconf 81' lang='lat' dir='ltr'>ex</span> <span class='ocrx_word' id='word_1_417' title='bbox 735 2419 804 2440; x_wconf 83' lang='lat' dir='ltr'>voto</span> <span class='ocrx_word' id='word_1_418' title='bbox 814 2407 928 2437; x_wconf 75' lang='lat' dir='ltr'>ultionis</span> <span class='ocrx_word' id='word_1_419' title='bbox 942 2419 961 2465; x_wconf 53' lang='grc' dir='ltr'>Ι</span> 
     </span>
    </p>
   </div>
   <div class='ocr_carea' id='block_1_10' title="bbox 1301 73 1404 118">
    <p class='ocr_par' dir='ltr' id='par_1_24' title="bbox 1301 73 1404 118">
     <span class='ocr_line' id='line_1_59' title="bbox 1301 73 1404 118; baseline -0.029 0"><span class='ocrx_word' id='word_1_420' title='bbox 1301 73 1404 118; x_wconf 90' lang='lat' dir='ltr'>SU</span> 
     </span>
    </p>
   </div>
   <div class='ocr_carea' id='block_1_11' title="bbox 968 128 1803 2160">
    <p class='ocr_par' dir='ltr' id='par_1_25' title="bbox 998 128 1799 1916">
     <span class='ocr_line' id='line_1_60' title="bbox 999 128 1796 181; baseline 0.006 -19"><span class='ocrx_word' id='word_1_421' title='bbox 999 129 1056 181; x_wconf 35' lang='lat' dir='ltr'>sed&#39;</span> <span class='ocrx_word' id='word_1_422' title='bbox 1066 143 1099 178; x_wconf 69' lang='lat' dir='ltr'>ex</span> <span class='ocrx_word' id='word_1_423' title='bbox 1109 128 1221 178; x_wconf 68' lang='lat' dir='ltr'>justitiae</span> <span class='ocrx_word' id='word_1_424' title='bbox 1232 133 1357 164; x_wconf 83' lang='lat' dir='ltr'>examine</span> <span class='ocrx_word' id='word_1_425' title='bbox 1374 139 1559 173; x_wconf 82' lang='lat' dir='ltr'>prorumpunt</span> <span class='ocrx_word' id='word_1_426' title='bbox 1568 153 1576 160; x_wconf 89' lang='lat'><strong>.</strong></span> <span class='ocrx_word' id='word_1_427' title='bbox 1596 131 1676 165; x_wconf 78' lang='lat' dir='ltr'>Intus</span> <span class='ocrx_word' id='word_1_428' title='bbox 1698 130 1796 167; x_wconf 78' lang='lat' dir='ltr'>subtile</span> 
     </span>
     <span class='ocr_line' id='line_1_61' title="bbox 1001 172 1795 220; baseline 0.01 -18"><span class='ocrx_word' id='word_1_429' title='bbox 1001 175 1140 219; x_wconf 59' lang='lat' dir='ltr'>judicium⁴</span> <span class='ocrx_word' id='word_1_430' title='bbox 1151 172 1317 217; x_wconf 79' lang='lat' dir='ltr'>respiciunt,</span> <span class='ocrx_word' id='word_1_431' title='bbox 1338 179 1366 205; x_wconf 90' lang='lat'>&amp;</span> <span class='ocrx_word' id='word_1_432' title='bbox 1384 176 1453 205; x_wconf 76' lang='lat' dir='ltr'>maia</span> <span class='ocrx_word' id='word_1_433' title='bbox 1471 176 1538 206; x_wconf 75' lang='lat' dir='ltr'>soris</span> <span class='ocrx_word' id='word_1_434' title='bbox 1555 176 1701 218; x_wconf 80' lang='lat' dir='ltr'>fragrantia</span> <span class='ocrx_word' id='word_1_435' title='bbox 1711 200 1720 213; x_wconf 90' lang='lat'><em>‚</em></span> <span class='ocrx_word' id='word_1_436' title='bbox 1742 190 1795 220; x_wconf 71' lang='lat' dir='ltr'>qux</span> 
     </span>
     <span class='ocr_line' id='line_1_62' title="bbox 1003 214 1795 260; baseline 0.004 -17"><span class='ocrx_word' id='word_1_437' title='bbox 1003 215 1196 260; x_wconf 69' lang='lat' dir='ltr'>maledistione</span> <span class='ocrx_word' id='word_1_438' title='bbox 1206 214 1287 243; x_wconf 88' lang='lat' dir='ltr'>ferire</span> <span class='ocrx_word' id='word_1_439' title='bbox 1295 214 1409 245; x_wconf 89' lang='lat' dir='ltr'>debeant</span> <span class='ocrx_word' id='word_1_440' title='bbox 1421 239 1429 250; x_wconf 84' lang='lat'><em>,</em></span> <span class='ocrx_word' id='word_1_441' title='bbox 1448 219 1618 257; x_wconf 86' lang='lat' dir='ltr'>cognoscunt</span> <span class='ocrx_word' id='word_1_442' title='bbox 1630 243 1638 254; x_wconf 95' lang='lat'><em>,</em></span> <span class='ocrx_word' id='word_1_443' title='bbox 1658 223 1685 249; x_wconf 73' lang='grc' dir='ltr'>ὅ(</span> <span class='ocrx_word' id='word_1_444' title='bbox 1696 220 1731 249; x_wconf 90' lang='lat' dir='ltr'>de</span> <span class='ocrx_word' id='word_1_445' title='bbox 1739 232 1795 252; x_wconf 64' lang='lat' dir='ltr'>ma-</span> 
     </span>
     <span class='ocr_line' id='line_1_63' title="bbox 1002 256 1796 301; baseline 0.006 -16"><span class='ocrx_word' id='word_1_446' title='bbox 1002 256 1107 301; x_wconf 64' lang='lat' dir='ltr'>ledisto</span> <span class='ocrx_word' id='word_1_447' title='bbox 1122 265 1180 284; x_wconf 89' lang='lat' dir='ltr'>non</span> <span class='ocrx_word' id='word_1_448' title='bbox 1189 264 1300 295; x_wconf 89' lang='lat' dir='ltr'>peccant</span> <span class='ocrx_word' id='word_1_449' title='bbox 1311 276 1320 288; x_wconf 94' lang='lat'><em>,</em></span> <span class='ocrx_word' id='word_1_450' title='bbox 1338 266 1392 294; x_wconf 90' lang='lat' dir='ltr'>quo</span> <span class='ocrx_word' id='word_1_451' title='bbox 1402 258 1433 286; x_wconf 84' lang='lat' dir='ltr'>ab</span> <span class='ocrx_word' id='word_1_452' title='bbox 1455 268 1558 289; x_wconf 85' lang='lat' dir='ltr'>aeterno</span> <span class='ocrx_word' id='word_1_453' title='bbox 1568 263 1667 300; x_wconf 79' lang='lat' dir='ltr'>Judice</span> <span class='ocrx_word' id='word_1_454' title='bbox 1685 273 1742 291; x_wconf 85' lang='lat' dir='ltr'>non</span> <span class='ocrx_word' id='word_1_455' title='bbox 1751 262 1796 292; x_wconf 80' lang='lat' dir='ltr'>di-</span> 
     </span>
     <span class='ocr_line' id='line_1_64' title="bbox 1003 295 1794 342; baseline 0 -17"><span class='ocrx_word' id='word_1_456' title='bbox 1003 297 1133 342; x_wconf 78' lang='lat' dir='ltr'>scordant</span> <span class='ocrx_word' id='word_1_457' title='bbox 1144 318 1151 329; x_wconf 84' lang='lat'><em>,</em></span> <span class='ocrx_word' id='word_1_458' title='bbox 1171 308 1229 325; x_wconf 88' lang='lat' dir='ltr'>can.</span> <span class='ocrx_word' id='word_1_459' title='bbox 1239 306 1301 325; x_wconf 88' lang='lat' dir='ltr'>cum</span> <span class='ocrx_word' id='word_1_460' title='bbox 1310 295 1394 325; x_wconf 65' lang='lat' dir='ltr'>sanai</span> <span class='ocrx_word' id='word_1_461' title='bbox 1402 318 1411 329; x_wconf 90' lang='lat'><em>,</em></span> <span class='ocrx_word' id='word_1_462' title='bbox 1435 309 1479 333; x_wconf 85' lang='lat'>24.</span> <span class='ocrx_word' id='word_1_463' title='bbox 1490 311 1534 338; x_wconf 84' lang='lat' dir='ltr'>qu.</span> <span class='ocrx_word' id='word_1_464' title='bbox 1545 305 1595 340; x_wconf 40' lang='grc' dir='ltr'>ὦ]</span> <span class='ocrx_word' id='word_1_465' title='bbox 1609 304 1692 340; x_wconf 72' lang='lat' dir='ltr'>Quod</span> <span class='ocrx_word' id='word_1_466' title='bbox 1701 302 1794 334; x_wconf 71' lang='lat' dir='ltr'>Gloffi</span> 
     </span>
     <span class='ocr_line' id='line_1_65' title="bbox 1003 339 1793 380; baseline 0.008 -15"><span class='ocrx_word' id='word_1_467' title='bbox 1003 339 1038 366; x_wconf 89' lang='lat' dir='ltr'>ibi</span> <span class='ocrx_word' id='word_1_468' title='bbox 1047 339 1207 376; x_wconf 78' lang='lat' dir='ltr'>comprobat</span> <span class='ocrx_word' id='word_1_469' title='bbox 1217 348 1251 366; x_wconf 85' lang='lat' dir='ltr'>ex</span> <span class='ocrx_word' id='word_1_470' title='bbox 1260 348 1367 366; x_wconf 73' lang='lat' dir='ltr'>canone</span> <span class='ocrx_word' id='word_1_471' title='bbox 1378 339 1449 367; x_wconf 82' lang='lat' dir='ltr'>Vera</span> <span class='ocrx_word' id='word_1_472' title='bbox 1458 340 1561 374; x_wconf 75' lang='lat' dir='ltr'>justitia</span> <span class='ocrx_word' id='word_1_473' title='bbox 1569 365 1577 376; x_wconf 92' lang='lat'><em>‚</em></span> <span class='ocrx_word' id='word_1_474' title='bbox 1588 344 1649 373; x_wconf 88' lang='lat' dir='ltr'>dist.</span> <span class='ocrx_word' id='word_1_475' title='bbox 1661 354 1708 380; x_wconf 81' lang='lat'>45.</span> <span class='ocrx_word' id='word_1_476' title='bbox 1720 348 1747 374; x_wconf 76' lang='grc' dir='ltr'>ὃς</span> <span class='ocrx_word' id='word_1_477' title='bbox 1757 355 1793 374; x_wconf 80' lang='lat' dir='ltr'>ex</span> 
     </span>
     <span class='ocr_line' id='line_1_66' title="bbox 1002 378 1794 423; baseline 0.001 -16"><span class='ocrx_word' id='word_1_478' title='bbox 1002 389 1060 423; x_wconf 80' lang='lat' dir='ltr'>can.</span> <span class='ocrx_word' id='word_1_479' title='bbox 1072 378 1153 423; x_wconf 75' lang='lat' dir='ltr'>Qdio</span> <span class='ocrx_word' id='word_1_480' title='bbox 1162 378 1313 408; x_wconf 76' lang='lat' dir='ltr'>habeantur</span> <span class='ocrx_word' id='word_1_481' title='bbox 1323 400 1332 411; x_wconf 91' lang='lat'><em>‚</em></span> <span class='ocrx_word' id='word_1_482' title='bbox 1354 378 1415 407; x_wconf 87' lang='lat' dir='ltr'>dist.</span> <span class='ocrx_word' id='word_1_483' title='bbox 1430 384 1474 408; x_wconf 89' lang='lat'>86.</span> <span class='ocrx_word' id='word_1_484' title='bbox 1487 384 1515 410; x_wconf 89' lang='lat'>&amp;</span> <span class='ocrx_word' id='word_1_485' title='bbox 1526 382 1620 412; x_wconf 75' lang='lat' dir='ltr'>clarius</span> <span class='ocrx_word' id='word_1_486' title='bbox 1632 396 1665 414; x_wconf 70' lang='lat' dir='ltr'>ex</span> <span class='ocrx_word' id='word_1_487' title='bbox 1675 396 1734 414; x_wconf 66' lang='lat' dir='ltr'>can.</span> <span class='ocrx_word' id='word_1_488' title='bbox 1756 387 1794 415; x_wconf 66' lang='lat'>112</span> 
     </span>
     <span class='ocr_line' id='line_1_67' title="bbox 1003 418 1792 465; baseline 0.003 -17"><span class='ocrx_word' id='word_1_489' title='bbox 1003 429 1118 465; x_wconf 37' lang='lat' dir='ltr'>primis,·</span> <span class='ocrx_word' id='word_1_490' title='bbox 1138 432 1163 449; x_wconf 75' lang='grc' dir='ltr'>ι.</span> <span class='ocrx_word' id='word_1_491' title='bbox 1174 430 1219 458; x_wconf 89' lang='lat' dir='ltr'>qu.</span> <span class='ocrx_word' id='word_1_492' title='bbox 1235 431 1257 448; x_wconf 89' lang='lat' dir='ltr'>i.</span> <span class='ocrx_word' id='word_1_493' title='bbox 1267 418 1312 447; x_wconf 91' lang='lat' dir='ltr'>ubi</span> <span class='ocrx_word' id='word_1_494' title='bbox 1323 419 1475 457; x_wconf 70' lang='lat' dir='ltr'>GregorIus</span> <span class='ocrx_word' id='word_1_495' title='bbox 1487 422 1586 458; x_wconf 80' lang='lat' dir='ltr'>Joanni</span> <span class='ocrx_word' id='word_1_496' title='bbox 1595 425 1742 454; x_wconf 73' lang='lat' dir='ltr'>Defensori</span> <span class='ocrx_word' id='word_1_497' title='bbox 1761 425 1792 454; x_wconf 71' lang='lat' dir='ltr'>in</span> 
     </span>
     <span class='ocr_line' id='line_1_68' title="bbox 1004 458 1794 505; baseline 0 -17"><span class='ocrx_word' id='word_1_498' title='bbox 1004 460 1165 505; x_wconf 82' lang='lat' dir='ltr'>Hispaniam</span> <span class='ocrx_word' id='word_1_499' title='bbox 1176 460 1268 504; x_wconf 78' lang='lat' dir='ltr'>eunti,</span> <span class='ocrx_word' id='word_1_500' title='bbox 1290 458 1394 488; x_wconf 71' lang='lat' dir='ltr'>causam</span> <span class='ocrx_word' id='word_1_501' title='bbox 1404 459 1581 492; x_wconf 77' lang='lat' dir='ltr'>accusationis</span> <span class='ocrx_word' id='word_1_502' title='bbox 1598 466 1717 501; x_wconf 82' lang='lat' dir='ltr'>Januarii</span> <span class='ocrx_word' id='word_1_503' title='bbox 1728 466 1794 504; x_wconf 76' lang='lat' dir='ltr'>Epi-</span> 
     </span>
     <span class='ocr_line' id='line_1_69' title="bbox 1001 500 1796 543; baseline 0.008 -14"><span class='ocrx_word' id='word_1_504' title='bbox 1001 501 1076 540; x_wconf 90' lang='lat' dir='ltr'>scopi</span> <span class='ocrx_word' id='word_1_505' title='bbox 1086 510 1239 529; x_wconf 85' lang='lat' dir='ltr'>committit</span> <span class='ocrx_word' id='word_1_506' title='bbox 1253 522 1258 533; x_wconf 83' lang='grc'>,</span> <span class='ocrx_word' id='word_1_507' title='bbox 1269 500 1395 537; x_wconf 83' lang='lat' dir='ltr'>inquiens</span> <span class='ocrx_word' id='word_1_508' title='bbox 1407 512 1413 528; x_wconf 86' lang='grc'>.’</span> <span class='ocrx_word' id='word_1_509' title='bbox 1426 506 1438 536; x_wconf 93' lang='grc'>[</span> <span class='ocrx_word' id='word_1_510' title='bbox 1451 503 1486 530; x_wconf 87' lang='lat' dir='ltr'>In</span> <span class='ocrx_word' id='word_1_511' title='bbox 1494 502 1589 540; x_wconf 89' lang='lat' dir='ltr'>primis</span> <span class='ocrx_word' id='word_1_512' title='bbox 1599 506 1796 543; x_wconf 82' lang='lat' dir='ltr'>requirendum</span> 
     </span>
     <span class='ocr_line' id='line_1_70' title="bbox 1003 539 1794 586; baseline 0.008 -16"><span class='ocrx_word' id='word_1_513' title='bbox 1003 542 1039 571; x_wconf 91' lang='lat' dir='ltr'>est</span> <span class='ocrx_word' id='word_1_514' title='bbox 1050 545 1102 570; x_wconf 72' lang='grc' dir='ltr'>δατ.</span> <span class='ocrx_word' id='word_1_515' title='bbox 1123 542 1142 570; x_wconf 85' lang='lat' dir='ltr'>fi</span> <span class='ocrx_word' id='word_1_516' title='bbox 1151 542 1189 570; x_wconf 78' lang='lat' dir='ltr'>ita</span> <span class='ocrx_word' id='word_1_517' title='bbox 1199 540 1301 569; x_wconf 85' lang='lat' dir='ltr'>veritas</span> <span class='ocrx_word' id='word_1_518' title='bbox 1311 539 1428 569; x_wconf 73' lang='lat' dir='ltr'>sehabet</span> <span class='ocrx_word' id='word_1_519' title='bbox 1438 563 1445 574; x_wconf 91' lang='lat'>‚</span> <span class='ocrx_word' id='word_1_520' title='bbox 1465 542 1530 571; x_wconf 83' lang='lat' dir='ltr'>sicut</span> <span class='ocrx_word' id='word_1_521' title='bbox 1542 544 1659 580; x_wconf 88' lang='lat' dir='ltr'>ejusdem</span> <span class='ocrx_word' id='word_1_522' title='bbox 1669 546 1794 586; x_wconf 85' lang='lat' dir='ltr'>Episcopi</span> 
     </span>
     <span class='ocr_line' id='line_1_71' title="bbox 1002 581 1794 627; baseline 0.006 -16"><span class='ocrx_word' id='word_1_523' title='bbox 1002 592 1102 627; x_wconf 79' lang='lat' dir='ltr'>petitio</span> <span class='ocrx_word' id='word_1_524' title='bbox 1113 583 1240 611; x_wconf 86' lang='lat' dir='ltr'>continet</span> <span class='ocrx_word' id='word_1_525' title='bbox 1250 602 1256 609; x_wconf 96' lang='lat'>.</span> <span class='ocrx_word' id='word_1_526' title='bbox 1277 581 1304 609; x_wconf 84' lang='lat' dir='ltr'>Si</span> <span class='ocrx_word' id='word_1_527' title='bbox 1314 591 1404 610; x_wconf 84' lang='lat' dir='ltr'>autem</span> <span class='ocrx_word' id='word_1_528' title='bbox 1425 582 1528 611; x_wconf 58' lang='lat' dir='ltr'>dietum</span> <span class='ocrx_word' id='word_1_529' title='bbox 1540 583 1639 621; x_wconf 84' lang='lat' dir='ltr'>fuerit,</span> <span class='ocrx_word' id='word_1_530' title='bbox 1661 587 1720 624; x_wconf 86' lang='lat' dir='ltr'>quia</span> <span class='ocrx_word' id='word_1_531' title='bbox 1728 597 1794 616; x_wconf 91' lang='lat' dir='ltr'>con-</span> 
     </span>
     <span class='ocr_line' id='line_1_72' title="bbox 1001 622 1796 661; baseline 0.005 -10"><span class='ocrx_word' id='word_1_532' title='bbox 1001 633 1041 651; x_wconf 81' lang='lat' dir='ltr'>tra</span> <span class='ocrx_word' id='word_1_533' title='bbox 1051 622 1138 661; x_wconf 83' lang='lat' dir='ltr'>ipsum</span> <span class='ocrx_word' id='word_1_534' title='bbox 1148 622 1224 652; x_wconf 76' lang='lat' dir='ltr'>causa</span> <span class='ocrx_word' id='word_1_535' title='bbox 1234 631 1318 654; x_wconf 77' lang='lat' dir='ltr'>muta,</span> <span class='ocrx_word' id='word_1_536' title='bbox 1328 622 1383 652; x_wconf 82' lang='lat' dir='ltr'>five</span> <span class='ocrx_word' id='word_1_537' title='bbox 1394 623 1503 660; x_wconf 79' lang='lat' dir='ltr'>probata</span> <span class='ocrx_word' id='word_1_538' title='bbox 1514 624 1567 653; x_wconf 86' lang='lat' dir='ltr'>est:</span> <span class='ocrx_word' id='word_1_539' title='bbox 1578 625 1742 661; x_wconf 87' lang='lat' dir='ltr'>subtiliter,(</span> <span class='ocrx_word' id='word_1_540' title='bbox 1753 629 1796 656; x_wconf 76' lang='lat' dir='ltr'>id-</span> 
     </span>
     <span class='ocr_line' id='line_1_73' title="bbox 1001 663 1796 708; baseline 0.004 -16"><span class='ocrx_word' id='word_1_541' title='bbox 1001 666 1036 700; x_wconf 85' lang='lat' dir='ltr'>est</span> <span class='ocrx_word' id='word_1_542' title='bbox 1045 663 1182 708; x_wconf 35' lang='lat' dir='ltr'>‚fincerez</span> <span class='ocrx_word' id='word_1_543' title='bbox 1198 664 1345 701; x_wconf 81' lang='lat' dir='ltr'>diligenter</span> <span class='ocrx_word' id='word_1_544' title='bbox 1356 686 1362 696; x_wconf 89' lang='lat'><em>,</em></span> <span class='ocrx_word' id='word_1_545' title='bbox 1376 663 1409 696; x_wconf 56' lang='grc' dir='ltr'>όν</span> <span class='ocrx_word' id='word_1_546' title='bbox 1421 666 1554 702; x_wconf 85' lang='lat' dir='ltr'>rigorose)</span> <span class='ocrx_word' id='word_1_547' title='bbox 1572 666 1631 705; x_wconf 90' lang='lat' dir='ltr'>ipso</span> <span class='ocrx_word' id='word_1_548' title='bbox 1641 666 1775 705; x_wconf 67' lang='lat' dir='ltr'>praesente</span> <span class='ocrx_word' id='word_1_549' title='bbox 1785 688 1796 701; x_wconf 86' lang='grc'><em>,</em></span> 
     </span>
     <span class='ocr_line' id='line_1_74' title="bbox 1001 703 1797 747; baseline 0.005 -15"><span class='ocrx_word' id='word_1_550' title='bbox 1001 709 1029 733; x_wconf 74' lang='grc' dir='ltr'>ὃ(</span> <span class='ocrx_word' id='word_1_551' title='bbox 1038 714 1089 742; x_wconf 84' lang='lat' dir='ltr'>pro</span> <span class='ocrx_word' id='word_1_552' title='bbox 1099 703 1125 732; x_wconf 90' lang='lat' dir='ltr'>se</span> <span class='ocrx_word' id='word_1_553' title='bbox 1135 714 1268 732; x_wconf 86' lang='lat' dir='ltr'>rationem</span> <span class='ocrx_word' id='word_1_554' title='bbox 1278 703 1411 732; x_wconf 79' lang='lat' dir='ltr'>reddente</span> <span class='ocrx_word' id='word_1_555' title='bbox 1423 725 1430 736; x_wconf 92' lang='lat'><em>,</em></span> <span class='ocrx_word' id='word_1_556' title='bbox 1453 707 1630 742; x_wconf 63' lang='lat' dir='ltr'>quaerendum</span> <span class='ocrx_word' id='word_1_557' title='bbox 1643 708 1681 735; x_wconf 84' lang='lat' dir='ltr'>est</span> <span class='ocrx_word' id='word_1_558' title='bbox 1690 730 1698 740; x_wconf 90' lang='lat'><em>‚</em></span> <span class='ocrx_word' id='word_1_559' title='bbox 1711 711 1738 736; x_wconf 76' lang='grc' dir='ltr'>ὃ(</span> <span class='ocrx_word' id='word_1_560' title='bbox 1749 718 1797 747; x_wconf 86' lang='lat' dir='ltr'>ge-</span> 
     </span>
     <span class='ocr_line' id='line_1_75' title="bbox 1004 743 1798 782; baseline 0.005 -9"><span class='ocrx_word' id='word_1_561' title='bbox 1004 755 1052 773; x_wconf 82' lang='lat' dir='ltr'>nus</span> <span class='ocrx_word' id='word_1_562' title='bbox 1062 743 1146 772; x_wconf 83' lang='lat' dir='ltr'>causae</span> <span class='ocrx_word' id='word_1_563' title='bbox 1158 766 1165 777; x_wconf 81' lang='grc'>,</span> <span class='ocrx_word' id='word_1_564' title='bbox 1186 748 1212 773; x_wconf 76' lang='grc' dir='ltr'>δ(</span> <span class='ocrx_word' id='word_1_565' title='bbox 1225 744 1320 772; x_wconf 86' lang='lat' dir='ltr'>modus</span> <span class='ocrx_word' id='word_1_566' title='bbox 1332 745 1501 782; x_wconf 75' lang='lat' dir='ltr'>probationis</span> <span class='ocrx_word' id='word_1_567' title='bbox 1510 749 1586 778; x_wconf 53' lang='lat' dir='ltr'>&amp;cxj</span> <span class='ocrx_word' id='word_1_568' title='bbox 1610 750 1651 776; x_wconf 90' lang='lat' dir='ltr'>Ac</span> <span class='ocrx_word' id='word_1_569' title='bbox 1661 748 1691 776; x_wconf 91' lang='lat' dir='ltr'>in</span> <span class='ocrx_word' id='word_1_570' title='bbox 1700 749 1798 777; x_wconf 85' lang='lat' dir='ltr'>eodem</span> 
     </span>
     <span class='ocr_line' id='line_1_76' title="bbox 998 784 1794 830; baseline 0.005 -17"><span class='ocrx_word' id='word_1_571' title='bbox 998 784 1085 830; x_wconf 77' lang='lat' dir='ltr'>sensu,</span> <span class='ocrx_word' id='word_1_572' title='bbox 1097 795 1156 812; x_wconf 85' lang='lat' dir='ltr'>can.</span> <span class='ocrx_word' id='word_1_573' title='bbox 1165 785 1292 818; x_wconf 86' lang='lat' dir='ltr'>Obitum,</span> <span class='ocrx_word' id='word_1_574' title='bbox 1309 796 1318 813; x_wconf 92' lang='lat'>1</span> <span class='ocrx_word' id='word_1_575' title='bbox 1327 794 1413 823; x_wconf 76' lang='lat' dir='ltr'>z-q.5.</span> <span class='ocrx_word' id='word_1_576' title='bbox 1423 785 1495 814; x_wconf 85' lang='lat' dir='ltr'>idern</span> <span class='ocrx_word' id='word_1_577' title='bbox 1506 789 1591 826; x_wconf 85' lang='lat' dir='ltr'>Greg.</span> <span class='ocrx_word' id='word_1_578' title='bbox 1604 788 1733 817; x_wconf 78' lang='lat' dir='ltr'>Mariano</span> <span class='ocrx_word' id='word_1_579' title='bbox 1744 792 1794 817; x_wconf 79' lang='lat' dir='ltr'>Ar·</span> 
     </span>
     <span class='ocr_line' id='line_1_77' title="bbox 998 825 1796 871; baseline 0.001 -17"><span class='ocrx_word' id='word_1_580' title='bbox 998 825 1251 871; x_wconf 78' lang='lat' dir='ltr'>cliiep.Ravennati</span> <span class='ocrx_word' id='word_1_581' title='bbox 1261 825 1291 868; x_wconf 30' lang='lat' dir='ltr'>*in</span> <span class='ocrx_word' id='word_1_582' title='bbox 1302 825 1374 853; x_wconf 79' lang='lat' dir='ltr'>causa</span> <span class='ocrx_word' id='word_1_583' title='bbox 1383 825 1545 855; x_wconf 68' lang='lat' dir='ltr'>Testamenti</span> <span class='ocrx_word' id='word_1_584' title='bbox 1556 827 1696 857; x_wconf 88' lang='lat' dir='ltr'>Theodori</span> <span class='ocrx_word' id='word_1_585' title='bbox 1707 827 1796 866; x_wconf 70' lang='lat' dir='ltr'>Episc.</span> 
     </span>
     <span class='ocr_line' id='line_1_78' title="bbox 1002 865 1794 911; baseline 0.003 -16"><span class='ocrx_word' id='word_1_586' title='bbox 1002 876 1111 911; x_wconf 79' lang='lat' dir='ltr'>inquit:</span> <span class='ocrx_word' id='word_1_587' title='bbox 1134 865 1210 901; x_wconf 83' lang='lat' dir='ltr'>[Sed</span> <span class='ocrx_word' id='word_1_588' title='bbox 1220 875 1283 903; x_wconf 81' lang='lat' dir='ltr'>quia</span> <span class='ocrx_word' id='word_1_589' title='bbox 1301 865 1490 895; x_wconf 80' lang='lat' dir='ltr'>testamentum</span> <span class='ocrx_word' id='word_1_590' title='bbox 1510 867 1610 897; x_wconf 85' lang='lat' dir='ltr'>dicitur</span> <span class='ocrx_word' id='word_1_591' title='bbox 1627 867 1794 902; x_wconf 77' lang='lat' dir='ltr'>condidisse,</span> 
     </span>
     <span class='ocr_line' id='line_1_79' title="bbox 1000 905 1789 952; baseline 0.003 -17"><span class='ocrx_word' id='word_1_592' title='bbox 1000 907 1138 952; x_wconf 68' lang='lat' dir='ltr'>subtiliter</span> <span class='ocrx_word' id='word_1_593' title='bbox 1149 916 1175 934; x_wconf 90' lang='lat' dir='ltr'>te</span> <span class='ocrx_word' id='word_1_594' title='bbox 1187 928 1194 938; x_wconf 82' lang='lat'><em>,</em></span> <span class='ocrx_word' id='word_1_595' title='bbox 1218 916 1252 934; x_wconf 88' lang='lat' dir='ltr'>ne</span> <span class='ocrx_word' id='word_1_596' title='bbox 1261 905 1328 944; x_wconf 88' lang='lat' dir='ltr'>quid</span> <span class='ocrx_word' id='word_1_597' title='bbox 1338 905 1372 933; x_wconf 91' lang='lat' dir='ltr'>de</span> <span class='ocrx_word' id='word_1_598' title='bbox 1383 907 1457 934; x_wconf 86' lang='lat' dir='ltr'>rebus</span> <span class='ocrx_word' id='word_1_599' title='bbox 1477 908 1600 937; x_wconf 66' lang='lat' dir='ltr'>Ecclesiae</span> <span class='ocrx_word' id='word_1_600' title='bbox 1610 908 1662 937; x_wconf 79' lang='lat' dir='ltr'>suae</span> <span class='ocrx_word' id='word_1_601' title='bbox 1672 908 1789 938; x_wconf 82' lang='lat' dir='ltr'>consum</span> 
     </span>
     <span class='ocr_line' id='line_1_80' title="bbox 1000 945 1795 993; baseline 0.003 -17"><span class='ocrx_word' id='word_1_602' title='bbox 1000 948 1088 993; x_wconf 80' lang='lat' dir='ltr'>psiflet</span> <span class='ocrx_word' id='word_1_603' title='bbox 1097 969 1105 980; x_wconf 91' lang='lat'><em>‚</em></span> <span class='ocrx_word' id='word_1_604' title='bbox 1116 956 1227 985; x_wconf 86' lang='lat' dir='ltr'>oportet</span> <span class='ocrx_word' id='word_1_605' title='bbox 1237 945 1377 984; x_wconf 86' lang='lat' dir='ltr'>inquirere</span> <span class='ocrx_word' id='word_1_606' title='bbox 1390 967 1397 974; x_wconf 87' lang='lat'>.</span> <span class='ocrx_word' id='word_1_607' title='bbox 1408 948 1420 977; x_wconf 91' lang='grc'>]</span> <span class='ocrx_word' id='word_1_608' title='bbox 1431 946 1474 975; x_wconf 87' lang='lat' dir='ltr'>Sic</span> <span class='ocrx_word' id='word_1_609' title='bbox 1486 948 1568 975; x_wconf 85' lang='lat' dir='ltr'>etiam</span> <span class='ocrx_word' id='word_1_610' title='bbox 1577 969 1585 981; x_wconf 95' lang='lat'><em>,</em></span> <span class='ocrx_word' id='word_1_611' title='bbox 1600 948 1629 977; x_wconf 87' lang='lat' dir='ltr'>in</span> <span class='ocrx_word' id='word_1_612' title='bbox 1639 959 1696 987; x_wconf 78' lang='lat' dir='ltr'>cap.</span> <span class='ocrx_word' id='word_1_613' title='bbox 1707 961 1734 982; x_wconf 91' lang='lat'>7.</span> <span class='ocrx_word' id='word_1_614' title='bbox 1748 951 1795 979; x_wconf 83' lang='lat' dir='ltr'>Sa·</span> 
     </span>
     <span class='ocr_line' id='line_1_81' title="bbox 1002 987 1796 1026; baseline 0.003 -9"><span class='ocrx_word' id='word_1_615' title='bbox 1002 997 1089 1026; x_wconf 87' lang='lat' dir='ltr'>pient.</span> <span class='ocrx_word' id='word_1_616' title='bbox 1109 987 1238 1016; x_wconf 87' lang='lat' dir='ltr'>habetur:</span> <span class='ocrx_word' id='word_1_617' title='bbox 1265 987 1425 1022; x_wconf 87' lang='lat' dir='ltr'>[Omnium</span> <span class='ocrx_word' id='word_1_618' title='bbox 1437 987 1512 1015; x_wconf 90' lang='lat' dir='ltr'>enim</span> <span class='ocrx_word' id='word_1_619' title='bbox 1533 988 1632 1017; x_wconf 83' lang='lat' dir='ltr'>artifex</span> <span class='ocrx_word' id='word_1_620' title='bbox 1643 989 1736 1018; x_wconf 77' lang='lat' dir='ltr'>docuit</span> <span class='ocrx_word' id='word_1_621' title='bbox 1751 1000 1796 1019; x_wconf 84' lang='lat' dir='ltr'>nie</span> 
     </span>
     <span class='ocr_line' id='line_1_82' title="bbox 1000 1026 1798 1068; baseline 0.003 -11"><span class='ocrx_word' id='word_1_622' title='bbox 1000 1028 1150 1068; x_wconf 84' lang='lat' dir='ltr'>sapientia:</span> <span class='ocrx_word' id='word_1_623' title='bbox 1172 1029 1209 1056; x_wconf 83' lang='lat' dir='ltr'>est</span> <span class='ocrx_word' id='word_1_624' title='bbox 1229 1027 1304 1056; x_wconf 85' lang='lat' dir='ltr'>enim</span> <span class='ocrx_word' id='word_1_625' title='bbox 1314 1028 1360 1055; x_wconf 69' lang='lat' dir='ltr'>illi</span> <span class='ocrx_word' id='word_1_626' title='bbox 1376 1026 1487 1065; x_wconf 79' lang='lat' dir='ltr'>spiritus</span> <span class='ocrx_word' id='word_1_627' title='bbox 1497 1028 1694 1068; x_wconf 72' lang='lat' dir='ltr'>intelligentiae</span> <span class='ocrx_word' id='word_1_628' title='bbox 1706 1052 1713 1063; x_wconf 92' lang='lat'>,</span> <span class='ocrx_word' id='word_1_629' title='bbox 1736 1029 1798 1060; x_wconf 72' lang='lat' dir='ltr'>san-</span> 
     </span>
     <span class='ocr_line' id='line_1_83' title="bbox 1002 1067 1796 1114; baseline 0.001 -17"><span class='ocrx_word' id='word_1_630' title='bbox 1002 1071 1057 1114; x_wconf 58' lang='lat' dir='ltr'>ctus</span> <span class='ocrx_word' id='word_1_631' title='bbox 1067 1069 1181 1113; x_wconf 25' lang='lat' dir='ltr'>‚qunicus</span> <span class='ocrx_word' id='word_1_632' title='bbox 1193 1090 1199 1101; x_wconf 88' lang='lat'><em>,</em></span> <span class='ocrx_word' id='word_1_633' title='bbox 1212 1068 1357 1106; x_wconf 79' lang='lat' dir='ltr'>multiplex</span> <span class='ocrx_word' id='word_1_634' title='bbox 1368 1089 1375 1101; x_wconf 93' lang='lat'><em>,</em></span> <span class='ocrx_word' id='word_1_635' title='bbox 1388 1067 1493 1097; x_wconf 87' lang='lat' dir='ltr'>subtilis</span> <span class='ocrx_word' id='word_1_636' title='bbox 1506 1090 1515 1102; x_wconf 88' lang='lat'><em>‚</em></span> <span class='ocrx_word' id='word_1_637' title='bbox 1533 1068 1664 1099; x_wconf 84' lang='lat' dir='ltr'>discretus</span> <span class='ocrx_word' id='word_1_638' title='bbox 1673 1073 1747 1102; x_wconf 84' lang='lat' dir='ltr'>&amp;c.]</span> <span class='ocrx_word' id='word_1_639' title='bbox 1767 1075 1796 1101; x_wconf 74' lang='grc' dir='ltr'>ὅς</span> 
     </span>
     <span class='ocr_line' id='line_1_84' title="bbox 1001 1108 1797 1155; baseline 0.001 -16"><span class='ocrx_word' id='word_1_640' title='bbox 1001 1111 1116 1155; x_wconf 79' lang='lat' dir='ltr'>inferius</span> <span class='ocrx_word' id='word_1_641' title='bbox 1129 1121 1135 1136; x_wconf 82' lang='lat'><em>:</em></span> <span class='ocrx_word' id='word_1_642' title='bbox 1151 1110 1297 1145; x_wconf 87' lang='lat' dir='ltr'>[Omnem</span> <span class='ocrx_word' id='word_1_643' title='bbox 1307 1108 1406 1137; x_wconf 76' lang='lat' dir='ltr'>habens</span> <span class='ocrx_word' id='word_1_644' title='bbox 1416 1110 1548 1139; x_wconf 89' lang='lat' dir='ltr'>virtutem</span> <span class='ocrx_word' id='word_1_645' title='bbox 1557 1132 1565 1144; x_wconf 94' lang='lat'><em>,</em></span> <span class='ocrx_word' id='word_1_646' title='bbox 1587 1111 1680 1140; x_wconf 78' lang='lat' dir='ltr'>omnia</span> <span class='ocrx_word' id='word_1_647' title='bbox 1690 1110 1797 1150; x_wconf 89' lang='lat' dir='ltr'>prospi-</span> 
     </span>
     <span class='ocr_line' id='line_1_85' title="bbox 1002 1149 1797 1191; baseline 0.001 -12"><span class='ocrx_word' id='word_1_648' title='bbox 1002 1161 1094 1184; x_wconf 86' lang='lat' dir='ltr'>ciens,</span> <span class='ocrx_word' id='word_1_649' title='bbox 1116 1154 1143 1179; x_wconf 73' lang='grc' dir='ltr'>ὃ(</span> <span class='ocrx_word' id='word_1_650' title='bbox 1156 1150 1202 1188; x_wconf 87' lang='lat' dir='ltr'>qui</span> <span class='ocrx_word' id='word_1_651' title='bbox 1220 1150 1311 1188; x_wconf 77' lang='lat' dir='ltr'>capiat</span> <span class='ocrx_word' id='word_1_652' title='bbox 1328 1159 1422 1178; x_wconf 87' lang='lat' dir='ltr'>omnes</span> <span class='ocrx_word' id='word_1_653' title='bbox 1440 1149 1569 1188; x_wconf 84' lang='lat' dir='ltr'>spiritus,</span> <span class='ocrx_word' id='word_1_654' title='bbox 1591 1152 1797 1191; x_wconf 80' lang='lat' dir='ltr'>intelligibilis,</span> 
     </span>
     <span class='ocr_line' id='line_1_86' title="bbox 1005 1190 1798 1235; baseline 0 -14"><span class='ocrx_word' id='word_1_655' title='bbox 1005 1192 1121 1221; x_wconf 86' lang='lat' dir='ltr'>mundus</span> <span class='ocrx_word' id='word_1_656' title='bbox 1132 1213 1140 1224; x_wconf 94' lang='lat'><em>‚</em></span> <span class='ocrx_word' id='word_1_657' title='bbox 1161 1190 1266 1235; x_wconf 78' lang='lat' dir='ltr'>subtilis</span> <span class='ocrx_word' id='word_1_658' title='bbox 1277 1192 1306 1222; x_wconf 89' lang='lat'>.]</span> <span class='ocrx_word' id='word_1_659' title='bbox 1331 1190 1405 1219; x_wconf 88' lang='lat' dir='ltr'>Vide</span> <span class='ocrx_word' id='word_1_660' title='bbox 1416 1192 1573 1227; x_wconf 67' lang='lat' dir='ltr'>Distriffis.</span> <span class='ocrx_word' id='word_1_661' title='bbox 1594 1192 1798 1232; x_wconf 79' lang='lat' dir='ltr'>Aliquandoin</span> 
     </span>
     <span class='ocr_line' id='line_1_87' title="bbox 1001 1231 1798 1276; baseline 0.003 -15"><span class='ocrx_word' id='word_1_662' title='bbox 1001 1234 1103 1262; x_wconf 73' lang='lat' dir='ltr'>malum</span> <span class='ocrx_word' id='word_1_663' title='bbox 1111 1231 1228 1276; x_wconf 76' lang='lat' dir='ltr'>sumitur</span> <span class='ocrx_word' id='word_1_664' title='bbox 1239 1253 1247 1264; x_wconf 95' lang='lat'>,</span> <span class='ocrx_word' id='word_1_665' title='bbox 1259 1231 1327 1260; x_wconf 87' lang='lat' dir='ltr'>idest</span> <span class='ocrx_word' id='word_1_666' title='bbox 1340 1252 1347 1263; x_wconf 88' lang='lat'><em>,</em></span> <span class='ocrx_word' id='word_1_667' title='bbox 1360 1241 1410 1270; x_wconf 88' lang='lat' dir='ltr'>pro</span> <span class='ocrx_word' id='word_1_668' title='bbox 1419 1231 1552 1260; x_wconf 74' lang='lat' dir='ltr'>malitiosa</span> <span class='ocrx_word' id='word_1_669' title='bbox 1561 1232 1738 1262; x_wconf 80' lang='lat' dir='ltr'>cavillatione</span> <span class='ocrx_word' id='word_1_670' title='bbox 1748 1243 1798 1272; x_wconf 82' lang='lat' dir='ltr'>pet</span> 
     </span>
     <span class='ocr_line' id='line_1_88' title="bbox 1001 1271 1797 1317; baseline 0 -15"><span class='ocrx_word' id='word_1_671' title='bbox 1001 1275 1092 1317; x_wconf 77' lang='lat' dir='ltr'>legum</span> <span class='ocrx_word' id='word_1_672' title='bbox 1103 1282 1189 1310; x_wconf 83' lang='lat' dir='ltr'>apices</span> <span class='ocrx_word' id='word_1_673' title='bbox 1199 1272 1362 1310; x_wconf 70' lang='lat' dir='ltr'>excogitata.</span> <span class='ocrx_word' id='word_1_674' title='bbox 1371 1271 1473 1303; x_wconf 76' lang='lat' dir='ltr'>Gloffa,</span> <span class='ocrx_word' id='word_1_675' title='bbox 1486 1272 1515 1300; x_wconf 90' lang='lat' dir='ltr'>in</span> <span class='ocrx_word' id='word_1_676' title='bbox 1522 1273 1547 1304; x_wconf 68' lang='grc' dir='ltr'>ξ.</span> <span class='ocrx_word' id='word_1_677' title='bbox 1558 1273 1608 1302; x_wconf 86' lang='lat' dir='ltr'>Sed</span> <span class='ocrx_word' id='word_1_678' title='bbox 1619 1284 1680 1302; x_wconf 88' lang='lat' dir='ltr'>cum</span> <span class='ocrx_word' id='word_1_679' title='bbox 1689 1273 1797 1312; x_wconf 78' lang='lat' dir='ltr'>aliquiS,</span> 
     </span>
     <span class='ocr_line' id='line_1_89' title="bbox 1000 1311 1796 1345; baseline -0.003 -3"><span class='ocrx_word' id='word_1_680' title='bbox 1000 1315 1047 1342; x_wconf 82' lang='lat' dir='ltr'>lib.</span> <span class='ocrx_word' id='word_1_681' title='bbox 1061 1325 1087 1342; x_wconf 69' lang='grc' dir='ltr'>ι.</span> <span class='ocrx_word' id='word_1_682' title='bbox 1097 1313 1131 1341; x_wconf 84' lang='lat' dir='ltr'>de</span> <span class='ocrx_word' id='word_1_683' title='bbox 1144 1312 1247 1340; x_wconf 83' lang='lat' dir='ltr'>testam.</span> <span class='ocrx_word' id='word_1_684' title='bbox 1260 1311 1411 1339; x_wconf 88' lang='lat' dir='ltr'>condendis</span> <span class='ocrx_word' id='word_1_685' title='bbox 1421 1333 1428 1343; x_wconf 90' lang='lat'><em>‚</em></span> <span class='ocrx_word' id='word_1_686' title='bbox 1439 1314 1466 1339; x_wconf 76' lang='grc' dir='ltr'>ὃ(</span> <span class='ocrx_word' id='word_1_687' title='bbox 1477 1312 1567 1340; x_wconf 70' lang='grc' dir='ltr'>010Πῇ</span> <span class='ocrx_word' id='word_1_688' title='bbox 1577 1334 1586 1345; x_wconf 83' lang='grc'>,</span> <span class='ocrx_word' id='word_1_689' title='bbox 1606 1314 1664 1341; x_wconf 89' lang='lat' dir='ltr'>inl.</span> <span class='ocrx_word' id='word_1_690' title='bbox 1680 1325 1702 1342; x_wconf 75' lang='grc' dir='ltr'>ι.</span> <span class='ocrx_word' id='word_1_691' title='bbox 1721 1313 1796 1342; x_wconf 86' lang='lat' dir='ltr'>Cod.</span> 
     </span>
     <span class='ocr_line' id='line_1_90' title="bbox 1000 1351 1797 1391; baseline 0.001 -10"><span class='ocrx_word' id='word_1_692' title='bbox 1000 1354 1035 1383; x_wconf 88' lang='lat' dir='ltr'>de</span> <span class='ocrx_word' id='word_1_693' title='bbox 1044 1353 1113 1382; x_wconf 87' lang='lat' dir='ltr'>sent.</span> <span class='ocrx_word' id='word_1_694' title='bbox 1126 1362 1185 1391; x_wconf 78' lang='lat' dir='ltr'>quae</span> <span class='ocrx_word' id='word_1_695' title='bbox 1197 1362 1246 1389; x_wconf 82' lang='lat' dir='ltr'>pro</span> <span class='ocrx_word' id='word_1_696' title='bbox 1258 1362 1306 1385; x_wconf 77' lang='lat' dir='ltr'>eo,</span> <span class='ocrx_word' id='word_1_697' title='bbox 1326 1351 1400 1390; x_wconf 89' lang='lat' dir='ltr'>quod</span> <span class='ocrx_word' id='word_1_698' title='bbox 1410 1351 1482 1378; x_wconf 89' lang='lat' dir='ltr'>inter</span> <span class='ocrx_word' id='word_1_699' title='bbox 1493 1373 1501 1384; x_wconf 90' lang='lat'>‚</span> <span class='ocrx_word' id='word_1_700' title='bbox 1528 1352 1557 1379; x_wconf 86' lang='lat' dir='ltr'>in</span> <span class='ocrx_word' id='word_1_701' title='bbox 1570 1354 1653 1381; x_wconf 81' lang='lat' dir='ltr'>verbo</span> <span class='ocrx_word' id='word_1_702' title='bbox 1663 1353 1797 1382; x_wconf 77' lang='lat' dir='ltr'>subtilita-</span> 
     </span>
     <span class='ocr_line' id='line_1_91' title="bbox 1002 1391 1796 1432; baseline 0 -10"><span class='ocrx_word' id='word_1_703' title='bbox 1002 1404 1058 1422; x_wconf 81' lang='lat' dir='ltr'>tem</span> <span class='ocrx_word' id='word_1_704' title='bbox 1069 1414 1075 1421; x_wconf 93' lang='lat'><strong>.</strong></span> <span class='ocrx_word' id='word_1_705' title='bbox 1087 1395 1158 1422; x_wconf 84' lang='lat' dir='ltr'>Item</span> <span class='ocrx_word' id='word_1_706' title='bbox 1169 1391 1271 1424; x_wconf 73' lang='lat' dir='ltr'>Giofl&#39;a,</span> <span class='ocrx_word' id='word_1_707' title='bbox 1282 1392 1311 1419; x_wconf 91' lang='lat' dir='ltr'>in</span> <span class='ocrx_word' id='word_1_708' title='bbox 1321 1402 1381 1419; x_wconf 85' lang='lat' dir='ltr'>can.</span> <span class='ocrx_word' id='word_1_709' title='bbox 1394 1393 1468 1421; x_wconf 85' lang='lat' dir='ltr'>Cum</span> <span class='ocrx_word' id='word_1_710' title='bbox 1478 1392 1578 1426; x_wconf 62' lang='lat' dir='ltr'>Sancti,</span> <span class='ocrx_word' id='word_1_711' title='bbox 1591 1393 1700 1432; x_wconf 76' lang='lat' dir='ltr'>inquit:</span> <span class='ocrx_word' id='word_1_712' title='bbox 1714 1395 1796 1429; x_wconf 88' lang='lat' dir='ltr'>[Sub—</span> 
     </span>
     <span class='ocr_line' id='line_1_92' title="bbox 1002 1431 1796 1471; baseline 0 -9"><span class='ocrx_word' id='word_1_713' title='bbox 1002 1434 1088 1463; x_wconf 75' lang='lat' dir='ltr'>tilitas</span> <span class='ocrx_word' id='word_1_714' title='bbox 1107 1431 1259 1471; x_wconf 85' lang='lat' dir='ltr'>perniciosa</span> <span class='ocrx_word' id='word_1_715' title='bbox 1268 1432 1305 1460; x_wconf 86' lang='lat' dir='ltr'>est</span> <span class='ocrx_word' id='word_1_716' title='bbox 1317 1432 1420 1470; x_wconf 86' lang='lat' dir='ltr'>legibus</span> <span class='ocrx_word' id='word_1_717' title='bbox 1431 1453 1438 1463; x_wconf 88' lang='lat'><em>,</em></span> <span class='ocrx_word' id='word_1_718' title='bbox 1461 1435 1487 1459; x_wconf 78' lang='grc' dir='ltr'>ὃ(</span> <span class='ocrx_word' id='word_1_719' title='bbox 1499 1432 1655 1470; x_wconf 81' lang='lat' dir='ltr'>simplicitas</span> <span class='ocrx_word' id='word_1_720' title='bbox 1665 1434 1702 1462; x_wconf 84' lang='lat' dir='ltr'>est</span> <span class='ocrx_word' id='word_1_721' title='bbox 1712 1434 1796 1462; x_wconf 75' lang='lat' dir='ltr'>amica</span> 
     </span>
     <span class='ocr_line' id='line_1_93' title="bbox 1005 1470 1797 1510; baseline 0 -7"><span class='ocrx_word' id='word_1_722' title='bbox 1005 1474 1129 1503; x_wconf 79' lang='lat' dir='ltr'>veritatis</span> <span class='ocrx_word' id='word_1_723' title='bbox 1141 1475 1172 1503; x_wconf 92' lang='lat'>.]</span> <span class='ocrx_word' id='word_1_724' title='bbox 1194 1475 1288 1510; x_wconf 86' lang='lat' dir='ltr'>Atque</span> <span class='ocrx_word' id='word_1_725' title='bbox 1300 1472 1329 1499; x_wconf 87' lang='lat' dir='ltr'>in</span> <span class='ocrx_word' id='word_1_726' title='bbox 1348 1471 1400 1499; x_wconf 90' lang='lat' dir='ltr'>hoc</span> <span class='ocrx_word' id='word_1_727' title='bbox 1410 1470 1487 1498; x_wconf 87' lang='lat' dir='ltr'>sensu</span> <span class='ocrx_word' id='word_1_728' title='bbox 1498 1472 1619 1509; x_wconf 86' lang='lat' dir='ltr'>loquitur</span> <span class='ocrx_word' id='word_1_729' title='bbox 1636 1483 1725 1502; x_wconf 84' lang='lat' dir='ltr'>textus</span> <span class='ocrx_word' id='word_1_730' title='bbox 1737 1496 1744 1507; x_wconf 93' lang='lat'><em>,</em></span> <span class='ocrx_word' id='word_1_731' title='bbox 1768 1475 1797 1503; x_wconf 82' lang='lat' dir='ltr'>in</span> 
     </span>
     <span class='ocr_line' id='line_1_94' title="bbox 1004 1510 1796 1553; baseline 0 -10"><span class='ocrx_word' id='word_1_732' title='bbox 1004 1526 1060 1553; x_wconf 74' lang='lat' dir='ltr'>cap·</span> <span class='ocrx_word' id='word_1_733' title='bbox 1072 1513 1165 1542; x_wconf 66' lang='lat' dir='ltr'>dilesti</span> <span class='ocrx_word' id='word_1_734' title='bbox 1176 1512 1227 1540; x_wconf 82' lang='lat' dir='ltr'>filii</span> <span class='ocrx_word' id='word_1_735' title='bbox 1239 1534 1246 1544; x_wconf 88' lang='grc'><strong><em>,</em></strong></span> <span class='ocrx_word' id='word_1_736' title='bbox 1265 1512 1310 1540; x_wconf 87' lang='lat' dir='ltr'>lib.</span> <span class='ocrx_word' id='word_1_737' title='bbox 1323 1524 1336 1540; x_wconf 87' lang='lat'>2</span> <span class='ocrx_word' id='word_1_738' title='bbox 1346 1532 1352 1539; x_wconf 87' lang='lat'><strong><em>.</em></strong></span> <span class='ocrx_word' id='word_1_739' title='bbox 1361 1510 1488 1539; x_wconf 74' lang='lat' dir='ltr'>decretal.</span> <span class='ocrx_word' id='word_1_740' title='bbox 1500 1512 1543 1540; x_wconf 90' lang='lat' dir='ltr'>Dc</span> <span class='ocrx_word' id='word_1_741' title='bbox 1552 1512 1669 1549; x_wconf 83' lang='lat' dir='ltr'>Judiciis</span> <span class='ocrx_word' id='word_1_742' title='bbox 1680 1535 1688 1546; x_wconf 93' lang='lat'><em>‚</em></span> <span class='ocrx_word' id='word_1_743' title='bbox 1710 1514 1753 1542; x_wconf 87' lang='lat' dir='ltr'>ubi</span> <span class='ocrx_word' id='word_1_744' title='bbox 1761 1515 1796 1543; x_wconf 83' lang='lat' dir='ltr'>sic</span> 
     </span>
     <span class='ocr_line' id='line_1_95' title="bbox 1005 1552 1798 1589; baseline 0 -6"><span class='ocrx_word' id='word_1_745' title='bbox 1005 1555 1134 1583; x_wconf 78' lang='lat' dir='ltr'>habetur:</span> <span class='ocrx_word' id='word_1_746' title='bbox 1148 1552 1344 1589; x_wconf 83' lang='lat' dir='ltr'>[Provideatis</span> <span class='ocrx_word' id='word_1_747' title='bbox 1353 1552 1495 1584; x_wconf 65' lang='lat' dir='ltr'>attentum,</span> <span class='ocrx_word' id='word_1_748' title='bbox 1506 1563 1539 1580; x_wconf 85' lang='lat' dir='ltr'>ne</span> <span class='ocrx_word' id='word_1_749' title='bbox 1549 1552 1585 1580; x_wconf 73' lang='lat' dir='ltr'>ita</span> <span class='ocrx_word' id='word_1_750' title='bbox 1596 1552 1732 1582; x_wconf 86' lang='lat' dir='ltr'>subtiliter</span> <span class='ocrx_word' id='word_1_751' title='bbox 1741 1559 1754 1588; x_wconf 92' lang='lat'>(</span> <span class='ocrx_word' id='word_1_752' title='bbox 1763 1554 1798 1583; x_wconf 84' lang='lat' dir='ltr'>fi-</span> 
     </span>
     <span class='ocr_line' id='line_1_96' title="bbox 1004 1591 1799 1633; baseline -0.003 -9"><span class='ocrx_word' id='word_1_753' title='bbox 1004 1605 1049 1624; x_wconf 85' lang='lat' dir='ltr'>cut</span> <span class='ocrx_word' id='word_1_754' title='bbox 1059 1606 1073 1623; x_wconf 80' lang='lat' dir='ltr'>a</span> <span class='ocrx_word' id='word_1_755' title='bbox 1082 1594 1174 1623; x_wconf 88' lang='lat' dir='ltr'>multis</span> <span class='ocrx_word' id='word_1_756' title='bbox 1186 1593 1245 1622; x_wconf 80' lang='lat' dir='ltr'>fieri</span> <span class='ocrx_word' id='word_1_757' title='bbox 1259 1591 1429 1628; x_wconf 82' lang='lat' dir='ltr'>)cujusm0di</span> <span class='ocrx_word' id='word_1_758' title='bbox 1438 1593 1507 1620; x_wconf 64' lang='lat' dir='ltr'>acho</span> <span class='ocrx_word' id='word_1_759' title='bbox 1517 1592 1669 1622; x_wconf 76' lang='lat' dir='ltr'>iiitenretiir</span> <span class='ocrx_word' id='word_1_760' title='bbox 1679 1616 1686 1628; x_wconf 93' lang='lat'><em>,</em></span> <span class='ocrx_word' id='word_1_761' title='bbox 1707 1593 1799 1633; x_wconf 81' lang='lat' dir='ltr'>inqui-</span> 
     </span>
     <span class='ocr_line' id='line_1_97' title="bbox 1011 1632 1797 1673; baseline -0.003 -9"><span class='ocrx_word' id='word_1_762' title='bbox 1011 1636 1094 1667; x_wconf 73' lang='lat' dir='ltr'>rati85</span> <span class='ocrx_word' id='word_1_763' title='bbox 1111 1634 1157 1664; x_wconf 88' lang='lat' dir='ltr'>sed</span> <span class='ocrx_word' id='word_1_764' title='bbox 1166 1632 1327 1673; x_wconf 80' lang='lat' dir='ltr'>simpliciter</span> <span class='ocrx_word' id='word_1_765' title='bbox 1336 1654 1344 1666; x_wconf 84' lang='lat'><em>,</em></span> <span class='ocrx_word' id='word_1_766' title='bbox 1366 1637 1392 1662; x_wconf 75' lang='grc' dir='ltr'>ὅ(</span> <span class='ocrx_word' id='word_1_767' title='bbox 1405 1643 1469 1671; x_wconf 87' lang='lat' dir='ltr'>pure</span> <span class='ocrx_word' id='word_1_768' title='bbox 1480 1632 1578 1660; x_wconf 65' lang='lat' dir='ltr'>fastum</span> <span class='ocrx_word' id='word_1_769' title='bbox 1589 1634 1676 1672; x_wconf 88' lang='lat' dir='ltr'>ipsum</span> <span class='ocrx_word' id='word_1_770' title='bbox 1687 1656 1695 1668; x_wconf 85' lang='lat'><em>‚</em></span> <span class='ocrx_word' id='word_1_771' title='bbox 1720 1639 1747 1664; x_wconf 62' lang='grc' dir='ltr'>ἃ</span> <span class='ocrx_word' id='word_1_772' title='bbox 1758 1635 1797 1664; x_wconf 86' lang='lat' dir='ltr'>rei</span> 
     </span>
     <span class='ocr_line' id='line_1_98' title="bbox 1010 1673 1799 1707; baseline -0.009 -3"><span class='ocrx_word' id='word_1_773' title='bbox 1010 1677 1155 1705; x_wconf 81' lang='lat' dir='ltr'>veritatem</span> <span class='ocrx_word' id='word_1_774' title='bbox 1165 1696 1173 1706; x_wconf 88' lang='lat'><em>,</em></span> <span class='ocrx_word' id='word_1_775' title='bbox 1192 1673 1339 1703; x_wconf 85' lang='lat' dir='ltr'>secundum</span> <span class='ocrx_word' id='word_1_776' title='bbox 1350 1673 1463 1702; x_wconf 83' lang='lat' dir='ltr'>formam</span> <span class='ocrx_word' id='word_1_777' title='bbox 1473 1683 1608 1701; x_wconf 77' lang='lat' dir='ltr'>canonum</span> <span class='ocrx_word' id='word_1_778' title='bbox 1619 1695 1627 1707; x_wconf 81' lang='lat'><em>,</em></span> <span class='ocrx_word' id='word_1_779' title='bbox 1650 1679 1678 1704; x_wconf 71' lang='grc' dir='ltr'>ὅ(</span> <span class='ocrx_word' id='word_1_780' title='bbox 1689 1674 1799 1703; x_wconf 56' lang='lat' dir='ltr'>Saflffo-</span> 
     </span>
     <span class='ocr_line' id='line_1_99' title="bbox 1009 1713 1798 1752; baseline -0.005 -6"><span class='ocrx_word' id='word_1_781' title='bbox 1009 1728 1068 1746; x_wconf 90' lang='lat' dir='ltr'>rum</span> <span class='ocrx_word' id='word_1_782' title='bbox 1085 1719 1195 1746; x_wconf 78' lang='lat' dir='ltr'>Patrum</span> <span class='ocrx_word' id='word_1_783' title='bbox 1212 1715 1351 1747; x_wconf 77' lang='lat' dir='ltr'>instituta,</span> <span class='ocrx_word' id='word_1_784' title='bbox 1374 1713 1539 1752; x_wconf 75' lang='lat' dir='ltr'>investigare</span> <span class='ocrx_word' id='word_1_785' title='bbox 1558 1715 1698 1747; x_wconf 84' lang='lat' dir='ltr'>curetis,]</span> <span class='ocrx_word' id='word_1_786' title='bbox 1716 1719 1743 1743; x_wconf 70' lang='lat' dir='ltr'>Sc</span> <span class='ocrx_word' id='word_1_787' title='bbox 1762 1715 1798 1742; x_wconf 90' lang='lat' dir='ltr'>ibi</span> 
     </span>
     <span class='ocr_line' id='line_1_100' title="bbox 1010 1753 1799 1793; baseline -0.006 -6"><span class='ocrx_word' id='word_1_788' title='bbox 1010 1756 1102 1787; x_wconf 55' lang='lat' dir='ltr'>Giossssa</span> <span class='ocrx_word' id='word_1_789' title='bbox 1115 1755 1181 1785; x_wconf 88' lang='lat' dir='ltr'>falso</span> <span class='ocrx_word' id='word_1_790' title='bbox 1194 1755 1281 1784; x_wconf 74' lang='lat' dir='ltr'>asserit</span> <span class='ocrx_word' id='word_1_791' title='bbox 1291 1776 1299 1788; x_wconf 88' lang='lat'><em>‚</em></span> <span class='ocrx_word' id='word_1_792' title='bbox 1322 1754 1397 1793; x_wconf 86' lang='lat' dir='ltr'>quod</span> <span class='ocrx_word' id='word_1_793' title='bbox 1406 1764 1524 1782; x_wconf 82' lang='lat' dir='ltr'>canones</span> <span class='ocrx_word' id='word_1_794' title='bbox 1534 1765 1590 1782; x_wconf 90' lang='lat' dir='ltr'>non</span> <span class='ocrx_word' id='word_1_795' title='bbox 1600 1753 1706 1783; x_wconf 82' lang='lat' dir='ltr'>soleant</span> <span class='ocrx_word' id='word_1_796' title='bbox 1715 1754 1799 1783; x_wconf 89' lang='lat' dir='ltr'>subti-</span> 
     </span>
     <span class='ocr_line' id='line_1_101' title="bbox 1008 1793 1799 1836; baseline -0.005 -10"><span class='ocrx_word' id='word_1_797' title='bbox 1008 1798 1071 1827; x_wconf 83' lang='lat' dir='ltr'>liter</span> <span class='ocrx_word' id='word_1_798' title='bbox 1080 1797 1219 1836; x_wconf 81' lang='lat' dir='ltr'>inquirere</span> <span class='ocrx_word' id='word_1_799' title='bbox 1230 1808 1238 1828; x_wconf 71' lang='lat'>5</span> <span class='ocrx_word' id='word_1_800' title='bbox 1258 1805 1320 1823; x_wconf 84' lang='lat' dir='ltr'>nam</span> <span class='ocrx_word' id='word_1_801' title='bbox 1328 1806 1360 1823; x_wconf 80' lang='lat' dir='ltr'>ex</span> <span class='ocrx_word' id='word_1_802' title='bbox 1374 1794 1514 1833; x_wconf 83' lang='lat' dir='ltr'>Gregorio</span> <span class='ocrx_word' id='word_1_803' title='bbox 1532 1793 1610 1832; x_wconf 71' lang='lat' dir='ltr'>supra</span> <span class='ocrx_word' id='word_1_804' title='bbox 1629 1795 1799 1823; x_wconf 78' lang='lat' dir='ltr'>contrarium</span> 
     </span>
     <span class='ocr_line' id='line_1_102' title="bbox 1008 1833 1799 1874; baseline -0.005 -7"><span class='ocrx_word' id='word_1_805' title='bbox 1008 1839 1122 1871; x_wconf 81' lang='lat' dir='ltr'>constat,</span> <span class='ocrx_word' id='word_1_806' title='bbox 1132 1838 1194 1866; x_wconf 86' lang='lat' dir='ltr'>lice-t</span> <span class='ocrx_word' id='word_1_807' title='bbox 1205 1838 1235 1866; x_wconf 89' lang='lat' dir='ltr'>in</span> <span class='ocrx_word' id='word_1_808' title='bbox 1243 1837 1344 1865; x_wconf 88' lang='lat' dir='ltr'>bonum</span> <span class='ocrx_word' id='word_1_809' title='bbox 1353 1833 1459 1864; x_wconf 87' lang='lat' dir='ltr'>sensum</span> <span class='ocrx_word' id='word_1_810' title='bbox 1467 1835 1594 1874; x_wconf 81' lang='lat' dir='ltr'>loquatur</span> <span class='ocrx_word' id='word_1_811' title='bbox 1602 1855 1610 1863; x_wconf 83' lang='lat'><strong>.</strong></span> <span class='ocrx_word' id='word_1_812' title='bbox 1624 1835 1698 1864; x_wconf 87' lang='lat' dir='ltr'>Vide</span> <span class='ocrx_word' id='word_1_813' title='bbox 1709 1838 1799 1873; x_wconf 70' lang='lat' dir='ltr'>Apex.</span> 
     </span>
     <span class='ocr_line' id='line_1_103' title="bbox 1007 1881 1164 1916; baseline -0.006 -9"><span class='ocrx_word' id='word_1_814' title='bbox 1007 1881 1148 1916; x_wconf 65' lang='lat' dir='ltr'>Distric&#39;h&#39;o</span> <span class='ocrx_word' id='word_1_815' title='bbox 1157 1899 1164 1906; x_wconf 92' lang='lat'><strong><em>.</em></strong></span> 
     </span>
    </p>

    <p class='ocr_par' dir='ltr' id='par_1_26' title="bbox 968 1918 1435 1950">
     <span class='ocr_line' id='line_1_104' title="bbox 968 1918 1435 1950; baseline -0.009 0"><span class='ocrx_word' id='word_1_816' title='bbox 968 1921 1145 1950; x_wconf 70' lang='grc' dir='ltr'>ὃυΒτηΠ-εκ</span> <span class='ocrx_word' id='word_1_817' title='bbox 1154 1939 1162 1946; x_wconf 88' lang='grc'><strong>.</strong></span> <span class='ocrx_word' id='word_1_818' title='bbox 1183 1918 1256 1947; x_wconf 85' lang='lat' dir='ltr'>Vide</span> <span class='ocrx_word' id='word_1_819' title='bbox 1265 1919 1417 1947; x_wconf 74' lang='lat' dir='ltr'>Subtilitas</span> <span class='ocrx_word' id='word_1_820' title='bbox 1428 1938 1435 1946; x_wconf 94' lang='lat'><strong>.</strong></span> 
     </span>
    </p>

    <p class='ocr_par' dir='ltr' id='par_1_27' title="bbox 969 1953 1803 2160">
     <span class='ocr_line' id='line_1_105' title="bbox 969 1953 1802 1995; baseline -0.008 -5"><span class='ocrx_word' id='word_1_821' title='bbox 969 1963 1096 1991; x_wconf 71' lang='lat' dir='ltr'>SUBTILO</span> <span class='ocrx_word' id='word_1_822' title='bbox 1109 1982 1116 1993; x_wconf 97' lang='lat'><em>‚</em></span> <span class='ocrx_word' id='word_1_823' title='bbox 1128 1960 1239 1995; x_wconf 71' lang='lat' dir='ltr'>verbum</span> <span class='ocrx_word' id='word_1_824' title='bbox 1249 1959 1421 1987; x_wconf 77' lang='lat' dir='ltr'>transitivum</span> <span class='ocrx_word' id='word_1_825' title='bbox 1431 1980 1438 1991; x_wconf 91' lang='lat'><em>‚</em></span> <span class='ocrx_word' id='word_1_826' title='bbox 1453 1956 1553 1987; x_wconf 87' lang='lat' dir='ltr'>&amp;ideo</span> <span class='ocrx_word' id='word_1_827' title='bbox 1564 1957 1647 1985; x_wconf 78' lang='lat' dir='ltr'>etiam</span> <span class='ocrx_word' id='word_1_828' title='bbox 1657 1955 1687 1984; x_wconf 86' lang='lat' dir='ltr'>in</span> <span class='ocrx_word' id='word_1_829' title='bbox 1701 1953 1802 1994; x_wconf 79' lang='lat' dir='ltr'>passiva</span> 
     </span>
     <span class='ocr_line' id='line_1_106' title="bbox 1008 1995 1801 2038; baseline -0.009 -8"><span class='ocrx_word' id='word_1_830' title='bbox 1008 2012 1076 2031; x_wconf 80' lang='lat' dir='ltr'>voce</span> <span class='ocrx_word' id='word_1_831' title='bbox 1086 2001 1252 2029; x_wconf 80' lang='lat' dir='ltr'>construitur</span> <span class='ocrx_word' id='word_1_832' title='bbox 1262 2020 1268 2031; x_wconf 93' lang='lat'><em>,</em></span> <span class='ocrx_word' id='word_1_833' title='bbox 1284 1999 1421 2038; x_wconf 77' lang='lat' dir='ltr'>significat</span> <span class='ocrx_word' id='word_1_834' title='bbox 1431 2007 1519 2026; x_wconf 84' lang='lat' dir='ltr'>autem</span> <span class='ocrx_word' id='word_1_835' title='bbox 1531 1997 1666 2026; x_wconf 80' lang='lat' dir='ltr'>subtiliter</span> <span class='ocrx_word' id='word_1_836' title='bbox 1679 1995 1801 2033; x_wconf 83' lang='lat' dir='ltr'>inquire·</span> 
     </span>
     <span class='ocr_line' id='line_1_107' title="bbox 1008 2034 1803 2079; baseline -0.01 -9"><span class='ocrx_word' id='word_1_837' title='bbox 1008 2053 1036 2070; x_wconf 93' lang='lat' dir='ltr'>re</span> <span class='ocrx_word' id='word_1_838' title='bbox 1046 2064 1053 2075; x_wconf 93' lang='lat'><em>,</em></span> <span class='ocrx_word' id='word_1_839' title='bbox 1064 2046 1090 2071; x_wconf 73' lang='grc' dir='ltr'>δε</span> <span class='ocrx_word' id='word_1_840' title='bbox 1104 2039 1225 2079; x_wconf 80' lang='lat' dir='ltr'>rigorose</span> <span class='ocrx_word' id='word_1_841' title='bbox 1236 2049 1314 2078; x_wconf 83' lang='lat' dir='ltr'>:igere</span> <span class='ocrx_word' id='word_1_842' title='bbox 1325 2060 1331 2066; x_wconf 91' lang='lat'>.</span> <span class='ocrx_word' id='word_1_843' title='bbox 1348 2046 1365 2074; x_wconf 72' lang='grc'>’[</span> <span class='ocrx_word' id='word_1_844' title='bbox 1378 2038 1487 2067; x_wconf 77' lang='lat' dir='ltr'>Cubilia</span> <span class='ocrx_word' id='word_1_845' title='bbox 1500 2037 1610 2076; x_wconf 85' lang='lat' dir='ltr'>spiritus</span> <span class='ocrx_word' id='word_1_846' title='bbox 1620 2034 1732 2076; x_wconf 84' lang='lat' dir='ltr'>ingresfi</span> <span class='ocrx_word' id='word_1_847' title='bbox 1744 2034 1803 2063; x_wconf 89' lang='lat' dir='ltr'>sub-</span> 
     </span>
     <span class='ocr_line' id='line_1_108' title="bbox 1007 2075 1803 2119; baseline -0.006 -9"><span class='ocrx_word' id='word_1_848' title='bbox 1007 2083 1080 2111; x_wconf 76' lang='lat' dir='ltr'>tilari</span> <span class='ocrx_word' id='word_1_849' title='bbox 1093 2082 1123 2110; x_wconf 86' lang='lat' dir='ltr'>in</span> <span class='ocrx_word' id='word_1_850' title='bbox 1139 2080 1321 2119; x_wconf 73' lang='lat' dir='ltr'>spiritualibus</span> <span class='ocrx_word' id='word_1_851' title='bbox 1332 2079 1549 2107; x_wconf 78' lang='lat' dir='ltr'>consueverunt.</span> <span class='ocrx_word' id='word_1_852' title='bbox 1572 2080 1666 2108; x_wconf 86' lang='lat' dir='ltr'>Petrus</span> <span class='ocrx_word' id='word_1_853' title='bbox 1677 2075 1803 2106; x_wconf 78' lang='lat' dir='ltr'>Cellens-</span> 
     </span>
     <span class='ocr_line' id='line_1_109' title="bbox 1006 2121 1480 2160; baseline -0.008 -9"><span class='ocrx_word' id='word_1_854' title='bbox 1006 2123 1052 2152; x_wconf 82' lang='lat' dir='ltr'>lib.</span> <span class='ocrx_word' id='word_1_855' title='bbox 1064 2134 1092 2159; x_wconf 89' lang='lat'>9.</span> <span class='ocrx_word' id='word_1_856' title='bbox 1104 2132 1161 2160; x_wconf 79' lang='lat' dir='ltr'>cap.</span> <span class='ocrx_word' id='word_1_857' title='bbox 1176 2134 1200 2150; x_wconf 83' lang='lat'>2.</span> <span class='ocrx_word' id='word_1_858' title='bbox 1213 2123 1225 2152; x_wconf 95' lang='lat'>]</span> <span class='ocrx_word' id='word_1_859' title='bbox 1241 2121 1314 2149; x_wconf 85' lang='lat' dir='ltr'>Vide</span> <span class='ocrx_word' id='word_1_860' title='bbox 1323 2121 1464 2155; x_wconf 61' lang='lat' dir='ltr'>Distraffio</span> <span class='ocrx_word' id='word_1_861' title='bbox 1474 2140 1480 2146; x_wconf 92' lang='lat'><em>.</em></span> 
     </span>
    </p>
   </div>
   <div class='ocr_carea' id='block_1_12' title="bbox 966 2155 1803 2200">
    <p class='ocr_par' dir='ltr' id='par_1_28' title="bbox 966 2155 1803 2200">
     <span class='ocr_line' id='line_1_110' title="bbox 966 2155 1803 2200; baseline -0.013 -6"><span class='ocrx_word' id='word_1_862' title='bbox 966 2165 1146 2194; x_wconf 76' lang='lat' dir='ltr'>St&#39;B&#39;rRAHO.</span> <span class='ocrx_word' id='word_1_863' title='bbox 1167 2165 1223 2191; x_wconf 74' lang='lat' dir='ltr'>PR.</span> <span class='ocrx_word' id='word_1_864' title='bbox 1236 2161 1396 2200; x_wconf 77' lang='lat' dir='ltr'>Aliquando</span> <span class='ocrx_word' id='word_1_865' title='bbox 1413 2169 1509 2188; x_wconf 85' lang='lat' dir='ltr'>canere</span> <span class='ocrx_word' id='word_1_866' title='bbox 1528 2160 1615 2197; x_wconf 86' lang='lat' dir='ltr'>longo</span> <span class='ocrx_word' id='word_1_867' title='bbox 1635 2155 1803 2196; x_wconf 83' lang='lat' dir='ltr'>pronuncia-</span> 
     </span>
    </p>
   </div>
   <div class='ocr_carea' id='block_1_13' title="bbox 969 2195 1803 2439">
    <p class='ocr_par' dir='ltr' id='par_1_29' title="bbox 1005 2195 1803 2362">
     <span class='ocr_line' id='line_1_111' title="bbox 1005 2195 1803 2240; baseline -0.011 -8"><span class='ocrx_word' id='word_1_868' title='bbox 1005 2205 1092 2232; x_wconf 88' lang='lat' dir='ltr'>tionis</span> <span class='ocrx_word' id='word_1_869' title='bbox 1101 2203 1186 2231; x_wconf 66' lang='lat' dir='ltr'>traRu</span> <span class='ocrx_word' id='word_1_870' title='bbox 1197 2201 1347 2240; x_wconf 73' lang='lat' dir='ltr'>fignificat:</span> <span class='ocrx_word' id='word_1_871' title='bbox 1373 2206 1384 2235; x_wconf 95' lang='lat'>[</span> <span class='ocrx_word' id='word_1_872' title='bbox 1398 2199 1579 2238; x_wconf 69' lang='lat' dir='ltr'>Sexagesimus</span> <span class='ocrx_word' id='word_1_873' title='bbox 1588 2198 1677 2226; x_wconf 84' lang='lat' dir='ltr'>sextus</span> <span class='ocrx_word' id='word_1_874' title='bbox 1688 2195 1803 2235; x_wconf 66' lang='lat' dir='ltr'>psalmus</span> 
     </span>
     <span class='ocr_line' id='line_1_112' title="bbox 1005 2236 1801 2279; baseline -0.014 -6"><span class='ocrx_word' id='word_1_875' title='bbox 1005 2245 1107 2273; x_wconf 73' lang='lat' dir='ltr'>dicitur</span> <span class='ocrx_word' id='word_1_876' title='bbox 1117 2243 1171 2272; x_wconf 83' lang='lat' dir='ltr'>sine</span> <span class='ocrx_word' id='word_1_877' title='bbox 1181 2241 1333 2279; x_wconf 82' lang='lat' dir='ltr'>antiphona</span> <span class='ocrx_word' id='word_1_878' title='bbox 1344 2263 1351 2273; x_wconf 92' lang='lat'><em>,</em></span> <span class='ocrx_word' id='word_1_879' title='bbox 1362 2240 1548 2269; x_wconf 71' lang='lat' dir='ltr'>subtrahendo</span> <span class='ocrx_word' id='word_1_880' title='bbox 1560 2239 1667 2267; x_wconf 86' lang='lat' dir='ltr'>modice</span> <span class='ocrx_word' id='word_1_881' title='bbox 1678 2260 1685 2270; x_wconf 91' lang='lat'><em>,</em></span> <span class='ocrx_word' id='word_1_882' title='bbox 1696 2237 1761 2265; x_wconf 87' lang='lat' dir='ltr'>sicut</span> <span class='ocrx_word' id='word_1_883' title='bbox 1772 2236 1801 2262; x_wconf 85' lang='lat' dir='ltr'>in</span> 
     </span>
     <span class='ocr_line' id='line_1_113' title="bbox 1005 2278 1803 2317; baseline -0.013 -4"><span class='ocrx_word' id='word_1_884' title='bbox 1005 2284 1154 2313; x_wconf 77' lang='lat' dir='ltr'>Dominica</span> <span class='ocrx_word' id='word_1_885' title='bbox 1166 2305 1174 2317; x_wconf 88' lang='lat'><em>,</em></span> <span class='ocrx_word' id='word_1_886' title='bbox 1195 2292 1225 2312; x_wconf 94' lang='lat' dir='ltr'>ut</span> <span class='ocrx_word' id='word_1_887' title='bbox 1237 2292 1333 2311; x_wconf 81' lang='lat' dir='ltr'>omnes</span> <span class='ocrx_word' id='word_1_888' title='bbox 1344 2290 1486 2310; x_wconf 80' lang='lat' dir='ltr'>occurrant</span> <span class='ocrx_word' id='word_1_889' title='bbox 1497 2301 1504 2308; x_wconf 92' lang='lat'><strong><em>.</em></strong></span> <span class='ocrx_word' id='word_1_890' title='bbox 1524 2282 1559 2309; x_wconf 92' lang='lat' dir='ltr'>In</span> <span class='ocrx_word' id='word_1_891' title='bbox 1569 2279 1670 2317; x_wconf 84' lang='lat' dir='ltr'>chul.</span> <span class='ocrx_word' id='word_1_892' title='bbox 1682 2278 1707 2307; x_wconf 83' lang='lat' dir='ltr'>S.</span> <span class='ocrx_word' id='word_1_893' title='bbox 1717 2278 1803 2304; x_wconf 77' lang='lat' dir='ltr'>Bene-</span> 
     </span>
     <span class='ocr_line' id='line_1_114' title="bbox 1006 2325 1182 2362; baseline -0.011 -9"><span class='ocrx_word' id='word_1_894' title='bbox 1006 2325 1072 2353; x_wconf 69' lang='lat' dir='ltr'>diCti</span> <span class='ocrx_word' id='word_1_895' title='bbox 1083 2346 1090 2357; x_wconf 91' lang='lat'><em>,</em></span> <span class='ocrx_word' id='word_1_896' title='bbox 1101 2335 1123 2351; x_wconf 90' lang='lat' dir='ltr'>c.</span> <span class='ocrx_word' id='word_1_897' title='bbox 1139 2334 1182 2362; x_wconf 87' lang='lat'>¹3·</span> 
     </span>
    </p>

    <p class='ocr_par' dir='ltr' id='par_1_30' title="bbox 969 2394 1802 2439">
     <span class='ocr_line' id='line_1_115' title="bbox 969 2394 1802 2439; baseline -0.017 -4"><span class='ocrx_word' id='word_1_898' title='bbox 969 2407 1125 2435; x_wconf 59' lang='lat' dir='ltr'>Sumvcuii</span> <span class='ocrx_word' id='word_1_899' title='bbox 1135 2424 1144 2433; x_wconf 80' lang='grc'><strong>.</strong></span> <span class='ocrx_word' id='word_1_900' title='bbox 1165 2406 1220 2434; x_wconf 82' lang='lat' dir='ltr'>FR.</span> <span class='ocrx_word' id='word_1_901' title='bbox 1231 2405 1268 2434; x_wconf 78' lang='lat' dir='ltr'>ita</span> <span class='ocrx_word' id='word_1_902' title='bbox 1278 2405 1308 2433; x_wconf 82' lang='lat' dir='ltr'>ab</span> <span class='ocrx_word' id='word_1_903' title='bbox 1320 2402 1460 2433; x_wconf 61' lang='lat' dir='ltr'>Ama-lario</span> <span class='ocrx_word' id='word_1_904' title='bbox 1479 2400 1632 2439; x_wconf 71' lang='lat' dir='ltr'>appellatur</span> <span class='ocrx_word' id='word_1_905' title='bbox 1642 2394 1782 2426; x_wconf 70' lang='lat' dir='ltr'>&#39;Iuni&#39;cell5-¹</span> <span class='ocrx_word' id='word_1_906' title='bbox 1793 2416 1802 2430; x_wconf 68' lang='lat' dir='ltr'>a.</span> 
     </span>
    </p>
   </div>
   <div class='ocr_carea' id='block_1_14' title="bbox 1732 2448 1764 2464">
    <p class='ocr_par' dir='ltr' id='par_1_31' title="bbox 1732 2448 1764 2464">
     <span class='ocr_line' id='line_1_116' title="bbox 1732 2448 1764 2464; baseline -0.063 0"><span class='ocrx_word' id='word_1_907' title='bbox 1732 2448 1764 2464; x_wconf 45' lang='grc' dir='ltr'>αἵ</span> 
     </span>
    </p>
   </div>
  </div>
 </body>
</html>
