1866 2526
188 62 216 104 4
303 67 308 71 ·
529 49 570 94 Α
601 48 638 90 Β

176 117 246 139 tom.
259 119 286 137 2.
304 105 352 137 lib.
365 115 463 146 7.cap.
477 116 487 136 i
493 118 522 144 9.
541 117 617 136 num.
629 117 683 143 44.
703 107 825 147 Quando
836 130 845 142 ,
865 105 951 137 nimi-

175 159 238 179 rum
248 171 257 182 ‚
280 159 338 178 non
361 148 451 177 obstet
468 147 639 177 consuetudo
649 147 681 177 in
691 151 862 179 contrarium
873 171 882 182 ‚
905 148 951 177 vel

176 190 288 222 Praelati
301 188 457 228 prohibitio
466 209 474 217 .
496 189 611 218 Dicitur
621 188 760 219 Antistita
769 211 776 219 .
800 191 876 221 Vide
889 195 952 219 An-

173 233 237 269 tisto
248 251 255 259 .
266 231 358 260 Etiam
369 230 511 268 Episcopia
521 251 530 263 ,
552 230 618 258 vide
629 228 679 258 suo
687 231 751 260 loco
763 254 771 265 ‚
784 232 887 261 dicitur
896 233 952 259 At-

173 269 366 301 chimandrissb,
379 291 385 298 .
399 270 473 299 Vide
485 271 724 303 Archimandrita
735 294 744 306 ,
755 279 929 312 Hegumenus
939 293 949 306 ,

174 312 321 349 Majoriffa
333 331 341 343 ,
366 311 459 341 Velam
469 312 642 341 Putationis
655 332 662 340 .

136 357 318 384 AnnATioiA
331 371 338 381 .
362 353 420 381 PR.
440 352 591 380 membrum
600 373 609 385 ‚
631 351 677 381 seu
697 351 766 382 villa
784 351 953 390 Jurisdiftio-

181 393 224 422 nis
238 392 366 422 Abbatiae
379 412 386 420 .
408 392 526 421 Aimon.
537 393 584 421 lib.
599 402 694 431 5vcap.
708 405 755 429 24·

141 439 305 467 ABBATizo
319 454 326 465 ‚
349 443 446 461 munus
458 455 466 466 ‚
488 437 516 462 ὅ(
536 432 700 462 exercitium
719 432 863 463 Abbatiale
873 443 952 461 exer-

173 482 241 503 ceo:
269 479 280 508 [
294 473 382 502 Abbas
392 474 604 503 Chravallenfis
616 496 624 507 ,
647 485 681 503 eo
699 475 774 513 quod
793 484 890 503 contra
903 473 952 502 sta-

173 524 236 543 tuta
247 514 367 543 Ordinis
379 514 569 543 Cisterciensis
589 516 770 554 privilegium
789 514 952 553 impetravit

177 564 314 595 pei-petuo
327 555 500 585 abbatizandi
514 576 523 589 ,
546 555 735 594 ignominiose
747 557 884 594 depositus
895 556 932 584 cst
944 576 951 583 .

177 594 264 626 Paris.
277 606 321 624 an.
339 607 347 623 1
357 606 423 632 257.

135 640 349 671 ARBREViAuo
374 637 570 668 Seiuimiwm.
603 637 676 667 Vide
698 637 888 670 Abbreviator
911 639 951 666 si-

172 688 258 715 gnum
270 696 278 705 .

131 721 377 756 ΑΒΕΠνιΑἸ-οκ,
400 715 463 746 sunt
487 717 668 759 septuaginta
698 718 753 747 duo
776 716 895 746 ministri
919 716 950 744 in

176 758 353 787 Cancellatia
373 760 534 796 Apostolicci
545 760 690 789 constituti
703 781 710 792 ‚
734 759 781 798 qui
792 758 845 786 hoc
859 758 948 787 nonii-

176 809 212 827 nc
232 798 407 837 appellantur
428 821 437 832 ,
460 811 478 828 a
494 803 663 838 summariis
694 801 948 838 supplicationum5

175 849 239 868 nam
251 839 411 869 extendunt
426 861 433 872 ,
456 844 483 869 ὃ(
498 841 658 870 incumbunt
671 842 703 869 ad
715 842 854 870 Bullarum
866 841 949 878 pifta-

174 881 217 908 cia
236 892 242 908 z
267 891 300 909 ex
311 880 406 918 quibus
418 881 564 911 duodecim
577 883 706 910 dicuntur
718 904 725 914 ,
748 883 779 910 de
797 889 879 919 parco
891 892 950 909 ma-

178 925 232 959 jori
244 943 252 954 ,
274 919 394 959 suntque
404 923 515 950 I'raelati
527 945 534 956 ‚
558 933 676 962 quorum
688 922 796 950 habitus
809 922 847 950 est
860 921 948 950 viola-

177 972 240 990 ceus
251 973 261 992 ἢ
286 962 333 990 alii
346 962 516 1002 vigintiduo
527 973 665 993 vocantur
677 985 684 995 ,
695 964 727 991 de
734 971 816 1000 parco
827 966 927 991 mmm
942 974 948 992 3

177 1002 277 1041 reliqui
289 1013 385 1030 omnes
397 1005 572 1042 appellantur
584 1011 802 1033 Examinatares
813 1015 820 1033 3
844 1003 951 1042 invigi-

176 1044 237 1071 lant
259 1044 334 1071 enim
356 1044 385 1071 in
415 1045 567 1073 collatione
590 1045 747 1073 Baliarum:
770 1043 882 1082 possunt
911 1043 951 1072 es-

178 1084 207 1114 se
228 1084 306 1116 laici,
328 1088 355 1112 &
368 1086 496 1113 uxorati.
521 1086 595 1114 Vide
616 1086 875 1124 Hyponnmmscon,
893 1090 951 1122 Ap-

172 1126 366 1164 plumarius,
392 1127 477 1155 Balla
495 1148 503 1159 ,
531 1132 739 1155 Protonotaraus
760 1144 770 1152 -
799 1125 949 1154 Abbrevia-

172 1174 218 1194 tor
230 1186 238 1197 ,
261 1165 291 1192 in
301 1165 366 1193 dist.
378 1171 468 1194 Breve
479 1188 487 1200 ,
511 1172 644 1204 Exceptor
655 1186 663 1194 .

137 1210 357 1238 Anniusvmius
371 1226 378 1233 .
403 1207 476 1235 Vide
498 1210 652 1236 Ere-viatus
665 1227 674 1234 .

139 1251 358 1280 ABDEROLOGUS
370 1267 378 1278 ,
400 1248 523 1285 garrulus
536 1269 542 1280 ,
568 1248 668 1285 loquax
681 1267 688 1278 ‚
710 1245 746 1273 ita
757 1244 887 1274 Tatiantis
900 1246 950 1280 Sy-

176 1298 221 1316 rus
241 1288 275 1316 de
286 1288 436 1315 Demetrio
461 1288 593 1316 Abderita
611 1288 648 1316 ait
663 1299 668 1314 ς
689 1285 788 1323 (Quid
808 1286 949 1314 dicemus?

175 1328 239 1357 Nili
258 1331 339 1364 juxtw
356 1339 530 1357 communem
543 1328 736 1366 Abderologus
754 1327 791 1354 est
802 1325 888 1354 homo
902 1326 950 1354 ille

175 1368 293 1399 Abderis
306 1379 383 1397 natus
394 1390 401 1397 .
413 1373 425 1401 )
438 1373 502 1398 Erat
514 1370 705 1408 Antiquorum
718 1367 856 1405 Adagium
867 1366 951 1401 α’βΣψ

176 1407 291 1448 ρὸλυγος
300 1431 308 1443 ‚
330 1420 380 1448 pro
390 1411 501 1449 garrulo
513 1432 520 1443 ,
541 1415 567 1439 ἃ
589 1410 718 1438 mendace
729 1420 737 1439 ς
758 1418 821 1436 nam
844 1407 952 1435 Abdera

177 1460 236 1481 erat
246 1449 369 1479 Thraciae
380 1450 492 1480 Civitas
505 1473 512 1484 ,
524 1462 584 1490 quae
598 1450 744 1479 inventrix
754 1449 901 1476 multarum
914 1447 951 1476 sa-

178 1491 301 1519 baiarum
314 1491 365 1519 fuit
375 1513 383 1524 ‚
403 1496 429 1520 ὅ(
442 1493 578 1520 concinne
593 1491 728 1520 Arnobius
748 1490 794 1518 lib.
810 1499 834 1523 ς.
846 1488 952 1516 advers.

178 1534 267 1560 Gent.
281 1532 371 1570 inquit
385 1544 390 1559 :
405 1538 417 1567 [
431 1533 539 1561 Abdera
552 1555 559 1566 ‚
572 1533 689 1564 Abdera,
699 1540 783 1570 quam
792 1529 837 1557 fias
849 1539 953 1557 morta—

181 1572 250 1600 libus
268 1571 410 1601 irridenda
422 1594 430 1605 ,
451 1574 514 1601 talis
535 1574 554 1602 fi
565 1573 636 1610 apud
646 1582 675 1600 te
685 1572 772 1600 fabula
789 1572 906 1598 conflata
919 1591 925 1597 .
938 1573 948 1601 ]

135 1610 151 1632 ³
163 1615 352 1642 Annicmio.
374 1614 508 1642 Doctrina
531 1614 734 1642 Haereticorum
746 1612 780 1640 de
798 1611 951 1639 abdlcatio-

178 1665 211 1682 ne
224 1664 350 1682 omnium
362 1664 469 1685 rerum,
493 1655 526 1683 ab
538 1654 654 1683 Ecclelia
665 1653 763 1689 rejefla
774 1671 781 1678 -
807 1653 891 1679 Fuere
905 1662 952 1679 ve-

180 1695 234 1723 teri
248 1695 276 1722 in
288 1695 405 1723 Ecclefia
417 1696 553 1725 Haeretici
568 1716 576 1727 ‚
596 1694 644 1732 qui
656 1693 767 1729 majoris
777 1691 952 1730 perfectionis

180 1735 271 1772 specie
285 1735 356 1763 nihil
368 1737 396 1763 in
405 1735 459 1764 hoc
472 1737 576 1764 mundo
587 1745 725 1773 tamquam
737 1732 881 1773 proprium
893 1731 953 1771 pos-

179 1776 322 1805 fidendum
333 1776 383 1804 else
397 1777 581 1814 praedicabant
593 1798 600 1808 ,
622 1774 669 1803 scd
687 1775 812 1803 omnibus
833 1774 953 1802 omnino

186 1817 404 1845 renuntiandum
414 1839 422 1849 ‚
444 1817 593 1854 omniaque
604 1817 702 1844 debere
713 1814 764 1844 effe
777 1816 932 1842 communia
942 1826 950 1844 ς

181 1857 357 1885 definitivam
369 1867 468 1886 contra
476 1857 579 1886 divites
588 1856 754 1884 sententiam
767 1865 887 1893 pronum
895 1866 951 1883 ian-

180 1907 223 1925 tes
235 1919 242 1929 ‚
266 1900 398 1937 Regnum
409 1898 556 1927 Coelorum
566 1908 624 1925 non
636 1898 785 1925 intraturos
794 1918 801 1927 ,
828 1896 877 1924 nili
891 1893 951 1934 pos-

179 1936 339 1966 sessionibus
349 1937 402 1967 suis
421 1938 631 1967 renuntiarent.
654 1939 831 1975 Apotafi‘ttas
854 1936 903 1974 ipli
922 1935 950 1964 sc

182 1979 319 2009 locabant
330 2000 338 2011 ,
361 1990 394 2010 eo
405 1980 480 2018 quod
501 1979 605 2008 mundo
616 1977 780 2006 reni'intinss‘c
793 1977 882 2005 videri
903 1987 952 2005 vo-

182 2019 280 2047 lebant
295 2030 301 2049 5
323 2023 350 2047 ὃ(
374 2021 535 2057 Apostolicos
548 2042 555 2053 ‚
578 2019 643 2059 quia
666 2019 818 2057 Apostolos
846 2018 951 2045 imitari

179 2069 235 2097 με
255 2058 284 2086 se
307 2059 428 2088 serebant
439 2071 446 2090 ς
469 2064 495 2089 3<
520 2063 685 2089 Encran‘tas
713 2060 745 2087 ab
766 2058 952 2087 ostentatione

181 2101 376 2137 temperantiae
388 2104 415 2129 δε
426 2101 598 2129 abstinentie
611 2109 666 2138 prce
679 2100 776 2127 ceteris
787 2098 952 2127 hominibus:

180 2139 310 2178 suamque
329 2141 359 2168 in
369 2141 594 2169 communionem
608 2163 615 2173 ,
639 2140 707 2168 teste
726 2141 878 2176 Augustino
891 2161 898 2172 ,
922 2141 953 2167 de

180 2182 268 2215 hares.
287 2191 310 2208 c.
324 2192 370 2216 40.
392 2183 553 2220 conjugibus
564 2191 673 2211 utentes
686 2204 693 2213 ,
718 2180 812 2218 resque
834 2180 954 2218 propi-ias

185 2219 354 2258 possidentes
369 2232 426 2250 non
437 2222 609 2260 recipiebant
621 2243 628 2254 ,
651 2221 810 2249 dictitantes
821 2242 828 2252 ‚
852 2221 956 2248 nullam

185 2260 264 2300 spem
273 2260 368 2290 salutis
378 2273 423 2290 eos
433 2261 534 2291 habere
546 2284 553 2295 ,
574 2263 620 2301 qui
632 2263 778 2290 utebantur
789 2262 864 2289 rebus
875 2282 883 2293 ‚
895 2260 955 2299 qui-

147 2305 150 2312 *
184 2304 230 2333 bus
241 2302 289 2340 ipfi
313 2303 437 2330 carebant
449 2323 456 2330 .
478 2303 645 2340 Doftrmain
659 2302 728 2331 hanc
750 2312 779 2330 ut
798 2301 957 2330 haereticam

184 2343 327 2371 ahmnavit
338 2344 499 2372 Concilium
511 2345 665 2381 Gangrensc
675 2364 683 2376 ,
695 2341 839 2381 inprafat.
850 2348 957 2371 Tam-2.

192 2384 294 2414 conctl.
307 2382 420 2423 ejusque
432 2384 566 2414 Auftores
574 2394 603 2412 ac
623 2382 780 2413 defensores
800 2383 958 2412 anathema-

1273 49 1381 93 AB

1009 103 1043 135 tis
1065 104 1181 136 fulmine
1198 109 1332 146 perculit.
1355 108 1434 146 Quin
1453 111 1481 140 δε
1500 111 1580 153 leges*
1598 111 1777 154 imperiales,⁴

1008 149 1073 176 Cod.
1083 150 1182 177 Theod.
1197 150 1215 177 l.
1223 160 1231 177 i
1240 156 1266 179 6.
1277 153 1355 185 tit-5.
1367 152 1399 179 de
1409 152 1499 181 haret.
1510 155 1559 193 leg.
1572 166 1601 188 7.
1610 155 1776 194 adstipulatu«

1007 197 1053 232 tur
1064 210 1072 221 ,
1094 188 1269 224 subjicientes
1279 189 1362 219 hosce
1373 195 1551 229 Apotac'h'tas
1559 197 1686 225 omnibus
1705 194 1775 224 civi-

1008 230 1077 257 libus
1086 231 1177 268 poenis
1187 252 1194 263 ,
1207 241 1266 269 quae
1279 232 1331 259 Hae
1337 232 1430 260 reticis
1441 233 1533 274 infligi
1542 235 1686 268 solebant5
1698 237 1717 265 si
1726 235 1777 263 bo-

1007 280 1103 299 norum
1115 271 1329 308 publicationem
1341 272 1461 310 excipias
1471 295 1478 306 ,
1502 285 1599 314 utpote
1619 288 1678 316 quae
1701 274 1776 305 nihil

1009 310 1065 339 illis
1076 311 1244 349 significabat
1256 333 1264 344 ‚
1285 322 1348 341 cum
1359 313 1482 351 ipsorum
1492 317 1598 346 crimen
1607 318 1636 346 in
1646 314 1774 356 perversa

1007 351 1084 380 rebus
1096 352 1222 381 omnibus
1232 353 1412 382 renuntiandi
1423 355 1532 385 ratione
1543 358 1776 396 consisteret,quae

1006 391 1080 420 nihil
1091 392 1129 420 eis
1138 393 1309 432 relinquebat
1319 415 1327 426 ,
1349 396 1424 433 quod
1435 397 1534 426 auferri
1553 398 1639 436 posset
1650 419 1657 427 .
1682 401 1698 434 Η
1711 401 1773 427 Mu-

1007 433 1081 461 neris
1101 434 1243 462 abdicatio
1253 455 1261 467 ,
1284 434 1314 461 in
1333 435 1490 472 quibusdam
1512 440 1612 468 casibus
1623 460 1632 472 ‚
1654 439 1775 469 Cleritis

1007 474 1220 512 permittebatur
1229 495 1236 502 .
1248 474 1313 504 Esto
1322 484 1371 513 per
1381 477 1568 507 ecclesiasticas
1580 481 1653 519 leges
1663 491 1772 509 cautum

1008 514 1073 543 ess‘et
1085 536 1094 547 ‚
1113 526 1146 543 ne
1158 515 1285 544 Clericus
1302 515 1385 544 alicui
1397 517 1520 547 Ecclesiae
1540 520 1660 549 addictus
1681 521 1775 549 statio-

1008 565 1072 584 nem
1083 554 1207 584 desereie
1218 577 1226 588 ‚
1248 556 1341 584 aliove
1354 556 1471 596 migrare
1481 558 1592 589 :uideret
1605 572 1612 591 ;
1634 562 1776 600 integrum

1006 605 1101 625 tamen
1109 602 1166 625 erat
1177 597 1203 625 ei
1213 596 1262 625 suo
1272 595 1298 625 se
1310 606 1424 626 munere
1434 599 1563 628 abdicare
1572 622 1580 633 ,
1601 601 1620 630 fi
1631 612 1671 631 res
1681 602 1773 631 Eccle-

1005 638 1049 666 siae
1063 659 1071 670 ‚
1094 638 1140 666 vel
1151 637 1203 666 alia
1215 637 1313 666 idonea
1327 636 1448 667 causaita
1460 639 1584 679 exigeret
1598 652 1604 668 t
1623 642 1775 678 cujusmodi

1006 679 1217 707 abdicationum
1239 679 1365 717 exempla
1388 679 1546 719 frequenter
1567 682 1597 710 in
1618 683 1681 711 aftis
1703 685 1774 712 Prae-

1005 717 1094 747 sulum
1105 718 1339 748 Sanstiffimoriim
1348 740 1359 756 2
1382 723 1408 749 ἃ
1421 731 1618 760 nonnunquam
1629 723 1658 752 in
1667 724 1773 753 Conci-

1007 759 1108 788 liorum
1118 759 1291 799 generalium
1304 760 1524 798 permiffionibus
1536 763 1777 801 reperiuntui-AEa-

1005 811 1065 829 rum
1088 811 1171 839 porro
1183 801 1285 839 duplex
1306 811 1363 829 erat
1384 801 1458 830 causa
1467 822 1475 829 .
1494 803 1585 832 Prima
1605 805 1715 843 quidem
1724 826 1733 837 ,
1755 805 1776 835 fi

1004 842 1065 880 quis
1076 840 1225 880 Episcopus
1245 851 1293 880 per
1305 841 1455 870 obstinatos
1464 865 1472 875 ‚
1492 854 1520 872 ac
1540 845 1705 874 abalienatos
1724 856 1775 883 po·

1005 882 1062 921 puli
1085 883 1188 911 animos
1209 893 1306 910 munus
1323 881 1400 910 suum
1412 882 1439 910 se
1460 884 1536 912 obire
1556 896 1614 913 non
1632 885 1704 924 posse
1718 908 1724 918 ,
1747 890 1775 914 δε

1004 934 1073 951 onus
1087 923 1135 953 sibi
1146 923 1322 951 intolerabile
1333 922 1392 951 fieri
1404 922 1522 953 sentiret
1535 947 1543 958 ‚
1557 936 1620 954 tunc
1634 927 1652 954 fi
1662 928 1774 955 abdica-

1006 976 1034 992 re
1048 973 1162 1001 cuperet
1173 985 1180 996 ‚
1203 964 1345 992 abdicatio
1354 963 1385 991 in
1396 967 1614 996 controversiam
1625 978 1682 995 non
1692 977 1775 995 vocri-

1005 1005 1082 1033 batur
1093 1025 1101 1031 .
1123 1007 1167 1033 Ita
1194 1006 1338 1041 Gregorius
1361 1008 1569 1035 Nazianzenus
1594 1006 1775 1044 Episcopatui

1005 1045 1283 1083 Costantinopolitano
1292 1047 1466 1073 renuntiavit
1479 1068 1486 1078 ,
1496 1048 1571 1084 quod
1583 1048 1697 1084 populus
1709 1058 1776 1076 con·

1005 1096 1045 1114 tra
1058 1083 1145 1124 ipsum
1157 1095 1294 1123 tamquam
1306 1086 1482 1123 peregrinum
1493 1087 1652 1115 tumultuati
1665 1092 1691 1116 ὅ(
1704 1098 1777 1116 inur-

1004 1136 1110 1155 mutare
1121 1127 1257 1164 inciperet
1268 1137 1274 1152 :
1287 1125 1489 1160 consentiente,
1499 1132 1526 1156 ἃ
1536 1127 1776 1157 renuntiationem

1004 1166 1174 1205 approbante
1184 1166 1318 1195 Concilio
1327 1167 1451 1203 generali
1461 1170 1757 1205 Constantinopolitano
1766 1191 1776 1201 ‚

1005 1206 1236 1246 quemadmodum
1257 1216 1314 1234 non
1327 1205 1415 1233 solum
1435 1208 1617 1236 Theodorems
1629 1230 1637 1240 ‚
1651 1208 1698 1243 l.5.
1714 1220 1737 1236 c.
1753 1214 1779 1238 8.

1004 1254 1136 1279 Socrates,
1147 1247 1250 1283 l.5.c.7.
1261 1245 1407 1284 perhibent
1417 1268 1425 1279 ‚
1435 1246 1482 1275 sed
1492 1246 1548 1285 ipsc
1560 1249 1644 1276 etiam
1654 1249 1774 1287 pluribus

1006 1290 1035 1316 in
1046 1287 1122 1321 locis,
1132 1293 1227 1325 Orat-3
1237 1300 1261 1316 2.
1273 1287 1340 1314 item
1350 1291 1445 1315 Carm.
1455 1290 1487 1316 de
1496 1291 1631 1326 tarasia,
1642 1290 1759 1318 testatur
1767 1310 1776 1317 .

1006 1331 1049 1358 Ita
1060 1329 1242 1357 Theodoretus
1255 1349 1262 1360 ‚
1285 1327 1303 1354 l.
1318 1338 1343 1354 2.
1364 1337 1387 1354 c.
1408 1337 1421 1364 3
1433 1338 1455 1355 i.
1472 1329 1620 1357 Meletinm
1641 1331 1776 1358 celebrem

1007 1370 1159 1399 Antiochia
1173 1367 1337 1406 Episcopum
1351 1389 1358 1400 ‚
1378 1378 1439 1396 cum
1458 1369 1560 1405 sebasti·
1582 1369 1612 1397 in
1631 1375 1773 1399 Armenia

1006 1409 1071 1438 ess'et
1083 1409 1231 1447 Episcopus
1242 1431 1249 1442 ,
1259 1419 1320 1437 cum
1330 1407 1491 1437 refmstariis
1502 1410 1620 1447 perversi
1632 1411 1724 1449 gregis
1734 1410 1775 1438 sui

1008 1451 1129 1489 ingeniis
1141 1451 1179 1478 ita
1189 1450 1375 1478 conl-'liftatum
1388 1448 1438 1477 effe
1449 1460 1538 1477 nari-:it
1551 1471 1558 1482 ‚
1582 1460 1612 1478 tit
1622 1452 1659 1478 eis
1671 1451 1772 1478 relictis

1008 1492 1063 1520 alio
1075 1491 1239 1530 migraverit
1250 1511 1258 1523 ‚
1281 1490 1372 1528 ibique
1383 1489 1411 1517 in
1421 1490 1482 1518 otio
1496 1490 1582 1518 vitam
1603 1492 1691 1529 egerit
1703 1511 1710 1518 .
1731 1492 1775 1519 Ita

1007 1532 1159 1561 Theodorus
1171 1534 1269 1563 Lector,
1281 1531 1329 1558 hb.
1338 1541 1360 1558 ι.
1373 1530 1406 1558 de
1418 1535 1556 1568 Martyria
1566 1530 1703 1569 Episcopo
1714 1535 1776 1559 An-

1008 1572 1128 1600 tiocheno
1140 1572 1280 1600 memoriae
1291 1571 1416 1608 prodidit
1428 1593 1435 1603 ,
1448 1571 1521 1608 quod
1531 1581 1591 1599 cum
1604 1572 1735 1610 populum
1747 1581 1776 1598 ac

1007 1614 1110 1640 clei-uin
1124 1613 1209 1641 turbis
1220 1623 1247 1641 ac
1261 1611 1440 1640 seditionibus
1450 1612 1579 1640 delectari
1601 1612 1775 1640 animadver-

1008 1653 1081 1681 tillet
1093 1675 1100 1685 ,
1122 1660 1201 1683 Petro
1211 1653 1324 1682 Fullone
1336 1651 1443 1680 intruso
1456 1673 1463 1683 ,
1484 1651 1661 1690 Epist-operui
1682 1661 1775 1680 coram

1007 1693 1135 1722 universa
1156 1693 1272 1723 Ecclefia
1294 1693 1460 1720 renuntiarit
1471 1692 1547 1721 hisce
1568 1693 1673 1722 verbis:
1697 1693 1774 1720 clero

1008 1738 1165 1764 contumaci
1176 1757 1183 1767 ,
1197 1733 1330 1771 &popula
1341 1737 1510 1771 immorigero
1521 1754 1531 1765 ,
1552 1733 1586 1766 ό·
1596 1733 1701 1771 ecclesia
1713 1743 1773 1761 con>

1007 1779 1152 1804 taminata
1166 1775 1429 1810 renuntio,servata
1440 1774 1510 1801 mihi
1521 1775 1672 1802 Sacerdotu'
1683 1774 1774 1811 digni-

1006 1825 1067 1844 tate
1081 1835 1088 1843 .
1114 1816 1178 1844 Alia
1189 1814 1263 1842 causa
1282 1824 1339 1842 erat
1350 1835 1358 1846 ‚
1382 1814 1400 1841 si
1411 1813 1470 1851 quis
1492 1812 1640 1852 Episcopus
1661 1814 1774 1841 caritate

1007 1858 1099 1884 ductus
1111 1866 1225 1884 munere
1244 1854 1271 1883 se
1281 1856 1440 1885 abdicaret,
1464 1853 1509 1881 vel
1531 1854 1566 1882 ad.
1586 1854 1775 1882 abdicandum

1008 1907 1169 1935 promptum
1180 1896 1207 1924 se
1222 1895 1383 1926 exhiberet,
1409 1894 1442 1922 :td
1466 1894 1651 1922 inveteratum
1663 1893 1776 1932 aliquod

1006 1936 1127 1966 Schisma
1148 1937 1201 1965 hoc
1223 1937 1306 1964 modo
1328 1934 1478 1963 sanandum
1488 1955 1494 1961 .
1515 1936 1557 1963 Sic
1578 1935 1775 1973 chrysostomus

1009 1984 1089 2006 Ham.
1106 1989 1114 2005 i
1126 1989 1148 2005 i.
1160 1981 1190 2005 in
1203 1977 1297 2014 Ephef.
1309 1976 1412 2015 populo
1423 1974 1471 2003 suo
1482 1974 1552 2003 dicit
1566 1997 1572 2007 ,
1584 1976 1602 2003 fi
1613 1985 1693 2013 quam
1705 1975 1738 2002 de
1748 1973 1775 2001 se

1008 2018 1142 2046 habebant
1153 2017 1336 2055 suspicionem
1348 2039 1354 2048 ‚
1369 2016 1441 2055 quali
1453 2016 1551 2043 nonsit
1563 2016 1689 2054 legitime
1702 2024 1776 2042 crea-

1008 2069 1050 2086 tus
1060 2059 1184 2087 Antistes
1197 2079 1204 2090 ‚
1228 2067 1350 2096 parcitum
1361 2056 1389 2085 se
1410 2054 1461 2084 esse
1472 2056 1571 2084 cedere
1590 2055 1704 2094 regendi
1715 2065 1775 2082 inuv

1008 2110 1056 2127 nus
1065 2120 1074 2135 3
1096 2100 1139 2126 cui
1163 2099 1304 2127 voluerint
1315 2119 1322 2130 ,
1342 2097 1426 2126 modo
1446 2097 1475 2124 id
1495 2096 1573 2125 faciat
1594 2097 1628 2124 ad
1649 2095 1774 2124 Ecclefiae

1006 2139 1142 2168 unitatem
1152 2159 1159 2165 .
1183 2140 1226 2167 Sic
1245 2139 1379 2168 Aurelius
1401 2136 1550 2176 Episcopus
1573 2137 1752 2173 Carthaginis
1766 2157 1773 2168 ,

1008 2184 1035 2209 ὃ(
1048 2182 1219 2217 Augustinus
1229 2189 1290 2207 cum
1303 2179 1415 2217 reliquis
1428 2176 1718 2216 EpiscopisAfricanzs
1727 2174 1773 2204 sub

1008 2221 1165 2249 collationis
1176 2219 1400 2257 Carthaginensi}
1411 2218 1712 2253 exordiumDonatistis
1724 2216 1773 2244 ob-

1009 2261 1132 2290 tulerunt
1143 2282 1153 2294 ‚
1175 2270 1204 2288 ut
1214 2271 1265 2299 pro
1275 2258 1419 2288 schismate
1439 2259 1566 2287 tollendo
1578 2279 1585 2290 ‚
1608 2257 1771 2294 ubicumque

1009 2303 1041 2330 in
1051 2302 1146 2330 cadem
1155 2301 1270 2329 civitate
1281 2301 1336 2328 duo
1349 2321 1356 2332 ,
1368 2310 1435 2328 unus
1447 2310 1479 2327 ex
1491 2298 1657 2329 Catholicis,
1670 2307 1703 2325 ex
1715 2302 1773 2332 Do,-

1010 2344 1122 2379 natzstis
1134 2342 1203 2371 alter
1215 2363 1223 2375 ‚
1234 2340 1318 2370 efl'ent
1329 2339 1457 2379 Episcopi
1469 2361 1476 2372 ,
1486 2339 1565 2368 ambo
1576 2361 1583 2371 ‚
1596 2338 1772 2367 Cellas-Car-

1011 2384 1087 2422 thag.
1098 2384 1142 2413 die
1157 2393 1180 2412 i.
1192 2393 1213 2412 c.
1235 2388 1277 2412 16.
1289 2381 1323 2410 de
1333 2381 1426 2411 medio
1437 2379 1597 2415 secederent
1607 2400 1616 2413 ,
1628 2382 1655 2408 ἀ
1664 2385 1770 2406 novum

1680 2426 1693 2445 ε
1698 2416 1732 2445 Ῐιῐἦ

1743 2465 1791 2474 α...
