1866 2526
150 24 223 62 172
481 8 520 52 C
551 10 586 51 E

130 68 211 106 super
220 65 389 97 ceroferariis
399 70 466 100 &c.]
477 71 511 96 Et
520 68 615 97 clarius
625 64 791 95 flodoardus
800 64 913 94 candem

132 109 329 148 proceffioriem
340 108 508 142 describens,
527 109 637 147 inquit:
660 110 670 138 ]
684 106 863 144 Accensisque
874 105 913 133 su*

132 160 180 189 per
191 160 282 179 cruces
292 150 376 180 cereis
387 171 394 182 ,
417 159 497 188 atque
507 149 675 178 ceroferariis
685 170 692 180 ‚
702 148 767 176 dant
778 157 874 175 vocem
887 145 914 172 in

131 191 245 219 canticis
255 212 264 223 ‚
286 190 331 219 lib.
347 201 370 218 1.
381 190 486 220 Histor.
498 189 628 219 Remens.
649 199 706 226 cap.
731 199 774 224 ¹9-
787 191 798 219 ]
820 189 856 215 In
867 189 914 214 Ec-

130 232 207 260 clefia
217 231 394 260 Ambrosiam
404 230 573 260 Ceroferarii
584 252 591 263 ,
615 230 700 261 idest,
711 227 847 263 Acolythi
857 236 914 254 non

133 272 306 310 reperiuntur
316 292 322 301 ,
346 272 419 300 Vide
430 271 554 300 Candela
565 291 571 300 .

90 313 216 342 cenom
227 333 235 344 ,
258 313 348 350 imago
358 312 387 339 in
396 322 454 340 cera
464 310 587 349 impressa
597 323 603 339 :
626 311 660 339 fic
679 309 812 348 appellata
832 307 916 336 fuerat

131 354 175 382 SS.
190 351 300 381 Cosmae
310 356 337 380 ὃ(
348 352 476 382 Damiani
487 361 571 383 cerea,
582 362 610 379 ac
622 350 704 379 densa
713 350 804 387 imago
815 369 821 381 ,
832 356 913 386 quam

1253 4 1359 47 CE

971 62 1028 104 pite
1037 61 1182 92 horrentes
1193 84 1201 96 ‚
1224 66 1252 92 δε
1262 65 1357 92 ετεέὶκ
1371 84 1378 96 ,
1401 60 1508 102 aliaque
1528 61 1571 92 his
1581 61 1694 93 fiii-iilia.
1718 62 1758 93 Hi

968 104 1049 133 serias
1056 103 1212 132 saltationes
1221 104 1335 133 ridicule
1344 103 1395 133 suis
1404 104 1520 143 gestibus
1531 104 1761 138 imitabantur,eas

972 155 1020 183 per
1038 144 1185 174 liidjbrium
1202 145 1383 184 depravantes
1393 166 1401 177 ‚
1423 155 1454 172 ut
1462 145 1479 172 s
1476 145 1654 183 pe&atoribus
1675 145 1760 175 risum

970 195 1116 216 moverent
1124 205 1132 212 .
1155 189 1196 214 Ex
1204 185 1352 223 triumphis
1360 194 1449 214 autem
1461 208 1468 218 ‚
1491 186 1539 224 qui
1548 196 1668 225 aguntur
1678 208 1686 220 ,
1695 186 1760 215 satis

972 226 1060 264 liquet
1070 224 1121 253 hos
1131 225 1202 254 lusus
1215 227 1401 255 cavillatorios
1412 247 1421 257 ‚
1440 230 1468 254 ὃ(
1477 225 1608 264 satyricos
1617 226 1688 265 apud
1699 229 1762 256 Ro-

973 277 1068 295 manos
1077 269 1130 301 jam
1143 265 1207 293 inde
1216 276 1230 293 a
1240 267 1334 305 priscis
1344 267 1449 295 saeculis
1462 276 1584 305 repertos
1597 267 1670 296 fuiss'e
1680 271 1732 296 ἃς.
1745 270 1758 298 ]

972 309 1017 336 De
1029 306 1159 336 Cervulae
1171 305 1246 335 iudo.
1257 307 1330 336 Vide
1341 307 1425 345 Epist.
1435 308 1527 336 Bonis.
1538 307 1571 336 ad
1582 307 1760 337 Zaccliziriam

974 350 1073 386 Papam
1084 347 1114 374 in
1123 346 1187 375 dist.
1199 348 1350 385 Suffocatus
1362 367 1370 374 .

130 393 202 421 infra
211 392 349 424 brachium
359 392 492 422 subsutam
504 392 603 421 ferebat
613 390 813 419 Constantinus
823 409 830 416 .
850 390 916 416 Lao·
933 389 1054 418 Cervus
1065 409 1073 416 .
1096 387 1166 415 Vbie
1188 393 1322 427 Pygargus
1332 409 1338 415 .

131 434 222 463 diceri.
232 432 307 461 sexta
319 434 423 467 synod.
435 433 483 461 afi.
498 444 525 468 4.

99 473 283 503 CatosTATA
295 495 303 506 ‚
323 474 511 502 candelabrum
521 494 529 505 ‚
540 483 553 501 a
562 472 682 501 dictione
693 480 780 509 greca
791 465 920 507 xupoex'rri

132 516 237 552 [Super
248 514 377 542 cerostata
387 514 501 551 pharum
511 523 593 544 unam
605 513 697 542 Anast.
718 508 852 539 Biblioth.
870 511 919 538 Bc-

132 554 236 584 lisarius
248 556 276 583 B.
288 557 370 582 Petro
381 554 523 583 cerostatas
532 563 672 592 argenteas
682 553 821 580 deauratas
831 552 915 586 majo-

131 606 173 624 res
184 596 248 623 duas
263 615 270 622 .
292 595 371 622 idem
382 595 410 622 in
422 595 535 632 Vigilio
549 596 617 631 Papa
628 614 634 620 .
657 595 668 624 ]
681 594 736 621 FR-
755 591 840 630 figura
849 590 920 618 cinti-

131 645 245 674 quarum
266 635 473 663 Cerostatarum
492 634 692 663 demonstratur
711 643 724 660 a
735 631 881 661 Pancirolo
892 631 921 658 in

132 676 244 704 tractatu
256 676 289 703 de
300 676 434 712 'imperiali
446 675 582 713 dignitate
594 696 601 707 ‚
624 675 668 702 ubi
679 674 712 701 de
725 672 806 711 liguis
820 670 921 700 Prsefe-

132 716 170 745 &i
183 716 253 754 agit.
281 716 364 744 Ordo
373 726 462 743 tamen
473 720 554 744 Rom.
567 717 736 751 Cerostatum
748 721 828 741 vocat
840 732 846 738 .

934 431 1174 459 CcstTA'ricuM
1186 449 1193 456 .
1203 430 1259 458 FR.
1271 427 1453 457 Coiitributio
1464 450 1472 461 ‚
1482 433 1510 458 ὃ(
1519 429 1628 458 exactio
1637 440 1687 468 pro
1699 428 1762 458 refi-

972 469 1077 499 ciendis
1101 468 1154 498 viis
1168 469 1282 507 publicis
1292 491 1300 502 ‚
1324 469 1361 497 ita
1373 469 1404 496 in
1423 469 1539 507 quodam
1550 471 1646 499 Caroli
1657 473 1695 499 M.
1706 470 1764 509 pri-

977 510 1083 548 vilegio
1096 530 1104 542 ‚
1127 509 1294 538 Monasterio
1315 510 1340 538 S.
1352 510 1483 538 Germani
1495 509 1616 538 concess'o
1626 532 1634 543 ,
1659 512 1765 545 [Telo-

977 562 1040 579 neus
1056 560 1113 579 non
1123 551 1258 589 exigatur,
1272 561 1320 579 nec
1331 550 1364 578 de
1376 550 1470 578 navale
1483 572 1490 583 ,
1502 561 1551 578 nec
1562 551 1596 579 de
1607 552 1704 585 cei-ale,
1713 562 1762 581 ne-

977 602 1029 630 que
1050 592 1083 620 de
1093 590 1189 619 saumis
1200 614 1208 624 ‚
1231 601 1318 629 neque
1330 591 1364 620 de
1373 589 1558 619 tresvetstione
1568 613 1576 624 ‚
1599 601 1648 619 nec
1668 593 1765 621 rotati·

976 643 1009 662 co
1019 655 1027 666 ‚
1053 642 1101 662 nec
1110 632 1256 670 pontatico
1266 654 1273 664 ,
1299 643 1348 661 nec
1358 632 1530 670 pulveratico
1540 653 1548 664 ,
1571 642 1621 660 nec
1639 630 1763 661 salutati-

975 684 1007 702 co
1019 696 1026 707 ,
1050 684 1099 702 nec
1110 672 1268 711 cespitatico
1280 693 1286 700 .
1308 672 1423 701 Annon.
1441 673 1488 700 lib.
1504 683 1525 700 i.
1537 683 1559 700 c.
1577 683 1599 700 i.
1616 675 1629 704 ]
1652 672 1768 702 Fortasse

979 716 1181 752 cispitaticum
1193 714 1292 742 dicitur
1305 735 1312 747 ,
1335 714 1399 751 quia
1408 711 1529 750 cespides
1538 713 1572 741 de
1584 713 1638 742 viis
1646 713 1767 751 extirpa-

94 758 241 791 (Eitwsili
254 777 261 784 ·
287 756 360 785 Vide
382 756 526 794 Brafium-
549 760 658 784 Brtzxo·
683 753 801 785 Cssrealis
815 773 821 780 .
847 756 918 780 Cltr—
977 755 1056 784 bant,
1082 755 1140 783 Alii
1160 765 1252 782 tamen
1266 754 1360 793 legunt
1372 755 1563 790 Cespjtaceum
1576 775 1585 787 ‚
1607 758 1634 782 δ(
1648 755 1768 791 Cespff‘ti-

131 801 169 826 mi
180 818 186 824 .
210 802 310 837 Cyceon
321 819 327 825 .
978 806 1039 823 cum
1049 815 1058 823 ,
1081 794 1155 823 Vide
1166 795 1246 822 etiam
1258 796 1430 832 &spatham
1441 815 1447 825 ‚
1471 798 1498 822 ὃ(
1520 804 1553 822 an
1573 794 1606 823 sit
1619 794 1694 823 idem
1704 804 1768 827 cum

88 838 226 867 CERUSSA
240 859 245 864 .
270 840 343 867 Vide
354 841 567 876 Rs‘ymmithlum
576 860 583 867 .
979 836 1149 873 pulveratico
1158 856 1165 862 .
1190 836 1262 863 Vide
1272 836 1485 864 Pulveraticum
1495 855 1501 861 .

90 880 275 910 anvmffi&
286 875 435 912 Certatim,
446 891 531 919 genus
542 879 608 909 ludi.
621 878 666 914 [Si
678 876 764 906 adhuc
775 873 923 915 :ignoscitis
938 877 1100 906 Cessioriis
1112 878 1258 905 Bos-oxum
1267 876 1385 915 antiquie
1397 873 1560 903 ceremoniae
1570 895 1577 902 .
1599 874 1672 904 Vide
1684 876 1767 904 Chre⁴

130 920 238 957 aliquos
254 920 332 947 illam
340 920 552 951 sordidiisunam
564 918 765 957 turpitudinem
774 918 807 946 de
819 916 923 944 hinnii—
979 920 1103 947 nesruda
1114 939 1121 946 ,

131 960 215 993 huvel
224 961 332 989 cervula
342 972 478 993 exercere,
492 962 529 989 ita
538 959 678 989 du-riffime
688 958 826 996 castigate,
836 965 865 985 ut
876 967 922 984 eos
937 960 1033 988 ngso
1044 979 1051 986 ,
1074 959 1147 987 Vide
1165 960 1285 997 Comoffi
1295 979 1303 987 ,

132 1000 266 1040 poeniteat
278 1011 335 1028 rem
344 1001 501 1040 sacrilegam
512 999 672 1029 commifiss'e
683 1019 689 1026 .
710 999 823 1036 D.Aug.
842 995 923 1024 serm.
937 1001 1208 1029 Cmrcaenonmsm
1232 999 1358 1035 Synodug
1371 998 1504 1027 falsificam
1514 1016 1521 1025 .
1543 997 1617 1027 Vide
1625 998 1720 1033 falsor
1729 1017 1737 1025 .

133 1053 147 1070 2
156 1041 237 1075 15.de
249 1044 396 1079 tempore]
404 1045 427 1071 Α
437 1042 593 1071 Gentilibus
604 1038 759 1075 hujusmodi
767 1038 825 1068 ludi
836 1037 865 1065 in
877 1040 924 1065 Ka.
938 1041 1173 1070 CHALCENTERUS
1186 1061 1193 1072 ,
1203 1039 1385 1078 χαλχὲνγερρς
1395 1059 1405 1075 ,
1425 1048 1581 1077 cognomen
1591 1038 1717 1073 Didymo
1729 1040 1769 1067 A-'

131 1081 221 1111 lendis
231 1081 662 1119 Januaizcxercebantiir,larvales
673 1079 834 1108 animalium
846 1077 923 1105 facies

130 1122 311 1162 gestantibus,
324 1133 383 1161 qux=
395 1123 597 1151 inobservantia
608 1121 694 1150 adhuc
705 1129 753 1157 pei·
766 1128 854 1147 totam
868 1122 921 1146 Eu-

132 1172 229 1201 ropam
247 1163 276 1191 in
287 1164 490 1193 bacchanalibus
501 1161 631 1192 transfusa
643 1162 792 1190 toleratur.
814 1164 920 1188 Cervu-

132 1204 191 1231 Iam
202 1202 317 1236 fortasse
324 1205 430 1243 antiqui
442 1203 613 1243 appellabant
623 1213 656 1231 ex
668 1210 756 1229 cei-vx
768 1199 921 1238 personatu.

133 1250 149 1279 [
158 1245 227 1272 Non
236 1245 311 1272 enim
322 1245 424 1283 caperis
442 1246 554 1274 ludicris
564 1265 573 1277 ‚
592 1255 621 1272 ac
631 1242 755 1271 ludibriis
765 1241 921 1269 daemonum

136 1295 195 1313 non
205 1286 332 1318 attendis,
343 1296 387 1313 aut
397 1285 489 1314 inhias
499 1285 651 1325 spestandis
660 1282 775 1312 cervulis
786 1301 793 1308 .
805 1282 829 1309 S.
842 1280 924 1309 Nilus

138 1326 207 1354 Abb.
218 1335 261 1363 ep.
272 1331 319 1354 81.
329 1327 361 1354 ad
370 1327 509 1356 Gaudent.
520 1324 717 1356 Silentiarium.
729 1325 741 1354 ]
758 1321 813 1357 Qui
823 1321 882 1349 ludi
893 1321 923 1347 in

134 1366 248 1394 Concil.
260 1367 416 1395 Antifidor.
430 1378 486 1396 cin.
503 1379 524 1396 i.
535 1366 671 1406 prohibiti
683 1365 756 1393 fuere
768 1363 820 1390 hoc
830 1362 923 1390 decre-

135 1415 175 1434 ιο.
189 1413 200 1441 [
212 1408 281 1435 Νοη
291 1407 356 1435 licet
367 1408 494 1437 Kalendis
506 1407 625 1444 Ianuarii
635 1408 727 1435 vetula
738 1426 745 1438 ‚
758 1413 803 1432 aut
813 1401 926 1430 cervulo

136 1447 223 1475 facere
235 1468 241 1475 .
255 1450 266 1479 ]
279 1448 339 1476 Ubi
352 1443 512 1478 Sirmoiidus
521 1450 612 1478 vitula
621 1458 671 1486 pro
679 1446 776 1475 Vetula
787 1452 925 1478 <torrent-1

134 1486 182 1516 sed
192 1488 281 1525 prima
291 1489 373 1517 lectio
385 1490 528 1519 retinenda
541 1511 549 1522 ,
571 1490 683 1517 verbum
692 1486 767 1515 enim
777 1490 876 1514 Facere
886 1493 925 1510 re-

138 1526 303 1566 praesentrue
316 1551 323 1562 ‚
342 1540 398 1558 non
410 1541 500 1559 autem
509 1530 658 1559 sacrificare
670 1526 804 1566 fignificat
816 1547 823 1553 ·
843 1522 925 1558 QUOd

136 1568 316 1598 confirmatur
325 1580 357 1597 ex
370 1571 487 1600 Faustini
498 1570 625 1609 Episcopi
635 1569 722 1598 verbis
733 1567 804 1605 apud
814 1566 923 1608 Bollan-

137 1610 214 1642 dum,
225 1620 292 1638 tom.
301 1622 309 1638 1
317 1631 323 1638 .
334 1610 365 1638 iii
376 1613 437 1640 Ast.
451 1614 611 1641 Sanctorum
622 1633 628 1644 ‚
639 1611 684 1638 ubi
696 1610 725 1637 in
735 1608 843 1644 serm.3.
856 1606 923 1640 ejul-

137 1650 201 1678 dem
211 1652 328 1680 Faustini
341 1651 403 1680 talia
411 1653 549 1692 leg-untur:
563 1652 654 1689 [Quis
665 1651 741 1679 enim
749 1648 854 1687 sapiens
866 1655 924 1674 cre-

138 1691 202 1719 dere
213 1693 316 1729 poterit
328 1713 334 1723 ‚
346 1691 469 1723 iiix-eniri
478 1696 583 1733 aliquos
591 1693 661 1722 sanae
674 1691 772 1720 mentis
783 1711 791 1722 ,
809 1688 855 1727 qui
865 1698 923 1714 cer<

138 1732 375 1771 vulumfacientes
387 1735 416 1762 in
424 1734 540 1764 ferarum
551 1735 578 1763 se
589 1734 678 1764 velint
689 1732 792 1760 habitus
801 1737 923 1756 commu-

139 1773 191 1800 tari
205 1776 237 1807 ?]
253 1776 285 1801 Et
296 1775 391 1803 clarius
401 1776 429 1804 in
441 1778 547 1805 Codice
561 1773 755 1812 Andegavenli
765 1793 773 1804 ,
784 1770 922 1810 poeniten-

137 1814 204 1841 tiam
213 1813 367 1851 hujusmodi
378 1816 610 1856 transgressoribus
621 1813 821 1854 praescribentc,
832 1810 865 1838 sic
877 1809 924 1852 lia-

136 1853 222 1882 betur:
233 1855 275 1890 [Si
287 1856 346 1894 quis
361 1858 391 1885 in
402 1858 528 1886 Kalendis
539 1856 673 1895 Januririis
684 1854 713 1882 in
724 1853 846 1883 cervulo,
857 1854 923 1878 &1¹¹

139 1896 233 1923 Vetula
242 1898 328 1926 vadet
340 1920 347 1931 ‚
358 1898 440 1926 tribus
451 1899 528 1926 arinis
537 1898 747 1936 poeniteat‚quia
758 1893 810 1920 hoc
820 1892 923 1918 ἀπιπο-

138 1935 244 1963 macum
256 1937 294 1964 est
306 1958 312 1964 .
322 1940 335 1971 3
347 1940 486 1974 Quantum
495 1949 585 1967 autem
596 1946 691 1965 contra
704 1936 769 1963 tales
779 1930 925 1970 transgres-

138 1973 225 2002 fiOHCS
234 1976 260 2003 se
271 1979 449 2016 opposuerint
461 1979 568 2017 antiqui
580 1978 671 2007 fideles
682 1974 835 2004 Christiani
845 1992 852 1999 .
874 1974 924 1999 Vi-

142 2014 177 2042 de
196 2018 386 2048 Bacchanalia
398 2041 404 2047 .
428 2022 633 2049 chart-varium
644 2038 651 2045 .
675 2014 852 2050 Circumcifio
870 2019 924 2041 Do-

138 2059 210 2083 mini
221 2076 227 2083 .
239 2059 344 2094 Masca.
355 2061 542 2098 Theatrtpars.
552 2059 718 2094 Talamasca
728 2077 735 2083 .
746 2062 924 2085 Torneatrix.

138 2098 194 2125 FR-
216 2098 299 2133 Quod
321 2098 366 2126 liic
384 2100 476 2128 abusus
494 2113 508 2129 a
517 2099 675 2131 Gentilibus
686 2095 851 2136 proveniss'et
862 2116 868 2126 ,
891 2105 923 2122 ex

138 2137 279 2171 Dionylio
292 2140 492 2169 Halicarnaileo
501 2141 643 2179 colligitur
655 2161 664 2171 ‚
687 2138 732 2176 qui
742 2138 788 2165 lib.
801 2147 826 2168 7.
851 2135 923 2162 Hist.

138 2179 224 2206 Rom.
235 2179 268 2206 iic
279 2180 317 2207 ait
326 2200 333 2206 .
348 2185 359 2213 [
375 2183 527 2218 Apparatus
538 2190 630 2210 autent
639 2188 714 2207 erant
724 2177 779 2205 illis
792 2176 902 2214 quidem
915 2198 922 2208 ‚

137 2218 185 2256 qui
198 2219 305 2247 Silenos
327 2220 551 2257 i·epr.esenmb2nr
563 2244 570 2254 ,
595 2221 694 2249 tunicae
714 2217 818 2246 villosae
829 2237 837 2248 ‚
860 2226 923 2253 quas

137 2261 267 2287 nonnulli
288 2258 418 2298 χοργαὶες
428 2272 526 2290 vocant
540 2283 546 2294 ,
569 2266 595 2290 δε
606 2260 720 2288 amicula
738 2269 770 2286 ex
782 2256 863 2285 variis
873 2258 922 2283 flo-

139 2300 210 2327 ribus
219 2309 359 2329 contexta;
371 2301 425 2328 illis
437 2303 562 2340 vero,qui
572 2302 676 2336 satyros
687 2297 921 2337 repraesentabant,

137 2350 212 2369 eninr
223 2340 404 2381 subligaculii-‚
427 2346 454 2371 ὃς
464 2341 580 2371 hircina
592 2342 676 2380 pelles
687 2362 695 2373 ‚
719 2344 745 2369 ὅ(
764 2338 827 2368 setae
841 2337 869 2366 in
881 2348 921 2365 cs-

979 1081 1143 1110 lexandrino
1155 1081 1343 1110 Grammatico
1353 1091 1367 1108 a
1377 1081 1414 1108 D.
1428 1081 1608 1115 Hieronymo
1626 1079 1655 1107 in
1676 1079 1769 1107 Ruffi-

981 1131 1047 1149 num
1057 1122 1197 1150 tributum.
1211 1124 1222 1152 ]
1237 1124 1358 1150 Marcum
1369 1123 1510 1149 Varonein
1522 1121 1638 1148 miratur
1648 1119 1766 1157 antiqui-

980 1163 1107 1200 mequod
1116 1162 1188 1199 apud
1199 1163 1311 1190 Latinos
1323 1171 1377 1188 tam
1387 1161 1600 1190 innumerabiles
1610 1161 1692 1189 libros
1701 1159 1768 1187 scri-

979 1201 1061 1239 pserit
1072 1214 1078 1233 3
1090 1203 1182 1231 Graeci
1194 1201 1410 1231 chalcenterum
1421 1202 1496 1229 miris
1507 1201 1620 1230 efferunt
1632 1200 1750 1229 laudibus
1760 1221 1770 1234 ‚

977 1244 1051 1280 quod
1063 1252 1154 1271 tantos
1166 1243 1247 1270 libros
1260 1241 1445 1279 composuerit
1455 1263 1462 1274 ,
1484 1251 1599 1280 quantos
1610 1242 1701 1278 quivis
1713 1251 1765 1269 no-

979 1284 1061 1312 strum
1073 1284 1175 1311 alienos
1185 1282 1228 1311 sua
1240 1293 1319 1311 manu
1328 1281 1479 1311 describere
1489 1292 1545 1309 non
1557 1281 1623 1319 poffi
1629 1293 1648 1309 t.
1660 1284 1672 1312 ]
1685 1281 1770 1309 Deri-

982 1333 1058 1353 vatur
1069 1323 1122 1352 hoc
1135 1324 1294 1352 vocabulum
1312 1334 1326 1351 a
1337 1334 1404 1352 voce
1415 1333 1502 1361 graeca
1523 1319 1636 1360 χαλκᾶς
1649 1343 1656 1354 ,
1679 1321 1767 1355 idest,

980 1364 1113 1397 chalcum,
1125 1369 1151 1392 δε
1161 1375 1207 1394 :effi
1222 1365 1294 1394 unde
1304 1364 1418 1392 dicimus
1429 1361 1611 1391 aurichalcum
1624 1364 1767 1391 metallum

982 1416 1014 1433 ex
1026 1414 1090 1434 :uiro
1103 1409 1128 1434 δ(
1142 1404 1237 1433 chalco
1249 1427 1256 1437 ,
1270 1415 1367 1442 nempe
1378 1414 1430 1432 aere
1441 1404 1560 1432 mixtum
1570 1414 1577 1434 3
1589 1401 1678 1440 ἕνγερα
1687 1424 1695 1435 ‚
1706 1404 1770 1431 lati-

979 1457 1013 1474 iie
1025 1446 1161 1474 interiora
1170 1445 1296 1479 dicimus,
1308 1444 1413 1473 sortasse
1425 1446 1463 1473 ita
1475 1444 1657 1482 appellabatur
1669 1445 1770 1471 Gram-

981 1497 1095 1515 maticus
1105 1487 1154 1515 ille
1167 1507 1174 1518 ‚
1193 1486 1255 1523 quia
1276 1496 1336 1514 cum
1346 1485 1410 1513 estet
1420 1483 1553 1513 exteriori
1575 1483 1681 1511 visione
1693 1484 1770 1512 orba-

980 1537 1021 1554 tus
1033 1550 1038 1560 ‚
1050 1538 1076 1555 ric
1087 1526 1253 1558 tenebrosus,
1266 1527 1375 1554 interne
1386 1536 1479 1554 tamen
1491 1534 1557 1557 erat,
1567 1524 1639 1562 quali
1652 1523 1771 1552 lumino-

979 1568 1081 1601 sum,&
1090 1568 1188 1596 durum
1199 1568 1340 1595 metallum
1353 1587 1359 1593 .
1377 1568 1433 1595 FR.
1448 1566 1585 1600 Didymus
1596 1563 1639 1591 hic
1651 1574 1664 1591 :i
1676 1566 1766 1602 pue-ri-

980 1610 1017 1637 tia
1031 1619 1125 1640 cxci-w,
1137 1612 1164 1637 S<
1175 1608 1203 1635 in
1213 1606 1350 1636 senectute
1360 1607 1508 1644 dupliciter
1521 1606 1625 1634 lumine
1636 1606 1769 1642 privatim

980 1651 1009 1678 in
1019 1650 1154 1688 Origenis
1164 1658 1268 1676 errores
1282 1648 1466 1686 precipitatus
1476 1647 1582 1685 est‚quo
1595 1656 1719 1683 tempore
1731 1647 1769 1674 D.

980 1690 1148 1725 Hieronymi
1159 1690 1288 1727 Magister
1298 1689 1392 1717 extitit
1401 1710 1409 1721 ,
1420 1688 1466 1726 qui
1478 1697 1537 1715 cum
1550 1686 1635 1715 fuisset
1646 1686 1680 1713 ob
1692 1685 1719 1713 id
1729 1696 1771 1713 ca-

980 1732 1123 1759 lumniatus
1135 1752 1141 1762 ‚
1165 1731 1241 1767 epist.
1255 1737 1302 1765 ὸς.
1312 1730 1344 1757 ad
1354 1728 1510 1757 Pammach.
1529 1731 1557 1755 ὅ(
1569 1728 1716 1755 Oceanum
1733 1726 1770 1754 fic

979 1771 1005 1799 se
1018 1771 1162 1801 descnd'it5
1189 1770 1297 1805 [Certe
1309 1767 1478 1806 Apollinarii
1491 1789 1498 1800 ,
1522 1771 1548 1796 &
1561 1766 1680 1801 Didymi
1697 1767 1772 1794 inter

981 1812 1007 1840 se
1018 1812 1116 1850 dogma
1128 1811 1295 1839 contrarium
1305 1809 1351 1839 est5
1361 1809 1450 1847 rapiat
1461 1818 1503 1836 me
1515 1819 1581 1846 ergo
1592 1817 1703 1845 utraque
1713 1816 1771 1835 tur-

980 1863 1022 1880 ma
1032 1851 1170 1881 diversum
1180 1849 1340 1880 altrinsecus
1351 1871 1359 1882 ‚
1383 1849 1444 1887 quia
1455 1849 1615 1887 Magistrum
1625 1857 1772 1886 utrumque

980 1893 1117 1921 confiteor
1127 1913 1134 1919 .
1146 1892 1171 1919 Si
1182 1891 1295 1929 expedit
1305 1889 1388 1918 odiss'e
1401 1890 1529 1918 homines
1541 1911 1548 1922 ‚
1559 1893 1586 1918 ὃ(
1596 1898 1709 1927 gentem
1720 1888 1769 1916 ali-

979 1944 1058 1972 qimm
1068 1932 1192 1960 detestari
1204 1943 1211 1962 5
1235 1932 1306 1959 miro
1318 1931 1384 1958 odio
1395 1931 1504 1959 aversor
1514 1928 1687 1958 circumcisos
1698 1940 1705 1959 5
1728 1926 1770 1956 us-

981 1985 1032 2011 quc
1043 1973 1126 2001 hodie
1135 1973 1210 2000 cuim
1221 1971 1418 2009 persequuntur
1428 1970 1586 2000 Dominum
1598 1969 1716 1998 nostruin
1727 1971 1771 2006 Je-

980 2014 1038 2042 suin
1051 2015 1079 2041 in
1090 2013 1241 2051 Synigogis
1254 2014 1355 2040 Sat-mx
1370 2032 1375 2038 .
1399 2012 1523 2048 Objiciat
1534 2011 1607 2038 mihi
1617 2008 1750 2047 quispiam
1762 2031 1771 2042 ‚

981 2065 1027 2083 cur
1038 2054 1182 2082 hominem
1196 2053 1321 2090 Judaeum
1341 2052 1482 2081 habuerim
1500 2060 1696 2091 praeceptotein
1707 2070 1713 2077 .
1736 2053 1772 2077 Et

981 2095 1059 2122 :iudet
1080 2095 1189 2132 quidam
1210 2093 1331 2131 proferre
1351 2094 1453 2121 litteras
1465 2103 1535 2120 meas
1545 2093 1578 2120 :id
1597 2091 1753 2125 Didymum
1764 2111 1772 2122 ‚

981 2135 1051 2173 quali
1064 2136 1095 2163 ad
1108 2135 1264 2173 magistrum
1277 2155 1283 2160 .
1296 2134 1408 2162 Grande
1420 2135 1526 2161 crimen
1534 2131 1662 2170 discipuli
1675 2152 1682 2163 ‚
1693 2131 1712 2159 si
1721 2130 1774 2159 lio-

981 2176 1083 2203 minem
1096 2176 1233 2203 eruditum
1245 2196 1251 2207 ‚
1275 2180 1301 2202 a&
1312 2174 1404 2202 senem
1416 2174 1571 2212 magistrum
1583 2173 1702 2200 dixerim
1713 2183 1720 2202 ς
1744 2175 1772 2200 δε

981 2226 1072 2244 tamen
1084 2217 1149 2244 volo
1161 2215 1294 2252 inspicere
1316 2214 1399 2253 ipsam
1422 2215 1565 2253 epistolam
1584 2235 1591 2246 ,
1614 2223 1673 2250 quse
1694 2221 1773 2240 tanto

981 2267 1105 2294 tempore
1117 2257 1145 2284 in
1154 2257 1320 2283 calumniam
1331 2254 1465 2283 reservata
1475 2255 1512 2283 est
1524 2259 1575 2282 ἃς.
1587 2257 1598 2285 ]
1612 2255 1655 2281 De
1674 2252 1773 2280 eodem

982 2297 1047 2325 facit
1058 2297 1228 2325 mentionem
1248 2297 1321 2323 idem
1342 2297 1534 2331 Hieronymus
1553 2295 1586 2322 ad
1603 2302 1719 2332 prooeni.
1742 2293 1773 2321 in

982 2339 1065 2376 Fp‘st.
1088 2338 1118 2366 ad
1138 2338 1226 2366 Galat.
1246 2336 1276 2365 in
1293 2336 1400 2376 praesat.
1422 2338 1451 2367 in
1463 2336 1581 2370 Didyin.
1599 2334 1645 2363 lib.
1664 2332 1698 2360 de
1706 2331 1753 2376 spe
1763 2353 1772 2364 ,

1703 2383 1734 2402 iii
