<?xml version="1.0" encoding="UTF-8"?>
<!DOCTYPE html PUBLIC "-//W3C//DTD XHTML 1.0 Transitional//EN"
    "http://www.w3.org/TR/xhtml1/DTD/xhtml1-transitional.dtd">
<html xmlns="http://www.w3.org/1999/xhtml" xml:lang="en" lang="en">
 <head>
  <title>
</title>
<meta http-equiv="Content-Type" content="text/html;charset=utf-8" />
  <meta name='ocr-system' content='tesseract 3.04.00' />
  <meta name='ocr-capabilities' content='ocr_page ocr_carea ocr_par ocr_line ocrx_word'/>
</head>
<body>
  <div class='ocr_page' id='page_1' title='image "./dominicimacrimel00magr/dominicimacrimel00magr_0130.png"; bbox 0 0 1866 2526; ppageno 0'>
   <div class='ocr_carea' id='block_1_1' title="bbox 159 43 595 86">
    <p class='ocr_par' dir='ltr' id='par_1_1' title="bbox 159 43 595 86">
     <span class='ocr_line' id='line_1_1' title="bbox 159 43 595 86; baseline 0.005 -2"><span class='ocrx_word' id='word_1_1' title='bbox 159 56 234 85; x_wconf 87' lang='lat'>102</span> <span class='ocrx_word' id='word_1_2' title='bbox 422 68 433 73; x_wconf 41' lang='grc' dir='ltr'>ν</span> <span class='ocrx_word' id='word_1_3' title='bbox 490 43 595 86; x_wconf 87' lang='grc' dir='ltr'>ΒΑ</span> 
     </span>
    </p>
   </div>
   <div class='ocr_carea' id='block_1_2' title="bbox 1273 42 1381 85">
    <p class='ocr_par' dir='ltr' id='par_1_2' title="bbox 1273 42 1381 85">
     <span class='ocr_line' id='line_1_2' title="bbox 1273 42 1381 85; baseline 0 0"><span class='ocrx_word' id='word_1_4' title='bbox 1273 42 1381 85; x_wconf 86' lang='grc' dir='ltr'>ΒΑ</span> 
     </span>
    </p>
   </div>
   <div class='ocr_carea' id='block_1_3' title="bbox 140 94 1772 223">
    <p class='ocr_par' dir='ltr' id='par_1_3' title="bbox 140 94 1772 223">
     <span class='ocr_line' id='line_1_3' title="bbox 140 94 1293 140; baseline 0 -10"><span class='ocrx_word' id='word_1_5' title='bbox 140 99 265 140; x_wconf 78' lang='lat' dir='ltr'>cappella</span> <span class='ocrx_word' id='word_1_6' title='bbox 277 120 286 133; x_wconf 94' lang='lat'><em>‚</em></span> <span class='ocrx_word' id='word_1_7' title='bbox 305 102 334 130; x_wconf 74' lang='grc' dir='ltr'>δ(</span> <span class='ocrx_word' id='word_1_8' title='bbox 343 98 378 130; x_wconf 85' lang='lat' dir='ltr'>fic</span> <span class='ocrx_word' id='word_1_9' title='bbox 390 110 437 140; x_wconf 87' lang='lat' dir='ltr'>per</span> <span class='ocrx_word' id='word_1_10' title='bbox 445 111 542 130; x_wconf 88' lang='lat' dir='ltr'>omnes</span> <span class='ocrx_word' id='word_1_11' title='bbox 556 99 659 130; x_wconf 81' lang='lat' dir='ltr'>Tusciae</span> <span class='ocrx_word' id='word_1_12' title='bbox 672 98 813 130; x_wconf 81' lang='lat' dir='ltr'>Civitates</span> <span class='ocrx_word' id='word_1_13' title='bbox 824 94 1020 128; x_wconf 62' lang='lat' dir='ltr'>similia&#39;ssfflm</span> <span class='ocrx_word' id='word_1_14' title='bbox 1032 120 1039 128; x_wconf 90' lang='lat'>.</span> <span class='ocrx_word' id='word_1_15' title='bbox 1063 98 1137 129; x_wconf 83' lang='lat' dir='ltr'>Vide</span> <span class='ocrx_word' id='word_1_16' title='bbox 1157 101 1277 130; x_wconf 74' lang='lat' dir='ltr'>Guanilo</span> <span class='ocrx_word' id='word_1_17' title='bbox 1286 122 1293 129; x_wconf 91' lang='lat'>.</span> 
     </span>
     <span class='ocr_line' id='line_1_4' title="bbox 140 139 1731 174; baseline 0.001 -3"><span class='ocrx_word' id='word_1_18' title='bbox 140 143 247 171; x_wconf 77' lang='lat' dir='ltr'>adnexa.</span> <span class='ocrx_word' id='word_1_19' title='bbox 255 139 464 171; x_wconf 68' lang='lat' dir='ltr'>cathedralibus</span> <span class='ocrx_word' id='word_1_20' title='bbox 474 152 571 172; x_wconf 80' lang='lat' dir='ltr'>extant</span> <span class='ocrx_word' id='word_1_21' title='bbox 581 141 669 170; x_wconf 85' lang='lat' dir='ltr'>adhuc</span> <span class='ocrx_word' id='word_1_22' title='bbox 677 141 773 170; x_wconf 77' lang='lat' dir='ltr'>sacella</span> <span class='ocrx_word' id='word_1_23' title='bbox 785 162 792 169; x_wconf 94' lang='lat'>.</span> <span class='ocrx_word' id='word_1_24' title='bbox 803 141 922 170; x_wconf 73' lang='lat' dir='ltr'>FR-Me-</span> <span class='ocrx_word' id='word_1_25' title='bbox 937 141 1095 170; x_wconf 71' lang='lat' dir='ltr'>BARALoTI</span> <span class='ocrx_word' id='word_1_26' title='bbox 1106 162 1114 174; x_wconf 87' lang='lat'><em>,</em></span> <span class='ocrx_word' id='word_1_27' title='bbox 1141 142 1275 170; x_wconf 67' lang='lat' dir='ltr'>Bononiae</span> <span class='ocrx_word' id='word_1_28' title='bbox 1289 140 1425 171; x_wconf 79' lang='lat' dir='ltr'>Haeretici</span> <span class='ocrx_word' id='word_1_29' title='bbox 1437 162 1444 169; x_wconf 89' lang='lat'>.</span> <span class='ocrx_word' id='word_1_30' title='bbox 1457 139 1531 171; x_wconf 87' lang='lat' dir='ltr'>Vide</span> <span class='ocrx_word' id='word_1_31' title='bbox 1551 142 1712 173; x_wconf 78' lang='lat' dir='ltr'>obedientes</span> <span class='ocrx_word' id='word_1_32' title='bbox 1723 163 1731 172; x_wconf 84' lang='lat'>.</span> 
     </span>
     <span class='ocr_line' id='line_1_5' title="bbox 143 169 1772 223; baseline 0 -11"><span class='ocrx_word' id='word_1_33' title='bbox 143 183 311 222; x_wconf 82' lang='lat' dir='ltr'>tropolitana</span> <span class='ocrx_word' id='word_1_34' title='bbox 322 185 493 213; x_wconf 78' lang='lat' dir='ltr'>Ravennatis</span> <span class='ocrx_word' id='word_1_35' title='bbox 503 184 620 213; x_wconf 77' lang='lat' dir='ltr'>Ecclesia</span> <span class='ocrx_word' id='word_1_36' title='bbox 633 183 768 212; x_wconf 74' lang='lat' dir='ltr'>adnexam</span> <span class='ocrx_word' id='word_1_37' title='bbox 781 182 865 211; x_wconf 83' lang='lat' dir='ltr'>etiam</span> <span class='ocrx_word' id='word_1_38' title='bbox 875 169 1078 210; x_wconf 58' lang='lat' dir='ltr'>ha-&#39;BARANm</span> <span class='ocrx_word' id='word_1_39' title='bbox 1089 202 1096 209; x_wconf 90' lang='lat'>.</span> <span class='ocrx_word' id='word_1_40' title='bbox 1117 182 1260 211; x_wconf 80' lang='lat' dir='ltr'>Officiales</span> <span class='ocrx_word' id='word_1_41' title='bbox 1271 205 1280 216; x_wconf 93' lang='lat'><em>,</em></span> <span class='ocrx_word' id='word_1_42' title='bbox 1302 183 1349 222; x_wconf 88' lang='lat' dir='ltr'>qui</span> <span class='ocrx_word' id='word_1_43' title='bbox 1359 182 1547 212; x_wconf 74' lang='lat' dir='ltr'>custodiebant</span> <span class='ocrx_word' id='word_1_44' title='bbox 1568 184 1656 215; x_wconf 67' lang='lat' dir='ltr'>claves</span> <span class='ocrx_word' id='word_1_45' title='bbox 1679 193 1772 223; x_wconf 74' lang='lat' dir='ltr'>porta—</span> 
     </span>
    </p>
   </div>
   <div class='ocr_carea' id='block_1_4' title="bbox 140 222 925 548">
    <p class='ocr_par' dir='ltr' id='par_1_4' title="bbox 140 222 925 548">
     <span class='ocr_line' id='line_1_6' title="bbox 140 222 920 263; baseline -0.006 -10"><span class='ocrx_word' id='word_1_46' title='bbox 140 224 187 253; x_wconf 88' lang='lat' dir='ltr'>bet</span> <span class='ocrx_word' id='word_1_47' title='bbox 199 223 362 262; x_wconf 79' lang='lat' dir='ltr'>Cappellam</span> <span class='ocrx_word' id='word_1_48' title='bbox 374 223 420 254; x_wconf 85' lang='lat' dir='ltr'>sub</span> <span class='ocrx_word' id='word_1_49' title='bbox 432 225 516 253; x_wconf 81' lang='lat' dir='ltr'>titulo</span> <span class='ocrx_word' id='word_1_50' title='bbox 533 226 558 253; x_wconf 90' lang='lat' dir='ltr'>S.</span> <span class='ocrx_word' id='word_1_51' title='bbox 570 225 686 263; x_wconf 70' lang='lat' dir='ltr'>Joannis</span> <span class='ocrx_word' id='word_1_52' title='bbox 695 224 725 252; x_wconf 91' lang='lat' dir='ltr'>in</span> <span class='ocrx_word' id='word_1_53' title='bbox 737 225 825 253; x_wconf 85' lang='lat' dir='ltr'>Fonte</span> <span class='ocrx_word' id='word_1_54' title='bbox 835 242 842 249; x_wconf 93' lang='lat'>.</span> <span class='ocrx_word' id='word_1_55' title='bbox 865 233 871 249; x_wconf 90' lang='lat'><strong>:</strong></span> <span class='ocrx_word' id='word_1_56' title='bbox 885 222 900 255; x_wconf 83' lang='grc' dir='ltr'>ΙΙ</span> <span class='ocrx_word' id='word_1_57' title='bbox 914 232 920 248; x_wconf 87' lang='grc'>;</span> 
     </span>
     <span class='ocr_line' id='line_1_7' title="bbox 143 263 922 304; baseline -0.005 -11"><span class='ocrx_word' id='word_1_58' title='bbox 143 265 228 301; x_wconf 88' lang='lat' dir='ltr'>Quod</span> <span class='ocrx_word' id='word_1_59' title='bbox 239 274 352 303; x_wconf 77' lang='lat' dir='ltr'>proprer</span> <span class='ocrx_word' id='word_1_60' title='bbox 362 265 559 304; x_wconf 78' lang='lat' dir='ltr'>Episcoporum</span> <span class='ocrx_word' id='word_1_61' title='bbox 571 265 748 293; x_wconf 86' lang='lat' dir='ltr'>commodum</span> <span class='ocrx_word' id='word_1_62' title='bbox 757 263 922 302; x_wconf 74' lang='lat' dir='ltr'>erigebatur,</span> 
     </span>
     <span class='ocr_line' id='line_1_8' title="bbox 142 305 924 344; baseline -0.005 -10"><span class='ocrx_word' id='word_1_63' title='bbox 142 305 190 344; x_wconf 89' lang='lat' dir='ltr'>qui</span> <span class='ocrx_word' id='word_1_64' title='bbox 211 305 240 333; x_wconf 90' lang='lat' dir='ltr'>in</span> <span class='ocrx_word' id='word_1_65' title='bbox 259 306 399 343; x_wconf 75' lang='lat' dir='ltr'>primaevis</span> <span class='ocrx_word' id='word_1_66' title='bbox 416 305 521 335; x_wconf 68' lang='lat' dir='ltr'>saeculis</span> <span class='ocrx_word' id='word_1_67' title='bbox 541 306 648 344; x_wconf 76' lang='lat' dir='ltr'>ipsimet</span> <span class='ocrx_word' id='word_1_68' title='bbox 656 305 709 333; x_wconf 88' lang='lat' dir='ltr'>hoc</span> <span class='ocrx_word' id='word_1_69' title='bbox 722 306 924 334; x_wconf 83' lang='lat' dir='ltr'>Sacramentum</span> 
     </span>
     <span class='ocr_line' id='line_1_9' title="bbox 143 344 923 376; baseline -0.005 -1"><span class='ocrx_word' id='word_1_70' title='bbox 143 345 334 375; x_wconf 77' lang='lat' dir='ltr'>administrare</span> <span class='ocrx_word' id='word_1_71' title='bbox 345 344 467 375; x_wconf 67' lang='lat' dir='ltr'>solebant</span> <span class='ocrx_word' id='word_1_72' title='bbox 479 369 485 376; x_wconf 86' lang='lat'>.</span> <span class='ocrx_word' id='word_1_73' title='bbox 498 348 569 376; x_wconf 88' lang='lat' dir='ltr'>Inde</span> <span class='ocrx_word' id='word_1_74' title='bbox 580 345 680 376; x_wconf 68' lang='lat' dir='ltr'>Edessie</span> <span class='ocrx_word' id='word_1_75' title='bbox 692 345 808 374; x_wconf 86' lang='lat' dir='ltr'>Clerum</span> <span class='ocrx_word' id='word_1_76' title='bbox 818 344 923 372; x_wconf 88' lang='lat' dir='ltr'>Photio</span> 
     </span>
     <span class='ocr_line' id='line_1_10' title="bbox 143 384 925 426; baseline -0.005 -10"><span class='ocrx_word' id='word_1_77' title='bbox 143 385 310 416; x_wconf 80' lang='lat' dir='ltr'>Patriarchae</span> <span class='ocrx_word' id='word_1_78' title='bbox 332 386 482 426; x_wconf 85' lang='lat' dir='ltr'>supplicem</span> <span class='ocrx_word' id='word_1_79' title='bbox 498 388 622 416; x_wconf 84' lang='lat' dir='ltr'>libellum</span> <span class='ocrx_word' id='word_1_80' title='bbox 633 384 781 426; x_wconf 73' lang='lat' dir='ltr'>porrexifl&#39;e</span> <span class='ocrx_word' id='word_1_81' title='bbox 791 385 906 425; x_wconf 86' lang='lat' dir='ltr'>legimus</span> <span class='ocrx_word' id='word_1_82' title='bbox 917 406 925 417; x_wconf 87' lang='lat'><em>,</em></span> 
     </span>
     <span class='ocr_line' id='line_1_11' title="bbox 143 426 925 467; baseline -0.001 -11"><span class='ocrx_word' id='word_1_83' title='bbox 143 436 174 456; x_wconf 92' lang='lat' dir='ltr'>ut</span> <span class='ocrx_word' id='word_1_84' title='bbox 185 427 388 456; x_wconf 84' lang='lat' dir='ltr'>restitutionem</span> <span class='ocrx_word' id='word_1_85' title='bbox 399 439 492 456; x_wconf 87' lang='lat' dir='ltr'>eorum</span> <span class='ocrx_word' id='word_1_86' title='bbox 502 427 650 467; x_wconf 82' lang='lat' dir='ltr'>Episcopi,</span> <span class='ocrx_word' id='word_1_87' title='bbox 661 428 693 456; x_wconf 77' lang='lat' dir='ltr'>ad</span> <span class='ocrx_word' id='word_1_88' title='bbox 704 426 925 456; x_wconf 75' lang='lat' dir='ltr'>catechumenos</span> 
     </span>
     <span class='ocr_line' id='line_1_12' title="bbox 146 466 925 507; baseline -0.003 -11"><span class='ocrx_word' id='word_1_89' title='bbox 146 468 177 496; x_wconf 86' lang='lat' dir='ltr'>in</span> <span class='ocrx_word' id='word_1_90' title='bbox 187 467 234 496; x_wconf 86' lang='lat' dir='ltr'>die</span> <span class='ocrx_word' id='word_1_91' title='bbox 245 466 353 497; x_wconf 71' lang='lat' dir='ltr'>Paschae</span> <span class='ocrx_word' id='word_1_92' title='bbox 367 469 546 506; x_wconf 65' lang='lat' dir='ltr'>baptizandos</span> <span class='ocrx_word' id='word_1_93' title='bbox 558 490 565 502; x_wconf 89' lang='lat'><em>‚</em></span> <span class='ocrx_word' id='word_1_94' title='bbox 586 469 783 507; x_wconf 78' lang='lat' dir='ltr'>impetrarent:</span> <span class='ocrx_word' id='word_1_95' title='bbox 795 467 828 495; x_wconf 88' lang='lat' dir='ltr'>sic</span> <span class='ocrx_word' id='word_1_96' title='bbox 841 469 925 495; x_wconf 76' lang='lat' dir='ltr'>Fran-</span> 
     </span>
     <span class='ocr_line' id='line_1_13' title="bbox 144 509 925 548; baseline -0.001 -12"><span class='ocrx_word' id='word_1_97' title='bbox 144 518 239 537; x_wconf 83' lang='lat' dir='ltr'>corum</span> <span class='ocrx_word' id='word_1_98' title='bbox 251 509 346 547; x_wconf 83' lang='lat' dir='ltr'>Legati</span> <span class='ocrx_word' id='word_1_99' title='bbox 356 510 389 537; x_wconf 85' lang='lat' dir='ltr'>ad</span> <span class='ocrx_word' id='word_1_100' title='bbox 399 509 586 547; x_wconf 82' lang='lat' dir='ltr'>Justinianum</span> <span class='ocrx_word' id='word_1_101' title='bbox 597 511 798 548; x_wconf 73' lang='lat' dir='ltr'>Imperatorem</span> <span class='ocrx_word' id='word_1_102' title='bbox 809 518 859 547; x_wconf 89' lang='lat' dir='ltr'>pro</span> <span class='ocrx_word' id='word_1_103' title='bbox 868 509 925 536; x_wconf 80' lang='lat' dir='ltr'>Da-</span> 
     </span>
    </p>
   </div>
   <div class='ocr_carea' id='block_1_5' title="bbox 977 222 1773 541">
    <p class='ocr_par' dir='ltr' id='par_1_5' title="bbox 977 222 1773 541">
     <span class='ocr_line' id='line_1_14' title="bbox 978 222 1771 263; baseline 0.004 -14"><span class='ocrx_word' id='word_1_104' title='bbox 978 231 1038 250; x_wconf 87' lang='lat' dir='ltr'>rum</span> <span class='ocrx_word' id='word_1_105' title='bbox 1046 222 1171 251; x_wconf 85' lang='lat' dir='ltr'>civitatis</span> <span class='ocrx_word' id='word_1_106' title='bbox 1180 244 1188 256; x_wconf 92' lang='lat'><em>‚</em></span> <span class='ocrx_word' id='word_1_107' title='bbox 1198 223 1242 252; x_wconf 92' lang='lat' dir='ltr'>ubi</span> <span class='ocrx_word' id='word_1_108' title='bbox 1254 225 1407 253; x_wconf 68' lang='lat' dir='ltr'>morabitur</span> <span class='ocrx_word' id='word_1_109' title='bbox 1416 226 1575 263; x_wconf 75' lang='lat' dir='ltr'>Imperator</span> <span class='ocrx_word' id='word_1_110' title='bbox 1584 245 1591 253; x_wconf 96' lang='lat'>.</span> <span class='ocrx_word' id='word_1_111' title='bbox 1601 228 1771 256; x_wconf 75' lang='lat' dir='ltr'>Catacuzen.</span> 
     </span>
     <span class='ocr_line' id='line_1_15' title="bbox 977 262 1765 304; baseline 0.005 -14"><span class='ocrx_word' id='word_1_112' title='bbox 977 262 1024 290; x_wconf 88' lang='lat' dir='ltr'>lib.</span> <span class='ocrx_word' id='word_1_113' title='bbox 1042 274 1064 291; x_wconf 89' lang='lat' dir='ltr'>i.</span> <span class='ocrx_word' id='word_1_114' title='bbox 1075 273 1097 291; x_wconf 88' lang='lat' dir='ltr'>c.</span> <span class='ocrx_word' id='word_1_115' title='bbox 1114 274 1136 291; x_wconf 92' lang='lat'>1.</span> <span class='ocrx_word' id='word_1_116' title='bbox 1147 264 1316 293; x_wconf 84' lang='lat' dir='ltr'>Vocabulum</span> <span class='ocrx_word' id='word_1_117' title='bbox 1326 264 1477 304; x_wconf 82' lang='lat' dir='ltr'>Anglicum</span> <span class='ocrx_word' id='word_1_118' title='bbox 1489 264 1527 295; x_wconf 86' lang='lat' dir='ltr'>est</span> <span class='ocrx_word' id='word_1_119' title='bbox 1537 265 1612 296; x_wconf 85' lang='lat' dir='ltr'>illius</span> <span class='ocrx_word' id='word_1_120' title='bbox 1625 267 1679 295; x_wconf 73' lang='lat' dir='ltr'>aevi.</span> <span class='ocrx_word' id='word_1_121' title='bbox 1690 288 1698 300; x_wconf 91' lang='lat'><em>,</em></span> <span class='ocrx_word' id='word_1_122' title='bbox 1723 275 1765 294; x_wconf 84' lang='lat' dir='ltr'>te—</span> 
     </span>
     <span class='ocr_line' id='line_1_16' title="bbox 978 303 1773 345; baseline 0.003 -13"><span class='ocrx_word' id='word_1_123' title='bbox 978 303 1016 332; x_wconf 90' lang='lat' dir='ltr'>stc</span> <span class='ocrx_word' id='word_1_124' title='bbox 1026 303 1209 342; x_wconf 65' lang='lat' dir='ltr'>Curopalatas</span> <span class='ocrx_word' id='word_1_125' title='bbox 1223 315 1285 333; x_wconf 78' lang='lat' dir='ltr'>nam</span> <span class='ocrx_word' id='word_1_126' title='bbox 1294 305 1415 335; x_wconf 84' lang='lat' dir='ltr'>custodes</span> <span class='ocrx_word' id='word_1_127' title='bbox 1426 306 1471 334; x_wconf 89' lang='lat' dir='ltr'>illi</span> <span class='ocrx_word' id='word_1_128' title='bbox 1486 306 1573 345; x_wconf 86' lang='lat' dir='ltr'>Angli</span> <span class='ocrx_word' id='word_1_129' title='bbox 1584 316 1664 336; x_wconf 67' lang='lat' dir='ltr'>erant</span> <span class='ocrx_word' id='word_1_130' title='bbox 1685 307 1773 335; x_wconf 80' lang='lat' dir='ltr'>etiam</span> 
     </span>
     <span class='ocr_line' id='line_1_17' title="bbox 977 344 1773 382; baseline 0.004 -11"><span class='ocrx_word' id='word_1_131' title='bbox 977 354 1091 373; x_wconf 74' lang='lat' dir='ltr'>camerae</span> <span class='ocrx_word' id='word_1_132' title='bbox 1101 344 1250 382; x_wconf 82' lang='lat' dir='ltr'>imperialis</span> <span class='ocrx_word' id='word_1_133' title='bbox 1260 346 1395 375; x_wconf 83' lang='lat' dir='ltr'>Custodes</span> <span class='ocrx_word' id='word_1_134' title='bbox 1403 368 1413 380; x_wconf 91' lang='lat'><em>,</em></span> <span class='ocrx_word' id='word_1_135' title='bbox 1427 347 1545 376; x_wconf 84' lang='lat' dir='ltr'>ferentes</span> <span class='ocrx_word' id='word_1_136' title='bbox 1553 346 1670 377; x_wconf 75' lang='lat' dir='ltr'>securim</span> <span class='ocrx_word' id='word_1_137' title='bbox 1685 359 1691 378; x_wconf 89' lang='lat'>;</span> <span class='ocrx_word' id='word_1_138' title='bbox 1707 348 1773 376; x_wconf 87' lang='lat' dir='ltr'>ideo</span> 
     </span>
     <span class='ocr_line' id='line_1_18' title="bbox 977 387 1773 423; baseline 0.004 -10"><span class='ocrx_word' id='word_1_139' title='bbox 977 389 1126 423; x_wconf 77' lang='lat' dir='ltr'>Securigeri</span> <span class='ocrx_word' id='word_1_140' title='bbox 1139 407 1145 417; x_wconf 84' lang='lat'><em>,</em></span> <span class='ocrx_word' id='word_1_141' title='bbox 1169 390 1197 414; x_wconf 72' lang='grc' dir='ltr'>ὅ(</span> <span class='ocrx_word' id='word_1_142' title='bbox 1208 389 1334 423; x_wconf 73' lang='lat' dir='ltr'>Barnngi</span> <span class='ocrx_word' id='word_1_143' title='bbox 1343 387 1500 417; x_wconf 75' lang='lat' dir='ltr'>dicebantur</span> <span class='ocrx_word' id='word_1_144' title='bbox 1511 409 1517 416; x_wconf 96' lang='lat'>.</span> <span class='ocrx_word' id='word_1_145' title='bbox 1541 389 1577 417; x_wconf 85' lang='lat' dir='ltr'>In</span> <span class='ocrx_word' id='word_1_146' title='bbox 1588 387 1702 418; x_wconf 73' lang='lat' dir='ltr'>historia</span> <span class='ocrx_word' id='word_1_147' title='bbox 1714 391 1773 417; x_wconf 83' lang='lat' dir='ltr'>An-</span> 
     </span>
     <span class='ocr_line' id='line_1_19' title="bbox 979 426 1771 467; baseline 0.003 -13"><span class='ocrx_word' id='word_1_148' title='bbox 979 436 1022 454; x_wconf 78' lang='lat' dir='ltr'>nae</span> <span class='ocrx_word' id='word_1_149' title='bbox 1037 427 1192 455; x_wconf 79' lang='lat' dir='ltr'>Conmenae</span> <span class='ocrx_word' id='word_1_150' title='bbox 1211 426 1262 454; x_wconf 86' lang='lat' dir='ltr'>hos</span> <span class='ocrx_word' id='word_1_151' title='bbox 1275 432 1410 464; x_wconf 72' lang='lat' dir='ltr'>Barangos</span> <span class='ocrx_word' id='word_1_152' title='bbox 1422 439 1455 457; x_wconf 86' lang='lat' dir='ltr'>ex</span> <span class='ocrx_word' id='word_1_153' title='bbox 1466 428 1553 457; x_wconf 84' lang='lat' dir='ltr'>insula</span> <span class='ocrx_word' id='word_1_154' title='bbox 1572 429 1669 458; x_wconf 82' lang='lat' dir='ltr'>Thulae</span> <span class='ocrx_word' id='word_1_155' title='bbox 1680 451 1688 462; x_wconf 89' lang='lat'>,</span> <span class='ocrx_word' id='word_1_156' title='bbox 1711 438 1771 467; x_wconf 71' lang='lat' dir='ltr'>quae</span> 
     </span>
     <span class='ocr_line' id='line_1_20' title="bbox 980 466 1772 505; baseline 0.003 -10"><span class='ocrx_word' id='word_1_157' title='bbox 980 466 1065 495; x_wconf 92' lang='lat' dir='ltr'>hodie</span> <span class='ocrx_word' id='word_1_158' title='bbox 1083 467 1177 495; x_wconf 70' lang='lat' dir='ltr'>Island</span> <span class='ocrx_word' id='word_1_159' title='bbox 1190 468 1344 505; x_wconf 67' lang='lat' dir='ltr'>appellatur</span> <span class='ocrx_word' id='word_1_160' title='bbox 1354 488 1362 500; x_wconf 94' lang='lat'><em>,</em></span> <span class='ocrx_word' id='word_1_161' title='bbox 1382 467 1494 497; x_wconf 85' lang='lat' dir='ltr'>solitum</span> <span class='ocrx_word' id='word_1_162' title='bbox 1505 479 1561 497; x_wconf 78' lang='lat' dir='ltr'>erat</span> <span class='ocrx_word' id='word_1_163' title='bbox 1571 470 1678 499; x_wconf 80' lang='lat' dir='ltr'>deferre</span> <span class='ocrx_word' id='word_1_164' title='bbox 1688 491 1694 497; x_wconf 90' lang='lat'>.</span> <span class='ocrx_word' id='word_1_165' title='bbox 1719 473 1772 498; x_wconf 88' lang='lat' dir='ltr'>Eo-</span> 
     </span>
     <span class='ocr_line' id='line_1_21' title="bbox 979 508 1772 541; baseline 0.003 -6"><span class='ocrx_word' id='word_1_166' title='bbox 979 518 1039 536; x_wconf 86' lang='lat' dir='ltr'>rum</span> <span class='ocrx_word' id='word_1_167' title='bbox 1050 508 1195 537; x_wconf 59' lang='lat' dir='ltr'>Praefectus</span> <span class='ocrx_word' id='word_1_168' title='bbox 1206 508 1346 536; x_wconf 74' lang='lat' dir='ltr'>dicebatur</span> <span class='ocrx_word' id='word_1_169' title='bbox 1356 508 1595 539; x_wconf 81' lang='lat' dir='ltr'>Aeoluthus.Vide</span> <span class='ocrx_word' id='word_1_170' title='bbox 1606 511 1772 541; x_wconf 76' lang='lat' dir='ltr'>Acoluthus.</span> 
     </span>
    </p>
   </div>
   <div class='ocr_carea' id='block_1_6' title="bbox 145 549 1771 589">
    <p class='ocr_par' dir='ltr' id='par_1_6' title="bbox 145 549 1771 589">
     <span class='ocr_line' id='line_1_22' title="bbox 145 549 1771 589; baseline 0.001 -12"><span class='ocrx_word' id='word_1_171' title='bbox 145 549 181 577; x_wconf 84' lang='lat' dir='ltr'>tii</span> <span class='ocrx_word' id='word_1_172' title='bbox 192 549 405 578; x_wconf 78' lang='lat' dir='ltr'>Mediolanenlis</span> <span class='ocrx_word' id='word_1_173' title='bbox 416 550 545 589; x_wconf 82' lang='lat' dir='ltr'>Episcopi</span> <span class='ocrx_word' id='word_1_174' title='bbox 555 550 732 579; x_wconf 82' lang='lat' dir='ltr'>restitutione</span> <span class='ocrx_word' id='word_1_175' title='bbox 751 549 850 577; x_wconf 66' lang='lat' dir='ltr'>direfti</span> <span class='ocrx_word' id='word_1_176' title='bbox 868 549 925 577; x_wconf 89' lang='lat' dir='ltr'>fue·</span> <span class='ocrx_word' id='word_1_177' title='bbox 941 552 1151 579; x_wconf 72' lang='lat' dir='ltr'>BARBACANUM</span> <span class='ocrx_word' id='word_1_178' title='bbox 1162 571 1169 582; x_wconf 85' lang='lat'><em>,</em></span> <span class='ocrx_word' id='word_1_179' title='bbox 1192 549 1358 577; x_wconf 70' lang='lat' dir='ltr'>antemurale</span> <span class='ocrx_word' id='word_1_180' title='bbox 1371 560 1378 577; x_wconf 92' lang='lat'>:</span> <span class='ocrx_word' id='word_1_181' title='bbox 1391 550 1475 578; x_wconf 80' lang='lat' dir='ltr'>etiam</span> <span class='ocrx_word' id='word_1_182' title='bbox 1487 560 1558 578; x_wconf 86' lang='lat' dir='ltr'>nunc</span> <span class='ocrx_word' id='word_1_183' title='bbox 1570 551 1604 580; x_wconf 82' lang='lat' dir='ltr'>sic</span> <span class='ocrx_word' id='word_1_184' title='bbox 1614 561 1771 581; x_wconf 75' lang='lat' dir='ltr'>antemura-</span> 
     </span>
    </p>
   </div>
   <div class='ocr_carea' id='block_1_7' title="bbox 144 589 930 791">
    <p class='ocr_par' dir='ltr' id='par_1_7' title="bbox 144 589 930 791">
     <span class='ocr_line' id='line_1_23' title="bbox 145 589 924 624; baseline 0.001 -8"><span class='ocrx_word' id='word_1_185' title='bbox 145 599 175 618; x_wconf 80' lang='lat' dir='ltr'>re</span> <span class='ocrx_word' id='word_1_186' title='bbox 191 611 198 622; x_wconf 92' lang='lat'>‚</span> <span class='ocrx_word' id='word_1_187' title='bbox 220 590 264 618; x_wconf 90' lang='lat' dir='ltr'>cui</span> <span class='ocrx_word' id='word_1_188' title='bbox 281 589 355 617; x_wconf 88' lang='lat' dir='ltr'>inter</span> <span class='ocrx_word' id='word_1_189' title='bbox 372 591 436 618; x_wconf 78' lang='lat' dir='ltr'>alias</span> <span class='ocrx_word' id='word_1_190' title='bbox 448 600 613 619; x_wconf 70' lang='lat' dir='ltr'>narrationes</span> <span class='ocrx_word' id='word_1_191' title='bbox 627 613 634 624; x_wconf 94' lang='lat'><em>,</em></span> <span class='ocrx_word' id='word_1_192' title='bbox 656 590 726 619; x_wconf 71' lang='lat' dir='ltr'>hanc</span> <span class='ocrx_word' id='word_1_193' title='bbox 736 591 905 621; x_wconf 77' lang='lat' dir='ltr'>adduxerant</span> <span class='ocrx_word' id='word_1_194' title='bbox 918 612 924 622; x_wconf 82' lang='lat'><em>‚</em></span> 
     </span>
     <span class='ocr_line' id='line_1_24' title="bbox 144 629 927 670; baseline 0 -13"><span class='ocrx_word' id='word_1_195' title='bbox 144 629 251 658; x_wconf 83' lang='lat' dir='ltr'>scilicet</span> <span class='ocrx_word' id='word_1_196' title='bbox 262 651 269 662; x_wconf 93' lang='lat'><em>‚</em></span> <span class='ocrx_word' id='word_1_197' title='bbox 291 630 453 664; x_wconf 78' lang='lat' dir='ltr'>[Immensa</span> <span class='ocrx_word' id='word_1_198' title='bbox 462 632 557 670; x_wconf 89' lang='lat' dir='ltr'>populi</span> <span class='ocrx_word' id='word_1_199' title='bbox 569 632 719 659; x_wconf 85' lang='lat' dir='ltr'>multitudo</span> <span class='ocrx_word' id='word_1_200' title='bbox 729 631 785 659; x_wconf 83' lang='lat' dir='ltr'>fine</span> <span class='ocrx_word' id='word_1_201' title='bbox 795 629 927 669; x_wconf 71' lang='lat' dir='ltr'>baptismo</span> 
     </span>
     <span class='ocr_line' id='line_1_25' title="bbox 147 670 926 710; baseline 0.001 -13"><span class='ocrx_word' id='word_1_202' title='bbox 147 671 306 704; x_wconf 79' lang='lat' dir='ltr'>moritur.]</span> <span class='ocrx_word' id='word_1_203' title='bbox 329 671 372 698; x_wconf 85' lang='lat' dir='ltr'>Sic</span> <span class='ocrx_word' id='word_1_204' title='bbox 390 671 472 699; x_wconf 81' lang='lat' dir='ltr'>etiam</span> <span class='ocrx_word' id='word_1_205' title='bbox 493 682 544 710; x_wconf 87' lang='lat' dir='ltr'>pro</span> <span class='ocrx_word' id='word_1_206' title='bbox 555 673 653 701; x_wconf 82' lang='lat' dir='ltr'>Blandi</span> <span class='ocrx_word' id='word_1_207' title='bbox 664 672 786 701; x_wconf 79' lang='lat' dir='ltr'>Hortarii</span> <span class='ocrx_word' id='word_1_208' title='bbox 797 670 926 709; x_wconf 83' lang='lat' dir='ltr'>Episcopi</span> 
     </span>
     <span class='ocr_line' id='line_1_26' title="bbox 144 711 929 751; baseline 0.001 -13"><span class='ocrx_word' id='word_1_209' title='bbox 144 711 309 741; x_wconf 83' lang='lat' dir='ltr'>liberatione</span> <span class='ocrx_word' id='word_1_210' title='bbox 328 711 360 740; x_wconf 81' lang='lat' dir='ltr'>ad</span> <span class='ocrx_word' id='word_1_211' title='bbox 381 714 521 740; x_wconf 69' lang='lat' dir='ltr'>Ravennae</span> <span class='ocrx_word' id='word_1_212' title='bbox 544 713 698 742; x_wconf 80' lang='lat' dir='ltr'>Exarchum</span> <span class='ocrx_word' id='word_1_213' title='bbox 726 712 869 751; x_wconf 75' lang='lat' dir='ltr'>scripserat</span> <span class='ocrx_word' id='word_1_214' title='bbox 893 713 929 740; x_wconf 95' lang='lat' dir='ltr'>D.</span> 
     </span>
     <span class='ocr_line' id='line_1_27' title="bbox 146 751 930 791; baseline 0 -11"><span class='ocrx_word' id='word_1_215' title='bbox 146 753 234 790; x_wconf 84' lang='lat' dir='ltr'>Greg.</span> <span class='ocrx_word' id='word_1_216' title='bbox 256 751 302 779; x_wconf 88' lang='lat' dir='ltr'>lib.</span> <span class='ocrx_word' id='word_1_217' title='bbox 318 762 340 780; x_wconf 84' lang='lat' dir='ltr'>i.</span> <span class='ocrx_word' id='word_1_218' title='bbox 353 752 439 790; x_wconf 65' lang='lat' dir='ltr'>&#39;epish</span> <span class='ocrx_word' id='word_1_219' title='bbox 451 765 498 791; x_wconf 82' lang='lat'>32.</span> <span class='ocrx_word' id='word_1_220' title='bbox 516 752 559 781; x_wconf 89' lang='lat' dir='ltr'>his</span> <span class='ocrx_word' id='word_1_221' title='bbox 579 755 666 783; x_wconf 87' lang='lat' dir='ltr'>verbis</span> <span class='ocrx_word' id='word_1_222' title='bbox 680 766 686 781; x_wconf 89' lang='lat'>:</span> <span class='ocrx_word' id='word_1_223' title='bbox 711 753 853 789; x_wconf 79' lang='lat' dir='ltr'>[Ecclesia</span> <span class='ocrx_word' id='word_1_224' title='bbox 874 753 930 781; x_wconf 81' lang='lat' dir='ltr'>sinc</span> 
     </span>
    </p>
   </div>
   <div class='ocr_carea' id='block_1_8' title="bbox 981 589 1777 783">
    <p class='ocr_par' dir='ltr' id='par_1_8' title="bbox 981 589 1777 783">
     <span class='ocr_line' id='line_1_28' title="bbox 981 589 1774 630; baseline 0.003 -13"><span class='ocrx_word' id='word_1_225' title='bbox 981 589 1016 617; x_wconf 78' lang='lat' dir='ltr'>lia</span> <span class='ocrx_word' id='word_1_226' title='bbox 1028 600 1127 628; x_wconf 83' lang='lat' dir='ltr'>aggere</span> <span class='ocrx_word' id='word_1_227' title='bbox 1139 589 1237 618; x_wconf 65' lang='lat' dir='ltr'>refesta</span> <span class='ocrx_word' id='word_1_228' title='bbox 1249 591 1408 619; x_wconf 62' lang='lat' dir='ltr'>Barbacani</span> <span class='ocrx_word' id='word_1_229' title='bbox 1421 600 1524 619; x_wconf 85' lang='lat' dir='ltr'>nomen</span> <span class='ocrx_word' id='word_1_230' title='bbox 1541 589 1651 621; x_wconf 74' lang='lat' dir='ltr'>servant</span> <span class='ocrx_word' id='word_1_231' title='bbox 1661 614 1667 620; x_wconf 87' lang='lat'>.</span> <span class='ocrx_word' id='word_1_232' title='bbox 1692 593 1774 630; x_wconf 82' lang='lat' dir='ltr'>Lepi-</span> 
     </span>
     <span class='ocr_line' id='line_1_29' title="bbox 981 629 1775 671; baseline 0.004 -14"><span class='ocrx_word' id='word_1_233' title='bbox 981 629 1015 657; x_wconf 90' lang='lat' dir='ltr'>de</span> <span class='ocrx_word' id='word_1_234' title='bbox 1025 631 1139 668; x_wconf 85' lang='lat' dir='ltr'>quidem</span> <span class='ocrx_word' id='word_1_235' title='bbox 1152 629 1298 669; x_wconf 71' lang='lat' dir='ltr'>Hispanise</span> <span class='ocrx_word' id='word_1_236' title='bbox 1309 633 1372 660; x_wconf 83' lang='lat' dir='ltr'>Rex</span> <span class='ocrx_word' id='word_1_237' title='bbox 1382 631 1568 660; x_wconf 73' lang='lat' dir='ltr'>Gubernatori</span> <span class='ocrx_word' id='word_1_238' title='bbox 1578 632 1626 661; x_wconf 83' lang='lat' dir='ltr'>suo</span> <span class='ocrx_word' id='word_1_239' title='bbox 1637 656 1646 666; x_wconf 82' lang='lat'><em>‚</em></span> <span class='ocrx_word' id='word_1_240' title='bbox 1663 633 1707 671; x_wconf 89' lang='lat' dir='ltr'>qui</span> <span class='ocrx_word' id='word_1_241' title='bbox 1721 633 1775 661; x_wconf 88' lang='lat' dir='ltr'>Ci-</span> 
     </span>
     <span class='ocr_line' id='line_1_30' title="bbox 987 670 1773 710; baseline 0.003 -12"><span class='ocrx_word' id='word_1_242' title='bbox 987 671 1104 699; x_wconf 81' lang='lat' dir='ltr'>vitatem</span> <span class='ocrx_word' id='word_1_243' title='bbox 1116 671 1237 699; x_wconf 88' lang='lat' dir='ltr'>inimicis</span> <span class='ocrx_word' id='word_1_244' title='bbox 1249 670 1357 699; x_wconf 70' lang='lat' dir='ltr'>cesserat</span> <span class='ocrx_word' id='word_1_245' title='bbox 1368 691 1378 706; x_wconf 92' lang='lat'>,</span> <span class='ocrx_word' id='word_1_246' title='bbox 1401 671 1540 710; x_wconf 72' lang='lat' dir='ltr'>hispanice</span> <span class='ocrx_word' id='word_1_247' title='bbox 1549 672 1656 702; x_wconf 81' lang='lat' dir='ltr'>dixerat</span> <span class='ocrx_word' id='word_1_248' title='bbox 1668 685 1674 700; x_wconf 94' lang='lat'>:</span> <span class='ocrx_word' id='word_1_249' title='bbox 1690 676 1773 708; x_wconf 83' lang='lat' dir='ltr'>[Per-</span> 
     </span>
     <span class='ocr_line' id='line_1_31' title="bbox 986 711 1777 753; baseline 0.003 -14"><span class='ocrx_word' id='word_1_250' title='bbox 986 711 1055 740; x_wconf 83' lang='lat' dir='ltr'>diste</span> <span class='ocrx_word' id='word_1_251' title='bbox 1066 713 1105 740; x_wconf 88' lang='lat' dir='ltr'>mi</span> <span class='ocrx_word' id='word_1_252' title='bbox 1114 712 1189 740; x_wconf 77' lang='lat' dir='ltr'>Villa</span> <span class='ocrx_word' id='word_1_253' title='bbox 1201 733 1208 743; x_wconf 88' lang='lat'><em>‚</em></span> <span class='ocrx_word' id='word_1_254' title='bbox 1218 722 1238 747; x_wconf 92' lang='lat' dir='ltr'>y</span> <span class='ocrx_word' id='word_1_255' title='bbox 1249 713 1388 750; x_wconf 75' lang='lat' dir='ltr'>guardaste</span> <span class='ocrx_word' id='word_1_256' title='bbox 1398 714 1423 741; x_wconf 68' lang='lat' dir='ltr'>la.</span> <span class='ocrx_word' id='word_1_257' title='bbox 1431 713 1594 745; x_wconf 66' lang='lat' dir='ltr'>barbacanas</span> <span class='ocrx_word' id='word_1_258' title='bbox 1607 717 1619 747; x_wconf 88' lang='grc'>]</span> <span class='ocrx_word' id='word_1_259' title='bbox 1633 715 1777 753; x_wconf 69' lang='lat' dir='ltr'>aequivoce</span> 
     </span>
     <span class='ocr_line' id='line_1_32' title="bbox 989 752 1606 783; baseline 0.005 -3"><span class='ocrx_word' id='word_1_260' title='bbox 989 752 1022 780; x_wconf 82' lang='lat' dir='ltr'>ad</span> <span class='ocrx_word' id='word_1_261' title='bbox 1034 763 1129 782; x_wconf 73' lang='lat' dir='ltr'>canam</span> <span class='ocrx_word' id='word_1_262' title='bbox 1139 753 1337 782; x_wconf 79' lang='lat' dir='ltr'>Gubernatoris</span> <span class='ocrx_word' id='word_1_263' title='bbox 1348 753 1453 782; x_wconf 72' lang='lat' dir='ltr'>barbam</span> <span class='ocrx_word' id='word_1_264' title='bbox 1464 755 1588 783; x_wconf 82' lang='lat' dir='ltr'>alludens</span> <span class='ocrx_word' id='word_1_265' title='bbox 1599 775 1606 782; x_wconf 93' lang='lat'>.</span> 
     </span>
    </p>
   </div>
   <div class='ocr_carea' id='block_1_9' title="bbox 146 793 1778 833">
    <p class='ocr_par' dir='ltr' id='par_1_9' title="bbox 146 793 1778 833">
     <span class='ocr_line' id='line_1_33' title="bbox 146 793 1778 833; baseline 0.002 -13"><span class='ocrx_word' id='word_1_266' title='bbox 146 793 278 828; x_wconf 54' lang='lat' dir='ltr'>Rebiore,</span> <span class='ocrx_word' id='word_1_267' title='bbox 288 796 314 820; x_wconf 63' lang='grc' dir='ltr'>ὅ(</span> <span class='ocrx_word' id='word_1_268' title='bbox 326 794 441 830; x_wconf 85' lang='lat' dir='ltr'>populus</span> <span class='ocrx_word' id='word_1_269' title='bbox 450 794 525 832; x_wconf 35' lang='lat' dir='ltr'>quasi*</span> <span class='ocrx_word' id='word_1_270' title='bbox 535 795 590 823; x_wconf 86' lang='lat' dir='ltr'>sine</span> <span class='ocrx_word' id='word_1_271' title='bbox 601 796 720 827; x_wconf 72' lang='lat' dir='ltr'>Pastore,</span> <span class='ocrx_word' id='word_1_272' title='bbox 731 804 798 833; x_wconf 82' lang='lat' dir='ltr'>grex</span> <span class='ocrx_word' id='word_1_273' title='bbox 810 794 930 831; x_wconf 86' lang='lat' dir='ltr'>deperit,</span> <span class='ocrx_word' id='word_1_274' title='bbox 949 795 1108 822; x_wconf 63' lang='lat' dir='ltr'>BAxssAmvs</span> <span class='ocrx_word' id='word_1_275' title='bbox 1123 815 1129 826; x_wconf 92' lang='lat'><em>,</em></span> <span class='ocrx_word' id='word_1_276' title='bbox 1155 795 1280 822; x_wconf 83' lang='lat' dir='ltr'>Patruus:</span> <span class='ocrx_word' id='word_1_277' title='bbox 1304 805 1360 822; x_wconf 74' lang='lat' dir='ltr'>vox</span> <span class='ocrx_word' id='word_1_278' title='bbox 1371 796 1551 833; x_wconf 72' lang='lat' dir='ltr'>longobarda</span> <span class='ocrx_word' id='word_1_279' title='bbox 1561 817 1567 823; x_wconf 94' lang='lat'>.</span> <span class='ocrx_word' id='word_1_280' title='bbox 1591 802 1602 831; x_wconf 91' lang='lat'><strong>[</strong></span> <span class='ocrx_word' id='word_1_281' title='bbox 1613 798 1689 825; x_wconf 72' lang='lat' dir='ltr'>Tunc</span> <span class='ocrx_word' id='word_1_282' title='bbox 1709 798 1778 824; x_wconf 81' lang='lat' dir='ltr'>Kor-</span> 
     </span>
    </p>
   </div>
   <div class='ocr_carea' id='block_1_10' title="bbox 146 832 933 1036">
    <p class='ocr_par' dir='ltr' id='par_1_10' title="bbox 146 832 933 1036">
     <span class='ocr_line' id='line_1_34' title="bbox 147 832 932 874; baseline 0.003 -15"><span class='ocrx_word' id='word_1_283' title='bbox 147 836 176 862; x_wconf 84' lang='lat'>&amp;</span> <span class='ocrx_word' id='word_1_284' title='bbox 188 832 290 861; x_wconf 88' lang='lat' dir='ltr'>ibidem</span> <span class='ocrx_word' id='word_1_285' title='bbox 299 833 417 862; x_wconf 78' lang='lat' dir='ltr'>infantes</span> <span class='ocrx_word' id='word_1_286' title='bbox 426 834 482 863; x_wconf 78' lang='lat' dir='ltr'>sinc</span> <span class='ocrx_word' id='word_1_287' title='bbox 493 835 652 874; x_wconf 76' lang='lat' dir='ltr'>baptismate</span> <span class='ocrx_word' id='word_1_288' title='bbox 665 835 820 865; x_wconf 89' lang='lat' dir='ltr'>moriuntur</span> <span class='ocrx_word' id='word_1_289' title='bbox 830 855 836 862; x_wconf 92' lang='lat'>.</span> <span class='ocrx_word' id='word_1_290' title='bbox 850 836 861 865; x_wconf 93' lang='lat'><em>]</em></span> <span class='ocrx_word' id='word_1_291' title='bbox 875 833 932 872; x_wconf 84' lang='lat' dir='ltr'>Igi-</span> 
     </span>
     <span class='ocr_line' id='line_1_35' title="bbox 146 874 930 915; baseline 0.003 -14"><span class='ocrx_word' id='word_1_292' title='bbox 146 882 193 902; x_wconf 85' lang='lat' dir='ltr'>tur</span> <span class='ocrx_word' id='word_1_293' title='bbox 202 874 361 911; x_wconf 77' lang='lat' dir='ltr'>baptizandi</span> <span class='ocrx_word' id='word_1_294' title='bbox 373 884 469 903; x_wconf 77' lang='lat' dir='ltr'>munus</span> <span class='ocrx_word' id='word_1_295' title='bbox 478 875 561 904; x_wconf 84' lang='lat' dir='ltr'>solius</span> <span class='ocrx_word' id='word_1_296' title='bbox 573 876 702 915; x_wconf 81' lang='lat' dir='ltr'>Episcopi</span> <span class='ocrx_word' id='word_1_297' title='bbox 725 876 810 904; x_wconf 81' lang='lat' dir='ltr'>fuet-:it</span> <span class='ocrx_word' id='word_1_298' title='bbox 820 897 827 907; x_wconf 93' lang='lat'><em>‚</em></span> <span class='ocrx_word' id='word_1_299' title='bbox 849 879 876 903; x_wconf 51' lang='grc' dir='ltr'>δέ</span> <span class='ocrx_word' id='word_1_300' title='bbox 886 885 930 903; x_wconf 59' lang='lat' dir='ltr'>ex&lt;</span> 
     </span>
     <span class='ocr_line' id='line_1_36' title="bbox 150 914 933 955; baseline 0 -13"><span class='ocrx_word' id='word_1_301' title='bbox 150 923 191 942; x_wconf 80' lang='lat' dir='ltr'>tra</span> <span class='ocrx_word' id='word_1_302' title='bbox 201 914 343 943; x_wconf 78' lang='lat' dir='ltr'>Matricem</span> <span class='ocrx_word' id='word_1_303' title='bbox 354 915 500 944; x_wconf 71' lang='lat' dir='ltr'>Ecclesiam</span> <span class='ocrx_word' id='word_1_304' title='bbox 509 917 697 955; x_wconf 80' lang='lat' dir='ltr'>baptisterium</span> <span class='ocrx_word' id='word_1_305' title='bbox 707 915 933 955; x_wconf 79' lang='lat' dir='ltr'>erigebatur‚quia</span> 
     </span>
     <span class='ocr_line' id='line_1_37' title="bbox 149 954 933 996; baseline 0.003 -15"><span class='ocrx_word' id='word_1_306' title='bbox 149 964 198 994; x_wconf 79' lang='lat' dir='ltr'>per</span> <span class='ocrx_word' id='word_1_307' title='bbox 207 954 371 992; x_wconf 86' lang='lat' dir='ltr'>baptismum</span> <span class='ocrx_word' id='word_1_308' title='bbox 389 955 574 996; x_wconf 87' lang='lat' dir='ltr'>unusquisque</span> <span class='ocrx_word' id='word_1_309' title='bbox 592 959 624 986; x_wconf 74' lang='lat' dir='ltr'>ad</span> <span class='ocrx_word' id='word_1_310' title='bbox 635 957 828 986; x_wconf 56' lang='lat' dir='ltr'>sacrosanfhim</span> <span class='ocrx_word' id='word_1_311' title='bbox 842 957 933 985; x_wconf 85' lang='lat' dir='ltr'>Eccle-</span> 
     </span>
     <span class='ocr_line' id='line_1_38' title="bbox 148 996 933 1036; baseline 0 -12"><span class='ocrx_word' id='word_1_312' title='bbox 148 996 214 1024; x_wconf 83' lang='lat' dir='ltr'>siam</span> <span class='ocrx_word' id='word_1_313' title='bbox 226 996 378 1024; x_wconf 81' lang='lat' dir='ltr'>insinuatur</span> <span class='ocrx_word' id='word_1_314' title='bbox 389 1018 395 1025; x_wconf 89' lang='lat'>.</span> <span class='ocrx_word' id='word_1_315' title='bbox 406 999 492 1036; x_wconf 86' lang='lat' dir='ltr'>Greg.</span> <span class='ocrx_word' id='word_1_316' title='bbox 503 1000 606 1027; x_wconf 85' lang='lat' dir='ltr'>Turon.</span> <span class='ocrx_word' id='word_1_317' title='bbox 618 999 665 1027; x_wconf 83' lang='lat' dir='ltr'>lib.</span> <span class='ocrx_word' id='word_1_318' title='bbox 679 1008 702 1034; x_wconf 75' lang='grc' dir='ltr'>ς.</span> <span class='ocrx_word' id='word_1_319' title='bbox 714 1009 736 1026; x_wconf 85' lang='lat' dir='ltr'>c.</span> <span class='ocrx_word' id='word_1_320' title='bbox 753 1009 761 1025; x_wconf 92' lang='lat' dir='ltr'>i</span> <span class='ocrx_word' id='word_1_321' title='bbox 774 1008 795 1025; x_wconf 92' lang='lat'>1.</span> <span class='ocrx_word' id='word_1_322' title='bbox 808 996 933 1025; x_wconf 61' lang='lat' dir='ltr'>Dux-and.</span> 
     </span>
    </p>
   </div>
   <div class='ocr_carea' id='block_1_11' title="bbox 987 835 1779 1036">
    <p class='ocr_par' dir='ltr' id='par_1_11' title="bbox 987 835 1779 1036">
     <span class='ocr_line' id='line_1_39' title="bbox 987 835 1779 875; baseline 0.001 -12"><span class='ocrx_word' id='word_1_323' title='bbox 987 835 1081 863; x_wconf 84' lang='lat' dir='ltr'>loman</span> <span class='ocrx_word' id='word_1_324' title='bbox 1090 844 1236 874; x_wconf 82' lang='lat' dir='ltr'>germanus</span> <span class='ocrx_word' id='word_1_325' title='bbox 1248 836 1304 870; x_wconf 82' lang='lat' dir='ltr'>ejus</span> <span class='ocrx_word' id='word_1_326' title='bbox 1322 835 1430 864; x_wconf 81' lang='lat' dir='ltr'>obviam</span> <span class='ocrx_word' id='word_1_327' title='bbox 1452 836 1569 865; x_wconf 87' lang='lat' dir='ltr'>veniens</span> <span class='ocrx_word' id='word_1_328' title='bbox 1578 837 1684 865; x_wconf 86' lang='lat' dir='ltr'>Carolo</span> <span class='ocrx_word' id='word_1_329' title='bbox 1704 836 1779 875; x_wconf 79' lang='lat' dir='ltr'>Regi</span> 
     </span>
     <span class='ocr_line' id='line_1_40' title="bbox 988 875 1778 916; baseline 0.001 -13"><span class='ocrx_word' id='word_1_330' title='bbox 988 875 1105 904; x_wconf 77' lang='lat' dir='ltr'>barbano</span> <span class='ocrx_word' id='word_1_331' title='bbox 1115 875 1163 903; x_wconf 88' lang='lat' dir='ltr'>suo</span> <span class='ocrx_word' id='word_1_332' title='bbox 1176 895 1183 902; x_wconf 91' lang='lat'>.</span> <span class='ocrx_word' id='word_1_333' title='bbox 1206 875 1298 904; x_wconf 86' lang='lat' dir='ltr'>Andr.</span> <span class='ocrx_word' id='word_1_334' title='bbox 1308 876 1433 912; x_wconf 75' lang='lat' dir='ltr'>Presbyt.</span> <span class='ocrx_word' id='word_1_335' title='bbox 1447 876 1476 904; x_wconf 85' lang='lat' dir='ltr'>in</span> <span class='ocrx_word' id='word_1_336' title='bbox 1495 876 1559 905; x_wconf 90' lang='lat' dir='ltr'>hist.</span> <span class='ocrx_word' id='word_1_337' title='bbox 1579 877 1752 916; x_wconf 74' lang='lat' dir='ltr'>longobard.</span> <span class='ocrx_word' id='word_1_338' title='bbox 1763 879 1778 908; x_wconf 93' lang='grc'><strong>]</strong></span> 
     </span>
     <span class='ocr_line' id='line_1_41' title="bbox 989 915 1779 946; baseline 0.001 -2"><span class='ocrx_word' id='word_1_339' title='bbox 989 917 1033 945; x_wconf 89' lang='lat' dir='ltr'>Sic</span> <span class='ocrx_word' id='word_1_340' title='bbox 1043 915 1128 944; x_wconf 88' lang='lat' dir='ltr'>hodie</span> <span class='ocrx_word' id='word_1_341' title='bbox 1139 917 1262 945; x_wconf 58' lang='lat' dir='ltr'>Barbam</span> <span class='ocrx_word' id='word_1_342' title='bbox 1272 919 1400 945; x_wconf 78' lang='lat' dir='ltr'>Patruum</span> <span class='ocrx_word' id='word_1_343' title='bbox 1410 917 1441 945; x_wconf 90' lang='lat' dir='ltr'>in</span> <span class='ocrx_word' id='word_1_344' title='bbox 1452 918 1545 946; x_wconf 88' lang='lat' dir='ltr'>multis</span> <span class='ocrx_word' id='word_1_345' title='bbox 1556 918 1725 946; x_wconf 72' lang='lat' dir='ltr'>Lombardiae</span> <span class='ocrx_word' id='word_1_346' title='bbox 1736 918 1779 945; x_wconf 88' lang='lat' dir='ltr'>lo-</span> 
     </span>
     <span class='ocr_line' id='line_1_42' title="bbox 988 957 1778 996; baseline 0 -11"><span class='ocrx_word' id='word_1_347' title='bbox 988 957 1027 985; x_wconf 87' lang='lat' dir='ltr'>cis</span> <span class='ocrx_word' id='word_1_348' title='bbox 1037 967 1138 985; x_wconf 74' lang='lat' dir='ltr'>vocant</span> <span class='ocrx_word' id='word_1_349' title='bbox 1149 978 1155 984; x_wconf 91' lang='lat'>.</span> <span class='ocrx_word' id='word_1_350' title='bbox 1181 959 1237 986; x_wconf 80' lang='lat' dir='ltr'>FR.</span> <span class='ocrx_word' id='word_1_351' title='bbox 1249 957 1322 986; x_wconf 87' lang='lat' dir='ltr'>Vide</span> <span class='ocrx_word' id='word_1_352' title='bbox 1334 958 1352 984; x_wconf 74' lang='lat' dir='ltr'>l.</span> <span class='ocrx_word' id='word_1_353' title='bbox 1362 957 1390 985; x_wconf 84' lang='lat' dir='ltr'>fi.</span> <span class='ocrx_word' id='word_1_354' title='bbox 1403 958 1456 985; x_wconf 88' lang='lat' dir='ltr'>vir.</span> <span class='ocrx_word' id='word_1_355' title='bbox 1467 959 1502 986; x_wconf 90' lang='lat' dir='ltr'>de</span> <span class='ocrx_word' id='word_1_356' title='bbox 1512 968 1600 996; x_wconf 79' lang='lat' dir='ltr'>raptu.</span> <span class='ocrx_word' id='word_1_357' title='bbox 1613 960 1630 986; x_wconf 91' lang='lat' dir='ltr'>l.</span> <span class='ocrx_word' id='word_1_358' title='bbox 1642 959 1662 988; x_wconf 82' lang='lat' dir='ltr'><strong>fi</strong></span> <span class='ocrx_word' id='word_1_359' title='bbox 1673 958 1734 996; x_wconf 86' lang='lat' dir='ltr'>quis</span> <span class='ocrx_word' id='word_1_360' title='bbox 1744 969 1778 985; x_wconf 79' lang='lat' dir='ltr'>ex</span> 
     </span>
     <span class='ocr_line' id='line_1_43' title="bbox 993 997 1647 1036; baseline 0 -10"><span class='ocrx_word' id='word_1_361' title='bbox 993 998 1152 1036; x_wconf 76' lang='lat' dir='ltr'>parentibus</span> <span class='ocrx_word' id='word_1_362' title='bbox 1164 1019 1171 1029; x_wconf 84' lang='lat'><em>,</em></span> <span class='ocrx_word' id='word_1_363' title='bbox 1194 998 1312 1036; x_wconf 85' lang='lat' dir='ltr'>qualiter</span> <span class='ocrx_word' id='word_1_364' title='bbox 1322 997 1381 1035; x_wconf 78' lang='lat' dir='ltr'>quis</span> <span class='ocrx_word' id='word_1_365' title='bbox 1391 997 1418 1024; x_wconf 85' lang='lat' dir='ltr'>se</span> <span class='ocrx_word' id='word_1_366' title='bbox 1429 998 1585 1026; x_wconf 75' lang='lat' dir='ltr'>defenderit</span> <span class='ocrx_word' id='word_1_367' title='bbox 1595 1002 1647 1027; x_wconf 56' lang='lat' dir='ltr'>&amp;a</span> 
     </span>
    </p>
   </div>
   <div class='ocr_carea' id='block_1_12' title="bbox 146 1036 1780 1077">
    <p class='ocr_par' dir='ltr' id='par_1_12' title="bbox 146 1036 1780 1077">
     <span class='ocr_line' id='line_1_44' title="bbox 146 1036 1780 1077; baseline 0.002 -14"><span class='ocrx_word' id='word_1_368' title='bbox 146 1036 195 1072; x_wconf 65' lang='lat' dir='ltr'>lib.</span> <span class='ocrx_word' id='word_1_369' title='bbox 211 1047 233 1063; x_wconf 89' lang='lat' dir='ltr'>i.</span> <span class='ocrx_word' id='word_1_370' title='bbox 244 1047 267 1063; x_wconf 94' lang='lat' dir='ltr'>c.</span> <span class='ocrx_word' id='word_1_371' title='bbox 285 1047 329 1072; x_wconf 84' lang='lat'>19.</span> <span class='ocrx_word' id='word_1_372' title='bbox 340 1038 423 1072; x_wconf 89' lang='lat' dir='ltr'>Quod</span> <span class='ocrx_word' id='word_1_373' title='bbox 433 1038 535 1066; x_wconf 87' lang='lat' dir='ltr'>deinde</span> <span class='ocrx_word' id='word_1_374' title='bbox 545 1039 686 1068; x_wconf 77' lang='lat' dir='ltr'>clodovei</span> <span class='ocrx_word' id='word_1_375' title='bbox 700 1041 867 1067; x_wconf 80' lang='lat' dir='ltr'>Francorum</span> <span class='ocrx_word' id='word_1_376' title='bbox 877 1040 935 1066; x_wconf 84' lang='lat' dir='ltr'>Re·</span> <span class='ocrx_word' id='word_1_377' title='bbox 948 1041 1176 1068; x_wconf 52' lang='lat' dir='ltr'>Bannamcmus</span> <span class='ocrx_word' id='word_1_378' title='bbox 1189 1058 1196 1065; x_wconf 90' lang='lat'>.</span> <span class='ocrx_word' id='word_1_379' title='bbox 1220 1039 1276 1068; x_wconf 75' lang='lat' dir='ltr'>PR.</span> <span class='ocrx_word' id='word_1_380' title='bbox 1298 1037 1444 1067; x_wconf 76' lang='lat' dir='ltr'>Africanus</span> <span class='ocrx_word' id='word_1_381' title='bbox 1464 1049 1497 1067; x_wconf 85' lang='lat' dir='ltr'>ex</span> <span class='ocrx_word' id='word_1_382' title='bbox 1518 1039 1641 1067; x_wconf 80' lang='lat' dir='ltr'>Barbaria</span> <span class='ocrx_word' id='word_1_383' title='bbox 1652 1060 1661 1071; x_wconf 93' lang='lat'><em>,</em></span> <span class='ocrx_word' id='word_1_384' title='bbox 1693 1039 1780 1077; x_wconf 83' lang='lat' dir='ltr'>vulgo</span> 
     </span>
    </p>
   </div>
   <div class='ocr_carea' id='block_1_13' title="bbox 146 1077 938 1689">
    <p class='ocr_par' dir='ltr' id='par_1_13' title="bbox 146 1077 938 1689">
     <span class='ocr_line' id='line_1_45' title="bbox 147 1077 935 1116; baseline 0.001 -12"><span class='ocrx_word' id='word_1_385' title='bbox 147 1077 190 1116; x_wconf 84' lang='lat' dir='ltr'>gis</span> <span class='ocrx_word' id='word_1_386' title='bbox 199 1077 367 1114; x_wconf 82' lang='lat' dir='ltr'>temporibus</span> <span class='ocrx_word' id='word_1_387' title='bbox 386 1079 457 1107; x_wconf 80' lang='lat' dir='ltr'>intra</span> <span class='ocrx_word' id='word_1_388' title='bbox 467 1079 613 1108; x_wconf 74' lang='lat' dir='ltr'>Ecclesiam</span> <span class='ocrx_word' id='word_1_389' title='bbox 632 1081 666 1108; x_wconf 83' lang='lat' dir='ltr'>ad</span> <span class='ocrx_word' id='word_1_390' title='bbox 684 1081 784 1108; x_wconf 69' lang='lat' dir='ltr'>hevam</span> <span class='ocrx_word' id='word_1_391' title='bbox 803 1078 876 1107; x_wconf 89' lang='lat' dir='ltr'>illius</span> <span class='ocrx_word' id='word_1_392' title='bbox 887 1078 935 1108; x_wconf 88' lang='lat' dir='ltr'>de-</span> 
     </span>
     <span class='ocr_line' id='line_1_46' title="bbox 146 1117 934 1159; baseline 0 -13"><span class='ocrx_word' id='word_1_393' title='bbox 146 1127 254 1146; x_wconf 87' lang='lat' dir='ltr'>cretum</span> <span class='ocrx_word' id='word_1_394' title='bbox 275 1117 327 1145; x_wconf 77' lang='lat' dir='ltr'>fuit</span> <span class='ocrx_word' id='word_1_395' title='bbox 348 1119 478 1147; x_wconf 86' lang='lat' dir='ltr'>constitui</span> <span class='ocrx_word' id='word_1_396' title='bbox 491 1141 497 1147; x_wconf 92' lang='lat'>.</span> <span class='ocrx_word' id='word_1_397' title='bbox 517 1122 604 1159; x_wconf 86' lang='lat' dir='ltr'>Grcg.</span> <span class='ocrx_word' id='word_1_398' title='bbox 622 1123 728 1149; x_wconf 84' lang='lat' dir='ltr'>Tui-on.</span> <span class='ocrx_word' id='word_1_399' title='bbox 748 1121 782 1148; x_wconf 90' lang='lat' dir='ltr'>de</span> <span class='ocrx_word' id='word_1_400' title='bbox 804 1120 896 1147; x_wconf 78' lang='lat' dir='ltr'>mirac.</span> <span class='ocrx_word' id='word_1_401' title='bbox 909 1120 934 1148; x_wconf 88' lang='lat' dir='ltr'>S.</span> 
     </span>
     <span class='ocr_line' id='line_1_47' title="bbox 152 1158 935 1199; baseline 0 -12"><span class='ocrx_word' id='word_1_402' title='bbox 152 1158 268 1187; x_wconf 73' lang='lat' dir='ltr'>Martini</span> <span class='ocrx_word' id='word_1_403' title='bbox 281 1179 288 1190; x_wconf 93' lang='lat'><em>,</em></span> <span class='ocrx_word' id='word_1_404' title='bbox 310 1159 356 1186; x_wconf 87' lang='lat' dir='ltr'>lib.</span> <span class='ocrx_word' id='word_1_405' title='bbox 371 1171 396 1187; x_wconf 81' lang='lat'>2.</span> <span class='ocrx_word' id='word_1_406' title='bbox 410 1171 432 1187; x_wconf 88' lang='lat' dir='ltr'>c.</span> <span class='ocrx_word' id='word_1_407' title='bbox 445 1171 491 1188; x_wconf 85' lang='lat'>21.</span> <span class='ocrx_word' id='word_1_408' title='bbox 506 1162 666 1199; x_wconf 77' lang='lat' dir='ltr'>Baptisteria</span> <span class='ocrx_word' id='word_1_409' title='bbox 687 1161 753 1189; x_wconf 87' lang='lat' dir='ltr'>item</span> <span class='ocrx_word' id='word_1_410' title='bbox 765 1161 935 1198; x_wconf 80' lang='lat' dir='ltr'>ponebantur</span> 
     </span>
     <span class='ocr_line' id='line_1_48' title="bbox 147 1198 934 1240; baseline 0.001 -13"><span class='ocrx_word' id='word_1_411' title='bbox 147 1198 179 1227; x_wconf 83' lang='lat' dir='ltr'>in</span> <span class='ocrx_word' id='word_1_412' title='bbox 190 1199 252 1226; x_wconf 88' lang='lat' dir='ltr'>loco</span> <span class='ocrx_word' id='word_1_413' title='bbox 262 1199 400 1237; x_wconf 84' lang='lat' dir='ltr'>profundo</span> <span class='ocrx_word' id='word_1_414' title='bbox 409 1223 416 1233; x_wconf 92' lang='lat'><em>,</em></span> <span class='ocrx_word' id='word_1_415' title='bbox 427 1200 471 1228; x_wconf 91' lang='lat' dir='ltr'>ubi</span> <span class='ocrx_word' id='word_1_416' title='bbox 482 1211 530 1240; x_wconf 87' lang='lat' dir='ltr'>per</span> <span class='ocrx_word' id='word_1_417' title='bbox 539 1202 636 1240; x_wconf 81' lang='lat' dir='ltr'>gradus</span> <span class='ocrx_word' id='word_1_418' title='bbox 646 1200 876 1233; x_wconf 70' lang='lat' dir='ltr'>descendebatur,</span> <span class='ocrx_word' id='word_1_419' title='bbox 895 1209 934 1228; x_wconf 80' lang='lat' dir='ltr'>&#39;ut</span> 
     </span>
     <span class='ocr_line' id='line_1_49' title="bbox 146 1239 935 1277; baseline 0.003 -10"><span class='ocrx_word' id='word_1_420' title='bbox 146 1239 259 1268; x_wconf 89' lang='lat' dir='ltr'>videtur</span> <span class='ocrx_word' id='word_1_421' title='bbox 270 1240 300 1268; x_wconf 91' lang='lat' dir='ltr'>in</span> <span class='ocrx_word' id='word_1_422' title='bbox 313 1241 445 1277; x_wconf 61' lang='lat' dir='ltr'>praedffito</span> <span class='ocrx_word' id='word_1_423' title='bbox 457 1243 584 1270; x_wconf 73' lang='lat' dir='ltr'>Laterani</span> <span class='ocrx_word' id='word_1_424' title='bbox 597 1242 675 1271; x_wconf 81' lang='lat' dir='ltr'>fonte</span> <span class='ocrx_word' id='word_1_425' title='bbox 686 1264 692 1274; x_wconf 91' lang='lat'><em>,</em></span> <span class='ocrx_word' id='word_1_426' title='bbox 704 1242 736 1270; x_wconf 77' lang='lat' dir='ltr'>ad</span> <span class='ocrx_word' id='word_1_427' title='bbox 748 1242 935 1270; x_wconf 72' lang='lat' dir='ltr'>denotandum</span> 
     </span>
     <span class='ocr_line' id='line_1_50' title="bbox 147 1279 935 1322; baseline 0 -13"><span class='ocrx_word' id='word_1_428' title='bbox 147 1279 256 1309; x_wconf 84' lang='lat' dir='ltr'>Christi</span> <span class='ocrx_word' id='word_1_429' title='bbox 266 1279 452 1318; x_wconf 82' lang='lat' dir='ltr'>sepulchrum,</span> <span class='ocrx_word' id='word_1_430' title='bbox 464 1285 537 1318; x_wconf 78' lang='lat' dir='ltr'>cujus</span> <span class='ocrx_word' id='word_1_431' title='bbox 547 1292 628 1322; x_wconf 85' lang='lat' dir='ltr'>typus</span> <span class='ocrx_word' id='word_1_432' title='bbox 638 1284 675 1311; x_wconf 84' lang='lat' dir='ltr'>est</span> <span class='ocrx_word' id='word_1_433' title='bbox 687 1282 847 1321; x_wconf 72' lang='lat' dir='ltr'>BaptisinuS,</span> <span class='ocrx_word' id='word_1_434' title='bbox 858 1285 935 1320; x_wconf 90' lang='lat' dir='ltr'>Apo-</span> 
     </span>
     <span class='ocr_line' id='line_1_51' title="bbox 148 1320 936 1361; baseline 0 -11"><span class='ocrx_word' id='word_1_435' title='bbox 148 1320 221 1350; x_wconf 83' lang='lat' dir='ltr'>stolo</span> <span class='ocrx_word' id='word_1_436' title='bbox 230 1320 369 1349; x_wconf 56' lang='lat' dir='ltr'>dictante:</span> <span class='ocrx_word' id='word_1_437' title='bbox 396 1323 588 1361; x_wconf 82' lang='lat' dir='ltr'>[Consepulti</span> <span class='ocrx_word' id='word_1_438' title='bbox 609 1324 683 1352; x_wconf 89' lang='lat' dir='ltr'>enim</span> <span class='ocrx_word' id='word_1_439' title='bbox 701 1322 790 1351; x_wconf 88' lang='lat' dir='ltr'>sumus</span> <span class='ocrx_word' id='word_1_440' title='bbox 806 1333 868 1351; x_wconf 85' lang='lat' dir='ltr'>cum</span> <span class='ocrx_word' id='word_1_441' title='bbox 885 1323 936 1352; x_wconf 90' lang='lat' dir='ltr'>illo</span> 
     </span>
     <span class='ocr_line' id='line_1_52' title="bbox 147 1360 933 1402; baseline 0.004 -13"><span class='ocrx_word' id='word_1_442' title='bbox 147 1360 200 1399; x_wconf 75' lang='lat' dir='ltr'>¹per</span> <span class='ocrx_word' id='word_1_443' title='bbox 212 1361 381 1399; x_wconf 82' lang='lat' dir='ltr'>Baptisnium</span> <span class='ocrx_word' id='word_1_444' title='bbox 391 1385 397 1391; x_wconf 90' lang='lat'>.</span> <span class='ocrx_word' id='word_1_445' title='bbox 410 1364 456 1392; x_wconf 82' lang='lat' dir='ltr'>Ad</span> <span class='ocrx_word' id='word_1_446' title='bbox 465 1367 549 1393; x_wconf 80' lang='lat' dir='ltr'>Rom.</span> <span class='ocrx_word' id='word_1_447' title='bbox 562 1371 589 1393; x_wconf 85' lang='lat'>6.</span> <span class='ocrx_word' id='word_1_448' title='bbox 603 1366 614 1396; x_wconf 93' lang='lat'>]</span> <span class='ocrx_word' id='word_1_449' title='bbox 637 1367 672 1393; x_wconf 86' lang='lat' dir='ltr'>In</span> <span class='ocrx_word' id='word_1_450' title='bbox 683 1364 827 1402; x_wconf 76' lang='lat' dir='ltr'>primitiva</span> <span class='ocrx_word' id='word_1_451' title='bbox 840 1366 933 1393; x_wconf 88' lang='lat' dir='ltr'>Eccle-</span> 
     </span>
     <span class='ocr_line' id='line_1_53' title="bbox 150 1402 935 1443; baseline 0.004 -12"><span class='ocrx_word' id='word_1_452' title='bbox 150 1402 184 1431; x_wconf 86' lang='lat' dir='ltr'>sia</span> <span class='ocrx_word' id='word_1_453' title='bbox 195 1403 225 1430; x_wconf 90' lang='lat' dir='ltr'>in</span> <span class='ocrx_word' id='word_1_454' title='bbox 234 1402 392 1431; x_wconf 87' lang='lat' dir='ltr'>fluminibus</span> <span class='ocrx_word' id='word_1_455' title='bbox 410 1405 593 1442; x_wconf 71' lang='lat' dir='ltr'>baptizabatur</span> <span class='ocrx_word' id='word_1_456' title='bbox 604 1428 611 1438; x_wconf 87' lang='lat'><em>,</em></span> <span class='ocrx_word' id='word_1_457' title='bbox 630 1415 660 1434; x_wconf 91' lang='lat' dir='ltr'>ut</span> <span class='ocrx_word' id='word_1_458' title='bbox 670 1416 702 1433; x_wconf 82' lang='lat' dir='ltr'>ex</span> <span class='ocrx_word' id='word_1_459' title='bbox 715 1405 884 1443; x_wconf 84' lang='lat' dir='ltr'>Apostolicis</span> <span class='ocrx_word' id='word_1_460' title='bbox 895 1408 935 1434; x_wconf 83' lang='lat' dir='ltr'>A·</span> 
     </span>
     <span class='ocr_line' id='line_1_54' title="bbox 150 1442 935 1485; baseline 0.003 -14"><span class='ocrx_word' id='word_1_461' title='bbox 150 1443 199 1471; x_wconf 65' lang='lat' dir='ltr'>riis</span> <span class='ocrx_word' id='word_1_462' title='bbox 211 1465 218 1475; x_wconf 89' lang='lat'><em>,</em></span> <span class='ocrx_word' id='word_1_463' title='bbox 231 1447 258 1472; x_wconf 70' lang='grc' dir='ltr'>δε</span> <span class='ocrx_word' id='word_1_464' title='bbox 268 1442 347 1472; x_wconf 76' lang='lat' dir='ltr'>sacris</span> <span class='ocrx_word' id='word_1_465' title='bbox 356 1443 477 1473; x_wconf 84' lang='lat' dir='ltr'>historiis</span> <span class='ocrx_word' id='word_1_466' title='bbox 488 1446 631 1485; x_wconf 85' lang='lat' dir='ltr'>colligitur</span> <span class='ocrx_word' id='word_1_467' title='bbox 643 1458 649 1477; x_wconf 78' lang='lat'>3</span> <span class='ocrx_word' id='word_1_468' title='bbox 661 1445 728 1474; x_wconf 85' lang='lat' dir='ltr'>hinc</span> <span class='ocrx_word' id='word_1_469' title='bbox 738 1445 935 1478; x_wconf 80' lang='lat' dir='ltr'>Tertullianus,</span> 
     </span>
     <span class='ocr_line' id='line_1_55' title="bbox 151 1483 935 1526; baseline 0.003 -14"><span class='ocrx_word' id='word_1_470' title='bbox 151 1483 198 1512; x_wconf 81' lang='lat' dir='ltr'>lib.</span> <span class='ocrx_word' id='word_1_471' title='bbox 208 1483 242 1512; x_wconf 86' lang='lat' dir='ltr'>dc</span> <span class='ocrx_word' id='word_1_472' title='bbox 252 1484 459 1522; x_wconf 74' lang='lat' dir='ltr'>Baptism0,c.1.</span> <span class='ocrx_word' id='word_1_473' title='bbox 470 1486 573 1525; x_wconf 85' lang='lat' dir='ltr'>inquit:</span> <span class='ocrx_word' id='word_1_474' title='bbox 585 1489 684 1525; x_wconf 82' lang='lat' dir='ltr'>Neque</span> <span class='ocrx_word' id='word_1_475' title='bbox 694 1486 839 1526; x_wconf 75' lang='lat' dir='ltr'>quicquam</span> <span class='ocrx_word' id='word_1_476' title='bbox 851 1485 935 1514; x_wconf 70' lang='lat' dir='ltr'>refert</span> 
     </span>
     <span class='ocr_line' id='line_1_56' title="bbox 150 1525 936 1566; baseline 0.005 -14"><span class='ocrx_word' id='word_1_477' title='bbox 150 1525 280 1553; x_wconf 84' lang='lat' dir='ltr'>intereos</span> <span class='ocrx_word' id='word_1_478' title='bbox 292 1546 300 1557; x_wconf 89' lang='lat'><em>,</em></span> <span class='ocrx_word' id='word_1_479' title='bbox 320 1535 386 1563; x_wconf 85' lang='lat' dir='ltr'>quos</span> <span class='ocrx_word' id='word_1_480' title='bbox 395 1528 516 1564; x_wconf 87' lang='lat' dir='ltr'>Joannes</span> <span class='ocrx_word' id='word_1_481' title='bbox 535 1527 688 1566; x_wconf 73' lang='lat' dir='ltr'>baptizavit</span> <span class='ocrx_word' id='word_1_482' title='bbox 709 1528 739 1555; x_wconf 91' lang='lat' dir='ltr'>in</span> <span class='ocrx_word' id='word_1_483' title='bbox 751 1528 873 1565; x_wconf 73' lang='lat' dir='ltr'>Jordane</span> <span class='ocrx_word' id='word_1_484' title='bbox 883 1549 890 1559; x_wconf 82' lang='lat'><em>,</em></span> <span class='ocrx_word' id='word_1_485' title='bbox 909 1532 936 1556; x_wconf 75' lang='grc' dir='ltr'>ὅ(</span> 
     </span>
     <span class='ocr_line' id='line_1_57' title="bbox 150 1566 936 1603; baseline 0 -8"><span class='ocrx_word' id='word_1_486' title='bbox 150 1567 247 1595; x_wconf 90' lang='lat' dir='ltr'>Petrus</span> <span class='ocrx_word' id='word_1_487' title='bbox 258 1566 365 1600; x_wconf 81' lang='lat' dir='ltr'>Tybcre</span> <span class='ocrx_word' id='word_1_488' title='bbox 384 1568 471 1596; x_wconf 87' lang='lat' dir='ltr'>tinxit</span> <span class='ocrx_word' id='word_1_489' title='bbox 480 1570 509 1599; x_wconf 89' lang='lat'>.]</span> <span class='ocrx_word' id='word_1_490' title='bbox 530 1569 650 1603; x_wconf 74' lang='lat' dir='ltr'>Quidam</span> <span class='ocrx_word' id='word_1_491' title='bbox 669 1567 824 1597; x_wconf 78' lang='lat' dir='ltr'>Christiani</span> <span class='ocrx_word' id='word_1_492' title='bbox 844 1567 936 1597; x_wconf 64' lang='lat' dir='ltr'>Bosrae</span> 
     </span>
     <span class='ocr_line' id='line_1_58' title="bbox 150 1606 938 1646; baseline 0.001 -11"><span class='ocrx_word' id='word_1_493' title='bbox 150 1606 307 1636; x_wconf 74' lang='lat' dir='ltr'>Provinciae</span> <span class='ocrx_word' id='word_1_494' title='bbox 318 1627 326 1640; x_wconf 84' lang='lat'>,</span> <span class='ocrx_word' id='word_1_495' title='bbox 347 1618 406 1646; x_wconf 83' lang='lat' dir='ltr'>quae</span> <span class='ocrx_word' id='word_1_496' title='bbox 418 1608 451 1636; x_wconf 86' lang='lat' dir='ltr'>ad</span> <span class='ocrx_word' id='word_1_497' title='bbox 462 1609 548 1637; x_wconf 86' lang='lat' dir='ltr'>sinum</span> <span class='ocrx_word' id='word_1_498' title='bbox 558 1610 694 1638; x_wconf 77' lang='lat' dir='ltr'>Persicum</span> <span class='ocrx_word' id='word_1_499' title='bbox 703 1619 780 1638; x_wconf 80' lang='lat' dir='ltr'>extat</span> <span class='ocrx_word' id='word_1_500' title='bbox 790 1631 797 1642; x_wconf 93' lang='lat'><em>‚</em></span> <span class='ocrx_word' id='word_1_501' title='bbox 818 1609 852 1637; x_wconf 81' lang='lat' dir='ltr'>ad</span> <span class='ocrx_word' id='word_1_502' title='bbox 863 1609 938 1636; x_wconf 85' lang='lat' dir='ltr'>diem</span> 
     </span>
     <span class='ocr_line' id='line_1_59' title="bbox 151 1647 936 1689; baseline 0.001 -12"><span class='ocrx_word' id='word_1_503' title='bbox 151 1647 341 1677; x_wconf 85' lang='lat' dir='ltr'>Dominicum</span> <span class='ocrx_word' id='word_1_504' title='bbox 350 1648 381 1676; x_wconf 90' lang='lat' dir='ltr'>in</span> <span class='ocrx_word' id='word_1_505' title='bbox 390 1649 513 1686; x_wconf 81' lang='lat' dir='ltr'>Jordane</span> <span class='ocrx_word' id='word_1_506' title='bbox 525 1649 710 1689; x_wconf 80' lang='lat' dir='ltr'>superstitiose</span> <span class='ocrx_word' id='word_1_507' title='bbox 720 1672 727 1683; x_wconf 93' lang='lat'><em>‚</em></span> <span class='ocrx_word' id='word_1_508' title='bbox 745 1654 772 1678; x_wconf 60' lang='grc' dir='ltr'>ἃ</span> <span class='ocrx_word' id='word_1_509' title='bbox 784 1649 879 1688; x_wconf 82' lang='lat' dir='ltr'>absque</span> <span class='ocrx_word' id='word_1_510' title='bbox 889 1650 936 1678; x_wconf 91' lang='lat' dir='ltr'>de-</span> 
     </span>
    </p>
   </div>
   <div class='ocr_carea' id='block_1_14' title="bbox 991 1078 1812 1686">
    <p class='ocr_par' dir='ltr' id='par_1_14' title="bbox 991 1078 1812 1686">
     <span class='ocr_line' id='line_1_60' title="bbox 991 1078 1812 1118; baseline 0.001 -11"><span class='ocrx_word' id='word_1_511' title='bbox 991 1079 1064 1108; x_wconf 66' lang='lat' dir='ltr'>dicta</span> <span class='ocrx_word' id='word_1_512' title='bbox 1077 1101 1085 1112; x_wconf 91' lang='lat'><em>,</em></span> <span class='ocrx_word' id='word_1_513' title='bbox 1107 1089 1169 1107; x_wconf 82' lang='lat' dir='ltr'>cuin</span> <span class='ocrx_word' id='word_1_514' title='bbox 1180 1078 1276 1108; x_wconf 76' lang='lat' dir='ltr'>Africa</span> <span class='ocrx_word' id='word_1_515' title='bbox 1288 1090 1301 1107; x_wconf 83' lang='lat' dir='ltr'>a</span> <span class='ocrx_word' id='word_1_516' title='bbox 1322 1079 1454 1107; x_wconf 73' lang='lat' dir='ltr'>Vandalis</span> <span class='ocrx_word' id='word_1_517' title='bbox 1471 1089 1666 1118; x_wconf 78' lang='lat' dir='ltr'>occuparetur3</span> <span class='ocrx_word' id='word_1_518' title='bbox 1691 1090 1724 1108; x_wconf 80' lang='lat' dir='ltr'>ex</span> <span class='ocrx_word' id='word_1_519' title='bbox 1747 1085 1812 1108; x_wconf 69' lang='lat' dir='ltr'>ea.</span> 
     </span>
     <span class='ocr_line' id='line_1_61' title="bbox 992 1119 1780 1160; baseline 0 -13"><span class='ocrx_word' id='word_1_520' title='bbox 992 1120 1068 1147; x_wconf 88' lang='lat' dir='ltr'>enim</span> <span class='ocrx_word' id='word_1_521' title='bbox 1089 1120 1205 1158; x_wconf 83' lang='lat' dir='ltr'>regione</span> <span class='ocrx_word' id='word_1_522' title='bbox 1227 1119 1309 1148; x_wconf 78' lang='lat' dir='ltr'>multi</span> <span class='ocrx_word' id='word_1_523' title='bbox 1331 1119 1483 1148; x_wconf 70' lang='lat' dir='ltr'>Sardiniam</span> <span class='ocrx_word' id='word_1_524' title='bbox 1507 1120 1645 1160; x_wconf 83' lang='lat' dir='ltr'>fugientes</span> <span class='ocrx_word' id='word_1_525' title='bbox 1655 1142 1664 1153; x_wconf 86' lang='lat'><em>,</em></span> <span class='ocrx_word' id='word_1_526' title='bbox 1687 1120 1780 1158; x_wconf 87' lang='lat' dir='ltr'>ibique</span> 
     </span>
     <span class='ocr_line' id='line_1_62' title="bbox 991 1160 1778 1199; baseline 0 -11"><span class='ocrx_word' id='word_1_527' title='bbox 991 1160 1144 1188; x_wconf 77' lang='lat' dir='ltr'>habitantes</span> <span class='ocrx_word' id='word_1_528' title='bbox 1157 1161 1335 1198; x_wconf 64' lang='lat' dir='ltr'>Barbamcini</span> <span class='ocrx_word' id='word_1_529' title='bbox 1347 1160 1549 1197; x_wconf 80' lang='lat' dir='ltr'>appellatisunt</span> <span class='ocrx_word' id='word_1_530' title='bbox 1561 1184 1568 1195; x_wconf 91' lang='lat'><em>‚</em></span> <span class='ocrx_word' id='word_1_531' title='bbox 1583 1169 1594 1198; x_wconf 93' lang='lat'><strong>[</strong></span> <span class='ocrx_word' id='word_1_532' title='bbox 1606 1160 1778 1199; x_wconf 86' lang='lat' dir='ltr'>Scripserunt</span> 
     </span>
     <span class='ocr_line' id='line_1_63' title="bbox 992 1199 1781 1237; baseline 0 -9"><span class='ocrx_word' id='word_1_533' title='bbox 992 1200 1068 1228; x_wconf 87' lang='lat' dir='ltr'>enim</span> <span class='ocrx_word' id='word_1_534' title='bbox 1080 1199 1149 1228; x_wconf 77' lang='lat' dir='ltr'>mihi</span> <span class='ocrx_word' id='word_1_535' title='bbox 1161 1221 1168 1232; x_wconf 83' lang='lat'><em>,</em></span> <span class='ocrx_word' id='word_1_536' title='bbox 1192 1200 1266 1237; x_wconf 88' lang='lat' dir='ltr'>quod</span> <span class='ocrx_word' id='word_1_537' title='bbox 1277 1211 1310 1228; x_wconf 92' lang='lat' dir='ltr'>eo</span> <span class='ocrx_word' id='word_1_538' title='bbox 1320 1201 1399 1237; x_wconf 63' lang='lat' dir='ltr'>pasto</span> <span class='ocrx_word' id='word_1_539' title='bbox 1418 1211 1479 1229; x_wconf 88' lang='lat' dir='ltr'>cum</span> <span class='ocrx_word' id='word_1_540' title='bbox 1490 1203 1671 1230; x_wconf 74' lang='lat' dir='ltr'>Barbaricinis</span> <span class='ocrx_word' id='word_1_541' title='bbox 1693 1201 1781 1230; x_wconf 72' lang='lat' dir='ltr'>facere</span> 
     </span>
     <span class='ocr_line' id='line_1_64' title="bbox 995 1240 1782 1279; baseline 0.001 -10"><span class='ocrx_word' id='word_1_542' title='bbox 995 1251 1088 1279; x_wconf 72' lang='lat' dir='ltr'>paceni</span> <span class='ocrx_word' id='word_1_543' title='bbox 1098 1240 1247 1279; x_wconf 80' lang='lat' dir='ltr'>disponitis</span> <span class='ocrx_word' id='word_1_544' title='bbox 1257 1263 1264 1273; x_wconf 95' lang='lat'><em>,</em></span> <span class='ocrx_word' id='word_1_545' title='bbox 1286 1250 1317 1270; x_wconf 88' lang='lat' dir='ltr'>ut</span> <span class='ocrx_word' id='word_1_546' title='bbox 1329 1240 1439 1269; x_wconf 83' lang='lat' dir='ltr'>eosdem</span> <span class='ocrx_word' id='word_1_547' title='bbox 1450 1242 1638 1271; x_wconf 74' lang='lat' dir='ltr'>Barbaricinos</span> <span class='ocrx_word' id='word_1_548' title='bbox 1649 1243 1682 1271; x_wconf 84' lang='lat' dir='ltr'>ad</span> <span class='ocrx_word' id='word_1_549' title='bbox 1692 1242 1782 1272; x_wconf 82' lang='lat' dir='ltr'>Chri-</span> 
     </span>
     <span class='ocr_line' id='line_1_65' title="bbox 992 1281 1780 1321; baseline -0.001 -11"><span class='ocrx_word' id='word_1_550' title='bbox 992 1283 1024 1311; x_wconf 84' lang='lat' dir='ltr'>sti</span> <span class='ocrx_word' id='word_1_551' title='bbox 1033 1281 1200 1310; x_wconf 79' lang='lat' dir='ltr'>servitutem</span> <span class='ocrx_word' id='word_1_552' title='bbox 1210 1282 1348 1311; x_wconf 77' lang='lat' dir='ltr'>adducatis</span> <span class='ocrx_word' id='word_1_553' title='bbox 1362 1303 1368 1309; x_wconf 96' lang='lat'>.</span> <span class='ocrx_word' id='word_1_554' title='bbox 1391 1283 1429 1310; x_wconf 83' lang='lat' dir='ltr'>D.</span> <span class='ocrx_word' id='word_1_555' title='bbox 1440 1284 1527 1321; x_wconf 84' lang='lat' dir='ltr'>Grcg.</span> <span class='ocrx_word' id='word_1_556' title='bbox 1539 1283 1585 1312; x_wconf 87' lang='lat' dir='ltr'>lib.</span> <span class='ocrx_word' id='word_1_557' title='bbox 1597 1294 1624 1321; x_wconf 85' lang='lat'>3.</span> <span class='ocrx_word' id='word_1_558' title='bbox 1635 1283 1720 1321; x_wconf 91' lang='lat' dir='ltr'>Epist.</span> <span class='ocrx_word' id='word_1_559' title='bbox 1736 1294 1744 1310; x_wconf 90' lang='lat' dir='ltr'>i</span> <span class='ocrx_word' id='word_1_560' title='bbox 1753 1295 1780 1317; x_wconf 81' lang='lat'>4.</span> 
     </span>
     <span class='ocr_line' id='line_1_66' title="bbox 992 1323 1782 1361; baseline 0.001 -10"><span class='ocrx_word' id='word_1_561' title='bbox 992 1323 1025 1351; x_wconf 85' lang='lat' dir='ltr'>ad</span> <span class='ocrx_word' id='word_1_562' title='bbox 1036 1323 1186 1352; x_wconf 80' lang='lat' dir='ltr'>Zabardam</span> <span class='ocrx_word' id='word_1_563' title='bbox 1197 1323 1330 1351; x_wconf 73' lang='lat' dir='ltr'>Sardiniae</span> <span class='ocrx_word' id='word_1_564' title='bbox 1341 1323 1475 1354; x_wconf 72' lang='lat' dir='ltr'>Ducem3]</span> <span class='ocrx_word' id='word_1_565' title='bbox 1488 1324 1521 1351; x_wconf 87' lang='lat' dir='ltr'>ad</span> <span class='ocrx_word' id='word_1_566' title='bbox 1532 1334 1599 1361; x_wconf 86' lang='lat' dir='ltr'>quos</span> <span class='ocrx_word' id='word_1_567' title='bbox 1609 1333 1782 1352; x_wconf 83' lang='lat' dir='ltr'>converten-</span> 
     </span>
     <span class='ocr_line' id='line_1_67' title="bbox 991 1363 1782 1403; baseline 0.001 -11"><span class='ocrx_word' id='word_1_568' title='bbox 991 1364 1040 1392; x_wconf 83' lang='lat' dir='ltr'>dos</span> <span class='ocrx_word' id='word_1_569' title='bbox 1054 1364 1127 1391; x_wconf 87' lang='lat' dir='ltr'>idem</span> <span class='ocrx_word' id='word_1_570' title='bbox 1137 1365 1208 1401; x_wconf 75' lang='lat' dir='ltr'>Papa</span> <span class='ocrx_word' id='word_1_571' title='bbox 1231 1363 1342 1392; x_wconf 82' lang='lat' dir='ltr'>miserat</span> <span class='ocrx_word' id='word_1_572' title='bbox 1356 1363 1509 1398; x_wconf 74' lang='lat' dir='ltr'>cyriacum</span> <span class='ocrx_word' id='word_1_573' title='bbox 1520 1364 1687 1403; x_wconf 86' lang='lat' dir='ltr'>Episcopum</span> <span class='ocrx_word' id='word_1_574' title='bbox 1699 1385 1705 1392; x_wconf 92' lang='lat'>.</span> <span class='ocrx_word' id='word_1_575' title='bbox 1730 1367 1782 1393; x_wconf 80' lang='lat' dir='ltr'>Ba-</span> 
     </span>
     <span class='ocr_line' id='line_1_68' title="bbox 991 1404 1782 1441; baseline -0.003 -8"><span class='ocrx_word' id='word_1_576' title='bbox 991 1415 1052 1433; x_wconf 87' lang='lat' dir='ltr'>ron.</span> <span class='ocrx_word' id='word_1_577' title='bbox 1063 1407 1119 1433; x_wconf 87' lang='lat' dir='ltr'>An.</span> <span class='ocrx_word' id='word_1_578' title='bbox 1134 1414 1199 1439; x_wconf 85' lang='lat'>594.</span> <span class='ocrx_word' id='word_1_579' title='bbox 1220 1415 1265 1432; x_wconf 90' lang='lat' dir='ltr'>nu.</span> <span class='ocrx_word' id='word_1_580' title='bbox 1275 1416 1303 1441; x_wconf 83' lang='lat'>9.</span> <span class='ocrx_word' id='word_1_581' title='bbox 1316 1408 1357 1434; x_wconf 85' lang='lat' dir='ltr'>Ac</span> <span class='ocrx_word' id='word_1_582' title='bbox 1370 1413 1488 1434; x_wconf 74' lang='lat' dir='ltr'>monetae</span> <span class='ocrx_word' id='word_1_583' title='bbox 1508 1405 1539 1433; x_wconf 85' lang='lat' dir='ltr'>ab</span> <span class='ocrx_word' id='word_1_584' title='bbox 1549 1404 1652 1433; x_wconf 80' lang='lat' dir='ltr'>eisdem</span> <span class='ocrx_word' id='word_1_585' title='bbox 1671 1405 1701 1433; x_wconf 87' lang='lat' dir='ltr'>in</span> <span class='ocrx_word' id='word_1_586' title='bbox 1713 1404 1782 1432; x_wconf 83' lang='lat' dir='ltr'>Sici-</span> 
     </span>
     <span class='ocr_line' id='line_1_69' title="bbox 991 1444 1782 1483; baseline -0.003 -10"><span class='ocrx_word' id='word_1_587' title='bbox 991 1446 1044 1478; x_wconf 76' lang='lat' dir='ltr'>lia,</span> <span class='ocrx_word' id='word_1_588' title='bbox 1066 1444 1228 1473; x_wconf 76' lang='lat' dir='ltr'>&amp;Sardinia</span> <span class='ocrx_word' id='word_1_589' title='bbox 1246 1445 1368 1474; x_wconf 68' lang='lat' dir='ltr'>addustae</span> <span class='ocrx_word' id='word_1_590' title='bbox 1382 1445 1539 1474; x_wconf 62' lang='lat' dir='ltr'>Barbanna</span> <span class='ocrx_word' id='word_1_591' title='bbox 1558 1446 1702 1483; x_wconf 59' lang='lat' dir='ltr'>appellatae</span> <span class='ocrx_word' id='word_1_592' title='bbox 1723 1444 1782 1472; x_wconf 86' lang='lat' dir='ltr'>fue-</span> 
     </span>
     <span class='ocr_line' id='line_1_70' title="bbox 992 1484 1783 1521; baseline -0.003 -7"><span class='ocrx_word' id='word_1_593' title='bbox 992 1497 1021 1514; x_wconf 87' lang='lat' dir='ltr'>re</span> <span class='ocrx_word' id='word_1_594' title='bbox 1031 1507 1037 1513; x_wconf 93' lang='lat'>.</span> <span class='ocrx_word' id='word_1_595' title='bbox 1060 1492 1072 1521; x_wconf 92' lang='lat'><strong>[</strong></span> <span class='ocrx_word' id='word_1_596' title='bbox 1085 1485 1164 1513; x_wconf 85' lang='lat' dir='ltr'>Mille</span> <span class='ocrx_word' id='word_1_597' title='bbox 1175 1485 1278 1514; x_wconf 88' lang='lat' dir='ltr'>solidos</span> <span class='ocrx_word' id='word_1_598' title='bbox 1289 1485 1493 1514; x_wconf 76' lang='lat' dir='ltr'>barbarinorum</span> <span class='ocrx_word' id='word_1_599' title='bbox 1505 1506 1512 1512; x_wconf 92' lang='lat'>.</span> <span class='ocrx_word' id='word_1_600' title='bbox 1532 1485 1645 1514; x_wconf 86' lang='lat' dir='ltr'>Gofrid.</span> <span class='ocrx_word' id='word_1_601' title='bbox 1660 1484 1783 1513; x_wconf 85' lang='lat' dir='ltr'>Vindoc.</span> 
     </span>
     <span class='ocr_line' id='line_1_71' title="bbox 993 1525 1784 1564; baseline -0.003 -9"><span class='ocrx_word' id='word_1_602' title='bbox 993 1527 1038 1556; x_wconf 88' lang='lat' dir='ltr'>lib.</span> <span class='ocrx_word' id='word_1_603' title='bbox 1061 1537 1083 1554; x_wconf 90' lang='lat' dir='ltr'>i.</span> <span class='ocrx_word' id='word_1_604' title='bbox 1102 1526 1189 1563; x_wconf 87' lang='lat' dir='ltr'>Epist.</span> <span class='ocrx_word' id='word_1_605' title='bbox 1201 1537 1245 1554; x_wconf 87' lang='lat'>20.</span> <span class='ocrx_word' id='word_1_606' title='bbox 1260 1529 1271 1563; x_wconf 88' lang='lat'><em>]</em></span> <span class='ocrx_word' id='word_1_607' title='bbox 1294 1527 1327 1555; x_wconf 83' lang='lat' dir='ltr'>de</span> <span class='ocrx_word' id='word_1_608' title='bbox 1337 1526 1431 1564; x_wconf 82' lang='lat' dir='ltr'>quibus</span> <span class='ocrx_word' id='word_1_609' title='bbox 1442 1527 1480 1554; x_wconf 90' lang='lat' dir='ltr'>D.</span> <span class='ocrx_word' id='word_1_610' title='bbox 1493 1526 1635 1554; x_wconf 88' lang='lat' dir='ltr'>Antonius</span> <span class='ocrx_word' id='word_1_611' title='bbox 1658 1525 1784 1554; x_wconf 81' lang='lat' dir='ltr'>Florent.</span> 
     </span>
     <span class='ocr_line' id='line_1_72' title="bbox 993 1566 1782 1605; baseline -0.004 -9"><span class='ocrx_word' id='word_1_612' title='bbox 993 1566 1167 1604; x_wconf 78' lang='lat' dir='ltr'>Archicpisc,</span> <span class='ocrx_word' id='word_1_613' title='bbox 1176 1566 1207 1594; x_wconf 90' lang='lat' dir='ltr'>in</span> <span class='ocrx_word' id='word_1_614' title='bbox 1218 1567 1276 1595; x_wconf 85' lang='lat' dir='ltr'>vita</span> <span class='ocrx_word' id='word_1_615' title='bbox 1287 1566 1457 1604; x_wconf 53' lang='lat' dir='ltr'>SrGregorii</span> <span class='ocrx_word' id='word_1_616' title='bbox 1469 1566 1566 1605; x_wconf 70' lang='lat' dir='ltr'>Magni</span> <span class='ocrx_word' id='word_1_617' title='bbox 1576 1566 1723 1595; x_wconf 82' lang='lat' dir='ltr'>tom.2.tit.</span> <span class='ocrx_word' id='word_1_618' title='bbox 1739 1577 1782 1595; x_wconf 81' lang='lat'>12.</span> 
     </span>
     <span class='ocr_line' id='line_1_73' title="bbox 993 1607 1780 1646; baseline -0.003 -10"><span class='ocrx_word' id='word_1_619' title='bbox 993 1619 1050 1646; x_wconf 79' lang='lat' dir='ltr'>cap.</span> <span class='ocrx_word' id='word_1_620' title='bbox 1063 1619 1090 1646; x_wconf 88' lang='lat'>3.</span> <span class='ocrx_word' id='word_1_621' title='bbox 1101 1608 1126 1639; x_wconf 68' lang='grc' dir='ltr'>ξ.</span> <span class='ocrx_word' id='word_1_622' title='bbox 1141 1618 1165 1643; x_wconf 86' lang='lat'>5.</span> <span class='ocrx_word' id='word_1_623' title='bbox 1185 1612 1213 1636; x_wconf 76' lang='grc' dir='ltr'>δ(</span> <span class='ocrx_word' id='word_1_624' title='bbox 1231 1607 1306 1636; x_wconf 87' lang='lat' dir='ltr'>idem</span> <span class='ocrx_word' id='word_1_625' title='bbox 1315 1608 1352 1636; x_wconf 93' lang='lat' dir='ltr'>D.</span> <span class='ocrx_word' id='word_1_626' title='bbox 1370 1609 1457 1645; x_wconf 88' lang='lat' dir='ltr'>Greg.</span> <span class='ocrx_word' id='word_1_627' title='bbox 1470 1607 1516 1635; x_wconf 87' lang='lat' dir='ltr'>lib.</span> <span class='ocrx_word' id='word_1_628' title='bbox 1529 1618 1556 1646; x_wconf 84' lang='lat'>3.</span> <span class='ocrx_word' id='word_1_629' title='bbox 1574 1607 1651 1646; x_wconf 83' lang='lat' dir='ltr'>epist.</span> <span class='ocrx_word' id='word_1_630' title='bbox 1665 1618 1710 1645; x_wconf 81' lang='lat'>23.</span> <span class='ocrx_word' id='word_1_631' title='bbox 1732 1614 1780 1635; x_wconf 79' lang='lat'>26.</span> 
     </span>
     <span class='ocr_line' id='line_1_74' title="bbox 992 1649 1317 1686; baseline -0.009 -8"><span class='ocrx_word' id='word_1_632' title='bbox 992 1653 1019 1678; x_wconf 62' lang='grc' dir='ltr'>ἃ</span> <span class='ocrx_word' id='word_1_633' title='bbox 1033 1661 1077 1681; x_wconf 83' lang='lat'>27.</span> <span class='ocrx_word' id='word_1_634' title='bbox 1088 1652 1115 1677; x_wconf 67' lang='grc' dir='ltr'>ὃς</span> <span class='ocrx_word' id='word_1_635' title='bbox 1128 1649 1172 1677; x_wconf 90' lang='lat' dir='ltr'>lib.</span> <span class='ocrx_word' id='word_1_636' title='bbox 1182 1659 1211 1684; x_wconf 84' lang='lat'>9.</span> <span class='ocrx_word' id='word_1_637' title='bbox 1224 1657 1317 1686; x_wconf 76' lang='lat' dir='ltr'>ep-o7.</span> 
     </span>
    </p>
   </div>
   <div class='ocr_carea' id='block_1_15' title="bbox 152 1686 1784 1729">
    <p class='ocr_par' dir='ltr' id='par_1_15' title="bbox 152 1686 1784 1729">
     <span class='ocr_line' id='line_1_75' title="bbox 152 1686 1784 1729; baseline -0.001 -13"><span class='ocrx_word' id='word_1_638' title='bbox 152 1688 209 1717; x_wconf 87' lang='lat' dir='ltr'>bita</span> <span class='ocrx_word' id='word_1_639' title='bbox 219 1688 305 1717; x_wconf 79' lang='lat' dir='ltr'>forma</span> <span class='ocrx_word' id='word_1_640' title='bbox 315 1689 527 1727; x_wconf 80' lang='lat' dir='ltr'>rebaptizantur,</span> <span class='ocrx_word' id='word_1_641' title='bbox 539 1692 634 1729; x_wconf 78' lang='lat' dir='ltr'>quibus</span> <span class='ocrx_word' id='word_1_642' title='bbox 644 1690 809 1720; x_wconf 77' lang='lat' dir='ltr'>Discalceati</span> <span class='ocrx_word' id='word_1_643' title='bbox 821 1692 935 1720; x_wconf 70' lang='lat' dir='ltr'>Carine-</span> <span class='ocrx_word' id='word_1_644' title='bbox 951 1693 1154 1720; x_wconf 53' lang='lat' dir='ltr'>flammineum</span> <span class='ocrx_word' id='word_1_645' title='bbox 1164 1711 1172 1721; x_wconf 89' lang='lat'><em>‚</em></span> <span class='ocrx_word' id='word_1_646' title='bbox 1195 1699 1285 1728; x_wconf 74' lang='lat' dir='ltr'>graece</span> <span class='ocrx_word' id='word_1_647' title='bbox 1301 1686 1470 1728; x_wconf 68' lang='grc' dir='ltr'>Βαρβαεικῠν</span> <span class='ocrx_word' id='word_1_648' title='bbox 1481 1710 1488 1721; x_wconf 84' lang='grc'><em>,</em></span> <span class='ocrx_word' id='word_1_649' title='bbox 1512 1686 1763 1717; x_wconf 76' lang='lat' dir='ltr'>Armamentzirium</span> <span class='ocrx_word' id='word_1_650' title='bbox 1776 1707 1784 1714; x_wconf 88' lang='lat'>.</span> 
     </span>
    </p>
   </div>
   <div class='ocr_carea' id='block_1_16' title="bbox 150 1729 939 1892">
    <p class='ocr_par' dir='ltr' id='par_1_16' title="bbox 150 1729 939 1892">
     <span class='ocr_line' id='line_1_76' title="bbox 150 1729 936 1769; baseline 0 -11"><span class='ocrx_word' id='word_1_651' title='bbox 150 1729 209 1758; x_wconf 80' lang='lat' dir='ltr'>litae</span> <span class='ocrx_word' id='word_1_652' title='bbox 221 1751 229 1762; x_wconf 96' lang='lat'><em>,</em></span> <span class='ocrx_word' id='word_1_653' title='bbox 249 1730 463 1769; x_wconf 82' lang='lat' dir='ltr'>Apostoli&#39;cique</span> <span class='ocrx_word' id='word_1_654' title='bbox 474 1731 640 1760; x_wconf 71' lang='lat' dir='ltr'>Miffionarii</span> <span class='ocrx_word' id='word_1_655' title='bbox 652 1731 832 1760; x_wconf 83' lang='lat' dir='ltr'>ostenderunt</span> <span class='ocrx_word' id='word_1_656' title='bbox 843 1741 936 1759; x_wconf 84' lang='lat' dir='ltr'>eorum</span> 
     </span>
     <span class='ocr_line' id='line_1_77' title="bbox 150 1770 936 1809; baseline 0.001 -10"><span class='ocrx_word' id='word_1_657' title='bbox 150 1780 256 1799; x_wconf 86' lang='lat' dir='ltr'>errores</span> <span class='ocrx_word' id='word_1_658' title='bbox 266 1791 275 1803; x_wconf 86' lang='lat'><em>‚</em></span> <span class='ocrx_word' id='word_1_659' title='bbox 296 1770 397 1809; x_wconf 86' lang='lat' dir='ltr'>eosque</span> <span class='ocrx_word' id='word_1_660' title='bbox 415 1771 448 1799; x_wconf 77' lang='lat' dir='ltr'>ad</span> <span class='ocrx_word' id='word_1_661' title='bbox 458 1771 639 1801; x_wconf 85' lang='lat' dir='ltr'>Catholicum</span> <span class='ocrx_word' id='word_1_662' title='bbox 656 1773 741 1802; x_wconf 88' lang='lat' dir='ltr'>ritum</span> <span class='ocrx_word' id='word_1_663' title='bbox 751 1772 918 1801; x_wconf 82' lang='lat' dir='ltr'>reduxerunt</span> <span class='ocrx_word' id='word_1_664' title='bbox 930 1793 936 1799; x_wconf 92' lang='lat'>.</span> 
     </span>
     <span class='ocr_line' id='line_1_78' title="bbox 152 1811 938 1842; baseline 0 -2"><span class='ocrx_word' id='word_1_665' title='bbox 152 1811 347 1840; x_wconf 75' lang='lat' dir='ltr'>Ambrosianus</span> <span class='ocrx_word' id='word_1_666' title='bbox 369 1812 435 1840; x_wconf 83' lang='lat' dir='ltr'>ritus</span> <span class='ocrx_word' id='word_1_667' title='bbox 454 1813 659 1841; x_wconf 63' lang='lat' dir='ltr'>benedictiones</span> <span class='ocrx_word' id='word_1_668' title='bbox 680 1813 764 1841; x_wconf 85' lang='lat' dir='ltr'>fontis</span> <span class='ocrx_word' id='word_1_669' title='bbox 785 1823 814 1840; x_wconf 88' lang='lat' dir='ltr'>in</span> <span class='ocrx_word' id='word_1_670' title='bbox 828 1814 938 1842; x_wconf 69' lang='lat' dir='ltr'>Sabbato</span> 
     </span>
     <span class='ocr_line' id='line_1_79' title="bbox 153 1852 939 1892; baseline 0.003 -13"><span class='ocrx_word' id='word_1_671' title='bbox 153 1852 250 1880; x_wconf 63' lang='lat' dir='ltr'>Sansto</span> <span class='ocrx_word' id='word_1_672' title='bbox 260 1873 268 1884; x_wconf 94' lang='lat'><em>,</em></span> <span class='ocrx_word' id='word_1_673' title='bbox 290 1853 488 1881; x_wconf 75' lang='lat' dir='ltr'>&amp;Pentecoste</span> <span class='ocrx_word' id='word_1_674' title='bbox 508 1864 567 1882; x_wconf 90' lang='lat' dir='ltr'>non</span> <span class='ocrx_word' id='word_1_675' title='bbox 577 1853 714 1892; x_wconf 87' lang='lat' dir='ltr'>permittit</span> <span class='ocrx_word' id='word_1_676' title='bbox 734 1854 763 1881; x_wconf 92' lang='lat' dir='ltr'>in</span> <span class='ocrx_word' id='word_1_677' title='bbox 774 1853 939 1882; x_wconf 43' lang='lat' dir='ltr'>Putochiali*</span> 
     </span>
    </p>
   </div>
   <div class='ocr_carea' id='block_1_17' title="bbox 993 1728 1781 1882">
    <p class='ocr_par' dir='ltr' id='par_1_17' title="bbox 993 1728 1781 1882">
     <span class='ocr_line' id='line_1_80' title="bbox 995 1728 1781 1768; baseline -0.006 -9"><span class='ocrx_word' id='word_1_678' title='bbox 995 1737 1006 1766; x_wconf 90' lang='lat'><strong>[</strong></span> <span class='ocrx_word' id='word_1_679' title='bbox 1022 1731 1192 1760; x_wconf 71' lang='lat' dir='ltr'>Fabi-icarum</span> <span class='ocrx_word' id='word_1_680' title='bbox 1204 1729 1322 1768; x_wconf 76' lang='lat' dir='ltr'>insignia</span> <span class='ocrx_word' id='word_1_681' title='bbox 1333 1751 1340 1762; x_wconf 94' lang='lat'>,</span> <span class='ocrx_word' id='word_1_682' title='bbox 1363 1733 1390 1757; x_wconf 75' lang='grc' dir='ltr'>ὃ(</span> <span class='ocrx_word' id='word_1_683' title='bbox 1400 1728 1598 1757; x_wconf 77' lang='lat' dir='ltr'>barbaricorum</span> <span class='ocrx_word' id='word_1_684' title='bbox 1609 1748 1617 1756; x_wconf 87' lang='lat'>.</span> <span class='ocrx_word' id='word_1_685' title='bbox 1641 1730 1676 1757; x_wconf 90' lang='lat' dir='ltr'>In</span> <span class='ocrx_word' id='word_1_686' title='bbox 1687 1730 1781 1756; x_wconf 69' lang='lat' dir='ltr'>Zeno-</span> 
     </span>
     <span class='ocr_line' id='line_1_81' title="bbox 993 1768 1781 1811; baseline -0.006 -12"><span class='ocrx_word' id='word_1_687' title='bbox 993 1773 1033 1801; x_wconf 82' lang='lat' dir='ltr'>nis</span> <span class='ocrx_word' id='word_1_688' title='bbox 1043 1773 1115 1811; x_wconf 83' lang='lat' dir='ltr'>Imp.</span> <span class='ocrx_word' id='word_1_689' title='bbox 1127 1770 1261 1808; x_wconf 87' lang='lat' dir='ltr'>rescripto</span> <span class='ocrx_word' id='word_1_690' title='bbox 1271 1791 1278 1797; x_wconf 92' lang='lat'>.</span> <span class='ocrx_word' id='word_1_691' title='bbox 1300 1769 1319 1797; x_wconf 90' lang='lat' dir='ltr'>l.</span> <span class='ocrx_word' id='word_1_692' title='bbox 1335 1781 1357 1797; x_wconf 87' lang='lat' dir='ltr'>i.</span> <span class='ocrx_word' id='word_1_693' title='bbox 1369 1771 1404 1798; x_wconf 82' lang='lat' dir='ltr'>C.</span> <span class='ocrx_word' id='word_1_694' title='bbox 1416 1769 1451 1796; x_wconf 92' lang='lat' dir='ltr'>de</span> <span class='ocrx_word' id='word_1_695' title='bbox 1462 1768 1573 1807; x_wconf 86' lang='lat' dir='ltr'>propos.</span> <span class='ocrx_word' id='word_1_696' title='bbox 1593 1779 1649 1808; x_wconf 82' lang='lat' dir='ltr'>arg.</span> <span class='ocrx_word' id='word_1_697' title='bbox 1663 1770 1692 1796; x_wconf 87' lang='lat' dir='ltr'>in</span> <span class='ocrx_word' id='word_1_698' title='bbox 1702 1768 1756 1796; x_wconf 79' lang='lat' dir='ltr'>reb.</span> <span class='ocrx_word' id='word_1_699' title='bbox 1769 1771 1781 1799; x_wconf 88' lang='lat'><em>]</em></span> 
     </span>
     <span class='ocr_line' id='line_1_82' title="bbox 993 1810 1781 1850; baseline -0.005 -9"><span class='ocrx_word' id='word_1_700' title='bbox 993 1815 1051 1842; x_wconf 78' lang='lat' dir='ltr'>PR.</span> <span class='ocrx_word' id='word_1_701' title='bbox 1061 1811 1188 1850; x_wconf 85' lang='lat' dir='ltr'>Opifices</span> <span class='ocrx_word' id='word_1_702' title='bbox 1197 1820 1334 1839; x_wconf 82' lang='lat' dir='ltr'>armorum</span> <span class='ocrx_word' id='word_1_703' title='bbox 1346 1810 1539 1839; x_wconf 68' lang='lat' dir='ltr'>Barbaricaszi</span> <span class='ocrx_word' id='word_1_704' title='bbox 1551 1810 1711 1838; x_wconf 83' lang='lat' dir='ltr'>dicebantur</span> <span class='ocrx_word' id='word_1_705' title='bbox 1721 1830 1729 1841; x_wconf 90' lang='lat'><em>,</em></span> <span class='ocrx_word' id='word_1_706' title='bbox 1752 1813 1781 1837; x_wconf 54' lang='grc' dir='ltr'>δε</span> 
     </span>
     <span class='ocr_line' id='line_1_83' title="bbox 995 1850 1496 1882; baseline -0.008 -1"><span class='ocrx_word' id='word_1_707' title='bbox 995 1853 1101 1882; x_wconf 81' lang='lat' dir='ltr'>Milites</span> <span class='ocrx_word' id='word_1_708' title='bbox 1112 1851 1207 1880; x_wconf 82' lang='lat' dir='ltr'>armati</span> <span class='ocrx_word' id='word_1_709' title='bbox 1218 1871 1225 1878; x_wconf 87' lang='lat'>.</span> <span class='ocrx_word' id='word_1_710' title='bbox 1250 1851 1324 1879; x_wconf 83' lang='lat' dir='ltr'>Vide</span> <span class='ocrx_word' id='word_1_711' title='bbox 1336 1850 1478 1879; x_wconf 63' lang='lat' dir='ltr'>Barbatus</span> <span class='ocrx_word' id='word_1_712' title='bbox 1489 1870 1496 1877; x_wconf 89' lang='lat'>.</span> 
     </span>
    </p>
   </div>
   <div class='ocr_carea' id='block_1_18' title="bbox 153 1891 1620 1932">
    <p class='ocr_par' dir='ltr' id='par_1_18' title="bbox 153 1891 1620 1932">
     <span class='ocr_line' id='line_1_84' title="bbox 153 1891 1620 1932; baseline -0.001 -13"><span class='ocrx_word' id='word_1_713' title='bbox 153 1891 199 1919; x_wconf 83' lang='lat' dir='ltr'>bus</span> <span class='ocrx_word' id='word_1_714' title='bbox 211 1893 337 1921; x_wconf 82' lang='lat' dir='ltr'>Ecclesiis</span> <span class='ocrx_word' id='word_1_715' title='bbox 346 1893 418 1925; x_wconf 79' lang='lat' dir='ltr'>fieri;</span> <span class='ocrx_word' id='word_1_716' title='bbox 429 1893 514 1922; x_wconf 85' lang='lat' dir='ltr'>sedin</span> <span class='ocrx_word' id='word_1_717' title='bbox 525 1895 742 1932; x_wconf 78' lang='lat' dir='ltr'>Metropolitana</span> <span class='ocrx_word' id='word_1_718' title='bbox 754 1894 870 1923; x_wconf 71' lang='lat' dir='ltr'>Ecclesia</span> <span class='ocrx_word' id='word_1_719' title='bbox 880 1897 1123 1924; x_wconf 72' lang='lat' dir='ltr'>mii-‘BARBERINA</span> <span class='ocrx_word' id='word_1_720' title='bbox 1138 1894 1269 1921; x_wconf 68' lang='grc' dir='ltr'>ΜΟΝΕΤΑ</span> <span class='ocrx_word' id='word_1_721' title='bbox 1281 1912 1289 1918; x_wconf 87' lang='grc'><strong>.</strong></span> <span class='ocrx_word' id='word_1_722' title='bbox 1313 1891 1386 1919; x_wconf 85' lang='lat' dir='ltr'>Vide</span> <span class='ocrx_word' id='word_1_723' title='bbox 1399 1891 1601 1919; x_wconf 65' lang='lat' dir='ltr'>Barbariana:</span> <span class='ocrx_word' id='word_1_724' title='bbox 1613 1911 1620 1918; x_wconf 92' lang='lat'>.</span> 
     </span>
    </p>
   </div>
   <div class='ocr_carea' id='block_1_19' title="bbox 112 1930 1787 2218">
    <p class='ocr_par' dir='ltr' id='par_1_19' title="bbox 112 1930 1787 2218">
     <span class='ocr_line' id='line_1_85' title="bbox 155 1930 1785 1973; baseline -0.001 -14"><span class='ocrx_word' id='word_1_725' title='bbox 155 1941 213 1960; x_wconf 89' lang='lat' dir='ltr'>tum</span> <span class='ocrx_word' id='word_1_726' title='bbox 225 1953 232 1964; x_wconf 89' lang='lat'>‚</span> <span class='ocrx_word' id='word_1_727' title='bbox 253 1943 268 1960; x_wconf 79' lang='lat' dir='ltr'>a</span> <span class='ocrx_word' id='word_1_728' title='bbox 278 1944 330 1972; x_wconf 79' lang='lat' dir='ltr'>qua</span> <span class='ocrx_word' id='word_1_729' title='bbox 340 1934 441 1963; x_wconf 85' lang='lat' dir='ltr'>deinde</span> <span class='ocrx_word' id='word_1_730' title='bbox 451 1934 567 1963; x_wconf 82' lang='lat' dir='ltr'>Parochi</span> <span class='ocrx_word' id='word_1_731' title='bbox 585 1934 822 1973; x_wconf 72' lang='lat' dir='ltr'>processionaliter</span> <span class='ocrx_word' id='word_1_732' title='bbox 831 1935 863 1963; x_wconf 77' lang='lat' dir='ltr'>:id</span> <span class='ocrx_word' id='word_1_733' title='bbox 881 1931 1428 1970; x_wconf 53' lang='lat' dir='ltr'>suas&#39;Banumon.Barbitons01-.·[Regis</span> <span class='ocrx_word' id='word_1_734' title='bbox 1439 1930 1513 1959; x_wconf 87' lang='lat' dir='ltr'>enirn</span> <span class='ocrx_word' id='word_1_735' title='bbox 1523 1931 1624 1960; x_wconf 78' lang='lat' dir='ltr'>curiam</span> <span class='ocrx_word' id='word_1_736' title='bbox 1636 1931 1785 1973; x_wconf 78' lang='lat' dir='ltr'>sequuntur</span> 
     </span>
     <span class='ocr_line' id='line_1_86' title="bbox 153 1972 1785 2009; baseline -0.001 -10"><span class='ocrx_word' id='word_1_737' title='bbox 153 1973 282 2001; x_wconf 84' lang='lat' dir='ltr'>Ecclesias</span> <span class='ocrx_word' id='word_1_738' title='bbox 294 1984 352 2003; x_wconf 81' lang='lat' dir='ltr'>eam</span> <span class='ocrx_word' id='word_1_739' title='bbox 362 1975 490 2005; x_wconf 89' lang='lat' dir='ltr'>deferunt</span> <span class='ocrx_word' id='word_1_740' title='bbox 502 1998 509 2009; x_wconf 91' lang='lat'><strong><em>,</em></strong></span> <span class='ocrx_word' id='word_1_741' title='bbox 520 1980 544 2005; x_wconf 72' lang='lat' dir='ltr'>&lt;St</span> <span class='ocrx_word' id='word_1_742' title='bbox 555 1975 705 2005; x_wconf 84' lang='lat' dir='ltr'>comiscent</span> <span class='ocrx_word' id='word_1_743' title='bbox 715 1997 723 2008; x_wconf 94' lang='lat'><em>‚</em></span> <span class='ocrx_word' id='word_1_744' title='bbox 745 1975 825 2004; x_wconf 77' lang='lat' dir='ltr'>aliam</span> <span class='ocrx_word' id='word_1_745' title='bbox 839 1976 948 2004; x_wconf 73' lang='lat' dir='ltr'>adden-³</span> <span class='ocrx_word' id='word_1_746' title='bbox 1001 1974 1102 2004; x_wconf 80' lang='lat' dir='ltr'>assidue</span> <span class='ocrx_word' id='word_1_747' title='bbox 1112 1972 1785 2006; x_wconf 60' lang='lat' dir='ltr'>histriones‚candidati-ices,aleat0res‚duum-arn,</span> 
     </span>
     <span class='ocr_line' id='line_1_87' title="bbox 151 1999 1785 2056; baseline -0.002 -16"><span class='ocrx_word' id='word_1_748' title='bbox 151 2013 190 2041; x_wconf 91' lang='lat' dir='ltr'>do</span> <span class='ocrx_word' id='word_1_749' title='bbox 199 2023 301 2051; x_wconf 69' lang='lat' dir='ltr'>aquaim·</span> <span class='ocrx_word' id='word_1_750' title='bbox 312 2016 346 2043; x_wconf 85' lang='lat' dir='ltr'>sic</span> <span class='ocrx_word' id='word_1_751' title='bbox 357 2016 439 2044; x_wconf 83' lang='lat' dir='ltr'>etiam</span> <span class='ocrx_word' id='word_1_752' title='bbox 455 2027 503 2056; x_wconf 88' lang='lat' dir='ltr'>per</span> <span class='ocrx_word' id='word_1_753' title='bbox 514 2015 750 2046; x_wconf 82' lang='lat' dir='ltr'>Mediolanensem</span> <span class='ocrx_word' id='word_1_754' title='bbox 760 2026 848 2045; x_wconf 76' lang='lat' dir='ltr'>totam</span> <span class='ocrx_word' id='word_1_755' title='bbox 857 1999 949 2056; x_wconf 61' lang='lat' dir='ltr'>Dioe⁴l</span> <span class='ocrx_word' id='word_1_756' title='bbox 994 2016 1167 2044; x_wconf 77' lang='lat' dir='ltr'>nebulatores</span> <span class='ocrx_word' id='word_1_757' title='bbox 1179 2035 1186 2047; x_wconf 83' lang='lat'><em>,</em></span> <span class='ocrx_word' id='word_1_758' title='bbox 1200 2014 1291 2046; x_wconf 83' lang='lat' dir='ltr'>mimi,</span> <span class='ocrx_word' id='word_1_759' title='bbox 1305 2013 1468 2041; x_wconf 81' lang='lat' dir='ltr'>barbatores.</span> <span class='ocrx_word' id='word_1_760' title='bbox 1483 2015 1556 2042; x_wconf 75' lang='lat' dir='ltr'>Petr.</span> <span class='ocrx_word' id='word_1_761' title='bbox 1569 2012 1676 2042; x_wconf 87' lang='lat' dir='ltr'>Blesen.</span> <span class='ocrx_word' id='word_1_762' title='bbox 1690 2016 1748 2050; x_wconf 56' lang='lat' dir='ltr'>epu</span> <span class='ocrx_word' id='word_1_763' title='bbox 1757 2022 1785 2044; x_wconf 81' lang='lat'>4.</span> 
     </span>
     <span class='ocr_line' id='line_1_88' title="bbox 154 2051 1786 2094; baseline -0.001 -13"><span class='ocrx_word' id='word_1_764' title='bbox 154 2053 236 2082; x_wconf 86' lang='lat' dir='ltr'>cesim</span> <span class='ocrx_word' id='word_1_765' title='bbox 247 2054 578 2091; x_wconf 78' lang='lat' dir='ltr'>observatur‚deserendo‚</span> <span class='ocrx_word' id='word_1_766' title='bbox 588 2057 701 2088; x_wconf 70' lang='lat' dir='ltr'>scilicet,</span> <span class='ocrx_word' id='word_1_767' title='bbox 713 2067 809 2085; x_wconf 76' lang='lat' dir='ltr'>omncs</span> <span class='ocrx_word' id='word_1_768' title='bbox 820 2055 938 2085; x_wconf 75' lang='lat' dir='ltr'>Parochi</span> <span class='ocrx_word' id='word_1_769' title='bbox 956 2060 1155 2086; x_wconf 72' lang='lat' dir='ltr'>BARSATORIA</span> <span class='ocrx_word' id='word_1_770' title='bbox 1167 2077 1174 2087; x_wconf 86' lang='lat'><em>,</em></span> <span class='ocrx_word' id='word_1_771' title='bbox 1198 2054 1357 2083; x_wconf 73' lang='lat' dir='ltr'>vocabulum</span> <span class='ocrx_word' id='word_1_772' title='bbox 1373 2064 1453 2092; x_wconf 79' lang='lat' dir='ltr'>penes</span> <span class='ocrx_word' id='word_1_773' title='bbox 1463 2056 1550 2093; x_wconf 82' lang='lat' dir='ltr'>Greg.</span> <span class='ocrx_word' id='word_1_774' title='bbox 1561 2056 1663 2082; x_wconf 87' lang='lat' dir='ltr'>Turon.</span> <span class='ocrx_word' id='word_1_775' title='bbox 1684 2051 1786 2094; x_wconf 66' lang='lat' dir='ltr'>fortas&lt;</span> 
     </span>
     <span class='ocr_line' id='line_1_89' title="bbox 152 2087 1787 2136; baseline -0.002 -14"><span class='ocrx_word' id='word_1_776' title='bbox 152 2092 207 2123; x_wconf 87' lang='lat' dir='ltr'>hoc</span> <span class='ocrx_word' id='word_1_777' title='bbox 216 2093 348 2123; x_wconf 82' lang='lat' dir='ltr'>sacratum</span> <span class='ocrx_word' id='word_1_778' title='bbox 359 2098 526 2127; x_wconf 85' lang='lat' dir='ltr'>elementum</span> <span class='ocrx_word' id='word_1_779' title='bbox 537 2100 570 2128; x_wconf 80' lang='lat' dir='ltr'>:td</span> <span class='ocrx_word' id='word_1_780' title='bbox 579 2098 790 2136; x_wconf 75' lang='lat' dir='ltr'>suabaptisteria</span> <span class='ocrx_word' id='word_1_781' title='bbox 801 2108 833 2125; x_wconf 88' lang='lat' dir='ltr'>cx</span> <span class='ocrx_word' id='word_1_782' title='bbox 844 2087 950 2126; x_wconf 59' lang='lat' dir='ltr'>Matri-l</span> <span class='ocrx_word' id='word_1_783' title='bbox 996 2096 1022 2125; x_wconf 88' lang='lat' dir='ltr'>se</span> <span class='ocrx_word' id='word_1_784' title='bbox 1033 2097 1125 2125; x_wconf 78' lang='lat' dir='ltr'>velum</span> <span class='ocrx_word' id='word_1_785' title='bbox 1137 2095 1272 2135; x_wconf 76' lang='lat' dir='ltr'>significat</span> <span class='ocrx_word' id='word_1_786' title='bbox 1283 2117 1289 2128; x_wconf 87' lang='lat'><em>‚</em></span> <span class='ocrx_word' id='word_1_787' title='bbox 1311 2096 1386 2134; x_wconf 86' lang='lat' dir='ltr'>quod</span> <span class='ocrx_word' id='word_1_788' title='bbox 1397 2095 1531 2123; x_wconf 87' lang='lat' dir='ltr'>Moniales</span> <span class='ocrx_word' id='word_1_789' title='bbox 1543 2094 1589 2123; x_wconf 89' lang='lat' dir='ltr'>sub</span> <span class='ocrx_word' id='word_1_790' title='bbox 1608 2102 1731 2135; x_wconf 84' lang='lat' dir='ltr'>mentum</span> <span class='ocrx_word' id='word_1_791' title='bbox 1751 2092 1787 2119; x_wconf 88' lang='lat' dir='ltr'>li-</span> 
     </span>
     <span class='ocr_line' id='line_1_90' title="bbox 152 2133 1784 2176; baseline -0.001 -14"><span class='ocrx_word' id='word_1_792' title='bbox 152 2133 191 2162; x_wconf 89' lang='lat' dir='ltr'>cis</span> <span class='ocrx_word' id='word_1_793' title='bbox 200 2135 327 2164; x_wconf 72' lang='lat' dir='ltr'>Ecclefiae</span> <span class='ocrx_word' id='word_1_794' title='bbox 339 2136 415 2165; x_wconf 84' lang='lat' dir='ltr'>fonte</span> <span class='ocrx_word' id='word_1_795' title='bbox 427 2160 433 2165; x_wconf 82' lang='lat'>.</span> <span class='ocrx_word' id='word_1_796' title='bbox 448 2140 523 2167; x_wconf 86' lang='lat' dir='ltr'>Vide</span> <span class='ocrx_word' id='word_1_797' title='bbox 534 2140 660 2168; x_wconf 69' lang='lat' dir='ltr'>Concha.</span> <span class='ocrx_word' id='word_1_798' title='bbox 684 2139 912 2166; x_wconf 67' lang='lat' dir='ltr'>lllusm&#39;natorms</span> <span class='ocrx_word' id='word_1_799' title='bbox 926 2160 933 2166; x_wconf 96' lang='lat'>.</span> <span class='ocrx_word' id='word_1_800' title='bbox 994 2142 1059 2176; x_wconf 78' lang='lat' dir='ltr'>gare</span> <span class='ocrx_word' id='word_1_801' title='bbox 1069 2136 1160 2164; x_wconf 86' lang='lat' dir='ltr'>solent</span> <span class='ocrx_word' id='word_1_802' title='bbox 1170 2158 1177 2169; x_wconf 88' lang='lat'><em>,</em></span> <span class='ocrx_word' id='word_1_803' title='bbox 1191 2136 1265 2174; x_wconf 87' lang='lat' dir='ltr'>quod</span> <span class='ocrx_word' id='word_1_804' title='bbox 1278 2136 1449 2175; x_wconf 78' lang='lat' dir='ltr'>subjiigulum</span> <span class='ocrx_word' id='word_1_805' title='bbox 1459 2135 1579 2165; x_wconf 76' lang='lat' dir='ltr'>dicitur3</span> <span class='ocrx_word' id='word_1_806' title='bbox 1593 2134 1698 2172; x_wconf 76' lang='lat' dir='ltr'>Belgici</span> <span class='ocrx_word' id='word_1_807' title='bbox 1712 2139 1784 2162; x_wconf 72' lang='lat' dir='ltr'>Bar-</span> 
     </span>
     <span class='ocr_line' id='line_1_91' title="bbox 112 2175 1786 2218; baseline -0.004 -11"><span class='ocrx_word' id='word_1_808' title='bbox 112 2175 288 2211; x_wconf 59' lang='lat' dir='ltr'>Baprgzms</span> <span class='ocrx_word' id='word_1_809' title='bbox 300 2198 308 2209; x_wconf 89' lang='lat'><em>,</em></span> <span class='ocrx_word' id='word_1_810' title='bbox 332 2178 406 2206; x_wconf 88' lang='lat' dir='ltr'>Vide</span> <span class='ocrx_word' id='word_1_811' title='bbox 418 2182 562 2217; x_wconf 78' lang='lat' dir='ltr'>Immersor</span> <span class='ocrx_word' id='word_1_812' title='bbox 572 2202 579 2208; x_wconf 88' lang='lat'>.</span> <span class='ocrx_word' id='word_1_813' title='bbox 602 2178 748 2218; x_wconf 73' lang='lat' dir='ltr'>Baptizans</span> <span class='ocrx_word' id='word_1_814' title='bbox 765 2178 867 2207; x_wconf 86' lang='lat' dir='ltr'>dicitur</span> <span class='ocrx_word' id='word_1_815' title='bbox 887 2182 941 2207; x_wconf 83' lang='lat' dir='ltr'>Ar·</span> <span class='ocrx_word' id='word_1_816' title='bbox 994 2179 1102 2207; x_wconf 74' lang='lat' dir='ltr'>bettam</span> <span class='ocrx_word' id='word_1_817' title='bbox 1114 2186 1214 2207; x_wconf 75' lang='lat' dir='ltr'>vocant</span> <span class='ocrx_word' id='word_1_818' title='bbox 1225 2197 1232 2204; x_wconf 90' lang='lat'>.</span> <span class='ocrx_word' id='word_1_819' title='bbox 1243 2177 1409 2206; x_wconf 79' lang='lat' dir='ltr'>Turonensis</span> <span class='ocrx_word' id='word_1_820' title='bbox 1419 2175 1494 2204; x_wconf 85' lang='lat' dir='ltr'>enim</span> <span class='ocrx_word' id='word_1_821' title='bbox 1505 2175 1658 2214; x_wconf 82' lang='lat' dir='ltr'>Gregorius</span> <span class='ocrx_word' id='word_1_822' title='bbox 1669 2176 1724 2202; x_wconf 86' lang='lat' dir='ltr'>hoc</span> <span class='ocrx_word' id='word_1_823' title='bbox 1734 2183 1786 2202; x_wconf 91' lang='lat' dir='ltr'>vo-</span> 
     </span>
    </p>
   </div>
   <div class='ocr_carea' id='block_1_20' title="bbox 111 2215 943 2420">
    <p class='ocr_par' dir='ltr' id='par_1_20' title="bbox 152 2215 943 2379">
     <span class='ocr_line' id='line_1_92' title="bbox 155 2215 941 2257; baseline 0 -10"><span class='ocrx_word' id='word_1_824' title='bbox 155 2215 225 2244; x_wconf 84' lang='lat' dir='ltr'>tifex</span> <span class='ocrx_word' id='word_1_825' title='bbox 246 2216 406 2245; x_wconf 77' lang='lat' dir='ltr'>Trinitatis.</span> <span class='ocrx_word' id='word_1_826' title='bbox 432 2225 443 2253; x_wconf 92' lang='lat'>[</span> <span class='ocrx_word' id='word_1_827' title='bbox 462 2221 549 2249; x_wconf 90' lang='lat' dir='ltr'>Nobis</span> <span class='ocrx_word' id='word_1_828' title='bbox 573 2231 640 2249; x_wconf 87' lang='lat' dir='ltr'>vero</span> <span class='ocrx_word' id='word_1_829' title='bbox 658 2220 748 2249; x_wconf 82' lang='lat' dir='ltr'>nullus</span> <span class='ocrx_word' id='word_1_830' title='bbox 768 2219 803 2248; x_wconf 87' lang='lat' dir='ltr'>de</span> <span class='ocrx_word' id='word_1_831' title='bbox 824 2219 941 2257; x_wconf 81' lang='lat' dir='ltr'>postibus</span> 
     </span>
     <span class='ocr_line' id='line_1_93' title="bbox 152 2256 942 2300; baseline 0.004 -16"><span class='ocrx_word' id='word_1_832' title='bbox 152 2256 288 2285; x_wconf 84' lang='lat' dir='ltr'>frontium</span> <span class='ocrx_word' id='word_1_833' title='bbox 301 2258 407 2287; x_wconf 77' lang='lat' dir='ltr'>valebat</span> <span class='ocrx_word' id='word_1_834' title='bbox 418 2261 557 2295; x_wconf 84' lang='lat' dir='ltr'>evellere,</span> <span class='ocrx_word' id='word_1_835' title='bbox 580 2261 655 2300; x_wconf 89' lang='lat' dir='ltr'>quod</span> <span class='ocrx_word' id='word_1_836' title='bbox 673 2261 702 2288; x_wconf 88' lang='lat' dir='ltr'>in</span> <span class='ocrx_word' id='word_1_837' title='bbox 720 2271 777 2289; x_wconf 91' lang='lat' dir='ltr'>uno</span> <span class='ocrx_word' id='word_1_838' title='bbox 795 2259 942 2298; x_wconf 72' lang='lat' dir='ltr'>baptisma-</span> 
     </span>
     <span class='ocr_line' id='line_1_94' title="bbox 153 2297 943 2339; baseline 0.005 -12"><span class='ocrx_word' id='word_1_839' title='bbox 153 2307 182 2327; x_wconf 73' lang='grc' dir='ltr'>ιε</span> <span class='ocrx_word' id='word_1_840' title='bbox 195 2297 307 2327; x_wconf 85' lang='lat' dir='ltr'>Artifex</span> <span class='ocrx_word' id='word_1_841' title='bbox 318 2299 463 2327; x_wconf 79' lang='lat' dir='ltr'>Trinitatis</span> <span class='ocrx_word' id='word_1_842' title='bbox 472 2300 599 2339; x_wconf 82' lang='lat' dir='ltr'>dignatus</span> <span class='ocrx_word' id='word_1_843' title='bbox 609 2303 646 2330; x_wconf 81' lang='lat' dir='ltr'>est</span> <span class='ocrx_word' id='word_1_844' title='bbox 659 2301 769 2330; x_wconf 72' lang='lat' dir='ltr'>titulare</span> <span class='ocrx_word' id='word_1_845' title='bbox 778 2322 785 2329; x_wconf 80' lang='lat'>.</span> <span class='ocrx_word' id='word_1_846' title='bbox 804 2301 830 2331; x_wconf 84' lang='lat' dir='ltr'>S.</span> <span class='ocrx_word' id='word_1_847' title='bbox 845 2300 943 2331; x_wconf 62' lang='lat' dir='ltr'>Viftor</span> 
     </span>
     <span class='ocr_line' id='line_1_95' title="bbox 154 2338 721 2379; baseline 0.009 -14"><span class='ocrx_word' id='word_1_848' title='bbox 154 2338 302 2368; x_wconf 72' lang='lat' dir='ltr'>Africanus</span> <span class='ocrx_word' id='word_1_849' title='bbox 312 2360 320 2372; x_wconf 90' lang='lat'><em>‚</em></span> <span class='ocrx_word' id='word_1_850' title='bbox 342 2339 389 2368; x_wconf 89' lang='lat' dir='ltr'>lib.</span> <span class='ocrx_word' id='word_1_851' title='bbox 399 2351 426 2378; x_wconf 87' lang='lat'>3.</span> <span class='ocrx_word' id='word_1_852' title='bbox 437 2340 471 2368; x_wconf 90' lang='lat' dir='ltr'>de</span> <span class='ocrx_word' id='word_1_853' title='bbox 481 2341 580 2379; x_wconf 84' lang='lat' dir='ltr'>perfec.</span> <span class='ocrx_word' id='word_1_854' title='bbox 603 2342 721 2372; x_wconf 70' lang='lat' dir='ltr'>vandal.</span> 
     </span>
    </p>

    <p class='ocr_par' dir='ltr' id='par_1_21' title="bbox 111 2379 500 2420">
     <span class='ocr_line' id='line_1_96' title="bbox 111 2379 500 2420; baseline 0 -11"><span class='ocrx_word' id='word_1_855' title='bbox 111 2380 248 2409; x_wconf 49' lang='lat' dir='ltr'>Burri-ao</span> <span class='ocrx_word' id='word_1_856' title='bbox 261 2400 268 2408; x_wconf 90' lang='lat'>.</span> <span class='ocrx_word' id='word_1_857' title='bbox 291 2379 366 2410; x_wconf 86' lang='lat' dir='ltr'>Vide</span> <span class='ocrx_word' id='word_1_858' title='bbox 375 2386 481 2420; x_wconf 71' lang='lat' dir='ltr'>Tzngico</span> <span class='ocrx_word' id='word_1_859' title='bbox 492 2402 500 2409; x_wconf 85' lang='lat'>.</span> 
     </span>
    </p>
   </div>
   <div class='ocr_carea' id='block_1_21' title="bbox 996 2213 1787 2380">
    <p class='ocr_par' dir='ltr' id='par_1_22' title="bbox 996 2213 1787 2380">
     <span class='ocr_line' id='line_1_97' title="bbox 996 2213 1786 2253; baseline -0.006 -7"><span class='ocrx_word' id='word_1_860' title='bbox 996 2219 1091 2247; x_wconf 75' lang='lat' dir='ltr'>cabulo</span> <span class='ocrx_word' id='word_1_861' title='bbox 1101 2218 1189 2253; x_wconf 79' lang='lat' dir='ltr'>utitur</span> <span class='ocrx_word' id='word_1_862' title='bbox 1201 2240 1208 2250; x_wconf 90' lang='lat'><em>,</em></span> <span class='ocrx_word' id='word_1_863' title='bbox 1232 2218 1296 2246; x_wconf 88' lang='lat' dir='ltr'>dum</span> <span class='ocrx_word' id='word_1_864' title='bbox 1311 2218 1457 2246; x_wconf 83' lang='lat' dir='ltr'>mulierum</span> <span class='ocrx_word' id='word_1_865' title='bbox 1469 2217 1622 2245; x_wconf 77' lang='lat' dir='ltr'>vanitatem</span> <span class='ocrx_word' id='word_1_866' title='bbox 1633 2213 1786 2253; x_wconf 83' lang='lat' dir='ltr'>reprehen-</span> 
     </span>
     <span class='ocr_line' id='line_1_98' title="bbox 996 2256 1784 2296; baseline -0.009 -8"><span class='ocrx_word' id='word_1_867' title='bbox 996 2260 1039 2288; x_wconf 87' lang='lat' dir='ltr'>dit</span> <span class='ocrx_word' id='word_1_868' title='bbox 1048 2279 1055 2287; x_wconf 91' lang='lat'>.</span> <span class='ocrx_word' id='word_1_869' title='bbox 1079 2259 1152 2287; x_wconf 86' lang='lat' dir='ltr'>Vide</span> <span class='ocrx_word' id='word_1_870' title='bbox 1166 2264 1283 2288; x_wconf 67' lang='lat' dir='ltr'>Bavara</span> <span class='ocrx_word' id='word_1_871' title='bbox 1293 2280 1300 2287; x_wconf 90' lang='lat'>.</span> <span class='ocrx_word' id='word_1_872' title='bbox 1323 2261 1359 2287; x_wconf 85' lang='lat' dir='ltr'>In</span> <span class='ocrx_word' id='word_1_873' title='bbox 1370 2258 1461 2287; x_wconf 81' lang='lat' dir='ltr'>lexico</span> <span class='ocrx_word' id='word_1_874' title='bbox 1471 2268 1562 2296; x_wconf 77' lang='lat' dir='ltr'>graeco</span> <span class='ocrx_word' id='word_1_875' title='bbox 1575 2256 1650 2285; x_wconf 84' lang='lat' dir='ltr'>verb.</span> <span class='ocrx_word' id='word_1_876' title='bbox 1663 2263 1784 2291; x_wconf 67' lang='grc' dir='ltr'><em>πωγωνο-</em></span> 
     </span>
     <span class='ocr_line' id='line_1_99' title="bbox 997 2295 1787 2339; baseline -0.014 -9"><span class='ocrx_word' id='word_1_877' title='bbox 997 2295 1076 2339; x_wconf 66' lang='lat' dir='ltr'>papia</span> <span class='ocrx_word' id='word_1_878' title='bbox 1088 2321 1096 2333; x_wconf 94' lang='lat'>‚</span> <span class='ocrx_word' id='word_1_879' title='bbox 1118 2299 1203 2328; x_wconf 82' lang='lat' dir='ltr'>latine</span> <span class='ocrx_word' id='word_1_880' title='bbox 1215 2301 1383 2330; x_wconf 73' lang='lat' dir='ltr'>Barbatoria</span> <span class='ocrx_word' id='word_1_881' title='bbox 1393 2298 1489 2329; x_wconf 85' lang='lat' dir='ltr'>vertit.</span> <span class='ocrx_word' id='word_1_882' title='bbox 1503 2298 1600 2337; x_wconf 88' lang='lat' dir='ltr'>Aliqui</span> <span class='ocrx_word' id='word_1_883' title='bbox 1620 2296 1787 2337; x_wconf 45' lang='lat' dir='ltr'>instrumen-</span> 
     </span>
     <span class='ocr_line' id='line_1_100' title="bbox 998 2334 1785 2380; baseline -0.006 -12"><span class='ocrx_word' id='word_1_884' title='bbox 998 2350 1057 2369; x_wconf 79' lang='lat' dir='ltr'>tum</span> <span class='ocrx_word' id='word_1_885' title='bbox 1066 2340 1100 2369; x_wconf 79' lang='lat' dir='ltr'>ad</span> <span class='ocrx_word' id='word_1_886' title='bbox 1109 2339 1244 2370; x_wconf 73' lang='lat' dir='ltr'>radendos</span> <span class='ocrx_word' id='word_1_887' title='bbox 1253 2341 1323 2380; x_wconf 89' lang='lat' dir='ltr'>pilos</span> <span class='ocrx_word' id='word_1_888' title='bbox 1335 2339 1386 2370; x_wconf 84' lang='lat' dir='ltr'>efl&#39;e</span> <span class='ocrx_word' id='word_1_889' title='bbox 1395 2339 1555 2370; x_wconf 79' lang='lat' dir='ltr'>existimant</span> <span class='ocrx_word' id='word_1_890' title='bbox 1567 2359 1576 2373; x_wconf 92' lang='lat'><em>,</em></span> <span class='ocrx_word' id='word_1_891' title='bbox 1594 2347 1648 2376; x_wconf 92' lang='lat' dir='ltr'>quo</span> <span class='ocrx_word' id='word_1_892' title='bbox 1661 2334 1785 2363; x_wconf 56' lang='lat' dir='ltr'>foemina:</span> 
     </span>
    </p>
   </div>
   <div class='ocr_carea' id='block_1_22' title="bbox 998 2381 1746 2449">
    <p class='ocr_par' dir='ltr' id='par_1_23' title="bbox 998 2381 1746 2449">
     <span class='ocr_line' id='line_1_101' title="bbox 998 2381 1709 2445; baseline -0.001 -35"><span class='ocrx_word' id='word_1_893' title='bbox 998 2392 1025 2410; x_wconf 87' lang='lat' dir='ltr'>et</span> <span class='ocrx_word' id='word_1_894' title='bbox 1037 2381 1090 2411; x_wconf 83' lang='lat' dir='ltr'>iam</span> <span class='ocrx_word' id='word_1_895' title='bbox 1100 2391 1215 2411; x_wconf 89' lang='lat' dir='ltr'>utuntur</span> <span class='ocrx_word' id='word_1_896' title='bbox 1223 2401 1230 2409; x_wconf 92' lang='lat'>.</span> <span class='ocrx_word' id='word_1_897' title='bbox 1688 2417 1709 2445; x_wconf 69' lang='lat' dir='ltr'>B</span> 
     </span>
     <span class='ocr_line' id='line_1_102' title="bbox 1714 2426 1746 2449; baseline 0 -4"><span class='ocrx_word' id='word_1_898' title='bbox 1714 2426 1746 2449; x_wconf 56' lang='lat' dir='ltr'>A*</span> 
     </span>
    </p>
   </div>
  </div>
 </body>
</html>
