1866 2526
105 46 183 84 422
445 29 496 71 M
528 34 564 72 A

95 90 190 118 fuerat:
206 89 289 127 longe
299 87 390 126 itaque
402 88 522 117 Bzovius
544 85 729 125 :equivocavit
741 107 748 118 ,
771 83 818 123 qui
828 93 894 121 ope-

94 141 123 159 i'a
145 130 250 158 medica
275 140 289 157 a
319 131 425 167 Jorinnc
442 127 535 157 Mesue
553 129 703 166 composita
722 123 893 155 Damasceno

93 171 196 210 Joanni
206 170 330 199 attribuit
342 171 371 198 in
381 170 426 198 lib.
437 169 470 198 de
480 168 576 197 niedit-
589 170 747 198 Sannorum
759 178 764 194 :
775 165 892 194 confun-

93 211 188 241 dendo
199 233 206 244 ,
225 210 331 240 scilicet
341 233 349 244 ‚
362 219 580 249 cognomentum
588 211 708 247 Mansur
717 217 778 236 cum
789 216 892 245 cogno-

90 252 167 280 mine
177 254 288 289 Mesue.

55 294 204 329 Mnus-inm
218 314 224 320 .
242 294 298 321 PR.
309 302 358 330 pro
368 290 491 320 mensura
502 313 509 324 ‚
527 291 546 319 l.
557 291 591 320 de
600 288 732 319 mansuris
744 309 751 321 ‚
773 287 834 316 eod.
846 286 890 315 tit.

54 334 225 362 Mmsmtm
236 334 295 360 Dea
305 352 312 359 .
337 333 408 361 Vide
430 333 602 360 Domiducus
613 349 622 359 .

55 375 204 403 ΜΑΝςυΜ.
228 373 302 401 Vide
323 374 441 409 Mansus
454 394 460 401 .

53 416 178 443 MANsus
189 436 197 447 ,
220 412 424 452 poiseffiuncula
435 434 442 445 ‚
454 423 535 441 terrae
548 409 667 440 clausura
678 431 685 439 .
709 411 809 446 [Item
819 418 894 436 man-

92 453 135 483 sos
146 456 251 493 aliquos
264 455 331 483 emit
348 452 488 491 plusquam
498 462 614 491 quatuor
624 473 630 480 .
652 451 796 480 Flodoard.
809 450 855 478 lib.
869 461 894 477 ι.

96 507 119 524 c.
136 498 200 527 10.]
223 497 280 524 PR.
292 493 416 523 Mansiim
426 494 479 522 dici
493 504 559 531 puto
570 515 577 525 ‚
601 493 670 522 idest
682 514 689 525 ,
702 490 870 520 comestibile
885 511 891 521 ‚

97 547 131 566 ex
143 536 262 565 Mandeo
273 535 370 573 supino
381 555 388 567 ,
398 535 473 572 quod
484 535 600 570 Mnasias
613 533 676 562 facit
687 544 694 564 5
706 533 769 561 ideo
779 531 832 559 hoc
845 541 894 558 iio-

94 588 160 607 men
178 577 375 605 substantivum
386 596 393 607 ,
416 580 444 604 ὃς
462 574 608 603 secundum
630 573 830 603 Grammaticos
854 570 892 598 est

95 627 197 657 quartae
208 615 403 645 declinationis
415 641 422 651 ,
433 616 501 645 idest
514 638 522 648 ‚
534 617 651 652 Maasus
663 637 670 648 ,
681 615 803 650 mansus,
814 622 894 640 man-

89 661 138 697 J’ui
149 681 156 692 ,
169 659 213 686 vcl
225 658 358 690 Manfum
370 682 376 690 ,
386 657 490 694 mansi,
501 655 624 684 secundae
635 677 641 683 .
666 654 841 690 [Secundum
853 663 894 680 ca-

93 699 223 728 nonicam
244 698 433 726 aiic'toritatem
443 719 451 730 ‚
484 701 511 725 ἃ
529 697 758 725 constitutionem
775 693 892 723 Domini

93 739 270 778 Imperatoris
281 738 416 767 ludovici
426 739 459 766 de
469 737 648 766 ecclesiastico
657 740 763 775 agro,&
773 736 808 764 de
819 744 893 763 nian-

91 779 123 811 so
136 801 143 813 ,
164 780 235 809 &de
245 779 409 817 mancipiis,
429 789 489 818 quae
501 777 557 815 ipse
577 776 628 805 suis
645 778 774 815 capitulis
793 776 893 804 consti-

97 821 152 849 tuit
161 826 214 850 ἃς.
226 832 271 858 23.
289 831 334 858 qu.
348 825 371 848 3.
381 831 440 848 can.
455 821 524 857 23.]
547 819 606 847 Ubi
625 817 717 847 Gloffa
731 817 794 846 facit
814 814 892 844 diffe-

95 863 214 891 rentiam
226 862 297 889 inter
308 871 414 899 agrum,
426 865 453 889 ἃ
465 859 586 888 mansum
597 879 603 886 .
615 860 761 897 [Oportet
774 858 891 896 primum

1229 24 1350 68 MA

951 81 1017 111 state
1027 82 1143 112 habeant
1161 84 1265 124 singula
1275 82 1444 113 mannariola
1453 81 1526 112 linea
1545 90 1656 120 propter
1664 80 1746 111 sudo:

950 134 990 151 res
1001 144 1008 150 .
1029 126 1063 152 In
1074 127 1144 163 Reg.
1156 126 1264 164 Magist.
1273 126 1299 157 §.
1312 138 1325 154 2
1331 136 1356 158 7.
1368 127 1380 157 ]
1391 124 1456 153 licet
1464 124 1504 153 ibi
1515 132 1642 162 corrupte
1650 123 1745 153 habea-

949 174 993 192 tur
1003 168 1188 194 Maanariora
1199 186 1206 193 .
1217 166 1291 195 Vide
1299 165 1446 195 Manualis
1455 186 1464 194 .

913 207 1019 233 MANus
1033 225 1040 231 .
1062 207 1116 234 PR.
1129 216 1180 243 pro
1202 216 1316 234 numero
1333 205 1511 235 distributivo
1521 226 1528 234 .
1551 204 1746 241 [Quatuorde-

949 246 1003 273 cim
1016 255 1108 288 maniis
1118 268 1125 278 ,
1138 246 1184 274 lib.
1199 256 1222 281 5.
1233 247 1370 275 Decretal.
1383 247 1427 275 tit.
1440 257 1487 284 34.
1500 257 1557 284 cap.
1574 249 1641 277 10.]
1663 249 1697 274 Et
1710 243 1746 273 ibi

949 286 1043 315 Glossii‘
1054 307 1060 312 .
1081 288 1154 315 Item
1165 292 1268 315 Manus
1277 297 1366 315 arcum
1375 286 1569 324 triumphalem
1589 286 1725 325 fignificat
1740 295 1745 311 :

950 328 1022 355 Nam
1032 327 1074 354 ubi
1089 328 1205 362 Viilzrjm
1217 326 1305 359 habet,
1318 333 1330 362 [
1341 328 1434 356 Erexit
1445 328 1491 356 fibi
1502 327 1637 356 fornicem
1649 326 1747 355 trium-

949 366 1059 405 phalem
1071 389 1078 399 ‚
1095 378 1115 394 i.
1126 370 1196 406 Reg.
1207 377 1264 405 cap.
1281 379 1289 395 i
1300 377 1323 403 5.
1336 370 1348 399 ]
1359 367 1393 396 de
1403 378 1454 401 eo,
1474 378 1572 406 nempe
1583 390 1588 400 ,
1607 367 1728 406 loquitur
1740 388 1746 398 ,

949 418 1030 446 quem
1041 411 1104 437 Rex
1125 409 1319 437 Saulerexcrat
1337 409 1397 447 post
1415 408 1501 436 vietos
1512 409 1695 438 Amalecitas:
1718 407 1748 435 in

947 458 1027 477 textu
1036 448 1145 477 hebreo
1167 449 1269 487 legitur
1279 449 1331 478 lad
1340 470 1348 482 ,
1368 451 1448 478 LXX.
1461 458 1550 477 autem
1563 448 1639 487 χᾶρει
1652 470 1658 481 ,
1684 458 1746 476 vei·-

949 499 1041 518 terunt
1053 512 1060 522 ,
1079 499 1137 528 qiiae
1149 499 1229 518 voces
1240 491 1268 517 in
1281 499 1394 528 utraque
1407 490 1500 528 lingua
1517 499 1627 517 manum
1639 488 1747 527 signifi>

950 540 1028 558 tant.
1059 531 1188 558 Solebant
1207 532 1282 559 enim
1299 529 1376 568 supra
1396 529 1594 568 triumphalem
1611 529 1748 558 fornicem

947 581 1039 598 maniis
1051 570 1165 609 figuram
1174 582 1276 609 ponere
1289 571 1318 599 in
1329 572 1434 610 [ignum
1444 592 1452 603 ,
1464 571 1538 609 quod
1548 570 1653 599 strenua
1665 580 1746 598 manu

947 610 1065 649 superati
1084 613 1136 640 lint
1147 611 1235 639 hostes
1249 622 1330 650 atque
1342 611 1391 641 hos
1401 621 1473 640 arcus
1495 622 1529 640 ex
1542 611 1625 639 variis
1644 610 1750 639 (rondi-

949 653 994 680 bus
1005 651 1126 680 solebant
1146 653 1256 681 Hebraei
1267 653 1422 681 consti-itere
1432 673 1439 681 .
1463 654 1634 687 Hieronym.
1656 651 1685 678 in
1695 660 1749 679 tra.-

951 693 1101 721 ditionibus
1114 692 1253 721 hebraicis.
1264 693 1338 722 Vide
1348 693 1430 722 etiam
1443 703 1502 732 qus:
1515 693 1634 721 diximus
1648 692 1676 720 in
1685 691 1751 720 dic}-

948 735 1054 762 Bahem
1064 753 1070 759 .
1092 733 1208 771 Insuper
1219 734 1393 772 Expofitores
1414 734 1575 772 intelligunt
1586 756 1594 766 ,
1617 732 1696 771 loqui
1718 733 1752 760 de

949 774 1097 802 fornicibus
1109 774 1328 813 triumph-dibus,
1340 775 1384 803 tibi
1396 775 1524 802 Salomon
1535 774 1640 802 dixerat
1653 786 1657 800 ε
1672 772 1753 807 [Dis-

949 815 1015 852 (ipat
1028 815 1124 852 impios·
1137 818 1198 844 Rex
1209 817 1317 853 Sapiens
1328 837 1336 848 ,
1348 816 1507 844 &incurvat
1519 813 1598 853 super
1609 824 1655 842 eos
1667 813 1754 842 forni-

948 865 1007 883 cem
1018 877 1024 888 ‚
1037 856 1166 884 Pi'overb.
1179 866 1236 893 cap.
1251 867 1296 884 20.

97 914 146 931 νος
156 912 210 931 tam
230 903 263 930 de
276 902 376 930 invalis
394 901 563 931 Civitatibus
579 922 586 932 ,
608 904 636 928 ὃ(
654 898 828 928 Monasteriis
839 919 846 930 ,
865 901 891 925 ὃ(
912 898 1018 924 Manus
1031 897 1157 925 Citium
1168 916 1174 922 .
1185 897 1239 924 FR.
1251 899 1350 926 Romae
1363 896 1438 925 vicus
1448 906 1532 935 prope
1542 897 1568 925 S.
1580 896 1713 927 Marcum,
1724 894 1752 921 in

93 944 200 977 maniis,
211 953 292 981 quam
302 943 335 971 de
346 943 458 981 reliquis
468 942 634 980 generaliter
646 941 721 969 rebus
732 938 894 968 redinvesti-

93 986 116 1013 ri
131 985 280 1022 saciatis‚3.
292 994 318 1021 q.
333 995 358 1012 ε..
371 993 393 1010 c.
407 994 432 1020 3.
446 983 582 1011 §.im-itum
592 982 641 1014 est,
652 991 681 1009 ut
690 980 837 1018 unicuique
847 982 895 1006 Ec-

950 939 1040 966 Roma
1050 938 1125 965 Sacra
1141 937 1311 965 Plorivantis
1324 936 1476 965 Martinelli
1489 947 1549 976 pag.
1562 948 1608 975 43.
1621 937 1647 968 ἓ.
1660 938 1753 964 Manu?

953 988 1048 1006 carnea
1061 998 1066 1005 .
1091 977 1186 1015 Vulgo
1197 979 1290 1006 Macel
1299 977 1343 1005 de*
1351 980 1436 1006 Corvi
1447 977 1549 1006 dicitur
1560 997 1567 1004 .

95 1026 183 1054 clel'iae
194 1035 262 1052 unus
273 1023 378 1052 mansus
387 1024 453 1052 liber
464 1021 560 1061 absque
571 1023 629 1051 ullo
641 1021 758 1050 servitio
769 1020 895 1050 attribua-
909 1020 1015 1046 MANUS
1036 1020 1190 1047 limosi-rio
1204 1039 1212 1051 ‚
1235 1017 1279 1046 seu
1300 1018 1420 1047 elevatio
1431 1038 1438 1045 .
1466 1017 1540 1046 Vide
1570 1018 1730 1046 chirotonia
1745 1037 1750 1047 ,

95 1076 140 1095 tur
152 1076 226 1099 ‚can-
240 1064 373 1093 sancitum
384 1086 392 1097 ‚
405 1075 451 1101 23.
461 1075 488 1102 q.
501 1068 525 1092 8.
537 1064 674 1092 Sancitum
686 1062 734 1095 est,
745 1071 774 1090 ut
787 1060 895 1090 unicui-

951 1060 1080 1096 Chrasma
1091 1079 1099 1091 ‚
1113 1063 1327 1096 Autzutergium
1341 1079 1348 1086 .

97 1117 150 1146 que
169 1106 293 1135 Ecclesiae
307 1116 374 1134 unus
384 1103 489 1134 mansus
508 1105 616 1143 integer
625 1102 721 1144 absque
742 1103 800 1132 ullo
809 1101 895 1130 servi·
911 1101 1017 1128 nimus
1032 1102 1163 1129 Momm
1176 1121 1184 1132 ,
1207 1100 1310 1128 dicitur
1320 1099 1502 1128 Ecclessastica
1526 1098 1669 1137 acquisitio
1681 1096 1757 1127 stabi-

97 1149 139 1176 tio
149 1147 282 1176 tribuatur
292 1168 299 1179 ‚
311 1147 359 1174 lib.
370 1157 396 1184 3.
406 1146 547 1174 Decretal.
559 1146 603 1173 tit.
614 1156 661 1183 39.
673 1156 696 1173 c.
712 1156 733 1172 1.
746 1147 757 1175 ]
769 1147 796 1172 ὅ(
809 1142 891 1172 Glos-

95 1188 169 1217 sator
180 1189 271 1226 inquit
283 1210 289 1220 ,
300 1188 375 1225 quod
387 1199 392 1215 .·
418 1193 430 1223 [
442 1185 567 1215 Maiisum
576 1195 656 1215 vocat
666 1184 711 1213 hic
721 1194 816 1223 :igi-um
828 1207 834 1217 ,
845 1195 893 1212 ιιιιμ

96 1229 132 1258 de
143 1228 295 1268 percipitur
305 1229 471 1256 trumentum
480 1249 488 1261 ‚
509 1231 537 1256 δ(
548 1227 644 1255 vinum
654 1227 688 1254 :id
701 1225 895 1255 Eucluristiam

98 1270 296 1299 faciendam-de
308 1269 357 1298 tali
369 1278 506 1307 nunquam
518 1278 571 1306 prae
577 1268 658 1296 statur
669 1267 810 1297 tributum,
820 1266 893 1295 cod.

97 1311 133 1339 de
142 1310 313 1339 Sacrosanc‘ta
325 1310 456 1338 Ecclefia:
480 1309 546 1338 licet
557 1307 662 1336 mansus
674 1307 778 1336 dicatur
790 1306 894 1345 vulgari

97 1352 263 1381 Italicorum
280 1350 417 1390 quantitas
427 1359 506 1378 teri‘ae
517 1371 525 1382 ‚
546 1359 605 1387 quae
615 1347 717 1377 sufficit
737 1347 837 1376 duobus
848 1348 893 1375 bo.

98 1393 184 1421 busin
193 1402 267 1420 anno
286 1391 506 1420 adlaborandum
517 1411 524 1418 .
545 1389 618 1418 Ibi-d.
636 1388 778 1428 Fridegiso
799 1389 894 1417 Abbati

99 1433 181 1461 trado
200 1431 322 1461 mansum
334 1432 456 1460 nostrum
474 1435 526 1460 δεε-
540 1432 551 1462 ]
574 1431 629 1459 Hic
650 1431 680 1458 in
701 1430 764 1457 diet.
776 1430 897 1457 Condita

102 1480 116 1509 [
130 1475 166 1508 ;ΙΙ;
178 1473 290 1502 Dicitur
307 1473 387 1501 ctiam
398 1474 530 1509 Manlium
551 1470 663 1506 [Dedit
681 1471 706 1498 S.
719 1470 844 1509 Benigno
858 1469 896 1498 se-

100 1525 177 1554 ptem
187 1513 277 1543 mansa
284 1524 345 1542 cnm
353 1512 431 1549 sylva
440 1513 475 1541 ibi
485 1512 626 1548 adjacente
636 1513 690 1549 ζΙιι
699 1510 796 1539 chron.
810 1511 834 1539 S.
847 1512 896 1538 Be-

100 1556 185 1594 iiigni
197 1577 205 1588 ,
223 1566 285 1584 ann.
301 1556 405 1586 1007.]
428 1552 693 1589 UndeMansionale
712 1552 813 1580 dicitur
823 1551 898 1579 habi-

950 1141 1018 1168 liiim
1031 1141 1167 1168 bonorum
1178 1163 1185 1173 ‚
1206 1141 1268 1179 quia
1282 1151 1338 1168 nori
1356 1140 1561 1169 transferuntur
1573 1141 1643 1168 bona
1666 1138 1757 1168 Eccle-

951 1181 993 1210 lix
1005 1203 1012 1214 ‚
1037 1192 1086 1209 nec
1097 1181 1210 1210 alienari
1222 1180 1330 1219 poss'unt
1341 1202 1347 1209 .
1365 1187 1376 1217 [
1390 1182 1448 1210 Ubi
1462 1192 1529 1210 vei-o
1542 1191 1633 1209 manus
1647 1189 1754 1208 mortua

950 1222 1110 1257 interjacet.
1131 1231 1176 1250 :tut
1185 1223 1236 1250 alia
1257 1223 1389 1260 quaelibet'
1411 1222 1489 1251 causti.
1510 1221 1705 1250 irrationabilis
1716 1220 1756 1247 in-

950 1272 1032 1291 venta
1045 1262 1126 1290 suerit
1137 1284 1144 1294 ,
1164 1263 1315 1300 diligenter
1337 1262 1506 1291 describitur
1520 1284 1528 1295 ,
1553 1266 1579 1290 ἃ(
1590 1262 1623 1290 ad
1635 1262 1753 1290 nostram

951 1303 1080 1331 notitiam
1092 1302 1236 1331 deferatur.
1247 1303 1341 1332 Carol.
1352 1305 1423 1341 Mag.
1437 1304 1480 1332 lib.
1493 1315 1518 1338 4.
1531 1303 1565 1331 de
1577 1303 1662 1341 legib.
1676 1304 1758 1330 Fran<

951 1354 1007 1372 cor.
1018 1343 1132 1382 Legibus
1153 1353 1255 1381 magnae
1266 1342 1365 1371 chartae
1378 1342 1513 1372 sancitum
1526 1343 1564 1371 est
1578 1367 1584 1377 ‚
1604 1353 1635 1370 iit
1651 1341 1756 1370 nemini

950 1385 1032 1412 liccat
1043 1384 1106 1412 dire
1120 1385 1220 1422 pioedia
1229 1384 1367 1423 Collegiis
1386 1383 1586 1412 Monachoruni
1597 1405 1603 1415 ,
1624 1387 1651 1412 ὃς
1664 1383 1755 1420 legem

952 1424 1022 1453 hanc
1042 1425 1075 1452 :id
1087 1434 1194 1452 manum
1205 1434 1339 1452 mortuam
1349 1435 1501 1457 vocarunt,
1521 1424 1594 1462 quod
1606 1435 1645 1452 res
1674 1422 1757 1451 semel

953 1466 1022 1494 dat-⁸:
1034 1465 1172 1503 collegiis
1183 1465 1360 1493 Sacerdotum
1374 1476 1433 1493 non
1444 1466 1541 1503 utique
1552 1463 1641 1493 rursus
1653 1463 1755 1491 vende*

954 1515 1050 1535 rentur
1060 1528 1068 1538 ‚
1091 1507 1167 1533 velut
1178 1515 1294 1535 mortuae
1305 1526 1312 1532 .
1335 1505 1437 1540 Polyd.
1455 1507 1536 1543 Virg.
1551 1504 1595 1532 lib.
1616 1515 1658 1536 17-
1670 1502 1733 1531 hist.
1747 1505 1759 1534 ]

955 1547 1028 1576 Vide
1040 1549 1238 1575 Amortizatio
1249 1568 1254 1577 ,
1264 1547 1482 1587 Quindenmum
1495 1566 1502 1573 .

101 1596 221 1625 taculum
238 1596 351 1628 coloni,
373 1594 419 1623 seu
429 1593 612 1633 procuratoris
631 1603 759 1632 agrorum
770 1612 777 1620 .
798 1597 810 1627 [
822 1594 898 1620 Man<
915 1591 1021 1618 Manus
1033 1609 1040 1620 ‚
1053 1587 1108 1615 sive
1120 1587 1399 1623 Palmassuspendere
1409 1606 1416 1613 .
1442 1589 1498 1616 FR.
1509 1585 1546 1614 est
1560 1585 1667 1625 (ignum
1692 1583 1763 1612 laeti-

99 1637 204 1667 sionale
213 1638 361 1666 conabatur
371 1635 484 1664 auferre.
498 1633 643 1663 Flodoard.
655 1634 701 1662 lib.
711 1644 737 1671 3.
748 1633 812 1661 hist.
823 1633 898 1661 Rhe-

99 1677 186 1708 mens.
196 1685 271 1707 c-z6.
284 1680 295 1710 ]
315 1680 406 1715 Atque
417 1676 583 1714 Msznselltcm
594 1674 676 1702 mansi
688 1674 898 1702 diminutivum.

101 1719 175 1749 Vide
185 1718 263 1757 supra
272 1738 280 1746 .
303 1720 376 1747 Item
385 1718 570 1751 Mims‘zmrms
589 1715 729 1754 operarius
747 1715 776 1744 in
786 1713 881 1742 manso
892 1734 898 1742 .

956 1629 1002 1657 tiae
1013 1648 1019 1655 .
1045 1626 1203 1665 [Suspensis
1221 1627 1255 1655 ad
1265 1627 1366 1655 aethera
1390 1627 1486 1665 palmis
1506 1627 1606 1665 gratias
1626 1627 1690 1654 Deo
1700 1624 1759 1663 egi-

956 1679 1014 1697 mus
1025 1690 1031 1695 .
1043 1670 1078 1697 In
1088 1668 1165 1706 epist.
1176 1667 1311 1697 Bouifacii
1322 1666 1410 1705 Episc.
1420 1668 1452 1696 ad
1464 1666 1604 1696 Zacariam
1616 1668 1714 1704 Papini
1730 1675 1759 1692 in

956 1720 1039 1747 tom.3
1047 1729 1053 1736 .
1064 1709 1176 1737 concil.
1189 1719 1288 1747 pag-42
1297 1713 1321 1737 8.
1331 1708 1398 1736 edit.
1411 1710 1527 1738 Venetae
1538 1707 1572 1736 de
1582 1717 1656 1735 antio
1673 1710 1726 1740 158
1734 1714 1758 1739 5.

100 1760 215 1790 Dicitur
232 1758 314 1788 etiam
327 1758 416 1795 Maffa
426 1768 475 1795 pro
488 1756 583 1785 manso
594 1777 601 1784 .
626 1756 705 1792 [Qui
716 1755 787 1784 milit
801 1754 899 1793 sugge-
917 1753 1147 1781 MANUTERGIUM
1157 1771 1163 1781 ,
1176 1749 1293 1777 linteum
1305 1770 1312 1781 ,
1324 1749 1439 1777 mantile
1449 1770 1456 1777 .
1480 1753 1493 1783 [
1506 1748 1565 1777 Ubi
1574 1757 1635 1777 cum
1647 1755 1763 1774 ventum

100 1801 221 1830 stionem
230 1798 407 1830 Scren'iffimo
418 1798 606 1827 Constantino
615 1795 737 1834 Principi
749 1817 756 1828 ‚
770 1796 817 1834 qui
828 1795 885 1823 mis

100 1841 161 1871 sum
172 1864 179 1875 ,
201 1845 230 1871 &
248 1838 447 1878 Responsalem
470 1838 639 1876 Apostolicae
659 1837 733 1866 Sedis
753 1837 786 1864 ad
806 1837 901 1865 sedem

103 1882 222 1911 absolvit
233 1880 422 1920 Apostolicam
444 1882 557 1914 &juxta
567 1878 641 1917 quod
651 1876 820 1906 Beatiffimus
830 1879 901 1905 Pon-

104 1923 176 1952 tifex
188 1923 370 1962 postulaverat
383 1942 389 1954 ‚
408 1921 591 1953 donationem
603 1920 632 1947 in
642 1917 750 1956 scriptis
760 1918 793 1946 de
803 1917 901 1946 duabus

104 1963 195 1994 maffis
206 1986 212 1997 ‚
225 1974 289 2003 quas
299 1961 448 2000 Nymphas
460 1983 467 1994 ‚
489 1964 516 1989 ὃ(
529 1960 648 1989 Formias
659 1959 798 1997 appellant
811 1980 817 1990 ‚
839 1963 905 1994 juris

106 2006 256 2034 existentes
268 2003 368 2042 publici
381 2025 387 2036 ‚
399 2003 489 2031 eidem
498 2000 671 2030 sanstiffimo
683 2003 761 2037 Papae
772 2001 831 2034 jure
843 2009 905 2036 per-

107 2056 193 2084 petuo
212 2045 316 2074 direxit
337 2042 508 2082 possidendas
518 2063 525 2069 .
546 2042 641 2071 Anast.
661 2039 797 2069 Biblioth.
818 2039 849 2068 in
859 2041 908 2068 Za-

105 2086 200 2115 charia
209 2106 216 2113 .
229 2088 240 2116 ]
256 2085 328 2115 Vide
338 2085 504 2121 submansor
513 2103 519 2110 .

66 2128 209 2157 ΜΑΝτυΜ
220 2146 227 2154 .
248 2126 320 2155 Vide
332 2129 423 2162 Cappa
432 2147 439 2158 ,
452 2129 552 2152 Crocea
563 2144 569 2155 ‚
581 2123 718 2160 Mandyas
731 2141 738 2149 .

68 2169 221 2196 MANUALE
233 2169 418 2195 Bentiicmivi
432 2185 438 2192 .
450 2164 524 2192 Vide
534 2164 703 2200 Distributio
714 2162 891 2190 canonicalis
902 2181 909 2188 .

958 1791 1041 1820 fucrit
1053 1812 1060 1823 ‚
1083 1794 1111 1818 δε
1122 1788 1268 1828 Episcopus
1287 1788 1379 1817 sedem
1400 1790 1513 1827 petierit
1525 1809 1532 1820 ,
1556 1788 1684 1817 accedant
1707 1787 1761 1814 duo

957 1831 1090 1866 Accolyti
1101 1841 1163 1858 ciini
1173 1830 1347 1868 manutergio
1361 1858 1363 1862 ,
1379 1833 1407 1858 &
1418 1829 1558 1868 genuflexi
1572 1838 1633 1857 :inte
1644 1837 1706 1856 eum
1719 1837 1761 1854 to-

959 1882 1018 1900 tum
1027 1871 1069 1900 illi
1083 1872 1169 1900 sinum
1180 1871 1344 1908 cooperiant
1354 1892 1361 1902 ,
1374 1881 1407 1898 ne
1418 1872 1511 1899 lavans
1523 1879 1626 1900 manus,
1641 1878 1709 1906 aqua
1719 1877 1763 1894 ca-

963 1912 1047 1941 sulam
1065 1911 1206 1950 aspergat.
1229 1912 1302 1941 Ord.
1321 1914 1406 1940 Rom.
1421 1914 1431 1942 ]
1448 1915 1481 1939 Et
1503 1910 1536 1938 de
1547 1907 1725 1939 subdiaconis
1737 1907 1766 1934 in

963 1963 1056 1981 eorum
1068 1953 1247 1981 ordinatione
1257 1951 1356 1981 Isidor.
1368 1951 1412 1980 lib.
1427 1964 1452 1980 2.
1463 1951 1496 1979 de
1508 1950 1611 1979 Eccles.
1625 1947 1669 1977 off.
1682 1958 1704 1975 c.
1722 1959 1766 1975 ιο.

964 1995 1071 2032 inquit:
1098 1994 1257 2032 [Hiigitur
1274 2003 1334 2020 cum
1346 1993 1513 2021 ordinantur
1527 2013 1534 2024 ‚
1557 1991 1623 2019 ficut
1637 1988 1768 2018 Sacerdo-

965 2045 1004 2063 tes
1015 2059 1021 2067 ,
1039 2039 1066 2063 ὃ(
1076 2034 1181 2063 Levitae
1195 2043 1286 2061 manus
1309 2033 1516 2070 impositionem
1529 2042 1586 2059 non
1597 2028 1767 2066 suscipiunt:

963 2075 1009 2103 sed
1022 2084 1144 2113 patenam
1156 2083 1262 2103 tantum
1277 2096 1283 2106 ‚
1295 2077 1321 2101 ἃ
1331 2074 1443 2101 calicem
1456 2073 1489 2102 dc
1499 2082 1576 2100 manu
1590 2069 1728 2107 Episcopi,
1741 2072 1769 2096 ὃ(

967 2117 996 2144 ab
1009 2114 1214 2144 Archidmcono
1223 2113 1378 2152 schyphum
1387 2124 1462 2154 aquae
1476 2123 1537 2141 cum
1547 2111 1708 2150 aquimanili
1720 2131 1728 2142 ‚
1741 2113 1769 2141 ὅ(

969 2165 1173 2194 manutergium
1184 2156 1324 2193 accipiunt
1335 2175 1342 2182 .

67 2209 229 2237 Mamurius
240 2227 246 2238 ,
274 2205 428 2244 strophium
441 2227 449 2238 ‚
471 2203 608 2233 sudarium
617 2225 624 2231 .
647 2207 683 2231 Et
693 2213 749 2240 quo
758 2203 845 2239 precis
857 2201 910 2229 siiae
926 2199 1099 2226 ‘MAwTfflA
1111 2218 1118 2229 ‚
1130 2194 1245 2231 μανέθιοι
1256 2217 1264 2228 ,
1283 2195 1367 2224 boleti
1379 2205 1426 2233 per
1436 2203 1514 2222 terrae
1527 2192 1695 2221 exalationes
1706 2198 1770 2227 pro·

112 2248 196 2277 fidem
208 2246 305 2275 faceret
319 2268 325 2278 ‚
336 2246 488 2274 manualem
498 2266 506 2277 ,
525 2255 580 2282 quo
591 2245 684 2273 oculos
695 2243 780 2270 fuerat
792 2243 890 2280 ligatus
903 2263 909 2274 ,

112 2288 144 2317 in
154 2298 240 2326 pai-tes
251 2287 314 2316 duas
323 2285 434 2314 discidit
445 2306 451 2313 .
464 2287 499 2314 In
508 2284 632 2323 passione
642 2286 667 2312 S.
678 2283 822 2312 Montani.
837 2285 847 2314 ]
862 2283 912 2311 Vi-

109 2329 145 2358 de
156 2328 369 2358 Manuariolum
379 2346 386 2354 .
409 2328 444 2355 In
454 2326 508 2354 alio
519 2325 598 2354 sensu
608 2346 615 2352 .
626 2324 699 2353 Vide
709 2324 891 2352 Enchiridion
904 2344 910 2350 .

70 2370 300 2401 humaniorum
313 2389 321 2402 ‚
344 2366 526 2406 strophiolum
537 2388 546 2402 ,
563 2365 730 2395 sudariolum
742 2383 748 2392 .
773 2367 830 2399 [Et
841 2364 870 2392 in
880 2373 926 2433 ’.ε-Ι

968 2238 1041 2266 ἀιιξῑι
1065 2243 1076 2272 [
1091 2238 1164 2265 Cum
1176 2247 1225 2264 nos
1235 2246 1324 2265 autem
1341 2235 1492 2274 aliquando
1511 2234 1702 2271 colligeremus
1719 2228 1770 2256 ali-

969 2288 1093 2306 mentum
1108 2278 1136 2305 in
1146 2276 1314 2306 solitudine:
1336 2276 1366 2305 id
1379 2287 1444 2305 vero
1454 2284 1512 2304 erat
1523 2296 1530 2308 ‚
1551 2273 1623 2312 quod
1635 2270 1718 2307 vulgo
1729 2268 1770 2295 so-

970 2321 1009 2348 let
1021 2317 1161 2346 nominari
1174 2317 1315 2346 manuthia
1325 2337 1332 2344 .
1355 2318 1391 2346 In
1403 2317 1469 2345 Vita
1479 2317 1504 2344 S.
1517 2311 1661 2347 Eiithymii
1673 2329 1680 2336 .

931 2362 1080 2390 MANUTUS
1093 2380 1102 2393 ,
1124 2358 1170 2399 qui
1183 2368 1291 2397 magnas
1300 2368 1394 2387 manus
1403 2356 1480 2386 habet
1492 2375 1499 2383 .
1518 2351 1610 2383 Glofl'a
1623 2350 1720 2418 hidam

1664 2404 1673 2419 Α
1698 2399 1728 2418 fl.-

1841 763 1853 894 ’ἔ
