1866 2526
495 44 582 88 BI

147 115 180 136 ac
197 87 360 134 venei-brae
383 101 522 132 memoriae
545 101 708 134 Laurentius
726 101 934 142 Amelphitanae

148 144 228 176 Sedis
237 142 469 183 Archiepiscopus
478 165 487 177 ‚
507 144 555 183 qui
564 154 663 183 potens
673 143 703 173 in
712 143 817 173 litteris
826 165 834 178 ,
857 154 886 172 ac
895 143 937 182 bi:

145 184 247 226 glossits
255 194 344 224 graecc
357 193 473 214 noverat
483 206 492 218 ‚
514 188 541 213 δ(
555 185 640 213 latine
650 205 659 214 .
681 186 719 214 In
728 185 788 214 vita
796 186 823 214 S.
832 184 935 215 OEilo-

148 226 191 255 nis
202 226 270 255 Abb.

107 268 246 296 Biiucus
259 286 266 293 .
287 265 362 294 Vide
371 266 526 295 Umbilicus
537 285 544 292 .

107 311 185 338 ΒιΜΑ
195 327 202 335 .
225 305 298 335 Vide
308 308 412 334 Chorus
424 326 431 333 .

108 350 244 377 Binis-rus
257 366 264 374 .
287 348 344 375 FR.
354 356 417 374 aetas
427 346 544 375 duorum
554 356 690 375 annorum
702 367 708 374 .
729 353 743 382 [
752 346 871 375 Mittens
890 354 937 374 oc-

148 388 218 416 cidit
228 396 323 416 omnes
333 397 430 425 pucros
440 409 448 420 ‚
471 386 517 425 qui
529 397 607 415 erant
617 387 646 415 in
655 386 817 416 Bethlehem
829 408 836 419 ,
859 390 887 415 δι
908 386 937 414 in

148 429 276 456 omnibus
295 427 393 456 finibus
413 430 471 464 ejus
482 448 490 459 ,
512 438 526 455 a
547 428 648 456 bimatu
657 449 666 461 ‚
687 432 715 458 δε
726 427 796 457 infra
804 447 812 455 .
836 426 936 455 Matth.

146 479 204 508 cap.
215 480 241 497 2.

107 512 258 540 Bimrxiou
270 530 278 542 ,
300 511 398 537 Graecc
408 505 546 546 δὶμῦξιω,
567 509 685 538 duorum
706 506 917 543 ellychniorum
929 528 935 535 .

148 555 160 585 [
172 551 324 578 Lucernam
332 549 480 585 bimyxion
491 549 592 578 obtulit
603 569 611 577 .
621 549 718 578 Anast.
728 549 760 579 in
770 548 933 578 Constanti-

147 600 185 618 no
194 592 299 629 Magno
309 610 317 617 .
339 591 352 621 ]
363 590 436 619 Vide
443 594 562 628 Myxum
572 610 580 617 .

106 631 328 659 &ornamus
340 652 347 663 ,
369 641 402 659 ex
414 630 509 669 grxcis
521 630 631 658 vocibus
639 630 729 666 βιαῖος
739 652 747 664 ,
768 630 838 659 idest
849 651 857 662 ‚
869 633 916 658 vis
926 651 934 662 ,

146 671 285 699 violentia
295 691 303 703 ‚
316 675 342 700 ὅ(
351 667 472 704 &drame
480 691 488 702 ,
500 681 571 698 mors
583 692 591 704 ,
601 669 736 709 significat
746 681 804 704 eos,
814 670 861 709 qui
873 680 934 700 vio—

147 710 222 739 lenta
229 720 320 740 morte
331 711 482 749 rapiuntur.
492 711 676 739 Tertullianus
687 732 696 744 ‚
706 721 764 750 cap.
776 722 791 748 5
797 723 824 744 7.
832 711 868 740 de
877 711 934 739 ani-

145 760 206 778 ma..
230 755 265 779 Et
276 751 306 780 in
318 751 395 780 Astis
407 751 433 779 S.
444 750 553 779 Getulii
571 751 606 779 de
623 751 728 789 septem
745 752 914 787 Martyribus
926 775 933 785 ‚

143 790 180 819 fic
188 789 317 819 habetur.
342 797 354 826 [
367 791 463 819 Altera
473 801 563 819 autem
575 792 622 820 die
644 792 781 821 Adrianus
802 793 933 831 pra-cepit

143 841 259 869 corpora
272 832 433 860 Sanctorum
445 832 474 860 in
485 831 594 860 foveam
604 833 686 860 altam
697 833 795 871 projici
808 856 815 867 ,
828 837 855 862 ὃ(
864 836 934 861 Pon-

144 870 230 900 tifices
240 873 405 911 templorum
414 871 564 911 posuerunt
576 882 679 901 nomen
690 873 745 902 loci
756 873 831 903 illius
850 873 933 902 ad-sc-

142 921 219 951 ptem
229 913 410 942 Biothanatos
422 933 428 940 .
453 916 465 945 ]
477 915 552 942 Cum
566 913 641 941 enim
653 915 776 944 violenta
797 925 868 943 mors
889 915 934 943 in-

141 951 221 980 fiimis
230 951 380 984 habentui-3
403 954 531 982 Gentiles
541 963 634 982 tamen
644 954 732 993 ignari
743 977 752 989 ,
774 965 854 994 quam
873 956 933 994 glo-

144 992 247 1020 riosum
256 995 288 1022 sit
299 995 370 1022 mori
395 1003 446 1031 pro
458 993 574 1022 Christo
584 1016 592 1026 ,
615 994 682 1023 hinc
705 997 837 1024 vocabant
845 996 934 1024 Chri-

144 1032 245 1061 stianos
257 1030 391 1069 Martyres
400 1043 448 1071 per
459 1043 650 1072 contemptum
662 1057 669 1067 ,
680 1039 706 1063 δ(
716 1034 862 1064 horrorem
872 1042 935 1066 Βια-

143 1073 277 1102 thanatos
288 1085 296 1104 ς
308 1085 370 1103 nam
381 1075 545 1103 Riothanati
556 1075 740 1109 malesaemres
748 1087 778 1105 ut
788 1077 936 1115 plurimum

143 1112 268 1152 intelligi
279 1113 370 1143 solent
384 1136 392 1147 ,
414 1124 512 1153 utpote
523 1115 663 1143 violenter
673 1117 789 1145 extinffi
801 1129 809 1148 ‚-
832 1121 859 1145 δε
869 1118 935 1146 ideo

144 1154 262 1182 Ecclesia
283 1165 333 1193 pro
346 1155 560 1184 maleffietoribus
580 1165 707 1193 tanquam
717 1159 934 1187 excommunica—

145 1194 180 1221 tis
191 1205 247 1222 non
258 1196 349 1224 orabat
359 1217 365 1224 .
390 1201 401 1229 [
414 1198 565 1223 Exn-ancus
573 1196 604 1223 ab
613 1196 740 1226 Ecclesiae
752 1197 883 1227 societate
895 1199 935 1226 in-

135 1243 186 1262 .ter
204 1234 378 1265 biothanatos
399 1236 570 1274 reputabitur
579 1257 587 1264 .
616 1237 711 1265 Aldel.
732 1237 780 1266 lib.
799 1238 834 1267 de
853 1240 934 1277 Virg.

143 1283 201 1312 (ίῳ.
218 1281 260 1303 ¹6·
272 1277 285 1306 J
296 1277 340 1305 Sic
350 1277 384 1306 de
395 1277 514 1314 quodam
526 1276 668 1305 Monacho
678 1299 685 1311 ‚
707 1279 755 1316 qui
775 1279 934 1308 voluntarie

135 1313 171 1342 ,se
181 1315 321 1346 occiderat
332 1340 341 1352 ‚
362 1316 504 1348 Callinnus
516 1317 552 1345 ait
564 1328 572 1348 ς
595 1324 609 1352 [
622 1319 677 1345 Vix
691 1328 706 1346 a
715 1320 881 1354 Presbytero
891 1324 934 1354 ,ἃ

142 1355 248 1385 Abbatc
259 1357 418 1396 Paphnutio
427 1358 518 1398 potuit
527 1358 649 1386 obtineri
660 1379 669 1391 ‚
679 1368 709 1387 ut
722 1370 780 1388 non
790 1360 866 1389 inter
875 1360 934 1389 bio-

142 1395 273 1439 thanatos
282 1409 420 1438 reputatus
431 1422 438 1433 ,
456 1399 587 1427 memoria
597 1421 606 1432 ,
627 1402 655 1429 ὃ(
664 1399 773 1428 oblivio
781 1411 814 1428 ne
824 1400 935 1440 pausan-

144 1445 214 1465 tium
223 1438 532 1479 judicareturindignus
542 1461 550 1467 .
573 1440 679 1468 Collat.
695 1452 720 1469 2.
730 1451 787 1479 cap.
809 1453 835 1470 2.
847 1443 859 1473 ]
873 1443 934 1471 Νο-

140 1486 209 1505 men
225 1489 316 1509 autem
336 1482 462 1518 Pausans
481 1481 520 1509 est
538 1479 704 1509 Biothantito
722 1481 933 1521 significationis

144 1519 288 1560 contraris:
302 1542 310 1553 ,
332 1532 362 1549 :tc
381 1522 414 1549 de
433 1521 484 1550 illo
493 1520 663 1560 intelligitur
674 1543 681 1554 ,
703 1523 788 1559 quiin
808 1533 930 1552 commu-

145 1566 230 1585 nione
240 1561 365 1589 Ecclesia:
376 1583 384 1595 ‚
407 1565 434 1590 ὃ(
448 1562 477 1589 in
486 1562 613 1590 Domino
624 1561 771 1600 requiescit
781 1583 788 1590 .
807 1566 930 1599 Pausans

1295 45 1329 87 B
1360 46 1379 87 1
1643 61 1717 103 113

989 98 1098 130 Dehoc
1106 101 1222 132 horrore
1234 101 1327 132 reddit
1347 101 1483 132 rationem
1500 102 1685 134 Tertullianus
1694 128 1703 139 ,
1725 106 1779 136 loc.

992 141 1041 170 cit.
1052 152 1109 181 cap.
1123 153 1138 181 3
1144 153 1171 181 3.
1182 142 1313 182 inquiens
1324 154 1331 172 :
1356 144 1477 182 [Itaque
1485 152 1619 172 vocantur
1631 145 1722 175 Abori
1733 168 1742 180 ‚
1750 150 1780 176 ὅ(

992 181 1154 212 Biothtmsti
1164 182 1211 213 sub
1221 184 1272 212 illo
1281 183 1347 213 fidei
1357 194 1521 222 argumento
1530 206 1538 218 ‚
1560 184 1636 223 quod
1646 187 1779 217 credibile

990 221 1103 253 videtur
1114 234 1155 253 eas
1164 223 1335 264 potiffimum
1355 225 1458 253 animas
1469 225 1526 253 vim
1538 247 1546 258 ,
1569 229 1596 254 ὅ(
1614 225 1724 261 injurias
1743 228 1778 255 fa-

991 272 1054 292 cere
1063 286 1071 298 ,
1093 274 1157 304 quas
1169 275 1218 304 pet·
1228 265 1285 293 vim
1296 287 1304 298 ,
1326 268 1354 293 ὃ(
1363 265 1494 297 injuriam
1512 264 1599 294 saevus
1609 286 1617 298 ‚
1640 269 1669 294 ὅ(
1687 266 1781 296 imma-

990 311 1069 334 turus
1078 305 1140 334 finis
1150 305 1265 334 extorsit
1276 327 1284 339 ,
1305 304 1377 343 quafi
1387 306 1421 334 ad
1437 306 1528 335 vicem
1547 305 1655 335 offensae
1667 307 1719 335 Dae
1725 317 1782 336 mo-

994 353 1040 372 nes
1049 356 1200 385 operentur
1209 344 1256 374 sub
1266 345 1383 376 obtentu
1393 356 1484 374 earum
1496 368 1502 374 .
1526 348 1538 378 ]
1561 348 1617 376 PR.
1632 348 1782 376 vocabula<

993 384 1029 412 rii
1040 385 1143 417 Eccles.
1162 387 1287 420 Auctor,
1308 389 1384 421 juxta
1400 387 1514 416 solitum
1534 388 1664 419 erraticus
1675 411 1683 421 ‚
1702 387 1782 425 hujus

994 426 1116 457 nominis
1124 427 1305 468 fignificatum
1315 427 1442 456 debilitat
1453 426 1564 456 asserens
1583 428 1622 456 bis
1642 438 1783 457 mortuum

992 465 1124 497 denotare
1135 480 1142 500 ς
1153 478 1179 497 :it
1188 469 1248 507 quis
1258 479 1315 497 non
1325 468 1428 497 rideret
1439 473 1449 498 ἒ
1460 468 1565 497 Eodem
1577 469 1711 498 vocabulo
1720 468 1782 498 usus

993 509 1031 536 cst
1043 509 1214 548 Lampridius
1235 509 1270 538 de
1289 510 1464 546 Heliogabalo
1472 531 1480 542 ‚
1502 509 1538 543 (ic
1547 509 1695 548 inquiens:
1721 515 1734 544 [
1746 513 1781 538 Et

993 549 1154 586 prs-dietum
1164 549 1255 578 eidem
1264 560 1321 578 erat
1332 561 1344 577 a
1356 549 1544 578 Sacerdotibus
1557 551 1632 585 Syris
1644 572 1651 583 ,
1673 549 1784 579 biotha-

993 598 1087 617 natum
1097 589 1124 618 se
1136 589 1255 620 futurum
1265 611 1272 618 .
1295 592 1438 619 Paravcrat
1448 590 1535 629 igitur
1545 590 1621 619 funes
1640 590 1712 619 blata
1723 612 1732 624 ,
1752 594 1783 620 ὅ(

991 628 1081 658 serico
1092 653 1100 663 ‚
1123 635 1148 659 ἃ
1159 641 1243 659 cocco
1253 631 1372 659 intortos
1384 653 1392 665 ‚
1414 627 1509 670 quibus
1521 654 1528 664 ,
1550 631 1569 659 fi
1581 630 1683 659 neceffe
1699 632 1763 660 estet
1773 654 1784 665 ‚

991 670 1088 708 laqueo
1109 671 1192 699 vitain
1204 671 1296 700 finiret
1308 692 1314 699 .
1336 673 1480 700 Paravemt
1491 675 1520 701 ὅ(
1539 672 1648 710 gladios
1665 682 1760 700 aureos
1774 694 1783 704 ,

992 711 1088 748 quibus
1098 710 1125 739 se
1135 712 1274 740 occideret
1286 734 1292 745 ‚
1315 712 1334 740 si
1343 712 1435 750 aliqua
1446 711 1486 739 vis
1496 722 1606 750 urgeret
1617 733 1623 740 .
1636 714 1783 741 Paraverat

991 751 1060 780 &in
1069 752 1207 780 cerauneis
1217 773 1225 784 ‚
1248 756 1274 780 ὅ(
1285 751 1444 787 hyacinthis
1455 774 1461 785 ,
1483 756 1511 780 δε
1531 751 1679 791 smaragdis
1697 762 1781 781 vene-

991 802 1024 820 na
1035 813 1044 824 ‚
1067 793 1162 831 quibus
1173 792 1200 820 se
1220 792 1395 820 interimeret
1405 815 1412 825 ,
1435 793 1454 821 ii
1471 792 1539 830 quid
1560 793 1670 831 gravius
1689 792 1767 820 immi

990 841 1070 861 neret
1080 853 1087 861 .
1111 835 1221 861 Fecerat
1232 837 1258 861 &
1269 832 1427 861 altiffimam
1438 832 1536 862 turrim
1547 853 1555 865 ‚
1577 832 1715 861 substratis
1734 844 1780 861 au-

991 872 1044 901 reis
1053 895 1061 906 ,
1078 873 1283 912 gemmatisque
1294 883 1359 902 ante
1370 873 1467 902 tabulis
1476 894 1484 905 ,
1506 883 1538 901 ex
1550 884 1601 912 qua
1609 872 1636 902 se
1647 873 1775 912 precipi-

987 923 1059 942 tat-et
1071 925 1079 945 5
1090 914 1184 942 dicens
1193 915 1292 947 ,etism
1303 924 1419 942 mortem
1431 913 1505 944 suam
1517 912 1664 952 pretiosam
1673 913 1725 942 ell'e
1734 915 1779 942 de-

990 954 1053 982 bere
1062 976 1070 987 ‚
1079 958 1107 983 &
1119 955 1153 983 ad
1163 955 1282 993 speciem
1293 955 1408 983 luxuriae
1421 977 1427 989 ,
1437 966 1468 984 ut
1478 954 1618 983 diceretur
1627 977 1635 987 ‚
1650 965 1732 983 nemo
1744 955 1778 983 sic

989 993 1084 1032 pei-isse
1095 1016 1102 1022 .
1113 996 1165 1024 Sed
1176 994 1249 1024 nihil
1260 996 1307 1024 ista
1319 996 1465 1024 valuerunt
1475 1017 1481 1023 .
1494 997 1566 1024 Nam
1578 1001 1589 1029 (
1601 1005 1629 1024 ut
1640 995 1758 1024 diximus
1769 999 1781 1027 )

990 1039 1018 1063 ὅ(
1027 1034 1129 1063 occisus·
1139 1036 1177 1064 est
1188 1046 1237 1073 per
1245 1032 1346 1063 scurras
1359 1039 1411 1065 &a
1424 1038 1435 1067 ]
1451 1035 1540 1065 Miror
1550 1036 1580 1064 in
1593 1035 1665 1064 liunc
1686 1037 1778 1064 locum

991 1075 1171 1104 adnotantem
1179 1075 1379 1105 -Casaubonum
1389 1098 1397 1110 ,
1419 1077 1510 1105 viitim
1528 1077 1591 1105 alim
1611 1077 1642 1104 in
1660 1085 1779 1115 utroque

986 1116 1124 1144 idiomate
1135 1127 1191 1145 tam
1201 1117 1339 1145 eruditum
1349 1139 1356 1149 ,
1378 1116 1432 1145 hoc
1452 1117 1613 1146 vocabulum
1625 1118 1780 1147 Riothanas

990 1165 1036 1184 tus
1048 1156 1148 1185 nedum
1162 1156 1327 1185 intellexisse
1336 1179 1344 1190 ‚
1355 1157 1483 1196 inquiens
1493 1179 1501 1190 ‚
1517 1158 1593 1196 quod
1603 1157 1662 1186 haec
1672 1168 1727 1186 vox
1741 1159 1780 1187 est

990 1198 1103 1236 magicze
1116 1197 1260 1226 vanitati&
1273 1200 1310 1226 At
1322 1198 1446 1236 quamvis
1456 1197 1580 1226 horroris
1589 1198 1621 1227 fit
1631 1197 1691 1226 haec
1704 1208 1758 1227 vox
1770 1210 1779 1230 5

991 1247 1049 1265 non
1060 1247 1151 1265 tamen
1163 1249 1196 1266 ex
1209 1238 1312 1276 magica
1323 1238 1446 1267 vanitate
1456 1261 1463 1271 ,
1485 1238 1532 1266 sed
1543 1249 1577 1268 ex
1588 1250 1654 1267 nece
1665 1238 1779 1268 violen-

990 1288 1035 1309 τας
1060 1278 1117 1306 imo
1127 1280 1229 1306 erravit
1241 1290 1298 1306 non
1308 1279 1489 1318 percipiendo
1498 1280 1616 1308 latinum
1628 1280 1780 1317 Lampridii

989 1317 1096 1347 sensum
1107 1330 1116 1351 ,-
1139 1319 1209 1348 clare
1221 1320 1296 1347 enim
1306 1320 1353 1347 ille
1364 1319 1506 1358 scripserat
1516 1342 1523 1353 ,
1544 1321 1618 1359 quod
1630 1343 1637 1354 ‚
1660 1330 1758 1361 nempe
1772 1344 1779 1354 ‚

988 1370 1107 1398 nequam
1117 1359 1166 1389 ille
1178 1362 1331 1398 Impcmor
1342 1371 1374 1388 ex
1386 1360 1498 1389 infausta
1508 1361 1685 1390 Sacerdotum
1695 1365 1778 1399 Syro-

989 1410 1048 1428 rum
1061 1402 1279 1439 pi-aemonitioiie
1292 1422 1299 1433 ,
1322 1410 1402 1433 eum,
1424 1400 1548 1434 scilicet,
1572 1404 1778 1433 Riothanarum

982 1440 1119 1478 futurum
1130 1463 1138 1475 ‚
1161 1441 1231 1470 idest
1240 1464 1248 1474 ‚
1269 1442 1395 1470 violenta
1405 1451 1495 1470 morte
1517 1452 1668 1479 periturum
1680 1455 1687 1475 ς
1711 1445 1778 1472 ideo

986 1481 1079 1510 omnis
1088 1481 1241 1519 supradicta
1250 1492 1407 1510 enumerata
1422 1483 1458 1511 ad
1477 1484 1636 1511 violentum
1658 1484 1723 1513 vite
1745 1484 1776 1512 fi-

986 1532 1049 1551 nem
1059 1522 1237 1552 instruments
1248 1524 1402 1561 Imperator
1413 1533 1554 1562 paraverat
1565 1545 1570 1550 .
1582 1523 1627 1552 Dc
1638 1523 1715 1560 hujus
1727 1535 1777 1553 vo-

986 1563 1074 1591 cabuli
1085 1562 1253 1599 synonymis
1265 1585 1271 1591 .
1297 1565 1370 1593 Vide
1380 1563 1583 1602 Apocarterests
1595 1584 1602 1590 -
1624 1566 1713 1593 Abori
1725 1586 1732 1593 .

142 1597 218 1625 enim
229 1599 369 1637 quiescens
379 1601 457 1630 sonat
470 1614 476 1633 5
500 1602 572 1630 unde
584 1601 616 1630 ab
626 1613 705 1641 apum
715 1604 842 1632 examine
851 1604 881 1632 in
893 1605 929 1633 D.
944 1606 1063 1633 Bmon
1073 1625 1081 1637 ,
1104 1608 1131 1632 ὅ(
1152 1610 1257 1633 Βενῡτιι·
1269 1626 1275 1636 ‚
1297 1615 1388 1632 citri-us
1407 1614 1468 1632 cuin
1486 1604 1557 1632 binis
1573 1604 1641 1631 rotis
1652 1625 1659 1632 .
1685 1607 1775 1640 [San-

144 1639 283 1668 Ambrosii
292 1651 340 1670 ore
351 1641 516 1681 quiescentis
525 1643 562 1670 :iit
576 1642 718 1672 Aldelrnus
730 1664 736 1671 .
752 1649 764 1679 [
776 1647 816 1673 Ex
829 1645 930 1683 impro-

146 1678 208 1707 viso
217 1690 333 1710 examen
341 1693 423 1721 apum
435 1694 483 1712 ora
493 1704 501 1716 ,
524 1683 646 1720 labraque
660 1685 715 1712 fine
734 1685 857 1724 periculo
866 1696 914 1724 pau
922 1705 928 1708 -

139 1717 227 1748 santis
245 1723 398 1762 complevit
409 1747 417 1757 ‚
440 1724 487 1753 lib.
507 1723 543 1752 de
553 1724 664 1762 Vri-gin.
685 1735 741 1763 cap.
765 1736 808 1763 ¹3·
834 1728 845 1757 ]
859 1727 929 1755 Inde

142 1763 320 1799 componitur
330 1764 441 1794 verbum
453 1764 562 1801 Pauſsto
572 1785 579 1796 ,
605 1774 635 1791 ut
647 1764 759 1794 habetur
772 1766 801 1793 in
811 1767 930 1795 Revelae

144 1801 265 1831 tionibus
277 1804 301 1832 S.
313 1804 453 1834 Methodii
466 1804 598 1840 Martyris
611 1826 617 1836 ,
640 1806 688 1833 ubi
706 1806 741 1835 de
750 1806 888 1836 occifione
898 1808 926 1836 fit

142 1840 254 1870 sermo:
280 1845 346 1878 [Ab
357 1846 394 1874 eis
405 1844 539 1874 mansueti
551 1854 748 1881 conterentur,
770 1851 798 1876 δ(
817 1848 928 1885 pausia<

984 1645 1090 1673 &orum
1099 1655 1214 1683 corpora
1227 1645 1325 1673 birotis
1337 1667 1343 1678 ,
1368 1645 1435 1672 idest
1446 1666 1454 1677 ,
1477 1643 1601 1682 plaustris
1620 1643 1774 1685 sul-›etpost‹

985 1695 1028 1713 ta.
1051 1687 1197 1720 Martyrol.
1209 1689 1294 1715 Rom.
1313 1695 1354 1712 ii.
1367 1683 1476 1713 Martii.
1501 1688 1594 1722 Etper
1612 1687 1721 1715 nostem
1743 1687 1774 1716 in

985 1726 1073 1753 birote
1082 1726 1213 1764 perduxit
1225 1727 1256 1754 ad
1269 1724 1391 1753 casellam
1403 1724 1475 1752 suini
1487 1745 1493 1752 .
1505 1724 1613 1752 Ibidem
1627 1737 1670 1763 ¹3·
1682 1728 1771 1764 Jun.]

985 1768 1041 1795 [R.
1054 1767 1088 1794 In
1100 1776 1188 1795 morte
1199 1768 1223 1796 S.
1239 1766 1363 1795 Feliculae
1380 1765 1480 1793 inserta
1489 1765 1522 1793 ad
1534 1766 1616 1793 vitam
1629 1767 1673 1794 SS.
1684 1769 1772 1796 Nerei

985 1805 1109 1835 Achillei
1120 1811 1172 1836 ἃς.
1183 1809 1338 1841 Martyrum
1357 1818 1399 1835 12.
1409 1806 1503 1834 Martii
1517 1806 1586 1844 apud
1594 1807 1714 1841 Surium,
1724 1808 1771 1837 ha-

985 1847 1064 1875 betur
1073 1870 1081 1881 ‚
1103 1853 1136 1875 In
1147 1852 1239 1876 Biroto
1251 1868 1257 1875 .
1671 1851 1676 1854 '

143 1882 211 1909 bunt
221 1881 266 1910 sub
275 1884 313 1911 eis
324 1905 331 1912 .
341 1887 354 1916 ]
365 1887 500 1916 Provenjt
510 1897 523 1914 a
533 1895 622 1924 graeca
633 1897 700 1915 voce
711 1887 816 1922 ταῦσις
826 1909 832 1920 ,
853 1888 928 1926 quie·
943 1890 1081 1916 Bine‘rmi
1094 1910 1101 1921 ,
1113 1887 1158 1916 seu
1169 1892 1313 1917 Birretum
1324 1908 1332 1916 .
1345 1887 1418 1916 Vide
1429 1887 1640 1916 Camelautinm
1651 1908 1658 1916 .
1679 1888 1753 1926 Cqfi'a
1762 1910 1769 1917 .

144 1932 200 1950 tem
213 1922 400 1961 significante,
422 1931 449 1956 ὃ(
462 1927 492 1956 fit
503 1927 587 1955 etiam
604 1928 717 1956 verbum
727 1929 814 1965 Pausa
826 1949 833 1956 .
856 1929 930 1957 Vide

985 1930 1094 1965 Caph-sa
1104 1948 1112 1955 .
1135 1929 1219 1957 Bireti
1230 1939 1346 1964 etymon
1358 1949 1364 1955 .
1389 1927 1461 1956 Vide
1472 1927 1570 1955 Wriola
1581 1947 1588 1954 .

143 1961 192 1991 suo
202 1963 280 1997 loco,
290 1975 348 2004 qux
361 1968 490 1996 vocabula
498 1977 547 2006 pei·
560 1969 771 1998 translationem
781 1991 788 2002 ‚
798 1968 929 2004 justorum
945 1969 1052 1997 Bixiuis
1063 1990 1071 2001 ,
1096 1972 1211 1997 Birrum
1225 1992 1232 2002 ‚
1254 1973 1282 1998 δ(
1305 1974 1428 1997 Burrum
1438 1989 1446 2000 ,
1471 1978 1526 1995 vox
1545 1978 1632 2006 graeca
1653 1966 1768 2009 πυρῤἆς,

144 2013 263 2032 mortem
272 2005 404 2035 denotant
415 2029 423 2040 ‚
444 2018 472 2036 ac
483 2007 555 2046 quasi
573 2008 681 2037 dederit
692 2020 757 2037 tunc
766 2011 841 2038 Deus
861 2009 929 2038 dile-

143 2044 191 2072 ctis
201 2043 254 2072 suis
265 2044 392 2075 somnum
401 2068 408 2075 .
432 2049 523 2087 Igitur
532 2050 723 2079 Riothanaems
736 2071 744 2084 ,
767 2050 836 2078 idest
846 2072 853 2082 ‚
868 2051 927 2079 vio-

141 2084 232 2113 lenter
244 2087 381 2115 extincius
391 2110 398 2120 ,
409 2098 471 2123 curn
479 2089 535 2117 sere
545 2089 647 2118 nedum
658 2090 686 2118 in
698 2091 755 2118 aestu
765 2112 774 2124 ‚
785 2091 833 2119 sed
845 2090 928 2119 etiam

142 2125 203 2161 post
214 2136 333 2155 mortem
342 2128 486 2158 horrorem
495 2131 599 2158 excitet
611 2152 618 2163 ‚
631 2140 659 2157 ut
671 2130 774 2169 spestra
782 2153 790 2164 ,
804 2134 832 2159 ὅ(
841 2130 928 2169 phan-

142 2165 251 2195 tasmata
260 2167 620 2208 repraesententurjdeoper
629 2172 833 2200 Biothanatum
843 2170 930 2210 phan-

143 2206 224 2234 tasma
236 2209 385 2248 aliquando
397 2209 567 2249 intelligitur
579 2231 586 2238 .
600 2216 611 2245 [
625 2211 676 2240 Sed
687 2211 806 2249 expellas
815 2222 927 2241 omnem

140 2247 262 2275 umbram
271 2273 280 2283 ,
301 2260 396 2278 omnes
419 2249 636 2280 machinationes
653 2251 784 2284 Diaboli,
805 2252 861 2280 srvc
873 2252 927 2291 spi-

142 2298 244 2318 rituum
254 2291 461 2319 immundorum
471 2313 479 2323 ,
502 2291 558 2320 five
568 2291 792 2321 biothanatorum
803 2314 810 2325 ,
820 2292 877 2321 sive
885 2303 926 2321 er-

140 2331 263 2360 rantium
275 2352 281 2358 .
305 2330 479 2360 Exorcisuius
489 2341 540 2370 pro
549 2332 683 2361 benedifl.
694 2336 782 2371 Aquz
791 2332 824 2360 in
836 2333 923 2372 Vigil.

138 2370 277 2410 Epiphan.
288 2372 317 2400 in
326 2372 445 2410 quodam
457 2373 495 2401 M.
506 2373 532 2401 S.
545 2372 653 2403 Rituali
661 2373 784 2404 Abbmae
794 2373 896 2403 Mileti.
909 2376 921 2406 ]

179 2413 370 2443 Ηίινοῖεκιτωι
391 2417 485 2443 Matri
496 2433 504 2440 .

985 2019 1044 2047 quae
1065 2009 1174 2037 rubrum
1203 2011 1326 2038 colorem
1344 2008 1500 2046 fignificat,¹
1523 2009 1596 2037 unde
1615 2014 1767 2039 Lucernam

983 2051 1090 2077 btrrum
1099 2051 1205 2078 exomis
1217 2050 1308 2078 tunica
1319 2047 1504 2077 cardinal-itis
1524 2049 1578 2083 cst,
1599 2060 1658 2088 (με
1681 2050 1767 2089 vulgo

984 2095 1137 2119 Mazzetta
1155 2091 1256 2118 dicitur
1273 2110 1278 2115 .
1303 2095 1315 2124 [
1335 2089 1496 2127 Aliquando
1523 2097 1616 2118 tamen
1639 2089 1768 2119 offeratur

984 2129 1053 2159 mihi
1074 2131 1176 2158 bii-rum
1196 2129 1364 2168 pretiosum,
1387 2129 1457 2157 forte
1479 2129 1558 2159 decet
1582 2130 1764 2169 Episcopum.

985 2173 1058 2209 Aug.
1078 2170 1129 2199 ser.
1151 2181 1196 2205 50·
1217 2172 1228 2201 ]
1251 2173 1292 2199 Ac
1312 2170 1346 2198 de
1367 2180 1521 2198 reverentia
1538 2171 1663 2199 Praelatis
1690 2171 1766 2200 debi-

983 2221 1011 2239 ta
1027 2211 1191 2239 Concilium
1220 2209 1383 2249 Gangrense
1409 2211 1466 2238 :iit-
1489 2216 1503 2246 [
1532 2211 1559 2240 Si
1587 2222 1646 2249 quas
1666 2212 1765 2240 amiftu

981 2251 1058 2289 pallii
1078 2252 1182 2284 utitur,
1203 2255 1231 2279 ὃς
1249 2261 1312 2284 εος,
1334 2251 1381 2289 qui
1402 2251 1482 2279 birris
1498 2260 1612 2280 utuntur
1631 2251 1768 2290 despicit,

979 2290 1137 2321 Anathema
1157 2291 1194 2319 est
1205 2313 1212 2323 ‚
1236 2301 1258 2318 c.
1275 2302 1316 2320 ιι,
1328 2291 1411 2320 Exuit
1421 2291 1524 2321 biri-um
1543 2292 1608 2320 inde
1629 2294 1748 2320 tunicam
1759 2313 1767 2325 ‚

978 2336 1005 2361 δ(
1020 2331 1053 2360 fic
1065 2332 1174 2361 inlinez
1190 2331 1347 2370 expestavit
1368 2331 1577 2370 spiculatorem.
1601 2333 1636 2361 In
1654 2332 1718 2361 Aa.
1739 2332 1765 2360 S.

976 2374 1118 2412 Cypriani
1129 2373 1246 2407 Martyr.
1259 2374 1273 2404 ]
1286 2374 1342 2402 PR.
1355 2372 1532 2403 Membritius
1544 2382 1631 2408 tamen
1645 2393 1652 2405 ,
1675 2370 1765 2409 quiex

1438 2414 1467 2442 H
1652 2421 1723 2440 anti-
