1866 2526
490 41 593 86 PE

168 100 404 142 nualafignificat:
427 107 441 138 [
452 101 532 131 Prior
541 102 772 133 Subdiaconorum
791 111 854 132 cum
863 102 924 132 sui,-

129 112 249 173 fiscone
267 145 401 172 Romanae
421 143 516 171 Curiae
526 165 534 176 ‚
563 154 625 173 cum
648 143 825 182 Cappcllanis
847 144 925 172 Aulae

130 182 285 223 Imperialis
293 182 326 211 ad
335 183 470 221 pectorale
480 184 608 213 dextrum
624 194 688 213 ante
699 184 873 213 Crucifixurn
883 194 925 212 ar-

173 232 267 252 nteum
275 223 367 252 laudes
378 225 558 262 Imperatoris
566 235 658 254 cantat
666 245 674 253 .
688 227 783 254 Petrus
804 226 925 262 Burgen-

139 273 162 293 ις
170 263 240 292 olim
250 264 357 302 Papalis
367 265 608 294 Caeremoniarum
618 265 748 305 Magister
759 265 789 293 in
803 264 852 293 suo
861 265 924 293 Cae-

131 304 274 332 remoniali
286 325 294 337 ,
314 304 359 333 ubi
379 305 413 333 de
421 306 616 336 Coronatione
625 306 806 345 Imperatoris
822 304 880 344 agit
891 325 898 331 .
911 307 922 336 ]

106 342 110 345 ’
131 345 190 374 PR.
207 343 243 374 fic
252 345 336 373 etiam
357 345 478 384 explicat
488 347 632 386 Torrigius
652 345 772 384 ejusdem
783 345 924 384 Burgensiz

129 384 210 414 verba
220 405 228 417 ‚
249 385 279 414 in
298 387 373 414 treet.
393 386 429 415 de
446 387 551 426 Crypt.
561 387 652 416 Vatic.
670 386 786 415 secunda
808 384 924 424 impresl'.

126 429 305 494 Εε.ὖ9ἀς.ἔε
319 427 550 497 ς94ἱὶὃίιιοιὲγωιει
561 428 707 457 Pestoralis
719 427 751 455 in
761 427 852 465 priori
863 425 924 454 sen-

168 485 176 493 ·
219 476 224 493 1
249 476 262 494 e
294 477 461 499 orm-fluam,
494 480 601 497 Olum-

87 507 162 535 chi
171 516 236 534 otus
248 505 382 544 percussio
390 529 399 540 ‚
422 479 533 546 quandgo
542 509 574 538 sit
587 508 710 537 facienda
720 528 727 536 .
754 506 827 537 Vide
836 511 923 535 Bene-

1282 44 1312 87 Ρ
1346 44 1380 86 Ε
1642 59 1720 99 517

983 111 1024 130 nae
1033 101 1103 130 bona
1114 100 1249 140 signifieat
1257 121 1266 130 .
1288 105 1414 139 [Totum
1426 100 1562 141 quidquid
1579 102 1706 134 homines
1725 103 1775 133 ha-

981 142 1046 171 bent
1056 143 1086 170 in
1097 151 1168 170 terra
1178 164 1188 176 ‚
1199 142 1295 171 omnia
1305 163 1314 175 ‚
1323 153 1440 181 quorum
1451 143 1559 172 demini
1567 142 1631 172 sunt
1643 167 1650 177 ,
1662 146 1775 184 pecunia

981 182 1084 211 dicitur
1095 203 1103 210 .
1114 183 1183 211 Ideo
1191 192 1280 212 autem
1290 184 1404 222 pecunia
1415 194 1512 213 vocata
1521 183 1660 224 citaquia
1668 186 1774 223 antiqui

983 223 1058 262 quod
1069 221 1205 252 habebant
1214 245 1222 257 ,
1235 225 1266 252 in
1277 225 1418 262 pecoribus
1428 224 1559 254 habebant
1570 246 1578 258 ,
1596 235 1656 253 can.
1666 235 1753 254 torum
1765 247 1776 257 ,

987 274 1010 292 i.
1019 263 1113 302 quaest.
1123 266 1174 301 3.]
1198 267 1290 303 Atque
1302 275 1403 294 nomen
1415 276 1537 304 pecunize
1549 266 1632 294 etiam
1641 269 1700 302 jura
1709 275 1776 293 con-

981 304 1053 332 tinet
1063 304 1237 343 quandoque,
1249 303 1274 333 ff-
1285 305 1319 334 de
1331 306 1406 334 verb.
1417 306 1510 345 signif.
1521 306 1539 334 i.
1549 307 1673 344 pecunia:
1683 326 1691 334 .
1702 306 1776 334 Item

979 348 1008 373 δι
1017 353 1074 372 rem
1086 346 1235 383 quamlibet
1247 367 1254 378 ‚
1265 344 1290 374 ff.
1300 346 1335 374 de
1345 346 1442 385 legatis
1452 368 1461 380 ‚
1475 358 1502 385 3.
1516 347 1533 374 l.
1543 346 1663 386 quisquis
1673 367 1680 374 .
1701 347 1776 375 Item

983 385 1151 423 quandoque
1167 396 1196 414 ea
1208 396 1315 415 tantum
1324 408 1334 420 ,
1351 397 1411 426 quae
1422 387 1574 416 consistunt
1593 388 1622 416 in
1633 386 1756 426 pondere
1765 407 1778 424 ,

981 429 1009 454 δι
1019 424 1143 454 mensura
1151 447 1160 459 ‚
1170 425 1198 455 ff.
1205 427 1240 455 de
1251 427 1332 466 legat.
1348 438 1372 456 i.
1381 428 1401 457 1.
1407 428 1474 456 salis
1484 426 1616 466 scriptura
1625 448 1633 455 .
1651 427 1777 457 Pretium

980 475 1072 493 tamen
1085 476 1143 494 non
1153 467 1275 496 confistit
1288 490 1294 500 ,
1317 468 1370 497 nisi
1379 467 1410 496 in
1420 478 1536 498 numero
1550 477 1656 497 tantum
1667 489 1676 501 ‚
1694 477 1723 496 ut
1734 468 1777 496 in-

979 505 1036 533 stit.
1047 506 1081 534 de
1091 517 1175 546 empt.
1187 511 1215 536 ὅ(
1226 508 1308 537 vend.
1320 509 1346 540 ξ.
1356 508 1424 537 itt-in
1433 509 1554 547 pretium
1563 529 1572 537 .

125 547 209 574 dic'h'o
218 566 225 573 .
236 546 364 586 Confeffio
372 567 381 575 .
394 549 556 587 Antiquitas
567 549 644 578 siebat
655 549 689 577 ad
702 548 782 577 verba
799 551 923 575 Dimitte
938 547 1140 576 Prcuscuum
1151 570 1160 581 ,
1172 558 1287 586 parvum
1295 559 1385 588 pecus.
1397 556 1408 585 [
1419 550 1526 579 Omnia
1535 548 1676 588 pecuscula
1684 547 1778 577 secum

127 587 205 615 nobis
215 586 274 620 ἀι.
285 587 359 616 Vide
370 588 496 626 Confessio
505 610 512 617 .
532 589 608 618 Vide
616 598 782 627 concepmm
791 586 923 617 Blescnsis

126 625 155 653 in
166 627 231 655 diet.
242 628 345 666 Scapha
357 648 364 655 .

84 669 261 697 Ptcuznus
269 687 277 694 .
298 669 355 697 PR.
367 667 468 696 furtum
477 669 599 708 pecunia:
618 670 733 708 publicae
743 693 751 704 ,
774 669 820 698 vel
831 668 923 707 priva-

129 716 165 736 tae
176 728 186 740 ‚
196 717 253 735 non
265 707 296 736 ab
307 718 341 736 eo
351 707 451 736 fadum
465 731 473 742 ,
483 713 557 747 cujus
567 711 692 749 periculo
703 711 754 739 suit
765 732 773 743 ,
787 712 804 739 1.
815 709 921 738 sacrile-

125 747 187 785 gii,
196 758 226 784 9.
236 747 262 778 §.
279 758 301 776 ι.
312 747 339 776 ff.
351 749 384 776 ad
397 749 415 776 l.
431 750 486 787 Jul.
496 752 585 790 pecul.
597 752 683 781 Glosl'.
693 752 862 780 autemdicit
872 748 922 778 esse

125 787 237 820 furtum,
249 797 304 825 quo
316 788 378 818 Res
375 790 435 827 pub.
446 790 628 825 defraudatur,
640 794 669 821 in
678 803 736 831 cap.
747 803 776 820 ut
788 792 921 823 nostrum,

123 827 151 859 §-
161 828 281 856 Audore
294 838 344 856 int.
356 830 401 857 tit.
411 840 442 858 ut
452 833 633 862 Ecclesiastica
642 834 782 866 beneficia,
793 832 921 870 can-quid

123 878 192 906 ergo
203 879 249 906 23.
259 870 353 907 quaest.
366 881 411 908 qu.
423 883 449 907 4.
461 876 487 900 δε
500 872 526 901 ff.
536 873 568 901 ad
581 896 587 906 ,
600 874 619 902 l.
631 875 733 911 Juliain
743 884 819 912 pecu.
834 874 851 901 l.
869 884 890 900 i.

82 910 249 939 Pecuniae
260 931 267 942 ‚
282 911 340 939 FR.
350 912 500 941 Peculium:
514 920 525 949 [
537 915 677 943 Peculiare
687 937 695 948 ‚
707 915 781 953 quod
792 924 863 943 nnnc
873 913 921 941 ha-

122 948 191 977 betis
200 971 208 982 ,
220 951 263 978 vel
275 951 350 988 quod
361 952 491 991 deinceps
501 953 599 994 assequi
613 956 756 993 potueritis
769 977 776 988 ‚
795 955 861 983 ficut
874 964 920 982 vo-

123 989 164 1017 bis
174 990 306 1027 placitum
317 990 410 1025 fuerit,
421 993 516 1032 absque
524 996 659 1025 calumnia
667 996 824 1034 possideatis
835 1016 842 1022 .
856 996 920 1023 Bur-

121 1031 194 1058 card·
213 1030 258 1058 lib·
272 1043 296 1060 ι.
307 1038 372 1070 'cap-
383 1044 429 1070 30-
449 1036 519 1063 Item
531 1037 684 1066 Pecultares
705 1037 872 1074 adjeffivum
892 1035 920 1063 in

121 1071 218 1099 eodem
231 1071 384 1110 significatu
399 1085 405 1102 :
419 1081 429 1109 [
441 1075 484 1104 Ut
497 1075 549 1105 hoc
563 1078 663 1106 vitium
679 1079 811 1116 peculiare
822 1076 919 1105 radici-

122 1121 164 1139 tus
176 1121 353 1150 amputetur,
373 1114 474 1143 dentur
493 1118 523 1146 ab
536 1118 639 1147 Abbate
649 1119 741 1147 omnia
759 1117 900 1147 necessaria
912 1138 918 1145 .

124 1153 160 1180 In
170 1153 271 1191 Regul.
281 1154 371 1183 Sancti
383 1157 542 1191 Benedicti,
551 1169 610 1197 cap.
623 1170 668 1195 55.

80 1195 303 1236 Pecuiiiiiuras
315 1216 322 1226 ,
346 1198 401 1224 FR.
411 1198 619 1236 Religiosorum
632 1200 732 1229 vitium
753 1210 847 1229 contra
858 1210 918 1239 pau-

121 1244 235 1272 pertatis
247 1245 342 1263 votum
354 1257 362 1269 ,
375 1247 434 1274 quae
444 1242 629 1268 communiter
639 1242 794 1280 proprietas
807 1242 917 1270 dicitur:

125 1280 136 1309 [
149 1276 211 1303 Hoc
222 1285 311 1303 autem
321 1277 455 1314 praedifto
467 1279 542 1307 fratri
554 1303 561 1313 ‚
582 1285 608 1310 &
627 1281 805 1321 Coepiscopo
825 1282 918 1311 nostro

121 1316 238 1343 omnino
248 1316 340 1345 dicere
351 1317 440 1346 studet
451 1341 458 1351 ‚
470 1330 498 1348 ut
510 1322 725 1359 peculiaritatem
738 1334 862 1361 quatuor,
873 1332 916 1351 aut

121 1355 243 1395 quinque
264 1358 425 1386 Monasterii
437 1361 583 1390 Monachis
601 1362 743 1392 studiosiffi
749 1374 791 1393 me
807 1374 917 1402 compe-

120 1397 176 1425 scat
187 1417 194 1424 .
205 1398 242 1426 D.
254 1400 339 1438 Greg.
352 1400 398 1427 lib.
417 1411 458 1428 io.
470 1402 547 1440 epist.
564 1415 610 1433 22-

79 1439 235 1468 chuniun
250 1462 253 1464 .
274 1449 370 1468 ovium
383 1461 390 1472 ,
409 1445 436 1469 ἃ
447 1443 581 1479 pecudum
591 1455 657 1483 grex
670 1465 677 1472 .
703 1447 770 1480 [De
780 1446 823 1475 his
834 1468 841 1479 ‚
854 1455 914 1484 quae

120 1478 250 1506 Parochis
261 1480 288 1506 in
300 1482 378 1508 terris
390 1502 396 1512 ,
410 1481 499 1510 vineis
510 1504 518 1516 ,
539 1485 684 1523 mancipiis
694 1509 702 1519 ‚
712 1496 793 1525 atque
803 1486 915 1525 peculiis

120 1519 287 1558 quicumque
297 1520 391 1548 fideles
400 1521 552 1551 obtulerint
563 1546 571 1557 ,
589 1535 768 1564 antiquorum
778 1537 912 1556 canonum

120 1560 219 1586 statuta
228 1563 388 1588 serventur.
407 1562 512 1596 Synod.
524 1566 666 1594 Aurelian.
678 1569 702 1595 Ι.
713 1579 770 1596 cm.
785 1580 828 1601 17.
843 1571 855 1600 ]
881 1571 914 1596 Et

120 1600 259 1628 Fulbcrtus
280 1600 358 1638 epist.
368 1609 418 1637 9⁶.
435 1603 636 1635 devastationes
655 1608 793 1645 pestiferas
815 1608 914 1637 descri-

119 1640 183 1668 bens
194 1661 201 1673 ,
215 1640 305 1679 inquit
317 1655 324 1669 .·
350 1644 479 1677 [Peculia
497 1643 552 1673 sola
563 1649 733 1677 remanebant
755 1650 784 1677 in
794 1648 894 1689 pascuis
906 1670 914 1681 ‚

120 1681 199 1709 nullo
209 1682 310 1710 astante
321 1684 435 1720 pastore.
447 1686 459 1716 ]
472 1685 544 1721 Quia
556 1697 623 1716 vero
634 1689 662 1717 in
673 1689 807 1727 prioribus
818 1690 914 1718 mundi

980 585 1120 615 invasores
1130 589 1278 627 abegerunt
1290 609 1297 617 .
1320 591 1356 619 In
1365 590 1424 619 vita
1435 592 1537 619 Sanftae
1547 591 1693 620 Columbae
1704 609 1712 617 ·

939 629 1046 660 Pecus,
1060 628 1129 666 apud
1141 630 1307 658 Tertullian.
1317 631 1453 668 reperitur
1461 630 1545 660 semel
1556 631 1585 659 in
1595 630 1675 660 sensu
1684 639 1777 669 partus

978 668 1008 695 in
1029 677 1108 696 utero
1127 671 1222 698 matris
1242 671 1379 700 extincti.
1401 673 1497 707 [Cum
1507 671 1602 701 hebete
1611 683 1700 704 unco,
1719 680 1776 709 quo

979 709 1067 752 totum
1084 719 1165 748 pecus
1175 710 1332 740 adtrahitur
1351 713 1479 741 violento
1489 713 1636 752 puerperio
1648 734 1656 746 ‚
1676 711 1723 741 lib.
1741 711 1777 739 de

977 759 1062 777 anim.
1072 761 1129 788 cap.
1143 760 1189 786 ις.

937 791 1098 819 Pammeni
1110 813 1119 825 ,
1128 790 1174 819 seu
1187 793 1353 822 Pedaticum
1363 812 1370 820 .
1381 794 1439 822 PR.
1449 792 1555 822 datium
1565 815 1573 827 ‚
1583 798 1611 823 δε
1621 794 1754 822 tributum
1763 813 1774 825 ‚

978 841 992 858 a
1004 832 1153 860 viatoribus
1162 831 1328 862 solvendum
1339 855 1346 862 .
1366 834 1464 868 [Cum
1474 834 1587 874 pedagia
1596 856 1605 868 ,
1622 833 1754 873 guidagia
1763 854 1776 866 ,

976 869 1102 900 salinaria
1121 873 1170 901 tibi
1181 875 1297 912 Legatus
1316 874 1494 904 interdixerit
1513 885 1693 904 memoratus.-
1715 876 1776 902 Au-

976 913 1104 942 &oritate
1117 913 1212 952 Apost.
1231 914 1356 943 duximus
1375 916 1567 945 declarandum
1578 937 1587 950 ‚
1606 916 1654 946 illa
1663 914 1714 944 css‘e
1723 924 1773 953 pe-

977 954 1057 992 dagia
1067 975 1075 987 ‚
1094 954 1222 984 salinaria
1233 976 1241 988 ‚
1261 956 1392 996 guidagia
1405 957 1556 986 interdicta
1566 979 1573 991 ,
1583 966 1651 996 ηυξ
1660 967 1718 985 non
1727 965 1773 993 ap-

977 1003 1071 1032 parent
1092 997 1295 1034 Imperatorum
1307 1019 1314 1030 ‚
1334 998 1378 1027 vel
1397 999 1507 1037 Regum
1518 1021 1525 1032 ‚
1545 998 1590 1027 vel
1609 1000 1773 1027 Latet-aneti.

976 1035 1104 1064 Concilii
1113 1036 1262 1075 largitione
1274 1037 1395 1066 concesla
1406 1059 1414 1071 ‚
1433 1038 1476 1066 vel
1490 1049 1522 1067 ex
1534 1040 1648 1078 antiqua
1657 1037 1773 1067 consue-

976 1077 1072 1104 tudine
1082 1098 1089 1109 ,
1103 1087 1115 1104 a
1125 1087 1250 1115 tempore
1261 1101 1268 1111 ,
1279 1081 1353 1115 cujus
1367 1089 1424 1107 non
1436 1089 1510 1108 extat
1520 1080 1653 1108 memoria
1662 1101 1671 1112 ‚
1684 1079 1773 1108 intro-

975 1117 1052 1145 dueta
1065 1138 1072 1145 .
1091 1118 1135 1146 De
1148 1119 1252 1146 verbor.
1263 1119 1355 1158 signif.
1365 1129 1422 1157 cap.
1434 1118 1520 1158 super.
1531 1122 1543 1152 ]
1556 1121 1615 1149 Ubi
1625 1119 1717 1150 Glosla
1737 1119 1773 1148 sic

975 1159 1104 1196 exponit:
1118 1163 1129 1193 [
1142 1159 1261 1198 Pedagia
1272 1182 1278 1193 ,
1291 1170 1350 1198 quse
1361 1161 1460 1188 dantur
1472 1160 1672 1190 transeuntibus
1691 1161 1720 1189 in
1730 1160 1773 1188 lo-

974 1211 983 1227 <
992 1210 1012 1227 is
1023 1199 1178 1228 constitutis
1187 1210 1200 1228 a
1214 1201 1345 1239 Principe
1354 1205 1408 1229 ἃς.
1428 1202 1568 1240 Guidagia
1577 1223 1586 1235 ‚
1596 1212 1656 1241 qnae
1671 1201 1776 1230 danum

975 1251 1025 1279 pro
1034 1241 1132 1269 ducatu
1144 1251 1191 1278 per
1201 1251 1300 1269 terram
1311 1243 1424 1278 alicujus
1433 1263 1441 1274 ‚
1452 1253 1481 1270 ut
1491 1241 1596 1271 securus
1608 1243 1704 1271 vadat·
1726 1242 1770 1270 Sa-

974 1283 1082 1314 linaria,
1093 1292 1152 1319 qnae
1166 1283 1265 1311 dantur
1273 1293 1323 1321 pro
1334 1282 1395 1311 sale:
1407 1293 1501 1311 omnia
1510 1283 1557 1311 ista
1567 1283 1697 1312 dicuntur
1704 1293 1776 1321 por-

974 1324 1088 1352 tatoria:
1103 1325 1115 1354 ]
1129 1323 1196 1358 Quae
1207 1323 1321 1362 pedagia
1332 1324 1443 1352 nonnisi
1455 1335 1469 1352 a
1509 1324 1602 1362 egibus
1611 1346 1619 1358 ‚
1630 1328 1658 1354 ὃ(
1667 1324 1771 1353 absolu-

974 1365 1007 1392 tis
1019 1363 1192 1402 Principibus
1203 1364 1309 1402 imponi
1321 1363 1429 1402 posliint
1439 1386 1447 1398 ‚
1458 1376 1486 1392 ca
1509 1385 1515 1392 .
1526 1365 1771 1397 innovavimu5‚de

972 1405 1090 1434 censibus
1102 1426 1110 1437 ,
1120 1408 1147 1433 δε
1158 1405 1343 1433 exustionibus
1353 1426 1360 1432 .
1371 1405 1430 1434 Ubi
1443 1404 1535 1434 Glosla
1544 1407 1642 1434 multas
1654 1406 1771 1434 :maeri-

973 1455 1040 1474 tates
1049 1446 1185 1474 cumulat.
1204 1449 1241 1474 Et
1252 1447 1280 1474 in
1294 1456 1318 1481 5.
1330 1446 1471 1475 Deci-etal.
1483 1446 1525 1473 tit.
1538 1458 1584 1481 40.
1596 1456 1654 1485 cap.
1667 1455 1715 1482 25.
1732 1445 1771 1475 ibi

972 1487 1055 1516 etiam
1067 1485 1159 1515 Glosla
1170 1507 1178 1514 .
1195 1487 1269 1515 Item
1282 1486 1396 1525 pedagia
1407 1507 1415 1519 ,
1437 1490 1465 1515 ὅ(
1473 1487 1603 1526 guidagia
1614 1498 1627 1515 a
1635 1489 1702 1525 Jure
1712 1487 1770 1516 Ca·

973 1528 1076 1556 nonico
1085 1549 1094 1560 ,
1104 1531 1131 1555 &
1143 1528 1234 1556 Civili
1245 1525 1306 1555 sunt
1318 1527 1479 1566 regulariter
1490 1527 1617 1556 damnata
1627 1549 1634 1561 ‚
1645 1529 1679 1556 de
1688 1529 1768 1557 Cen-

972 1569 1056 1602 fibus,
1068 1569 1098 1596 in
1105 1566 1184 1597 sexto
1195 1578 1252 1608 cap.
1265 1579 1291 1603 4.
1306 1571 1344 1603 .-ΙΙ.·
1368 1568 1528 1606 Aliquando
1539 1568 1653 1607 pedagia
1665 1577 1770 1598 merce-

971 1609 1034 1637 dem
1045 1609 1137 1648 Judici
1147 1630 1154 1641 ,
1172 1613 1199 1638 δ(
1209 1609 1303 1638 Curia:
1314 1608 1449 1637 Ministris
1460 1618 1510 1646 pro
1522 1611 1614 1648 aliquo
1623 1607 1722 1637 acceslii
1733 1609 1768 1640 ad

970 1650 1061 1679 locum
1071 1650 1284 1678 determinatum
1295 1650 1403 1679 ratione
1414 1648 1566 1678 neceffiriae
1577 1649 1768 1689 inspecti'onis,

971 1690 1089 1720 debitam
1099 1713 1106 1724 ,
1118 1690 1288 1729 intelligitur
1298 1711 1306 1718 .

119 1720 226 1751 saecuiis
246 1732 303 1752 tota
324 1724 442 1753 fortuna:
467 1725 575 1756 facultas
593 1729 621 1757 in
633 1730 777 1767 pecudibus
786 1731 914 1760 consiste·
929 1731 1084 1760 ΡευΑΝευς
1094 1733 1192 1769 ]υῐ>εχ
1203 1753 1210 1759 .
1224 1731 1414 1767 VideJudex.
1426 1732 1586 1760 Pedaneus.

119 1762 164 1791 bat
174 1784 181 1795 ‚
191 1762 258 1791 hinc
268 1774 390 1802 pecunia,
401 1769 427 1793 ἃ
440 1766 576 1804 peculium
587 1779 704 1799 monetae
716 1773 855 1809 quantitas
865 1782 908 1809 ap-

118 1804 219 1840 pellata
238 1805 339 1834 deinde
360 1806 411 1834 fuit
421 1827 427 1833 .
450 1808 504 1836 PR.
514 1809 655 1847 Peculium
673 1811 702 1839 in
713 1812 913 1851 significatione

117 1844 211 1881 gregis
219 1843 333 1874 habetur
354 1847 382 1875 in
412 1848 427 1874 l.
441 1848 458 1876 si
470 1849 529 1886 quis
537 1851 667 1880 caballum
677 1873 685 1884 ‚
698 1852 732 1881 de
742 1863 777 1881 eo
788 1875 796 1886 ‚
807 1854 853 1891 qui
865 1863 912 1891 pe-

118 1885 219 1912 culium
229 1888 281 1913 ἀ(-
294 1886 387 1915 Glosla
398 1898 426 1914 in
437 1889 578 1918 Clement.
588 1892 621 1919 de
634 1892 707 1920 verb.
720 1893 810 1931 signif.
823 1904 881 1932 cap.
890 1905 896 1922 i
905 1915 912 1922 .

116 1923 263 1968 haecbaddit
277 1938 283 1952 .·
297 1929 392 1962 [Nota
405 1927 587 1959 differentiam
598 1932 670 1961 inter
681 1934 816 1968 denario&
828 1938 854 1964 ὅ(
866 1945 912 1973 pe-

117 1974 224 1993 cuniam
237 1989 244 1999 ,
265 1977 327 2004 quis,
347 1968 473 1996 denarius
493 1970 531 1998 cst
541 1993 549 2004 ,
572 1973 618 2010 qui
631 1983 680 2011 pro
689 1974 781 2003 decem
793 1976 912 2003 nummis

117 2006 187 2033 olim
196 2009 410 2045 computabatur,
421 2020 536 2048 pecunia
547 2023 612 2042 vero
622 2015 733 2052 proprie
744 2015 782 2043 est
792 2014 909 2044 substan-

928 1772 1091 1802 ΡεοΑτυκΑ
1105 1794 1113 1805 ,
1123 1772 1245 1809 pedatim
1255 1782 1316 1800 cum
1326 1773 1394 1800 vites
1405 1772 1592 1809 pedaminibus
1604 1771 1764 1805 fulciuntur3

971 1813 1025 1841 tale
1036 1813 1109 1841 enim
1118 1811 1197 1840 sensu
1211 1815 1236 1842 S.
1249 1813 1374 1850 Remigii
1386 1812 1550 1842 Rhemensis
1561 1813 1690 1852 Episcopi
1703 1824 1765 1842 ver-

968 1854 1040 1882 bain
1050 1856 1105 1890 ejus
1114 1852 1276 1882 testamento
1288 1854 1412 1891 praebent
1422 1875 1430 1887 ,
1440 1854 1484 1882 ubi
1494 1854 1528 1882 sic
1540 1853 1670 1883 habetur:
1685 1855 1767 1890 [De-

967 1893 1085 1932 legoque
1095 1894 1254 1922 Benedietae
1265 1894 1330 1922 fihae
1342 1895 1456 1922 Hilariae
1468 1895 1614 1923 Diaconiae
1636 1895 1765 1924 ancillam

971 1935 1086 1963 nomine
1094 1936 1202 1964 Nocam
1212 1939 1239 1963 ὃ(
1251 1935 1340 1963 vitum
1353 1934 1510 1973 pedaturam
1522 1956 1528 1967 ‚
1539 1945 1600 1974 quze
1610 1934 1663 1965 suae
1671 1936 1767 1975 jungi-

966 1986 1009 2003 tur
1022 1985 1111 2004 Vinea:
1123 1977 1154 2006 .]
1175 1975 1259 2012 Apud
1278 1976 1385 2013 aliquos
1405 1985 1496 2004 tamen
1505 1977 1658 2015 Scriptores
1669 1979 1767 2006 Eccie.

967 2016 1084 2045 liasticos
1095 2016 1199 2054 legitur
1209 2015 1342 2044 mendose
1353 2017 1495 2046 Pedccura
1503 2037 1512 2045 .

118 2055 155 2074 tia
166 2046 200 2075 de
210 2049 350 2085 pecoribus
359 2060 525 2086 proveniens
538 2064 543 2080 x
566 2063 656 2083 tamen
677 2055 731 2083 hoc
742 2054 828 2084 hodie
838 2067 912 2084 com-
925 2057 1083 2085 Prisianum
1095 2076 1103 2084 .
1126 2056 1199 2085 Vide
1216 2058 1358 2085 Pedatam
1369 2078 1376 2085 .

117 2096 239 2116 munirer
250 2099 380 2127 accipitur
390 2100 439 2127 pro
451 2093 548 2120 eodem
564 2096 593 2125 .]
609 2095 681 2123 Vide
690 2100 815 2125 Pecunia
826 2117 833 2123 .
846 2098 910 2126 Cae-
924 2098 1100 2126 Pknissuium
1109 2118 1118 2130 ,
1141 2097 1285 2126 invenitur
1295 2096 1349 2126 hoc
1361 2097 1520 2127 vocabulum
1531 2098 1561 2127 in
1573 2098 1632 2128 vita
1641 2100 1685 2129 SS.
1697 2100 1763 2128 Fru-

118 2137 206 2173 teruiii
218 2131 361 2158 Peculium
373 2141 537 2166 armentum,
546 2138 574 2162 δε
585 2145 699 2175 gregem
711 2136 868 2166 animalium
878 2138 910 2166 si—

114 2173 240 2207 gnis-icat,
254 2171 271 2197 1.
284 2170 302 2199 si
315 2172 375 2209 quis
385 2172 536 2207 Caballum,
547 2175 580 2202 de
589 2186 623 2204 eo
635 2198 642 2209 ,
653 2176 699 2215 qui
710 2177 848 2214 peculium
857 2182 909 2207 ἀς.

78 2250 230 2280 Prcuuun
250 2252 437 2289 profectitium
458 2275 467 2286 ,
483 2255 668 2284 adventitium
687 2278 696 2290 ‚
715 2257 846 2287 castrense
855 2281 863 2293 ,
882 2263 910 2289 «St

113 2291 187 2329 quasi
198 2291 330 2321 castrense
341 2314 348 2325 ‚
361 2294 430 2331 quid
438 2294 470 2322 sit
481 2315 488 2322 .
502 2295 575 2324 Vide
587 2297 654 2326 DD.
668 2297 698 2325 in
707 2297 732 2328 §-
748 2309 770 2326 i.
781 2299 848 2327 Inst.
859 2302 896 2330 Pe

109 2340 172 2369 quas
181 2331 250 2370 pers.
263 2334 325 2362 nob.
334 2343 392 2373 atq.
631 2342 635 2346 ’

69 2372 202 2401 ΡκυΝιΑ
213 2392 220 2400 .
231 2375 287 2403 PR.
300 2374 403 2403 nedum
415 2385 541 2406 nummos
550 2399 559 2412 ,
571 2377 619 2408 sed
629 2377 712 2408 etiam
721 2379 814 2409 omnia
823 2379 910 2411 fortu-

149 2414 341 2446 Hierolexicm
360 2420 454 2446 Macri
465 2437 472 2444 .

113 2210 160 2237 De
169 2209 323 2240 differentia
336 2222 511 2250 pecuniarum
521 2234 528 2242 .
552 2216 626 2244 Vide
635 2222 751 2245 Moneta
759 2237 766 2244 .
898 2224 918 2430 ,Ι

964 2138 1047 2166 ctuosi
1062 2163 1067 2174 ‚
1078 2141 1106 2166 ὃ(
1117 2138 1257 2166 Sociorum
1267 2160 1275 2171 ,
1287 2136 1340 2166 hoc
1350 2140 1444 2176 paeto:
1465 2145 1477 2174 [
1490 2139 1546 2174 Qui
1565 2150 1627 2170 cuin
1642 2139 1762 2170 sensisset

963 2178 1121 2216 pedibulum
1133 2177 1253 2217 ipsorum
1266 2199 1274 2211 ‚
1293 2179 1438 2208 confestim
1449 2179 1568 2209 surrexit
1579 2202 1587 2214 ‚
1609 2185 1636 2210 ὅ(
1657 2182 1763 2219 prodiit

965 2218 1035 2247 foras
1045 2219 1079 2247 ad
1090 2229 1136 2247 eos
1146 2220 1176 2247 in
1185 2218 1265 2248 soleis
1276 2239 1283 2246 ·
1295 2221 1306 2250 ]
1321 2220 1380 2249 Ubi
1389 2220 1548 2250 Cardinalis
1558 2224 1691 2250 Baronius
1701 2243 1709 2255 ‚
1732 2226 1762 2252 ὅ(

963 2259 1113 2288 Bollandus
1125 2260 1284 2288 existimant
1294 2260 1446 2299 significare
1457 2271 1564 2300 virgam
1572 2263 1699 2295 Lictoris,
1709 2273 1762 2301 qua

963 2299 1067 2329 solebat
1078 2310 1170 2338 portas
1180 2300 1286 2338 pulsare
1297 2322 1305 2334 ,
1316 2303 1427 2340 quando
1435 2301 1543 2331 Consul
1563 2302 1671 2341 ingredi
1682 2305 1760 2332 volc-

965 2340 1007 2369 bat
1019 2352 1026 2371 ς
1038 2339 1086 2369 sed
1094 2351 1147 2379 ego
1157 2341 1245 2380 magis
1255 2341 1399 2381 strepitum
1409 2343 1605 2372 ambulantium
1615 2344 1715 2381 pedum
1726 2344 1760 2374 fi-

963 2380 1096 2421 gnificare
1105 2391 1172 2421 puto
1185 2403 1194 2423 ,²
1205 2381 1278 2412 unde
1286 2383 1456 2412 Pedibulum
1464 2405 1473 2418 ,
1482 2383 1556 2424 quasi
1566 2384 1702 2413 diceretur
1710 2390 1758 2415 Pe-

1326 2425 1377 2454 Kk
1420 2434 1436 2464 3
1625 2426 1718 2455 dmm-
