1866 2526
163 28 213 69 88
498 27 598 69 AS

144 85 176 113 ab
186 82 348 114 Asostorum
358 83 462 122 populo
471 106 479 117 ,
488 85 563 124 quod
572 84 635 113 effet
644 84 710 113 luxu
720 88 747 113 ὃ(
757 81 926 111 εοιῃείὶὴῑίο-

147 125 225 154 nibus
243 124 354 154 infamis
365 145 372 152 .
392 125 438 153 De
456 125 499 154 his
508 126 612 155 Cicero
630 125 689 164 agit
700 135 727 164 3.
745 125 779 152 de
797 123 923 164 Finibus-j

149 170 162 198 [
173 165 274 195 Nolim
284 166 359 193 enim
369 164 439 193 mihi
460 166 565 205 fingere
574 165 672 195 Asotas
680 187 688 199 ,
708 175 737 194 tit
747 164 840 193 soletis
848 185 855 195 ‚
879 171 926 202 qui

144 205 175 233 in
184 205 288 235 mensas
297 214 428 238 vomant,
446 207 517 236 &de
526 205 666 235 conviviis
687 206 882 235 auferamuru]
906 242 910 246 ι

104 244 308 279 Asmncum,
331 246 491 278 α’σπατικδν
511 246 717 280 salutatorium,
740 245 862 276 mansio,
884 243 925 272 di-

146 286 301 315 versorium
312 288 438 316 Ecclesiae
449 288 613 326 contiguum
624 308 632 321 ‚
651 286 696 316 seu
707 286 854 316 sacrarium
867 305 875 316 ‚
898 284 926 310 in

144 338 201 366 quo
211 327 360 366 Episcopus
368 327 450 357 sacris
460 327 631 357 indumentis
652 327 814 356 vestiebatur·
823 335 872 363 pro
882 322 925 368 so-

101 398 103 400 ,
142 368 277 396 lemnibus
287 369 523 401 celebrationibus,
534 369 624 406 ibique
635 379 648 396 a
659 369 779 397 Clericis
786 365 925 403 obsequio,

142 412 171 436 δ(
183 411 239 444 ejus
249 419 378 438 manuum
387 409 558 440 osculatione
566 408 744 437 salutabatur.
764 408 833 436 Ideo
846 406 924 435 Salu-

144 452 282 478 mnrium
300 451 374 479 locus
384 450 429 479 hic
447 450 598 490 appellatus
618 449 674 478 est:
695 449 768 477 Vide
786 446 834 476 suo
845 448 925 475 loco.

145 495 159 523 [
170 489 314 528 Postquam
324 490 492 520 Theodofius
511 491 590 519 venit
609 490 642 518 ad
662 490 758 527 templi
775 489 905 517 ambitum
918 508 925 518 ,

144 539 204 557 non
222 530 352 568 ingressiis
372 532 410 560 est
430 533 461 560 in
470 532 599 560 divinum
611 531 757 568 Templum
769 550 777 562 ,
796 528 925 557 accedens

144 579 235 598 autem
254 572 287 600 ad
299 572 470 601 Ambrosium
480 572 648 601 Pontificem
664 572 693 599 in
702 569 840 608 aspatico‚
863 577 924 610 eum

144 611 272 649 rogavit.
294 611 401 641 Theod.
424 614 470 641 lib.
494 622 519 648 5.
542 612 605 640 hist.
627 621 685 649 cap.
712 613 777 642 18.]
802 613 841 639 At
864 618 926 647 quta

143 650 176 677 in
197 651 292 679 eadem
312 654 452 682 mansione
472 652 681 690 hospitabantur
699 651 841 689 Peregrini
863 656 875 684 (
894 658 924 676 ut

142 690 173 717 in
195 691 278 720 verbo
286 694 490 722 salutatorium
508 694 638 725 dicetur)
658 693 723 721 idco
741 694 925 721 Metatorium

140 730 246 759 diftum
264 732 316 762 fuit
329 755 336 766 ‚
359 734 433 772 quod
452 733 585 762 Xilander
605 733 684 772 super
705 733 752 761 illa
771 732 850 761 verba
869 732 928 759 Ce-

143 771 244 800 dreni:
270 779 281 807 [
300 777 353 802 Per
373 775 514 802 dexteram
543 784 649 812 partem
676 775 730 803 ivit
758 773 789 800 iu
808 781 925 800 metato-

142 811 237 843 rfflm]
262 823 293 841 in
313 824 368 849 ejus
390 815 424 843 ad
444 815 547 843 dietum
556 817 705 844 Aristorem
724 814 800 842 notis.
819 824 846 841 n.
860 823 925 850 235-

144 861 205 879 non
223 852 383 892 intelligere
409 854 487 891 hujus
505 856 629 884 vocabuli
656 855 838 894 lignificatum
859 854 925 881 fate-

146 901 207 919 tur.
229 895 284 923 PR.
306 897 368 923 Hoc
388 896 491 935 quippe
511 907 568 927 non
585 895 623 924 est
642 904 746 924 novum
767 895 797 922 in
816 895 925 923 Guliel-

140 941 188 960 mo
197 933 332 963 Xilandro
344 957 351 968 ,
375 947 436 964 nam
447 936 651 968 utihaeretico,
676 937 705 964 in
726 935 820 963 multis
836 937 928 972 impo—

139 972 212 1001 store
225 995 232 1006 ,
255 985 284 1003 :ic
293 986 306 1003 :z
317 977 370 1013 piis
381 976 595 1005 catholicorum
605 977 791 1005 monumentis
811 975 907 1004 averso
918 997 925 1007 ‚

140 1013 205 1040 ideo
224 1018 280 1050 ejus
299 1015 399 1055 stripta
418 1019 448 1045 in
460 1017 557 1045 Indice
578 1017 780 1055 prohibitorum
797 1017 928 1044 librorum

141 1054 288 1083 'interdieta
308 1056 386 1085 sunt.
409 1062 592 1087 Metatorzum
611 1059 694 1097 igitur
714 1058 751 1086 est
760 1056 879 1095 spatium
897 1058 927 1084 in

145 1104 211 1132 :igi-0
229 1096 382 1125 dimensum
393 1120 400 1131 ‚
419 1097 465 1126 seu
482 1109 542 1127 area
561 1099 594 1126 ad
617 1099 847 1126 constructionem
859 1097 927 1125 defi-

139 1145 223 1172 gnata
233 1158 241 1168 ,
264 1138 330 1166 mdc
341 1140 489 1168 Metatorss
500 1139 568 1167 disti
587 1138 650 1167 sunt
660 1139 795 1167 exercitus
806 1140 927 1166 Praecur-

138 1174 232 1209 sores,
253 1179 463 1213 &Fra-dromi,
485 1180 532 1217 qui
551 1180 644 1208 italice
653 1182 756 1208 Forieri
777 1178 924 1206 dicuntur.-

142 1215 207 1244 hinc
220 1218 351 1256 Vegetius
364 1220 454 1258 inquit
468 1231 474 1247 :
501 1225 513 1254 [
526 1223 672 1249 Metatores
686 1220 715 1248 in
726 1218 816 1247 castris
827 1218 923 1246 dicun-

142 1265 205 1288 tur,
229 1261 488 1296 qniprtecedentes,
512 1262 602 1289 locuni
614 1261 705 1288 castris
726 1260 856 1287 idoneum
874 1258 925 1286 eli-

140 1307 210 1334 gunt
223 1318 229 1325 .
252 1298 298 1326 lib.
311 1311 339 1328 2.
356 1311 413 1338 cap.
425 1303 477 1333 7.]
504 1305 538 1330 Et
547 1302 670 1338 Optatus
688 1300 846 1328 Milevitan.
870 1301 923 1328 ait:

144 1343 156 1370 ί
170 1339 243 1366 Nam
254 1349 313 1367 cum
325 1341 413 1369 mistos
425 1350 487 1369 :inte
497 1351 626 1370 venturos
639 1341 739 1369 milites
759 1350 905 1368 metatores
917 1361 924 1372 ,

143 1383 196 1408 (ut
214 1378 273 1407 fieri
292 1380 386 1414 solet)
409 1382 603 1410 mitterentur.
624 1383 708 1418 lib.3.
728 1383 740 1412 ]
764 1381 823 1410 Ubi
846 1391 924 1408 notat

146 1419 240 1448 franc.
251 1421 415 1450 Baldoinus:
440 1429 451 1458 [
464 1426 498 1450 Et
508 1423 580 1451 iniis
590 1422 696 1450 ascribit
708 1441 715 1453 ‚
738 1432 804 1459 quos
825 1422 854 1449 in
866 1423 923 1450 Co-

142 1458 202 1488 dice
211 1461 442 1490 constitutionum
452 1463 554 1491 dicitur
574 1463 664 1501 potius
675 1461 750 1490 fuisse
770 1461 924 1490 mensorum

1287 26 1388 70 AS

982 77 1055 124 idem
1067 82 1231 114 sanstuslib.
1246 95 1271 113 2.
1292 85 1359 121 [Pit
1377 83 1503 123 strepitus
1521 82 1623 125 gaudio
1642 94 1768 116 metante

983 124 1176 153 irrevocabilis>
1196 126 1361 163 populorum
1378 127 1390 157 ]
1414 128 1454 160 .·Η.·
1476 131 1605 155 Metatus
1615 148 1624 160 ,
1645 127 1699 156 hoc
1724 127 1764 155 est

983 161 1166 193 diversorium
1176 187 1183 198 ,
1205 165 1251 194 seu
1263 166 1408 205 Hospitale
1418 186 1425 194 .
1450 172 1462 201 [
1475 167 1616 195 Velocitei·
1635 168 1668 197 ad
1678 177 1765 196 meta-

984 211 1043 230 tum
1063 204 1140 232 vadit
1149 226 1158 238 ‚
1180 205 1345 246 invenitque
1376 206 1516 235 infirmum
1537 207 1609 236 febre
1634 209 1745 247 plenum
1756 227 1765 235 .

983 245 1071 283 Greg.
1081 247 1186 274 Turon.
1198 246 1245 274 lib.
1254 254 1280 276 6.
1290 258 1347 286 cap.
1359 259 1386 281 7.
1397 247 1602 277 Mundabuntur
1611 249 1686 277 enim
1703 249 1766 276 lon-

981 295 1019 322 go
1030 293 1155 322 tempore
1163 285 1286 315 sacrificii
1308 289 1403 317 domus
1413 309 1421 320 ‚
1443 287 1595 318 sanctitatis
1613 288 1766 327 hospitium

984 334 1101 353 metatus
1121 327 1265 355 Metatoris
1283 327 1408 357 Christi.
1431 328 1564 364 Chrysol.
1583 331 1727 365 Serni.91.
1748 331 1764 360 ]

981 366 1053 393 Item
1074 376 1162 404 graece
1173 371 1357 397 Diaconicum
1370 391 1377 401 ,
1401 369 1446 397 vel
1465 372 1619 399 Diatonion
1631 392 1639 403 ‚
1661 370 1690 398 id
1708 369 1766 401 est,

983 406 1211 435 ministratorium
1223 408 1341 436 dicitur:
1368 415 1380 444 [
1391 409 1454 437 Post
1465 409 1565 438 dietam
1573 410 1695 440 Tertiam
1705 431 1714 443 ‚
1736 413 1765 438 δε

983 448 1095 475 Sextam
1107 468 1115 479 ,
1139 448 1216 476 vadit
1226 446 1404 477 sanciiffimus
1415 449 1570 479 Patriarcha
1592 452 1622 480 in
1643 460 1762 479 metato-

981 487 1051 516 rium
1065 509 1073 520 ,
1095 488 1151 516 sive
1162 489 1347 517 Diatonicum
1358 511 1365 522 ,
1387 493 1415 518 ὃς
1426 489 1484 517 exit
1503 492 1535 520 ad
1554 491 1674 520 sanetum
1684 492 1765 520 Alta.-

981 527 1202 567 reT‘Eucholog.
1215 532 1344 558 Graecum
1355 551 1361 558 .
1381 530 1520 570 Quoniam
1531 542 1586 560 non
1597 541 1708 570 oportet
1720 532 1763 559 in<

981 568 1097 597 sacratos
1109 570 1246 598 ministros
1258 570 1398 599 licentiam
1408 570 1506 600 habere
1517 572 1547 600 in
1556 571 1730 601 secreta-rium
1753 593 1762 605 ‚

981 610 1055 647 quod
1067 609 1157 638 Graeci
1169 611 1329 639 Diatonion
1340 611 1478 650 appellant
1490 623 1499 643 5
1521 613 1648 651 ingredi,
1660 616 1687 642 ἃ
1697 623 1767 641 con-

982 651 1090 688 tingere
1110 648 1169 678 vasa
1179 652 1336 680 dominica.
1360 652 1474 682 Concil.
1493 653 1598 692 Agath.
1619 664 1677 682 can.
1691 655 1764 685 66]

983 693 1040 719 FR.
1051 693 1086 719 In
1098 691 1221 730 Liturgia
1232 714 1239 724 ,
1262 703 1320 731 qua:
1344 692 1537 722 circumfertur
1556 693 1602 722 sub
1614 694 1726 722 nornine
1737 694 1764 722 S.

980 731 1085 763 Marci,
1107 730 1239 765 habetur,
1263 734 1336 771 quod
1356 734 1483 762 Sacerdos
1504 735 1533 762 in
1553 735 1608 764 fine
1619 733 1702 762 Miflte
1723 733 1765 762 di-

980 781 1022 799 cat
1035 786 1042 800 :
1066 773 1127 807 [Sit
1145 783 1247 801 nomen
1257 774 1374 802 Domini
1392 774 1564 803 benedietum
1574 779 1625 803 &c.
1636 774 1765 803 Sacerdos

981 822 1040 840 orat
1051 813 1080 841 in
1091 814 1247 842 Diaconico
1257 818 1286 846 .]
1301 815 1359 843 Ubi
1370 818 1424 852 ejus
1434 817 1541 853 Interp.
1554 816 1624 843 male
1635 815 1761 849 adjunxit

952 869 955 871 .
979 853 1037 881 hsec
1050 856 1145 883 verba:
1159 860 1171 889 [
1184 856 1246 882 Hoc
1256 856 1293 883 est
1303 855 1379 883 sacro
1392 857 1530 888 Armario,
1540 855 1585 884 seu
1596 855 1719 884 Sacnstia
1729 876 1735 882 .
1748 857 1761 886 1

981 895 1076 922 Parum
1087 895 1119 924 de
1129 898 1291 924 Ornoi-um
1311 897 1366 925 ritu
1385 896 1565 925 informatus:
1590 906 1651 924 nam
1669 897 1763 923 (Ei-„eci

983 935 1140 963 Sacerdotes
1152 936 1181 963 in
1191 936 1246 964 fine
1258 936 1342 964 Mifl‘ae
1353 947 1497 975 antequam
1510 937 1640 975 populum
1650 935 1764 964 benedi-

980 984 1044 1003 cant
1055 997 1063 1008 ‚
1085 975 1253 1004 descendunt
1266 976 1299 1004 de
1310 977 1401 1005 Altari
1430 981 1457 1005 δε
1469 977 1501 1004 ad
1511 977 1653 1004 sacrarium
1663 975 1764 1003 semoti

983 1025 1064 1043 orant
1078 1027 1085 1045 ς
1110 1027 1168 1044 non
1195 1026 1286 1044 autem
1312 1017 1345 1044 ad
1364 1016 1515 1045 Sacristiam
1534 1026 1599 1045 eunt
1610 1037 1617 1048 ,
1641 1025 1669 1043 ut
1693 1016 1765 1043 mile

983 1057 1123 1094 Interpres
1135 1058 1310 1085 intellexerat
1320 1077 1326 1083 .
1339 1057 1420 1095 Apud
1433 1059 1544 1086 Graecos
1556 1059 1708 1085 thaconion
1718 1057 1763 1083 in-

981 1097 1119 1136 telligitur*
1135 1099 1217 1126 etiam
1236 1098 1322 1130 liber,
1345 1099 1373 1125 in
1384 1109 1438 1136 quo
1448 1099 1627 1126 continentur
1646 1106 1737 1135 preces
1748 1108 1762 1124 :t

980 1137 1109 1165 Diacono
1120 1149 1148 1164 in
1159 1137 1234 1166 Missh
1245 1159 1252 1169 ,
1275 1137 1342 1165 &in
1354 1140 1439 1166 Horis
1450 1139 1590 1167 canonicis
1600 1137 1740 1165 cantandae
1753 1157 1762 1169 ‚

983 1177 1029 1204 vel
1040 1178 1285 1206 administrationis
1296 1177 1365 1205 liber
1375 1198 1381 1205 .
1405 1180 1495 1216 Igitur
1506 1180 1673 1215 Aspattcum
1683 1199 1691 1210 ,
1702 1182 1763 1205 Me-

980 1224 1116 1246 tatortum
1127 1239 1134 1250 ‚
1157 1223 1285 1246 Memmi·
1295 1238 1303 1249 ‚
1325 1222 1509 1247 Dian-anitum
1521 1240 1528 1251 ‚
1538 1218 1583 1246 seu
1594 1222 1762 1250 Diaconion,

979 1260 1006 1285 ὅ(
1019 1259 1224 1286 Salutatorium
1234 1279 1241 1290 ‚
1264 1257 1417 1296 promiscue
1429 1261 1646 1296 provSacrario&
1658 1257 1763 1296 Hospi<

980 1297 1028 1325 tali
1040 1298 1248 1337 peregrinorum
1259 1320 1266 1331 ‚
1289 1303 1317 1327 δε
1337 1299 1512 1327 infirmorum
1534 1300 1665 1337 accipitur
1674 1320 1681 1326 .
1704 1305 1764 1327 Mc-

980 1347 1055 1367 tator
1068 1349 1135 1366 vcro
1147 1338 1282 1377 significat
1291 1338 1490 1370 Praecursorem
1501 1362 1509 1373 ,
1531 1350 1561 1367 ut
1577 1339 1655 1378 supra
1672 1338 1763 1367 visum

979 1379 1035 1411 est,
1058 1379 1127 1407 &in
1139 1379 1310 1418 praeallegata
1323 1379 1497 1419 Chi‘ysologi
1517 1380 1596 1408 verba
1613 1384 1762 1408 Metasoris

980 1419 1081 1456 Chnsti
1093 1441 1100 1452 ‚
1124 1420 1158 1448 de
1177 1423 1232 1454 ejus
1243 1419 1412 1450 Praecursore
1422 1423 1530 1458 Joanne
1541 1420 1660 1457 Baptista
1679 1419 1763 1448 intel-

981 1459 1079 1497 ligitur
1092 1480 1099 1486 .
1124 1460 1196 1488 Vide
1206 1466 1286 1489 Meta
1296 1462 1325 1489 in
1336 1461 1539 1500 fignificatione
1549 1460 1680 1488 termini.

142 1498 187 1526 lib.
204 1511 225 1528 1.
238 1505 265 1529 ὅ(
280 1503 349 1537 5.de
361 1513 452 1532 metat.
465 1505 567 1532 Metam
580 1505 711 1532 dicuntur
721 1503 751 1530 in
766 1506 824 1539 jure
846 1502 924 1530 civili
940 1503 1149 1529 ASPkltGILLiJM
1160 1522 1168 1533 ‚
1190 1500 1368 1539 aspersorium
1382 1523 1390 1533 ,
1408 1512 1463 1539 quo
1473 1511 1540 1539 aqua
1548 1500 1689 1528 benedicta
1698 1509 1764 1537 por,

144 1539 284 1578 hospitia,
308 1553 367 1581 quae
385 1543 569 1582 provinciales
580 1545 698 1582 praebere
716 1544 841 1579 jubentur
852 1543 924 1571 mili-

142 1580 212 1608 tibus
223 1603 231 1614 ,
253 1586 281 1611 ὅ(
292 1593 436 1613 metatores
458 1585 507 1621 ipsi
529 1586 652 1625 hospites
663 1606 671 1617 ,
692 1583 740 1622 qui
749 1584 924 1621 excipiuntur

143 1620 190 1648 lib.
201 1634 229 1657 9.
247 1624 282 1651 C.
292 1624 326 1652 de
346 1634 437 1653 metat.
449 1626 500 1654 Sed
511 1627 633 1664 Optatus
643 1625 680 1653 ita
703 1634 783 1653 vocat
792 1635 836 1652 eos
847 1646 853 1657 ,
877 1624 923 1662 <1111

143 1663 349 1701 premittuntur
361 1687 367 1697 ,
389 1675 418 1694 ut
430 1665 550 1704 hospitia
561 1668 633 1705 prius
642 1666 786 1704 designent
808 1666 836 1694 in
846 1674 923 1692 com-

144 1704 281 1732 mentario
300 1706 390 1734 Suidae
408 1706 473 1736 dist.
491 1705 589 1743 μετάςω
599 1728 607 1735 .
628 1709 641 1738 ]
665 1706 707 1734 Sic
729 1705 826 1734 eodeni
845 1706 923 1743 pasto

143 1745 252 1780 Mensor
262 1766 270 1777 ,
293 1751 416 1775 Metator
427 1769 435 1780 ,
445 1751 630 1776 Motatorium
643 1768 651 1779 ,
662 1746 871 1782 &lulensort'nm
879 1745 923 1773 hic

142 1783 291 1813 diversorii
303 1808 311 1818 ,
333 1790 360 1815 δ(
379 1788 524 1817 mansionis
543 1788 617 1816 locus
636 1787 788 1824 appellatur
798 1808 805 1819 ,
827 1791 855 1815 ὃς
876 1796 924 1814 nos

144 1829 372 1865 ssr-aeparatorzmn
390 1829 529 1858 dicemus÷
552 1839 629 1866 aeque
649 1828 733 1865 igitur
753 1826 856 1855 manlio
874 1837 923 1865 pro

146 1864 278 1894 militibus
289 1888 298 1899 ,
321 1867 366 1896 vel
380 1868 531 1907 peregrinis
539 1868 713 1907 hospitandis
729 1868 825 1896 eodem
845 1878 925 1896 vota-

144 1903 207 1931 bulo
218 1908 352 1944 appellata
364 1910 415 1938 fuit
427 1932 434 1943 ,
448 1915 475 1939 &
486 1908 549 1949 quia
558 1907 734 1945 synonimice
744 1908 838 1936 eadem
848 1918 929 1937 man*

146 1943 185 1986 sio
196 1945 423 1984 Praeparatorium
434 1961 491 1979 erat
503 1972 511 1984 ‚
533 1949 598 1978 hinc
609 1959 659 1987 pro
669 1948 788 1978 Sacrario
799 1970 808 1981 ‚
830 1949 861 1976 in
870 1960 925 1988 quo

146 1983 326 2028 instrumenta
336 1991 369 2019 ad
380 1990 450 2020 sacra
460 1991 632 2020 conficienda
642 2011 652 2023 ‚
674 1994 702 2019 δε
719 1988 775 2027 ipse
787 1989 924 2018 celebrans

145 2023 179 2051 ad
190 2034 241 2054 rite
251 2027 441 2060 celebrandum
452 2040 637 2071 praeparantur
647 2051 655 2063 ‚
677 2036 906 2067 praeparatorum
916 2051 923 2062 ‚

145 2067 334 2103 Mensorum,
356 2075 384 2100 ὃ(
400 2076 584 2101 Metatori'um
602 2069 754 2109 promiscue
774 2070 924 2108 appellaba-

148 2114 192 2132 (Ἦ
202 2108 239 2140 ῐΗῑ
263 2108 391 2140 Sidonius
402 2112 573 2149 Apollinaris
584 2112 630 2140 lib.
644 2117 668 2140 8.
687 2121 745 2150 cap.
762 2121 804 2138 ιι.
826 2117 841 2145 '1[
852 2111 924 2138 Huic

144 2147 264 2190 quodam
273 2157 396 2188 tempore
407 2153 600 2192 Burdegaliam
609 2151 741 2184 invi-sens,
751 2151 925 2179 Memmi-iam

146 2196 278 2230 paginam
286 2191 358 2229 quasi
367 2202 428 2220 cum
438 2193 510 2222 musa
522 2193 626 2232 praevia
644 2193 703 2222 misi
713 2212 721 2220 .
743 2192 756 2221 ]
766 2192 811 2220 De
822 2192 926 2229 praevia

145 2229 258 2265 epistola
275 2232 365 2259 dixit.
391 2234 446 2262 PR.
457 2234 501 2262 De
522 2234 735 2272 praecedentibus
754 2232 881 2266 lacrymis
900 2233 925 2261 S.

149 2269 244 2298 Vistor
252 2271 393 2301 Uticensis
411 2274 535 2301 dixerat:
560 2280 572 2308 [
594 2274 679 2309 Quod
692 2275 748 2309 jam
766 2271 852 2300 homo
870 2272 925 2300 Dei

147 2312 312 2341 metantibus
322 2312 450 2347 lacrymis
459 2313 568 2342 miserat
578 2316 709 2353 Legatum
718 2313 747 2341 in
757 2312 842 2341 Coelo
851 2332 858 2340 .
881 2313 925 2340 De

145 2351 277 2391 persecut.
290 2354 440 2394 Vandalifa
450 2374 457 2382 .
480 2354 522 2383 lib.
535 2357 583 2392 3.]
597 2365 626 2384 ac
637 2355 671 2384 de
681 2352 781 2395 gaudio
789 2351 923 2394 praet'dtss)

942 2108 1079 2135 Aspaeneo
1091 2127 1101 2135 .
1122 2109 1179 2138 FR.
1188 2117 1239 2146 pro
1257 2107 1368 2136 diffamo
1378 2128 1385 2135 .

979 1541 1079 1578 rigitur
1092 1562 1099 1573 ,
1124 1541 1169 1569 vel
1178 1541 1344 1581 aspergitur.
1366 1550 1378 1578 [
1393 1541 1548 1581 Aspergilla
1558 1551 1591 1569 ex
1602 1550 1669 1578 puro
1678 1549 1743 1568 auro
1753 1561 1763 1573 ‚

979 1581 1195 1619 quamplurimos
1205 1583 1286 1611 etiam
1296 1584 1392 1612 calices
1405 1604 1411 1613 ,
1423 1587 1451 1611 ὃ(
1460 1592 1560 1610 acerras
1571 1603 1579 1614 ,
1589 1585 1617 1610 ὅ(
1634 1590 1765 1619 quaecun-

979 1632 1031 1658 que
1041 1622 1163 1657 mysticis
1173 1624 1345 1653 caeremoniis
1358 1623 1519 1662 peragendis
1533 1631 1609 1650 erant
1622 1619 1762 1650 consecra-

980 1671 1007 1689 ta
1019 1683 1026 1694 ,
1049 1661 1215 1700 spoliantes,
1239 1665 1356 1703 propriis
1365 1664 1417 1693 suis
1430 1662 1630 1701 pofl'effionibus
1648 1660 1765 1690 ascribe-

979 1702 1056 1731 bant.
1084 1703 1205 1742 Agathia
1217 1704 1263 1733 lib.
1276 1718 1302 1734 2.
1322 1703 1479 1742 seu=3.hist.
1491 1705 1502 1734 ]
1513 1704 1557 1732 De
1569 1700 1712 1739 Hyflbpo,
1734 1706 1765 1731 ὃς

979 1743 1095 1778 Ocyruo
1105 1765 1113 1776 ‚
1135 1745 1245 1782 quando
1258 1745 1390 1773 illisloco
1399 1743 1540 1782 aspergilli
1561 1742 1695 1770 utendum
1708 1743 1739 1771 iit
1754 1765 1761 1775 ,

980 1783 1183 1822 diximussupra
1193 1785 1223 1813 in
1238 1786 1304 1814 dist.
1316 1789 1402 1823 Aqua
1421 1784 1577 1812 benadn‘ta.
1601 1782 1763 1821 Aspergillo

981 1834 1039 1851 non
1058 1824 1211 1863 porrigitur
1229 1836 1295 1863 aqua
1316 1825 1457 1853 benedida
1467 1822 1623 1861 Superiori,
1648 1823 1692 1851 vel
1712 1827 1763 1852 Ec-

980 1864 1066 1893 clesiae
1077 1865 1192 1894 Titulari
1209 1886 1217 1897 ,
1239 1864 1285 1894 sed
1295 1866 1364 1893 illud
1382 1864 1530 1893 osculando
1551 1863 1581 1890 in
1592 1863 1767 1902 manuipsius

981 1904 1098 1933 traditur
1109 1917 1115 1933 :
1138 1906 1173 1934 fic
1184 1905 1265 1934 etiam
1274 1906 1404 1934 indecens
1414 1904 1452 1933 est
1463 1926 1470 1937 ,
1480 1904 1525 1932 ubi
1535 1903 1608 1932 adest
1619 1902 1649 1932 in
1659 1903 1764 1942 ingres-

979 1943 1010 1973 su
1028 1946 1151 1975 Ecclesiae
1172 1945 1299 1974 Clericus
1308 1967 1315 1978 ,
1339 1946 1384 1975 vel
1394 1945 1521 1974 Sacerdos
1532 1965 1539 1977 ,
1563 1944 1638 1982 quod
1665 1943 1762 1982 aliquis

980 1984 1114 2014 faecularis
1132 1985 1257 2025 porrigat
1274 1986 1455 2025 aspergillum
1475 1984 1646 2024 Magnatibus
1658 2005 1667 2017 ,
1687 1988 1762 2019 cujus

980 2026 1020 2053 rci
1032 2026 1149 2064 Hispani
1160 2027 1275 2066 rigorosi
1286 2026 1475 2055 observatores
1484 2024 1511 2053 se
1519 2024 1667 2053 ostendunt
1678 2045 1685 2052 .
1696 2026 1762 2054 Cx*

981 2075 1069 2094 terum
1080 2087 1087 2094 .
1110 2067 1184 2096 Vide
1193 2071 1280 2106 Aqua
1288 2068 1428 2096 benediffa
1438 2087 1445 2093 .
1467 2065 1631 2104 spargillum
1641 2084 1648 2091 .

1409 2107 1477 2143 [De
1497 2108 1587 2134 Leone
1599 2107 1689 2133 Fratre
1703 2126 1709 2137 ‚
1733 2108 1761 2134 ὃς

980 2147 1158 2186 Coepiscopo
1188 2148 1282 2176 nostro
1300 2148 1405 2177 finister
1435 2156 1526 2175 rumor
1547 2144 1692 2183 asperserat
1702 2165 1709 2172 .
1735 2157 1761 2184 2(-

981 2197 1025 2226 qti.
1039 2198 1063 2223 5.
1074 2199 1133 2216 can.
1143 2188 1242 2218 Habet.

944 2231 1100 2258 Aspnfflvs
1110 2250 1118 2262 ,
1140 2240 1181 2258 res
1191 2239 1250 2267 quae
1261 2227 1346 2257 scabit
1356 2250 1366 2261 ,
1387 2230 1423 2257 δέ
1435 2225 1534 2255 erodit.
1549 2231 1560 2260 [
1572 2225 1599 2254 Si
1608 2225 1675 2264 quid
1685 2225 1758 2253 intus

980 2270 1093 2299 metrica
1112 2269 1295 2308 produxerit,
1317 2280 1375 2297 non
1395 2267 1485 2296 minus
1501 2265 1586 2298 forti,
1609 2269 1637 2295 ὅ(
1656 2264 1759 2302 asprata

981 2311 1048 2340 lima
1058 2310 1141 2348 poliri
1153 2330 1160 2337 .
1183 2310 1277 2339 Sidon.
1295 2310 1313 2338 1.
1325 2321 1351 2345 4.
1371 2307 1456 2347 Epist.
1468 2308 1516 2337 8.]
1540 2306 1624 2344 Apud
1640 2303 1759 2333 eundem

980 2351 1101 2393 Asprea'c
1108 2371 1118 2388 ,
1140 2354 1168 2384 ὃς
1179 2350 1332 2390 Aspraetuslo
1342 2359 1393 2391 pro
1402 2347 1547 2388 asperitate
1564 2344 1727 2415 invenixisr:
