1866 2526
171 19 276 62 ·128
532 16 640 60 CA

182 88 235 118 que
252 73 449 113 hyacinthini,
472 74 539 105 idest
549 98 556 109 ,
579 75 647 104 aeris
664 73 764 104 coloris
775 98 782 109 ‚
805 80 832 105 ὅ(
852 73 968 104 coelestis

182 120 317 148 denotant
327 139 334 150 ,
356 117 431 156 quod
440 117 563 145 coelcstes
573 116 674 144 debent
684 116 781 145 habere
793 117 872 155 pedes
882 136 888 143 .
908 117 967 144 Du-

182 169 240 188 ran.
251 159 269 186 l.
282 169 308 196 3.
319 169 342 186 c.
356 162 381 185 8.
393 160 405 188 ]
425 159 464 186 At
474 157 530 189 illae
541 157 636 195 quibus
647 158 719 186 Sum.
731 159 814 186 Pont.
824 157 949 185 utebatur
959 175 966 186 ,

182 211 216 229 ex
229 209 318 237 panno
330 208 467 236 purpureo
477 207 556 226 erant
565 198 641 226 simul
653 207 714 225 cum
723 196 858 230 sandaliis,
867 197 897 224 in
906 195 967 234 qui-

182 241 227 269 bus
237 250 271 268 ex
281 239 357 267 corio
368 238 471 276 signata
483 248 538 266 erat
548 238 642 276 pusilla
653 239 732 267 Crux
743 261 750 272 ,
762 249 796 266 ex
807 236 967 266 testimonio

183 278 394 310 Caeremonialis
404 279 561 307 Davantriae
572 301 578 311 ,
590 278 638 317 qui
647 289 690 307 an.
702 279 904 308 MCCCXXV.
917 279 967 305 fio>

180 321 234 349 ruit
246 341 252 348 .
275 322 331 348 PR.
343 319 490 356 aliquando
501 329 594 347 tamen
603 319 751 348 Pontifices
761 322 844 348 Rom.
856 318 893 346 usi
903 316 966 345 sunt

179 360 273 399 caligis
283 359 368 388 clavis
377 359 487 398 {ignatis
498 383 506 394 ‚
529 360 595 388 vide
603 361 738 388 sandalia
758 358 966 398 :11:Significant

179 401 261 430 etiam
274 412 331 429 non
340 411 400 428 raro
411 400 543 429 sandalia.
556 407 567 436 [
578 401 678 429 Calcea
690 410 717 428 te
729 400 827 439 caligas
835 399 965 428 tuas-Act.

178 452 202 470 c.
218 444 284 472 12.]
310 441 367 470 Ubi
378 451 466 480 graeca
476 441 558 469 1εᾶἰο
569 439 745 471 σανδὶίλιιίσε
765 439 862 469 habet:
885 450 965 478 quare

178 483 216 511 D.
230 482 421 517 Hieronymus
433 482 461 510 in
471 493 546 511 cao.
559 481 620 510 lsai.
632 481 667 510 sic
681 481 808 509 testatur:
823 479 966 518 [Diffipa-

177 523 212 550 tis
222 523 411 551 calceamentis
423 544 430 555 ,
453 533 512 561 quae
522 533 536 550 a
544 522 722 560 Septuaginta
732 520 848 550 sandalia
859 543 864 553 ,
877 520 946 549 idest
958 543 964 553 ‚

176 564 271 602 caligae
285 567 417 592 vocant'ur
428 584 435 591 .
448 566 460 594 ]
486 563 561 591 Hinc
571 563 641 601 apud
653 562 805 600 Scriptores
814 561 901 590 sacros
912 584 918 594 ‚
937 565 963 589 ἃ

176 603 315 632 saeculares
327 604 422 643 caligae
433 603 612 633 calciamenta
631 603 754 641 quaedam
775 602 905 630 militaria
923 602 963 630 in-

179 645 364 683 telliguntiir3
388 645 469 682 'atque
487 645 570 678 cajus
582 643 676 672 Caesar
685 665 694 676 ,
716 644 778 681 quia
794 653 857 671 cum
876 641 963 670 nasce-

180 695 254 713 retur
266 686 295 715 in
305 684 428 714 exercitu
440 705 447 717 ,
459 684 551 722 ibique
561 685 694 713 enutritus
704 706 711 716 ‚
722 694 750 711 ut
762 685 822 712 Sex.
835 683 962 712 Aurelius

179 725 280 753 Victor
297 725 390 754 scribit
403 746 410 757 ,
433 725 463 753 ab
482 724 523 752 his
534 724 698 753 militaribus
707 724 803 763 caligis
813 746 822 757 ,
844 724 939 762 quibus
950 734 964 750 :i

179 766 297 804 pueritia
307 765 368 793 usus
379 775 434 793 erat
446 786 454 798 ‚
477 766 521 793 vel
533 774 562 793 ut
573 765 681 793 Tacitus
693 764 784 803 inquit
795 787 801 796 ,
824 764 858 793 :td
871 774 964 792 conci-

178 806 285 834 liandos
296 806 416 834 militum
425 805 530 833 animos
540 827 547 838 ,
559 806 692 842 Caligula
701 806 851 843 appellatus
861 805 945 833 fuerat
956 824 962 830 .

177 847 216 875 D.
227 847 418 881 Hieronymus
428 846 504 884 epist.
517 857 562 881 47.
573 846 606 873 de
617 845 731 883 quadam
743 845 860 884 Virgine
871 853 962 883 pai-nin

177 885 291 915 honesta
303 888 417 925 loquens
429 909 435 919 ,
458 887 492 915 fic
503 887 540 914 ait
553 898 558 914 ε
573 886 695 924 [Caliga
706 896 814 924 quoque
825 886 962 914 anibulan-

179 927 214 954 tis
225 927 329 965 nigella
340 949 346 960 ‚
369 937 396 955 ac
406 926 498 955 *nitens
510 926 625 955 stridore
635 927 668 954 ad
680 926 706 954 se
715 930 828 965 juvenes
841 936 921 954 vocat
932 946 938 953 .
951 927 962 956 ]

176 971 217 996 At
227 967 324 996 clarius
333 968 371 996 D.
384 970 472 1005 Greg.
483 967 512 995 in
532 967 606 995 Dial.
617 977 674 1004 cap.
687 978 712 1001 4.
723 966 756 994 de
774 966 888 1004 Equitio
908 967 962 995 Ab>

178 1008 237 1036 ‘nate
254 1018 336 1047 agens
347 1029 355 1040 ,
378 1007 433 1036 ait:
461 1013 472 1042 [
493 1011 560 1035 Ecce
579 1006 631 1035 Vir
641 1006 697 1036 Dei
714 1007 825 1036 clavatis
836 1008 963 1035 calceatus

176 1047 269 1087 caligis
278 1070 284 1076 .
298 1051 310 1080 ]
324 1050 397 1077 Nam
405 1049 585 1076 calceamenta
596 1048 701 1075 clavata
709 1056 785 1075 erant
797 1067 803 1074 .
816 1049 872 1076 PR.
884 1047 962 1076 Cali-

176 1099 222 1127 gas
234 1098 356 1127 tempore
366 1088 493 1123 hyberno
504 1098 512 1117 ς
535 1091 562 1116 ὅ(
573 1087 701 1125 caligulas
713 1087 742 1115 in
755 1087 844 1116 :estate
865 1087 963 1115 ferebat

175 1130 215 1158 D.
229 1128 387 1168 Fulgentius
402 1140 408 1156 :
433 1128 496 1158 vide
516 1131 571 1165 ejus
582 1128 666 1156 vitam
676 1126 706 1155 in
714 1127 855 1166 principio
865 1126 905 1156 sui
916 1129 960 1157 O<

176 1179 246 1207 peris
257 1191 264 1197 .

135 1209 236 1239 cmx
248 1232 256 1244 ‚
278 1219 322 1239 vas
334 1209 436 1240 sacrum
447 1233 454 1244 ‚
477 1209 506 1238 in
517 1220 572 1249 quo
581 1210 687 1239 Christi
699 1209 811 1249 Sanguis
821 1208 961 1238 consecra-

175 1261 219 1279 tur
229 1273 237 1284 ‚
260 1260 340 1289 atque
349 1250 461 1280 offertur
471 1273 478 1284 ,
502 1252 540 1279 ita
560 1251 707 1288 appellatus
719 1272 726 1283 ,
749 1251 810 1289 quiri
829 1260 903 1278 more
914 1261 960 1278 an-

174 1292 318 1329 tiquorum
331 1292 359 1320 in
369 1291 430 1330 ipso
439 1291 527 1320 calida
536 1291 759 1324 absorbebantur,
771 1291 845 1329 quod
856 1290 961 1319 Cassio-

175 1331 256 1360 dorus
267 1332 296 1360 in
305 1331 373 1360 Psal.
391 1343 398 1360 i
409 1343 433 1368 5.
444 1332 565 1360 alludens
575 1354 582 1364 ,
601 1331 708 1370 inquit:
734 1332 840 1367 [Calix
851 1342 865 1359 a
877 1331 962 1359 calida

175 1372 263 1400 dictus
273 1372 310 1400 est
322 1373 456 1410 potione5
479 1373 610 1411 quoniam
629 1373 694 1400 sicut
714 1372 761 1400 ille
778 1383 828 1400 cor
838 1371 962 1400 hominis

178 1412 312 1440 exhilarat
334 1413 431 1441 bibitus
441 1435 448 1446 ,
473 1413 510 1441 ita
531 1413 577 1441 hic
599 1411 699 1441 sanetas
716 1413 818 1440 animas
829 1422 961 1450 perpetuo

177 1454 307 1488 jucundat
317 1453 421 1482 haustus
431 1475 438 1482 .
451 1456 462 1485 ]
487 1453 545 1482 Ubi
557 1454 590 1482 de
609 1452 769 1481 consecrato
782 1454 865 1481 calice
876 1454 905 1480 in
916 1454 962 1481 Sa-

177 1493 283 1522 crificio
305 1494 448 1532 loquitur5
471 1494 518 1532 qui
541 1493 692 1531 antiquitus
710 1504 768 1522 non
778 1493 962 1522 collocabatur

175 1534 363 1563 celebrationis
375 1545 500 1572 ternpore
510 1535 568 1573 post
577 1534 695 1562 hostiam
707 1556 714 1568 ‚
725 1535 790 1563 ficut
802 1534 834 1562 :id
845 1532 961 1572 praesens

174 1574 223 1604 fits
245 1574 293 1603 sed
312 1576 340 1603 ab
352 1576 431 1613 ipsius
450 1576 532 1603 latere
544 1575 659 1603 dextero
682 1575 831 1612 ponebatur
843 1596 850 1607 ,
873 1574 906 1602 ad
916 1574 961 1602 dc>

173 1615 326 1644 notandum
336 1625 490 1644 emanatum
500 1615 662 1654 sanguinem
671 1625 732 1643 cum
743 1626 809 1653 aqua
820 1616 937 1642 mixtum
948 1625 961 1642 a

174 1655 281 1684 Christi
292 1657 376 1685 latere
385 1657 485 1684 dextro
497 1655 527 1684 in
538 1667 653 1685 cruento
664 1657 797 1684 calvarie
811 1654 959 1687 Sacrificio,

174 1706 204 1723 ut
215 1697 244 1725 in
254 1697 320 1725 dist.
332 1700 426 1734 Hostia
444 1697 565 1725 dicemus
576 1718 583 1724 .
607 1702 619 1731 [
640 1696 724 1726 Calix
743 1706 804 1724 cum
822 1696 890 1725 vino
902 1717 908 1727 ,
932 1700 958 1724 ὃ(

175 1747 241 1775 :iqua
250 1738 279 1765 in
288 1738 384 1766 dextra
396 1739 499 1766 locatur
508 1759 516 1770 ,
539 1737 601 1776 quia
619 1736 725 1775 sanguis
736 1747 797 1765 cum
805 1747 868 1776 :iquri
880 1736 914 1764 de
925 1737 960 1764 la—

174 1788 232 1806 tere
243 1777 351 1806 Christi
362 1777 473 1807 manante
483 1779 645 1816 praedicatur
654 1799 660 1804 .
684 1780 765 1807 Geni.
777 1778 824 1805 lib.
844 1789 865 1804 i.
876 1788 898 1804 c.
912 1784 959 1811 46.

174 1820 216 1846 112
227 1827 317 1847 autem
326 1822 402 1854 juxta
412 1822 494 1848 Rom.
504 1819 632 1847 ordinem
646 1819 676 1846 in
691 1818 778 1847 Altari
788 1828 959 1855 componen-

173 1859 205 1885 dv.
215 1859 276 1887 lunt
288 1881 296 1892 ‚
319 1869 348 1887 ut
359 1860 446 1887 obiam
457 1860 485 1886 ᾗ]
495 1859 632 1897 corporali
645 1858 729 1896 pofita
741 1880 747 1890 ,
770 1859 839 1886 calix
850 1858 882 1886 ad
890 1859 956 1886 dex-

174 1909 244 1926 trum
255 1901 323 1927 latus
334 1900 431 1928 oblatae
442 1910 558 1938 ponatur
567 1921 574 1932 ‚
586 1900 658 1938 quali
668 1898 827 1937 sanguinem
837 1900 956 1927 Domini

173 1937 340 1976 suscepturus
351 1963 358 1973 ,
382 1950 463 1979 quem
474 1941 507 1969 de
529 1941 612 1969 latere
623 1940 778 1968 Dominico
800 1938 955 1977 profluxisse

175 1979 310 2008 credimus
321 2001 327 2007 .
350 1982 459 2010 Microl.
470 1981 503 2009 de
524 1980 625 2010 Eccles.
637 1980 756 2009 Observ.
775 1990 798 2007 c.
814 1991 855 2007 10.
874 1980 954 2008 Calix

174 2018 315 2061 involutus
328 2020 434 2049 sudario
446 2022 598 2060 porrigitur
608 2021 640 2049 :id
652 2022 745 2050 Altare
756 2042 764 2052 ,
787 2020 861 2057 quod
880 2019 954 2048 stida-

173 2069 245 2087 rium
258 2061 370 2097 ponitui·
381 2062 409 2089 in
420 2073 504 2090 cornu
516 2063 616 2091 Altaris
628 2084 634 2095 ,
657 2061 739 2090 Calix
752 2060 781 2088 in
791 2061 873 2088 latere
885 2061 954 2089 obla<

173 2108 207 2127 ωε
220 2099 249 2129 iu
260 2101 349 2129 Alteri
360 2104 534 2140 componitur
545 2125 552 2135 ,
566 2113 622 2131 non
633 2102 691 2140 post
701 2110 808 2139 tergum
819 2121 825 2128 .
838 2102 955 2129 Amalar.

175 2140 204 2167 in
215 2140 321 2178 praefat.
334 2143 344 2171 ]
369 2143 446 2170 Prius
455 2144 530 2171 enim
542 2143 679 2183 corporali
690 2142 828 2180 tegebatur
838 2163 845 2174 ‚
868 2151 896 2169 ut
909 2142 955 2170 ad-

172 2180 224 2208 huc
246 2181 420 2209 carthusiani
438 2183 583 2212 observant
596 2195 602 2215 ς
626 2183 673 2211 fed
693 2193 742 2211 nos
759 2192 809 2220 pro
828 2183 956 2220 operculo

170 2231 251 2259 parva
268 2222 337 2259 palla
357 2222 458 2250 utimur
468 2234 500 2251 ex
512 2224 671 2253 Innocentii
683 2226 760 2261 Pap-e
773 2224 829 2251 111.
848 2223 955 2251 ordini<

172 2261 250 2289 tione
261 2262 289 2289 in
298 2262 344 2290 lib.
358 2274 383 2290 ι..
395 2263 428 2290 de
439 2265 517 2298 myst.
531 2264 612 2293 Mifl'ae
623 2275 680 2302 cap.
695 2270 739 2300 56.
759 2263 824 2290 vide
835 2264 956 2291 Suarium

171 2301 240 2340 disp.
254 2307 297 2330 81.
309 2302 372 2330 sest.
387 2309 411 2330 6.
426 2304 591 2338 Hujusmodi
615 2306 689 2333 enim
710 2303 814 2333 Calicis
835 2303 955 2331 situatio-

172 2342 274 2375 ncmin
293 2342 406 2382 antiquo
418 2344 522 2373 Ritusli
541 2344 612 2385 saepe
630 2355 715 2375 citato
729 2344 851 2375 Abbatiae
863 2344 954 2373 Mileti

1306 17 1345 59 C
1376 20 1415 60 A

1025 71 1188 105 delineatam
1199 73 1257 104 vidi
1268 96 1276 108 ,
1299 79 1327 105 &
1337 75 1431 104 Graeci
1443 73 1611 104 vetustorum
1620 74 1722 108 rituum
1733 86 1810 108 tens-⁷

1023 115 1122 144 ciffimi
1141 115 1331 145 observatores
1349 115 1437 144 adhuc
1459 115 1567 145 servant
1579 137 1586 144 .
1608 118 1692 148 calix
1714 119 1809 159 priscis

1022 158 1189 198 temporibus
1199 168 1257 186 non
1267 157 1422 186 elevabatur
1433 168 1440 188 5
1463 154 1510 185 sed
1519 157 1657 187 Diaconus
1677 159 1706 188 in
1718 160 1808 199 prola-

1023 203 1102 225 tione
1112 198 1267 226 Sacerdotis
1276 219 1284 231 ,
1308 204 1359 226 Per
1369 200 1462 225 omnia
1477 198 1579 234 facula
1588 199 1646 231 &a
1665 200 1745 229 illurn
1757 201 1812 229 ali-

1022 239 1184 273 quantulum
1192 239 1315 267 elevabat
1324 259 1331 266 .
1355 243 1367 273 [
1377 237 1499 267 Dicente
1510 238 1654 267 Sacerdote
1664 246 1676 274 (
1687 243 1739 269 Per
1749 251 1810 270 om-

1024 279 1069 306 nia
1078 277 1173 307 saecuia
1181 278 1341 308 saeculorum
1351 282 1364 312 -)
1374 279 1513 308 Diaconus
1523 278 1602 306 venit
1611 300 1620 311 ‚
1641 281 1752 310 calicem
1762 292 1808 310 co-

1024 328 1080 347 rarn
1088 316 1116 346 se
1127 318 1246 348 sustollit
1255 341 1264 352 ,
1286 330 1346 348 cum
1355 319 1457 348 fanone
1476 328 1581 358 partem
1598 322 1653 357 ejus
1664 323 1789 360 cooperit
1799 343 1808 355 ,

1023 358 1054 387 in
1062 359 1159 388 Altare
1181 360 1291 398 reponit
1303 382 1311 393 ,
1331 366 1394 389 cum
1413 359 1556 399 corporale
1573 361 1699 399 cooperit
1708 384 1717 395 ‚
1738 372 1808 400 prae-

1024 398 1113 428 serens
1133 399 1235 438 Joseph
1256 401 1286 429 ab
1297 400 1465 430 Arimathaea
1474 423 1482 434 ,
1504 401 1551 439 qui
1572 401 1682 439 Corpus
1700 401 1809 432 Christi

1022 439 1150 478 deposuit
1161 463 1169 474 ‚
1193 440 1287 469 faciem
1306 439 1414 469 sudario
1432 441 1574 479 cooperuit
1583 462 1593 470 ,
1616 444 1698 471 Gem.
1719 442 1766 471 lib.
1783 455 1792 472 i
1800 465 1808 473 .

1022 491 1079 518 cap.
1091 488 1137 515 46.
1151 484 1162 513 ]
1177 482 1222 509 De
1234 481 1350 509 Pinariis
1359 481 1511 520 significatu
1520 502 1528 509 .
1551 482 1625 510 Vide
1637 488 1731 512 Fanon
1741 504 1748 511 .
1772 486 1808 512 In

1023 521 1090 549 festo
1101 521 1360 560 Transfigurationis
1374 543 1382 554 ,
1404 521 1510 549 scilicet
1521 543 1530 554 ‚
1553 522 1598 550 die
1609 524 1661 551 VI.
1673 524 1788 562 Augusti
1800 546 1808 557 ,

1020 572 1078 591 mos
1089 571 1144 590 erat
1156 572 1247 591 recens
1258 563 1354 590 vinum
1364 561 1522 590 consecrare
1533 573 1539 592 5
1563 561 1585 597 fi¹
1597 573 1663 592 vero
1685 575 1744 593 non
1765 576 1808 594 re-

1022 602 1176 641 periebatur
1186 625 1193 635 ‚
1207 613 1270 631 tunc
1282 603 1309 630 in
1322 612 1398 631 mero
1411 612 1594 641 pe-rmaturato
1604 602 1674 632 intra
1683 605 1807 634 Calicem

1021 643 1109 681 posito
1119 653 1211 682 parum
1220 653 1281 671 uvae
1292 644 1495 682 exprimebatun
1508 668 1516 678 ‚
1539 644 1569 671 in
1579 644 1741 679 mysterium
1750 657 1808 674 coe-

1021 684 1093 712 lestis
1104 684 1184 723 regni
1196 684 1226 712 in
1237 682 1344 712 Christi
1355 684 1596 723 transfiguratione
1606 683 1763 723 significati,
1773 688 1808 716 de

1022 734 1076 763 quo
1089 724 1137 752 illc
1147 726 1178 752 in
1188 725 1284 752 ultima
1294 735 1372 753 coene-
1380 725 1470 754 aff-itus
1481 726 1535 753 est:
1552 730 1563 760 [
1575 725 1689 755 Amodo
1699 736 1757 754 non
1768 727 1808 755 bi-

1020 766 1078 793 bam
1089 765 1122 792 de
1134 764 1186 794 lioc
1197 765 1341 803 genimine
1354 766 1419 793 vitis
1430 788 1438 798 ‚
1460 766 1548 794 donec
1567 766 1658 794 bibam
1677 766 1748 795 illud
1759 778 1808 796 no-

1021 815 1084 834 vum
1093 805 1123 832 in
1133 808 1234 844 Regno
1244 806 1330 834 Patris
1341 806 1393 834 mei
1405 827 1411 833 .
1425 808 1436 837 ]
1462 810 1496 834 Et
1508 807 1537 834 in
1548 817 1581 834 eo
1592 807 1637 835 die
1646 817 1699 835 uva
1710 809 1809 837 novel-

1019 846 1044 874 la
1053 846 1282 874 benedicebatur.
1300 846 1424 877 Durand.
1435 846 1481 874 lib.
1492 858 1517 878 7.
1529 857 1585 884 cap.
1598 859 1644 875 ιι.
1655 848 1701 876 De
1712 847 1808 885 priscis

1019 886 1155 915 Calicibus
1167 886 1201 914 fic
1213 885 1379 924 respondifl‘e
1391 888 1415 915 S.
1428 885 1599 915 Bonifacium
1609 887 1640 915 in
1648 898 1707 916 can.
1719 887 1807 917 obser.

1020 937 1099 964 prop.
1115 937 1160 964 ²3·
1170 927 1334 965 Radulphus
1344 927 1444 954 refert:
1469 933 1482 962 [
1494 927 1620 955 Ecclefiae
1632 929 1739 963 Martyr
1750 950 1758 962 ‚
1778 933 1806 958 ὃ(

1019 966 1166 1005 Episcopus
1176 967 1330 995 Bonifacius
1340 967 1521 1005 interrogatus
1533 988 1540 999 ,
1563 967 1581 994 fi
1593 968 1688 995 liceret
1698 969 1728 995 in
1740 970 1807 998 valis

1018 1007 1120 1045 ligneis
1132 1007 1302 1037 Sacramenta
1311 1007 1448 1035 conficere
1460 1011 1469 1036 ?
1481 1006 1655 1045 Respondit:
1667 1009 1805 1046 quondam

1019 1047 1176 1076 Sacerdotes
1186 1048 1257 1076 aurei
1268 1048 1351 1086 lignis
1362 1047 1501 1076 Calicibus
1512 1047 1674 1079 utebantur5
1698 1059 1769 1078 nunc
1790 1061 1806 1078 e

1017 1097 1114 1116 contra
1132 1088 1217 1126 lignei
1228 1088 1384 1117 Sacerdotes
1394 1089 1480 1116 aurcis
1498 1096 1611 1117 utuntur
1623 1088 1763 1118 Calicibus
1772 1111 1779 1118 .
1790 1092 1804 1122 ]

1019 1130 1075 1157 I-R.
1088 1129 1155 1157 Sunt
1167 1129 1247 1156 verba
1256 1129 1369 1158 Concil.
1380 1129 1489 1158 Tnbur.
1507 1138 1563 1166 cap.
1581 1140 1589 1156 i
1599 1133 1623 1157 8.
1642 1129 1687 1158 iibi
1706 1130 1740 1158 fic
1759 1130 1804 1159 ha-

1016 1168 1092 1196 betur
1102 1179 1108 1195 :
1132 1174 1145 1203 [
1156 1167 1223 1196 Vasa
1235 1168 1328 1206 quibus
1337 1169 1501 1198 sacrosansta
1509 1169 1694 1198 conficiuntur
1704 1171 1803 1205 myste-

1018 1208 1075 1242 ria,
1098 1208 1223 1242 Calices,
1245 1208 1306 1236 sunt
1317 1230 1324 1240 ‚
1347 1213 1375 1237 ἃ
1386 1219 1491 1246 patenae
1504 1232 1510 1242 ,
1534 1210 1568 1238 de
1588 1211 1681 1248 quibus
1690 1210 1804 1239 Bonifa-

1014 1249 1072 1277 cius
1083 1249 1190 1283 Martyr
1203 1270 1211 1281 ,
1233 1252 1260 1276 ὅ(
1274 1248 1422 1287 Episcopus
1442 1249 1625 1288 interrogatus
1636 1272 1643 1283 ‚
1667 1251 1686 1279 ss
1705 1252 1805 1280 liceret

1016 1289 1046 1318 in
1059 1288 1172 1318 vasculis
1185 1289 1284 1327 ligneis
1297 1290 1467 1317 Sacramenta
1477 1289 1612 1318 conficere
1622 1294 1631 1319 ἓ
1640 1290 1784 1329 respondit
1794 1305 1801 1320 .-

1013 1329 1153 1368 ,quondam
1164 1330 1321 1359 Sacerdotes
1341 1330 1412 1359 aurei
1431 1329 1531 1368 ligneis
1548 1329 1676 1359 calicibus
1693 1332 1804 1360 uteban-

1016 1381 1060 1398 tur
1072 1392 1079 1402 ,
1101 1381 1173 1399 nunc
1185 1382 1198 1400 e
1210 1371 1400 1410 contralignei
1411 1370 1567 1399 Sacerdotes
1584 1371 1670 1399 aureis
1688 1381 1804 1401 utuntur

1017 1411 1144 1439 calicibus
1154 1432 1161 1439 .
1184 1412 1351 1449 Zepliirinus
1370 1413 1448 1440 XVI.
1470 1413 1610 1440 Romanus
1632 1410 1781 1449 Episcopus
1794 1433 1802 1444 ‚

1016 1452 1121 1490 pstcnis
1133 1451 1228 1481 vitreis
1238 1451 1327 1481 Mifi‘zs
1336 1452 1463 1480 celebs-‚iri
1474 1451 1617 1479 constituit
1627 1462 1635 1481 5
1659 1461 1716 1479 tuin
1724 1452 1803 1480 deni-

1018 1502 1071 1530 que
1081 1491 1208 1521 Urbanus
1219 1495 1305 1521 VIII.
1317 1494 1385 1530 Papa
1395 1491 1646 1520 omniaministeria
1655 1490 1754 1520 sacrata
1765 1492 1804 1520 fe-

1015 1534 1055 1560 cit
1065 1543 1192 1571 argentea
1203 1553 1210 1560 .
1223 1535 1235 1564 ]
1260 1533 1344 1570 Quod
1354 1533 1383 1560 in
1393 1544 1416 1560 c.
1428 1531 1488 1561 yasa
1497 1553 1505 1564 ,
1527 1531 1561 1562 cle
1572 1530 1691 1560 consecr.
1702 1532 1762 1560 dist.
1778 1544 1786 1560 1
1794 1553 1802 1560 .

1018 1584 1032 1601 a
1041 1574 1174 1602 Gratiano
1184 1595 1191 1606 ,
1202 1577 1228 1602 ὃ(
1239 1584 1253 1601 a
1263 1572 1382 1606 Valfrid.
1396 1573 1478 1601 Strab.
1489 1572 1523 1601 de
1534 1572 1602 1602 Reb.
1614 1571 1714 1601 Eccles.
1725 1583 1800 1607 c.2.4.

1015 1613 1130 1642 refertur
1141 1635 1148 1641 .
1172 1615 1262 1649 Quare
1279 1614 1334 1642 illis
1353 1613 1435 1641 beatis
1454 1611 1679 1642 Christianorum
1697 1611 1802 1641 saeculis

1018 1654 1085 1682 bene
1098 1654 1210 1683 Liviana
1224 1655 1303 1683 verba
1317 1654 1435 1692 adaptari
1446 1652 1596 1692 potuissent
1607 1675 1614 1685 ,
1626 1653 1700 1690 quod
1710 1652 1801 1690 super-

1017 1694 1122 1724 stitiose
1132 1705 1223 1724 tamen
1235 1695 1283 1724 ille
1293 1696 1326 1723 de
1336 1695 1477 1733 primitiva¹
1495 1693 1569 1721 inter
1578 1696 1717 1721 Romanos
1739 1693 1801 1722 ido-

1015 1736 1121 1764 lolmi'a
1129 1736 1284 1764 introducta
1295 1736 1313 1763 l.
1325 1746 1352 1772 3.
1362 1735 1454 1772 decad.
1471 1745 1493 1760 1.
1503 1731 1644 1771 scripserat
1653 1733 1779 1771 inquiens
1792 1745 1799 1764 ς

1018 1783 1028 1811 [
1040 1777 1305 1813 Celebrabanturque
1314 1774 1463 1812 religiones
1476 1773 1519 1811 pie
1530 1774 1612 1811 magis
1625 1795 1632 1805 ,
1655 1783 1734 1811 quain
1746 1784 1800 1804 ma-

1013 1816 1153 1855 gnifice.]
1177 1815 1291 1845 Discere
1312 1815 1438 1854 profesto
1460 1813 1608 1843 debuifl'cnt
1622 1814 1799 1842 Ecclefiastici

1014 1856 1160 1889 nonnulli,
1183 1866 1299 1894 quorum
1321 1854 1488 1894 propensitas
1498 1876 1506 1887 ,
1528 1853 1593 1883 dum
1615 1854 1648 1883 :id
1671 1854 1798 1882 Ecclesiae

1013 1907 1140 1926 ornatum
1163 1906 1220 1925 tota
1242 1895 1362 1925 versatur
1383 1917 1390 1928 ,
1412 1906 1426 1923 a
1447 1894 1687 1923 commiseratione
1708 1904 1801 1925 tamen

1013 1938 1175 1976 paupertatis
1184 1937 1322 1966 aversatur
1331 1958 1338 1969 ‚
1362 1936 1397 1964 ita
1408 1946 1437 1963 ut
1448 1935 1608 1974 obsequium
1618 1936 1681 1964 Deo
1689 1933 1717 1962 se
1728 1944 1798 1972 prx-

1012 1979 1079 2006 stare
1092 1986 1190 2016 putent
1201 2000 1208 2010 ,
1229 1977 1337 2015 quando
1347 1976 1485 2005 testatores
1496 1977 1529 2005 ad
1539 1977 1626 2014 legata
1637 1975 1679 2014 pia
1691 1980 1747 2008 (ne
1757 1975 1798 2002 di-

1012 2029 1069 2051 carn
1090 2019 1254 2056 impia)pro
1275 2027 1368 2046 eorum
1387 2017 1513 2046 Ecclefiis
1530 2017 1648 2045 condere
1669 2014 1798 2047 suadent,

1013 2060 1106 2087 uxoris
1116 2069 1206 2087 tamen
1220 2059 1353 2086 viduitate
1364 2056 1515 2095 posthabita
1527 2079 1535 2090 ‚
1558 2068 1585 2086 ac
1596 2056 1718 2086 filiorum
1728 2077 1735 2088 ,
1746 2066 1798 2084 cae-

1014 2109 1189 2137 cetorumque
1210 2100 1335 2127 affinium
1357 2098 1513 2137 indigentia
1525 2119 1531 2126 .
1555 2099 1662 2126 Contra
1684 2096 1801 2125 fimilem

1013 2139 1272 2171 Ecclesiasticunnfic
1284 2141 1321 2168 D.
1336 2139 1492 2168 Ambrosius
1503 2136 1799 2174 inveliittii⁴,inquiens:

1018 2188 1029 2216 [
1041 2181 1116 2216 Quid
1125 2181 1198 2208 enim
1209 2179 1300 2209 dices?
1323 2179 1422 2213 timui,
1445 2190 1479 2207 ne
1496 2179 1603 2217 templo
1615 2178 1671 2206 Dei
1689 2186 1800 2205 ornatus

1013 2220 1112 2250 deesset
1121 2235 1129 2250 .·
1153 2219 1300 2259 respondet
1312 2244 1319 2253 ,
1331 2226 1343 2254 (
1354 2222 1430 2249 Deus
1442 2224 1453 2252 )
1464 2230 1557 2248 aurum
1567 2220 1732 2247 Sacramenta
1742 2227 1799 2244 non

1014 2270 1143 2300 qiiaerunt
1152 2283 1160 2294 ,
1183 2272 1270 2300 neque
1280 2271 1343 2290 auro
1354 2262 1461 2300 placent
1472 2270 1481 2293 ,¹
1493 2271 1553 2299 quae
1566 2269 1630 2287 auro
1639 2269 1696 2302 non
1703 2266 1799 2285 emun-

1014 2313 1057 2331 tur
1069 2323 1075 2332 ,
1097 2303 1222 2334 ¹Ornatus
1232 2303 1374 2331 Sacrorum
1385 2302 1422 2330 est
1433 2300 1588 2339 redemptio
1608 2307 1778 2336 captivorum
1790 2320 1797 2330 ,

1015 2343 1084 2382 apud
1096 2342 1260 2372 Gratianum
1286 2354 1328 2373 ιι.
1339 2342 1431 2382 quaest.
1447 2355 1471 2372 2.
1483 2353 1540 2370 can.
1559 2343 1665 2370 Aurum
1683 2338 1801 2372 Eccleiia

1709 2379 1759 2412 hrt*
