1866 2526
37 1417 205 1444 GOLGO‘i‘i-ia
217 1436 225 1447 ‚
249 1425 304 1444 vox
325 1416 465 1450 hebraica,

415 45 428 51 v*
457 18 570 62 (ΒΟ

93 81 203 110 Gnatho
212 79 338 119 parafitus
346 74 534 107 introducitur
545 97 553 110 ‚
571 72 618 103 sed
640 75 752 116 proprie
772 76 896 116 Asopum

93 121 227 160 signifieat
237 142 247 155 ‚
255 121 302 160 qui
313 119 345 148 ad
356 119 450 158 populi
459 117 686 147 oblectamentum
702 126 814 156 propter
824 127 896 146 mer-

93 162 189 191 cedem
197 171 280 201 genas
291 161 368 188 inflat
379 181 387 192 ‚
398 157 539 198 alapasque
550 157 654 196 patitur
663 178 669 185 .
684 164 694 193 [
707 159 762 196 Qui
773 157 815 186 liis
825 167 895 197 prz-

93 200 156 230 sunt
175 201 287 231 musicos
301 223 309 234 ‚
332 199 431 229 muscas
442 221 449 233 ,
472 198 650 227 saltatriculas
660 219 668 231 ,
692 199 818 228 tibicines
828 217 838 233 ‚
859 199 893 227 ri.

92 242 198 272 diculos
205 241 364 281 gnathones
375 262 382 273 ‚
405 240 534 280 parasitos
543 260 552 272 ‚
575 239 678 268 turbam
704 240 833 268 vanitatis
849 250 894 267 co-

93 283 187 318 mitem
199 305 206 316 ,
229 292 310 321 atque
323 282 503 320 pedissequam
514 300 521 308 .
543 278 664 308 Asterius
687 279 775 319 Episc.
794 279 893 308 homil.

91 323 126 351 de
145 323 247 352 Divite
258 345 267 357 ,
289 326 317 352 &
334 323 438 351 Lazaro
450 342 457 349 .
482 323 493 353 ]
519 320 607 350 Unde
627 323 749 358 Ganaffa
769 326 782 355 (
801 320 869 349 idest
885 341 893 352 ,

91 363 221 396 maxilla)
232 363 296 392 Itali
304 363 398 391 dicunt
411 383 418 391 .

50 404 187 433 Osinium
199 407 302 434 Vinum
315 424 321 431 .
345 403 419 431 Vide
431 403 560 431 Colatum
572 421 580 429 .

48 445 176 474 Οκοιτε
186 444 312 474 haeretici
324 465 330 474 ,
355 444 428 472 Vide
441 447 563 481 Agnone
573 461 582 470 .

49 485 241 515 GNOSluAcm
253 507 260 518 ,
272 484 397 514 haeretici
409 506 415 517 ,
426 488 453 513 ὅ(
463 494 554 522 gni-co
565 482 695 512 vocabulo
706 477 892 515 Γνωσιμὲχσι,

89 524 157 554 idest
169 548 176 559 ,
199 526 339 563 sapientiae
352 525 457 554 inimici
470 535 478 554 ἢ
498 525 646 553 renuebant
663 523 738 551 enirn
756 520 786 548 hi
808 521 890 549 Sacrae

87 565 232 604 Scripturae
246 573 371 604 periiimi
384 586 392 598 ,
416 566 491 594 illam
502 574 601 594 merarii
610 563 791 592 curiositatem
799 562 890 605 appel-

86 605 174 635 lantes
185 629 192 639 ,
204 618 231 635 ac
245 607 332 635 solum
342 616 426 644 operti
435 607 503 634 bona
515 605 549 634 ad
559 604 740 633 salvationem
752 603 890 631 nesessaria

87 646 138 675 esl‘e
149 646 296 676 :issercbant
306 669 313 675 .
339 649 396 676 rR.
408 647 513 675 Utrum
530 645 613 674 iidem
634 643 736 673 fuerint
748 667 756 678 ,
779 654 808 672 ac
817 647 889 671 Gno-

82 688 147 723 stici
156 691 184 716 δε
194 692 306 716 Gnoit‘.
316 687 390 716 Vide
399 685 547 716 Baronium
561 689 668 714 An.68.
681 694 706 712 n.
716 687 831 714 12.An.1
842 696 887 713 ιο.

86 738 113 754 n.
128 739 174 756 2!-
187 739 233 762 ις.
246 734 291 756 26.
303 731 387 766 37.&
398 731 445 764 38.
458 729 514 754 An.
531 736 595 761 145·
606 736 633 753 n.
647 734 671 752 ³.
692 729 725 754 Et
739 725 888 754 LatiniLa-

86 768 151 795 tinii
164 768 240 806 epist.
252 777 320 796 tom.
336 778 357 795 i.
368 777 425 808 par.
437 778 462 796 τ..
475 775 560 805 pag-‘3
568 778 614 801 44.
625 769 652 794 δε
662 776 729 803 345.

43 808 205 840 GNOSTICI,
219 807 342 836 haeretici
355 817 468 846 propter
478 807 670 835 excellentiam
679 805 800 835 scientiae
812 805 839 833 sc
851 806 886 834 iia

82 849 218 886 appellare
241 850 390 877 voluerunt
401 868 408 876 .
432 848 562 877 Animam
574 868 582 879 ‚
606 856 730 875 naturam
749 848 805 877 Dei
834 847 884 875 esi'e

82 888 199 919 dicumz
222 889 322 918 bonum
332 911 340 922 ‚
351 892 377 917 ὅ(
390 889 490 917 malum
501 889 591 917 Deum
601 886 639 916 sui
650 887 823 927 dogmatibus
835 887 885 916 sin-

81 938 151 967 gunt
162 941 169 956 :
192 940 259 968 quos
271 930 381 968 proprie
393 929 538 958 Menandri
551 927 673 967 sequaces
686 928 759 957 fuisse
769 951 776 961 ‚
789 930 813 958 S.
827 930 884 957 Ire-

83 979 157 997 naeus
167 970 212 998 lib.
223 980 250 1007 3.
270 981 328 1009 cap.
341 982 368 1005 4.
380 971 461 999 docet
472 990 478 998 .
502 969 576 998 Vide
586 971 790 998 Menandriani
802 991 809 998 .
833 971 886 997 Ni-

81 1008 233 1037 hilominus
245 1011 338 1040 multae
357 1012 417 1039 :iliae
429 1010 506 1038 seetae
520 1009 593 1038 hunc
602 1009 754 1048 speciosum
774 1011 884 1039 titulum

81 1048 215 1088 usurpatae
227 1049 290 1079 sunt
302 1073 309 1083 ,
330 1062 382 1089 qua
393 1052 426 1079 de
437 1061 464 1078 re
476 1051 549 1078 intei-
559 1049 646 1078 sacros
655 1051 807 1088 Scriptores
826 1061 885 1079 orta

83 1090 119 1118 eil
140 1090 241 1119 deinde
260 1092 426 1129 opinionum
444 1091 588 1120 diversitas
605 1092 676 1119 circa
687 1091 883 1121 Gnosticorum

81 1130 302 1164 haerefiarcham,
312 1142 372 1160 cum
383 1133 475 1161 multat
488 1132 683 1160 haereticorum
691 1131 769 1160 sectae
783 1132 884 1172 gloria-

81 1181 114 1199 ιε
125 1171 178 1200 fint
189 1171 242 1199 hoc
254 1172 385 1203 nomines
408 1174 465 1201 imo
476 1173 606 1201 nonnulli
618 1172 760 1201 Catholici
777 1175 808 1201 ab
827 1173 868 1201 hae

80 1212 142 1240 reiis
153 1212 253 1240 macula
263 1213 395 1241 immunes
406 1234 414 1246 ‚
435 1224 468 1242 ex
480 1212 603 1251 superbia
614 1234 621 1245 ,
633 1216 661 1241 ὅ(
672 1214 822 1241 ambitione
833 1225 882 1242 no-

81 1263 145 1281 men
155 1252 208 1280 hoc
220 1251 388 1286 affeftabant,
398 1254 437 1282 ita
447 1254 579 1283 Clemens
590 1254 793 1282 Alexandrinus
804 1254 851 1282 lib.
860 1265 881 1282 i.

78 1293 187 1332 Paedag.
199 1303 256 1332 cap.
268 1300 295 1322 6.
306 1294 434 1324 testatur.
446 1294 519 1325 Vide
528 1293 669 1323 Latinium
678 1295 731 1323 loc.
741 1296 788 1324 cit.
799 1298 826 1323 ὅ(
836 1294 882 1323 hic

78 1339 94 1362 S
96 1341 270 1371 corptacum‘.

39 1376 106 1403 Goc
119 1393 125 1400 .
153 1374 207 1402 Vid
218 1378 330 1418 Mogog:

489 1428 547 1458 qux
566 1417 688 1446 cranium
719 1416 855 1456 fignificat
875 1436 882 1444 .

1225 21 1269 63 G
1297 21 1340 63 0
1623 39 1697 83 351

952 73 1011 110 set,
1026 77 1120 106 Homo
1132 77 1349 108 mximusinter
1358 79 1519 118 Gygantes:
1542 88 1663 115 Enacim
1679 82 1754 114 enini

948 115 1075 146 hebraice
1084 119 1229 157 Gygantes
1240 119 1388 157 significat,
1397 130 1514 159 quorum
1522 122 1575 152 osl'a
1597 125 1627 154 in
1640 126 1755 154 Hebron

947 156 1051 196 Joseph
1063 159 1185 196 chteus
1195 157 1278 198 usque
1287 159 1321 188 ad
1330 158 1370 188 sui
1380 169 1488 190 :etatem
1499 163 1603 192 ostensa
1613 165 1685 194 fiiisse
1697 167 1713 194 ἲ.
1729 174 1756 203 5.

949 199 1050 236 Antiq.
1059 209 1148 238 capa..
1158 199 1271 228 testatur
1280 220 1287 227 .
1299 201 1431 229 Batonius
1444 213 1534 232 autem
1544 207 1616 242 An.3
1624 216 1696 240 4.n.i
1709 218 1715 235 i
1727 218 1737 239 5
1748 226 1755 233 .

949 239 1060 268 Sanaos
1071 241 1162 269 Patres
1175 250 1224 278 pro
1236 241 1399 270 affirmativa
1409 241 1546 272 sententia
1562 248 1638 274 cotra
1653 246 1754 274 Hiero-

949 288 1066 314 nymum
1075 279 1202 309 defendit
1213 301 1219 307 .
1245 280 1360 320 Insuper
1372 283 1564 322 Villalpandus
1574 285 1605 315 in
1615 289 1755 324 Apparaiu

948 319 1035 349 Urbis
1046 320 1156 350 Hiems.
1169 321 1215 350 lib.
1231 332 1253 349 ι.
1263 332 1350 360 cap-9.
1362 326 1389 352 ὃ(
1402 325 1536 354 Martinus
1547 327 1591 356 del
1601 327 1658 358 Rio
1670 327 1699 355 in
1711 337 1756 365 p:-

949 361 1084 399 negyrico
1093 372 1120 394 7.
1141 361 1175 390 dc
1185 364 1266 390 Beata
1287 363 1404 402 Virgine
1422 374 1454 393 ex
1473 367 1610 404 opinione
1628 367 1754 396 Honorii

950 401 1204 440 Augustoduncnsis
1214 424 1222 435 ‚
1243 404 1385 432 Nocmum
1397 427 1404 438 ‚
1414 407 1492 440 ajunt
1502 407 1532 436 in
1543 411 1640 437 Arcam
1652 417 1751 447 corpus

948 441 1049 476 Adami
1059 441 1214 471 convexisse
1224 463 1232 474 ,
1255 446 1280 471 ὅ(
1295 443 1353 481 post
1365 445 1558 481 cataclysmum
1568 450 1641 477 illius
1650 448 1703 477 oss'a
1716 449 1751 477 :id

947 481 1032 510 instar
1055 482 1237 520 pretiosissimi
1249 483 1369 512 thesauri
1383 495 1433 523 pro
1444 486 1536 516 diviso
1545 492 1601 525 ejus
1610 489 1676 518 siliis
1686 499 1753 518 con-

946 521 1055 560 signasse
1067 544 1076 556 ‚
1095 523 1168 552 unde
1177 524 1257 553 Semo
1268 525 1372 553 Noemi
1384 526 1574 566 primogenito
1583 540 1643 558 curn
1653 530 1751 559 cranii]

946 561 1041 591 habere
1056 564 1256 602 contigisset,in
1266 564 1379 603 praefato
1391 576 1487 596 monte
1499 570 1567 599 illud
1577 571 1749 599 condiderat.

947 603 1005 631 Hac
1019 603 1125 633 tortasse
1137 605 1172 633 de
1182 604 1257 633 causa
1277 605 1337 634 usus
1348 607 1481 646 pingendi
1499 611 1622 640 obtinuit
1633 632 1641 644 ‚
1665 621 1694 639 ut
1714 611 1750 638 ad.

947 644 1082 672 Cruci'rixi
1094 645 1288 682 Redemptoris
1299 646 1424 685 imaginis
1434 650 1516 686 pedes
1526 652 1650 680 cranium
1663 651 1746 690 primi

946 685 1067 712 moi-talis
1077 685 1194 724 effigiari
1204 685 1311 716 soleam
1335 697 1398 715 nam
1408 699 1485 727 :tque
1506 702 1519 720 :t
1530 692 1627 720 mortis
1636 693 1747 722 Trium-

944 724 1058 763 phatore
1078 725 1153 754 illius
1169 726 1292 756 cranium
1311 727 1406 758 calcari
1424 730 1553 767 debuiflet
1567 755 1574 765 ,
1596 742 1645 770 per
1666 742 1747 771 quem

944 775 1016 795 mors
1028 766 1183 795 introducta
1194 767 1298 798 sueram
1321 768 1410 808 deque
1430 780 1463 799 eo
1476 774 1601 802 concinit
1612 773 1745 802 Ecclesia:

947 811 958 841 [
970 807 1024 843 Qui
1037 817 1154 835 mortem
1165 807 1283 837 nostram
1293 810 1440 839 moriendo
1451 812 1585 842 destruxit
1595 834 1602 841 .
1621 815 1634 844 ]
1658 812 1743 842 Fuisse

942 857 1024 876 etiam
1035 848 1216 876 traditionem
1228 872 1236 882 ‚
1259 850 1289 877 in
1300 849 1352 878 hoc
1361 861 1457 880 monte
1468 853 1574 882 Abi-alu
1580 863 1654 882 mum
1665 853 1744 882 suum

940 889 1116 928 unigenitum
1127 899 1178 927 pro
1187 890 1283 919 divina
1292 891 1447 920 obedientia
1465 892 1598 923 sacrificio
1616 893 1746 923 destinas-

940 928 977 961 se,
989 931 1030 959 SS.
1043 931 1134 957 Patres
1145 930 1215 968 apud
1226 933 1325 960 Baron.
1337 932 1389 960 loc.
1398 933 1447 961 cit.
1456 935 1594 964 affirmant
1604 957 1612 968 ‚
1624 939 1652 963 ὅ(
1661 933 1746 972 usque

939 970 971 998 ad
983 968 1099 1009 praesens
1117 981 1149 999 ex
1161 972 1294 1000 relatione
1303 973 1515 1012 peregrinorum
1532 977 1608 1005 locus
1628 975 1662 1004 ad
1673 975 1744 1003 illud

939 1008 1101 1040 sacrificium
1114 1012 1262 1041 destinatus
1271 1013 1426 1042 ostenditur
1436 1035 1443 1042 .
1455 1016 1480 1044 S.
1491 1016 1601 1046 Basilius
1611 1016 1742 1045 Seleuciae

939 1051 1029 1090 Episc.
1047 1061 1116 1079 orat.
1138 1063 1151 1090 3
1160 1058 1184 1082 8.
1205 1063 1301 1082 contra
1317 1055 1428 1092 Judaeos
1449 1057 1541 1095 inquit
1551 1077 1558 1089 ,
1582 1056 1656 1096 quod
1677 1064 1743 1084 ante

938 1093 1046 1121 Christi
1057 1092 1265 1122 crucifixionem
1276 1115 1284 1127 ,
1296 1095 1420 1134 quedam
1431 1098 1533 1126 mulier
1544 1097 1572 1125 in
1583 1096 1636 1126 hoc
1646 1105 1743 1125 monte

937 1133 1074 1161 infantem
1085 1143 1148 1161 cum
1157 1135 1280 1163 cornibus
1292 1135 1323 1163 in
1332 1135 1421 1174 capite
1431 1137 1575 1175 peperisset
1589 1159 1596 1170 ,
1607 1147 1656 1176 pei·
1666 1136 1742 1175 quod

937 1174 1110 1206 omen,multi
1121 1184 1186 1203 tunc
1197 1175 1384 1212 praedixerant
1393 1178 1484 1205 locum
1495 1178 1576 1207 illum
1588 1188 1638 1216 pro
1648 1177 1743 1216 aliquo

938 1215 1003 1243 reali
1014 1214 1132 1242 aedisicio
1141 1215 1306 1244 destinatum
1318 1216 1387 1249 sore,
1399 1228 1428 1246 ac
1440 1217 1549 1247 Chi-isti
1559 1218 1677 1247 ccelcstis
1685 1220 1740 1248 Re<

937 1256 979 1294 gis
990 1254 1172 1283 crucifixione
1182 1255 1274 1294 postea
1284 1257 1455 1287 verificatum
1466 1258 1520 1288 suit
1528 1281 1536 1292 ,
1558 1259 1602 1288 cui
1611 1258 1740 1297 glorios:

937 1297 1008 1325 aedes
1017 1294 1122 1324 sacrata:
1134 1295 1196 1324 sunt
1207 1317 1214 1323 .
1225 1298 1281 1326 FR.
1291 1298 1429 1327 Adrianus
1441 1309 1502 1328 aute
1512 1301 1585 1337 Imp.
1597 1300 1675 1328 idolo
1684 1300 1740 1327 ve·
1757 1320 1765 1328 .

940 1337 1012 1365 neris
1023 1335 1096 1364 hune
1117 1346 1240 1364 montem
1260 1337 1450 1375 profanaverat
1460 1361 1468 1372 ‚
1491 1339 1610 1378 indeque
1629 1345 1740 1368 Venera-

937 1380 1013 1406 rium
1020 1386 1146 1445 mqntem
1157 1379 1321 1416 appellatum
1331 1378 1406 1408 fuisse
1417 1380 1514 1410 Bai-on.
1526 1385 1583 1410 Aii.
1597 1391 1662 1419 ¹37·
1674 1387 1740 1419 nso.

937 1421 964 1446 ὅ(
975 1430 1002 1451 7·
1025 1428 1053 1446 re
1067 1428 1108 1446 ert
1119 1439 1126 1446 .

79 1455 153 1483 Vide
163 1459 313 1484 Granium.
325 1458 406 1485 Mons
416 1458 465 1490 est,
477 1459 505 1485 in
518 1469 572 1496 quo
585 1457 713 1486 Chi-istus
723 1458 880 1490 crucifixus,
895 1460 1008 1492 Coria,
1018 1458 1053 1487 de
1064 1458 1166 1488 familia
1177 1459 1270 1490 Goliae
1283 1460 1329 1500 qui
1340 1460 1470 1489 dicuntur
1478 1482 1485 1489 .
1497 1461 1570 1490 Vide
1579 1462 1738 1490 Goliardus.

79 1494 165 1522 fuerat
177 1516 185 1527 ‚
207 1496 283 1533 quod
292 1495 416 1525 hebraice
436 1499 547 1536 proprie
565 1499 665 1527 dicitur
673 1499 829 1535 Golgoletb,
852 1506 881 1526 ut
896 1500 1070 1528 Goiiiumvs
1084 1521 1090 1531 ,
1113 1500 1272 1538 Joculator‚
1294 1501 1384 1530 scurra
1396 1522 1403 1528 .
1429 1507 1440 1536 [
1460 1502 1606 1531 statuimus
1628 1522 1636 1534 ,
1662 1501 1738 1540 quod

79 1535 219 1573 Origenes
230 1536 334 1564 Auctor
352 1537 391 1564 cst
403 1538 479 1568 traci.
491 1549 505 1576 3
515 1547 539 1573 5.
553 1539 582 1566 in
591 1537 693 1566 Matth.
705 1549 785 1577 quem
795 1538 881 1567 secuti

78 1574 143 1602 sunt
153 1575 336 1604 Tertullianus
350 1577 397 1605 lib.
410 1589 435 1606 r..
446 1587 541 1607 contra
551 1580 686 1607 Marcion.
698 1589 756 1616 cap.
769 1591 796 1614 4.
811 1579 881 1608 Basi-

79 1616 129 1643 lius
140 1615 169 1642 in
179 1617 246 1643 Lev.
258 1627 314 1654 cap⁴
328 1626 353 1651 5.
364 1617 527 1647 Athanasius
539 1619 621 1648 Serm.
641 1619 675 1648 de
686 1619 810 1649 Paffiooe
822 1642 829 1653 ,
851 1624 878 1649 ὅ(

78 1657 169 1683 Cruce
180 1656 289 1684 domini
300 1678 306 1688 ‚
331 1658 467 1696 Cyprian.
478 1659 562 1688 Serm.
583 1660 618 1687 de
629 1660 783 1689 Resurrest.
794 1662 879 1689 Dom.

77 1695 244 1734 Epiphanius
263 1696 358 1726 haeres.
369 1705 417 1734 4⁶·
436 1697 583 1734 Chrysost.
605 1701 634 1728 in
647 1702 723 1738 Ioan.
743 1700 819 1730 hom.
834 1708 878 1738 84.

77 1736 204 1765 Ambros.
216 1737 293 1775 epist.
306 1747 331 1772 5.
344 1738 388 1766 lib.
400 1750 428 1775 9.
439 1742 532 1778 Atque
544 1740 707 1780 ingegniose
718 1743 831 1781 quidem
841 1744 877 1771 D.

77 1777 193 1814 August.
205 1778 339 1806 rationem
348 1777 424 1807 affert
435 1801 442 1812 ,
482 1790 543 1808 uare
553 1781 680 1811 Christus
699 1782 730 1810 iii
740 1783 877 1812 Calvariae

76 1818 138 1845 loco
148 1818 272 1856 crucifigi
284 1819 373 1847 voluit
384 1840 392 1851 ,
415 1821 458 1850 ubi
480 1821 571 1851 Adam
580 1821 717 1860 sepultum
741 1823 816 1852 fuisse
826 1834 878 1853 tra-

76 1857 153 1885 ditur
165 1878 171 1888 ,
182 1857 216 1885 sic
227 1859 369 1897 inquiens:
383 1865 395 1895 [
407 1863 440 1890 Et
450 1861 567 1900 dignum
577 1872 634 1891 erat
644 1863 738 1892 frati-es
748 1885 758 1897 ,
781 1874 810 1892 ut
819 1864 878 1893 san-

75 1907 135 1936 guis
153 1898 200 1926 ille
221 1898 354 1936 pretiosus
372 1901 452 1929 etiam
470 1903 652 1941 corporaliter
671 1905 813 1942 pulverem
831 1916 880 1934 an-

75 1938 147 1976 tiqui
159 1939 308 1981 peecatoris
318 1960 326 1972 ‚
339 1940 403 1969 dum
414 1942 544 1981 dignatur
555 1943 685 1974 stillando
694 1946 859 1985 contingere
868 1968 876 1979 ‚

73 1979 217 2013 redcinisse
230 1979 356 2008 videatur
365 1999 372 2007 ·
383 1982 516 2016 Serm.7i.
526 1984 560 2013 de
569 1994 692 2024 tempore
701 2006 708 2014 .
720 1988 732 2017 ]
757 1987 879 2015 Contra-

74 2019 121 2062 riae
133 2029 224 2048 tamen
233 2020 377 2058 opinionis
387 2021 439 2052 suit
450 2025 486 2053 D.
501 2025 701 2062 Hieronymus,
713 2027 774 2066 quia
788 2028 878 2057 Adam

73 2070 103 2088 in
114 2061 229 2089 Hebron
238 2060 357 2099 sepultus
366 2062 448 2094 est,ex
460 2064 540 2102 Josue
557 2077 580 2094 c.
596 2077 604 2094 i
649 2067 738 2096 ubisit
749 2067 876 2097 habetur:

77 2105 89 2135 [
100 2102 214 2129 Nomen
226 2101 340 2130 Hebron
349 2112 413 2132 ante
423 2106 565 2134 vocabatur
635 2110 640 2115 '
656 2107 689 2136 th
700 2108 875 2143 Arbcffldam

75 2141 206 2184 maximus
215 2141 252 2170 ibi
265 2142 338 2171 inter
348 2144 460 2173 Enacim
469 2145 531 2175 situs
548 2157 562 2175 e
666 2148 720 2177 deo
738 2149 876 2178 existimat

74 2182 265 2217 Hieronymus
276 2183 447 2214 Calvan'um
458 2185 496 2214 ita
507 2188 643 2221 vocari,ex
654 2199 688 2217 eo
697 2189 759 2228 quia
770 2189 806 2219 ibi
817 2201 876 2220 reo-

73 2230 134 2265 rum
144 2223 234 2260 capita
242 2223 480 2260 detruncabantur,
491 2227 584 2268 ibique
591 2228 670 2257 humi
681 2231 876 2260 eorunrcrania

70 2261 192 2300 dispersa
201 2265 447 2302 reperiebaturzsed
459 2267 529 2297 ultra
557 2279 617 2298 uam
626 2271 700 2309 quod
709 2270 762 2300 hoc
772 2281 876 2301 nomen

71 2304 168 2332 Adam
180 2303 303 2334 hebraice
312 2305 455 2336 liomincm
467 2280 620 2347 signizcars
643 2321 786 2350 propterea
797 2314 876 2341 vei-ba

67 2342 152 2384 josue
162 2366 171 2374 .
183 2352 194 2382 [
205 2345 294 2375 Adam
304 2347 438 2379 uiuimus
447 2349 521 2380 inter
529 2351 640 2381 Enacim
650 2354 664 2386 ]
677 2353 802 2392 intelligi
811 2353 865 2393 pos
863 2371 874 2376 -

937 1540 1046 1569 Clerici
1055 1541 1153 1570 ribaldi
1163 1563 1172 1574 ,
1184 1541 1302 1570 maxime
1313 1542 1359 1580 qui
1368 1542 1489 1581 goliardi
1503 1542 1587 1581 vulgo
1596 1542 1738 1575 dicuntur,

936 1584 963 1610 ὃ(
983 1590 1174 1619 nuncupantur
1184 1603 1193 1614 ,
1216 1591 1264 1619 per
1285 1581 1433 1620 Episcopos
1445 1604 1452 1615 ‚
1475 1586 1502 1611 ὃ(
1520 1583 1588 1611 alios
1611 1582 1736 1611 Ecclesiae

933 1621 1063 1650 Praelatos
1072 1622 1265 1660 praecipiantur
1285 1622 1365 1652 tondi
1375 1644 1384 1656 ‚
1407 1623 1452 1650 vel
1469 1623 1551 1651 etiam
1571 1623 1628 1651 radi
1639 1634 1646 1653 5
1670 1623 1708 1650 ita
1730 1643 1739 1654 ,

935 1662 1009 1701 quod
1020 1672 1077 1690 non
1087 1672 1225 1690 remaneat
1237 1663 1266 1690 in
1276 1663 1313 1691 eis
1323 1663 1464 1692 clericatus
1475 1663 1586 1691 tonsura
1596 1684 1603 1691 .
1625 1664 1660 1691 ln
1670 1672 1738 1701 quo-

934 1704 996 1731 dam
1007 1703 1118 1732 Concil.
1129 1713 1142 1731 :i
1155 1702 1288 1732 Bochelio
1299 1704 1328 1731 iri
1339 1704 1442 1732 decret.
1453 1704 1498 1732 lib.
1511 1709 1535 1732 8.
1559 1703 1603 1732 tit.
1615 1713 1662 1735 70.
1672 1714 1696 1731 c.
1707 1709 1735 1731 6.

932 1744 1038 1774 allata]
1051 1745 1085 1772 In
1095 1743 1211 1781 quadam
1222 1744 1336 1778 Synodo
1347 1743 1494 1773 Parisiense
1502 1743 1659 1780 hujusmodi
1670 1744 1738 1773 Cle-

933 1783 984 1813 rici
992 1784 1164 1822 appellantur
1172 1783 1339 1822 Defamilia
1349 1785 1427 1813 Golia
1439 1805 1446 1811 .
1471 1786 1529 1814 PR.
1548 1784 1677 1820 [Clerici
1687 1783 1735 1822 qui

936 1828 988 1853 δίε.
999 1824 1026 1852 se
1036 1824 1201 1861 joculatores
1214 1846 1222 1857 ,
1244 1824 1290 1852 seu
1298 1825 1439 1862 goliardos
1451 1824 1553 1853 faciunt
1564 1847 1572 1858 ,
1595 1834 1640 1853 aut
1657 1823 1736 1853 bufo-

933 1875 979 1894 nes
992 1876 999 1896 ;
1022 1866 1042 1894 li
1052 1875 1100 1903 per
1109 1875 1211 1894 annum
1231 1874 1316 1894 artem
1326 1865 1403 1893 illam
1423 1863 1638 1904 ignominiosam
1658 1875 1737 1893 exer·

934 1907 1040 1934 cuerint
1053 1928 1061 1939 ‚
1084 1904 1143 1943 ipso
1153 1909 1212 1941 jure
1223 1905 1275 1934 sint
1287 1906 1398 1934 infames
1410 1928 1418 1938 ,
1440 1906 1475 1934 de
1492 1907 1550 1934 vita
1561 1928 1569 1939 ,
1588 1904 1732 1935 &honesh
1756 1935 1761 1937 ,

935 1947 1037 1975 Cleric.
1048 1946 1076 1974 in
1088 1945 1166 1974 sexto
1178 1956 1234 1984 cap.
1250 1957 1272 1974 i.
1292 1948 1304 1978 ]
1328 1945 1421 1974 Glosla
1439 1955 1532 1975 tamen
1549 1948 1580 1976 in
1588 1946 1734 1975 additione

933 1987 970 2015 ibi
982 1987 1018 2014 ait
1027 1986 1078 2015 esl'e
1090 1987 1217 2024 gallicum
1230 1987 1358 2017 verbum
1380 1985 1425 2015 sed
1435 1988 1480 2025 Jo:
1492 1988 1618 2018 Andreas
1629 1987 1731 2017 ibidem

933 2027 1012 2056 habet
1023 2025 1144 2056 Glossam
1155 2037 1205 2065 pro
1215 2026 1332 2065 suspecta
1341 2047 1348 2055 .

893 2070 1117 2098 GOLIARDENSJS
1132 2089 1138 2099 ,
1161 2068 1235 2096 idem
1254 2078 1281 2095 ac
1291 2068 1438 2097 Gnlmrdus
1448 2067 1542 2108 supra.
1568 2068 1733 2104 [Receden-

933 2109 1003 2136 tium
1013 2118 1100 2136 autem
1110 2108 1222 2146 quidam
1232 2107 1325 2137 stimuli
1337 2130 1345 2142 ‚
1369 2109 1414 2137 vel
1431 2109 1565 2148 mancipia
1576 2131 1584 2143 ‚
1608 2111 1652 2138 vel
1671 2110 1712 2138 ilii
1724 2130 1732 2141 ,

932 2159 999 2188 quos
1016 2148 1131 2178 solemus
1150 2148 1337 2188 goliardenses
1353 2151 1506 2190 appellare.
1529 2149 1630 2179 Mattb.
1650 2149 1731 2178 Paris.

929 2200 973 2218 an.
991 2201 1076 2226 1229.

890 2233 1002 2260 Gomon
1013 2250 1020 2257 .
1044 2229 1176 2259 Mensurae
1188 2229 1289 2269 species
1300 2231 1330 2260 in
1349 2232 1406 2260 Sac-
1416 2233 1554 2272 Scriptura
1564 2254 1572 2266 ‚
1594 2242 1652 2270 qua:
1664 2231 1731 2259 duo-

931 2271 1021 2299 decim
1030 2269 1150 2299 sexarios
1160 2281 1305 2303 continet5
1317 2273 1381 2301 licet
1393 2271 1541 2302 secundum
1560 2271 1732 2301 communio-

933 2322 989 2340 rem
1005 2313 1177 2350 opinioincin
1197 2323 1317 2352 qumque
1336 2323 1444 2342 tantum
1463 2314 1592 2343 sextarios
1609 2322 1735 2340 contine-

931 2353 975 2382 bat
986 2372 993 2381 .
1002 2357 1097 2383 Gomor
1107 2364 1223 2393 namque
1235 2363 1292 2383 erat
1300 2354 1405 2384 decima
1413 2357 1489 2394 Ephe
1499 2365 1557 2394 pars
1571 2367 1576 2381 :
1588 2352 1734 2382 sextarium

1631 2403 1698 2422 con-
