<?xml version="1.0" encoding="UTF-8"?>
<!DOCTYPE html PUBLIC "-//W3C//DTD XHTML 1.0 Transitional//EN"
    "http://www.w3.org/TR/xhtml1/DTD/xhtml1-transitional.dtd">
<html xmlns="http://www.w3.org/1999/xhtml" xml:lang="en" lang="en">
 <head>
  <title>
</title>
<meta http-equiv="Content-Type" content="text/html;charset=utf-8" />
  <meta name='ocr-system' content='tesseract 3.04.00' />
  <meta name='ocr-capabilities' content='ocr_page ocr_carea ocr_par ocr_line ocrx_word'/>
</head>
<body>
  <div class='ocr_page' id='page_1' title='image "./dominicimacrimel00magr/dominicimacrimel00magr_0378.png"; bbox 0 0 1866 2526; ppageno 0'>
   <div class='ocr_carea' id='block_1_1' title="bbox 152 34 583 90">
    <p class='ocr_par' dir='ltr' id='par_1_1' title="bbox 152 34 583 90">
     <span class='ocr_line' id='line_1_1' title="bbox 152 34 583 90; baseline -0.005 -13"><span class='ocrx_word' id='word_1_1' title='bbox 152 49 229 90; x_wconf 73' lang='lat'>350</span> <span class='ocrx_word' id='word_1_2' title='bbox 475 35 515 76; x_wconf 90' lang='lat' dir='ltr'>G</span> <span class='ocrx_word' id='word_1_3' title='bbox 548 34 583 74; x_wconf 89' lang='lat' dir='ltr'><strong>L</strong></span> 
     </span>
    </p>
   </div>
   <div class='ocr_carea' id='block_1_2' title="bbox 95 87 940 1026">
    <p class='ocr_par' dir='ltr' id='par_1_2' title="bbox 122 87 936 252">
     <span class='ocr_line' id='line_1_2' title="bbox 122 87 934 123; baseline -0.009 -1"><span class='ocrx_word' id='word_1_4' title='bbox 122 93 187 123; x_wconf 40' lang='lat' dir='ltr'>&#39;isto</span> <span class='ocrx_word' id='word_1_5' title='bbox 197 93 242 122; x_wconf 83' lang='lat' dir='ltr'>die</span> <span class='ocrx_word' id='word_1_6' title='bbox 252 92 372 122; x_wconf 86' lang='lat' dir='ltr'>Romani</span> <span class='ocrx_word' id='word_1_7' title='bbox 388 103 445 121; x_wconf 90' lang='lat' dir='ltr'>non</span> <span class='ocrx_word' id='word_1_8' title='bbox 455 93 603 121; x_wconf 89' lang='lat' dir='ltr'>comedunt</span> <span class='ocrx_word' id='word_1_9' title='bbox 613 99 722 119; x_wconf 85' lang='lat' dir='ltr'>carnem</span> <span class='ocrx_word' id='word_1_10' title='bbox 734 110 742 123; x_wconf 91' lang='lat'><em>‚</em></span> <span class='ocrx_word' id='word_1_11' title='bbox 761 89 811 119; x_wconf 75' lang='lat' dir='ltr'>nisi</span> <span class='ocrx_word' id='word_1_12' title='bbox 825 87 934 118; x_wconf 74' lang='lat' dir='ltr'>venerit</span> 
     </span>
     <span class='ocr_line' id='line_1_3' title="bbox 137 130 934 172; baseline -0.008 -10"><span class='ocrx_word' id='word_1_13' title='bbox 137 135 169 162; x_wconf 87' lang='lat' dir='ltr'>in</span> <span class='ocrx_word' id='word_1_14' title='bbox 180 135 328 164; x_wconf 86' lang='lat' dir='ltr'>Dominica</span> <span class='ocrx_word' id='word_1_15' title='bbox 340 155 347 165; x_wconf 85' lang='lat'><em>‚</em></span> <span class='ocrx_word' id='word_1_16' title='bbox 361 137 372 166; x_wconf 90' lang='lat'><em>]</em></span> <span class='ocrx_word' id='word_1_17' title='bbox 386 134 417 162; x_wconf 93' lang='lat' dir='ltr'>in</span> <span class='ocrx_word' id='word_1_18' title='bbox 428 144 482 172; x_wconf 86' lang='lat' dir='ltr'>qno</span> <span class='ocrx_word' id='word_1_19' title='bbox 491 133 536 162; x_wconf 86' lang='lat' dir='ltr'>die</span> <span class='ocrx_word' id='word_1_20' title='bbox 547 131 745 161; x_wconf 79' lang='lat' dir='ltr'>reaffiimnntur</span> <span class='ocrx_word' id='word_1_21' title='bbox 754 130 861 158; x_wconf 74' lang='lat' dir='ltr'>laetitiae</span> <span class='ocrx_word' id='word_1_22' title='bbox 875 140 934 156; x_wconf 81' lang='lat' dir='ltr'>vei-</span> 
     </span>
     <span class='ocr_line' id='line_1_4' title="bbox 135 169 936 209; baseline -0.01 -5"><span class='ocrx_word' id='word_1_23' title='bbox 135 176 167 204; x_wconf 79' lang='lat' dir='ltr'>ba</span> <span class='ocrx_word' id='word_1_24' title='bbox 181 199 187 208; x_wconf 82' lang='lat'>,</span> <span class='ocrx_word' id='word_1_25' title='bbox 208 185 238 204; x_wconf 93' lang='lat' dir='ltr'>ut</span> <span class='ocrx_word' id='word_1_26' title='bbox 247 174 278 202; x_wconf 92' lang='lat' dir='ltr'>in</span> <span class='ocrx_word' id='word_1_27' title='bbox 288 174 398 203; x_wconf 71' lang='lat' dir='ltr'>Missalis</span> <span class='ocrx_word' id='word_1_28' title='bbox 408 174 525 203; x_wconf 85' lang='lat' dir='ltr'>Rubrica</span> <span class='ocrx_word' id='word_1_29' title='bbox 539 194 547 201; x_wconf 87' lang='lat'><strong>.</strong></span> <span class='ocrx_word' id='word_1_30' title='bbox 567 172 685 209; x_wconf 76' lang='lat' dir='ltr'>Quando</span> <span class='ocrx_word' id='word_1_31' title='bbox 694 172 725 199; x_wconf 90' lang='lat' dir='ltr'>in</span> <span class='ocrx_word' id='word_1_32' title='bbox 737 170 823 200; x_wconf 81' lang='lat' dir='ltr'>Missis</span> <span class='ocrx_word' id='word_1_33' title='bbox 834 169 936 199; x_wconf 82' lang='lat' dir='ltr'>votiVis</span> 
     </span>
     <span class='ocr_line' id='line_1_5' title="bbox 137 215 694 252; baseline -0.009 -8"><span class='ocrx_word' id='word_1_34' title='bbox 137 216 244 246; x_wconf 87' lang='lat' dir='ltr'>dicatur</span> <span class='ocrx_word' id='word_1_35' title='bbox 254 216 352 244; x_wconf 79' lang='lat' dir='ltr'>Gloria</span> <span class='ocrx_word' id='word_1_36' title='bbox 361 236 367 243; x_wconf 95' lang='lat'>.</span> <span class='ocrx_word' id='word_1_37' title='bbox 388 215 460 243; x_wconf 87' lang='lat' dir='ltr'>Vide</span> <span class='ocrx_word' id='word_1_38' title='bbox 472 216 557 252; x_wconf 68' lang='lat' dir='ltr'>Miffa</span> <span class='ocrx_word' id='word_1_39' title='bbox 574 217 677 242; x_wconf 74' lang='lat' dir='ltr'>votiva</span> <span class='ocrx_word' id='word_1_40' title='bbox 687 232 694 239; x_wconf 96' lang='lat'>.</span> 
     </span>
    </p>

    <p class='ocr_par' dir='ltr' id='par_1_3' title="bbox 95 248 938 292">
     <span class='ocr_line' id='line_1_6' title="bbox 95 248 938 292; baseline -0.011 -6"><span class='ocrx_word' id='word_1_41' title='bbox 95 258 211 287; x_wconf 72' lang='lat' dir='ltr'>GLomA</span> <span class='ocrx_word' id='word_1_42' title='bbox 225 280 232 290; x_wconf 86' lang='lat'><em>,</em></span> <span class='ocrx_word' id='word_1_43' title='bbox 246 259 322 286; x_wconf 72' lang='lat' dir='ltr'>LAus</span> <span class='ocrx_word' id='word_1_44' title='bbox 336 278 344 289; x_wconf 88' lang='lat'><em>‚</em></span> <span class='ocrx_word' id='word_1_45' title='bbox 357 266 392 285; x_wconf 78' lang='lat' dir='ltr'>ET</span> <span class='ocrx_word' id='word_1_46' title='bbox 407 257 516 284; x_wconf 60' lang='lat' dir='ltr'>Honoii</span> <span class='ocrx_word' id='word_1_47' title='bbox 527 258 578 283; x_wconf 62' lang='grc' dir='ltr'><strong>δίς.</strong></span> <span class='ocrx_word' id='word_1_48' title='bbox 590 253 663 292; x_wconf 90' lang='lat' dir='ltr'>quod</span> <span class='ocrx_word' id='word_1_49' title='bbox 675 252 780 280; x_wconf 84' lang='lat' dir='ltr'>canitur</span> <span class='ocrx_word' id='word_1_50' title='bbox 789 251 821 280; x_wconf 89' lang='lat' dir='ltr'>ad</span> <span class='ocrx_word' id='word_1_51' title='bbox 832 248 938 289; x_wconf 91' lang='lat' dir='ltr'>proces-</span> 
     </span>
    </p>

    <p class='ocr_par' dir='ltr' id='par_1_4' title="bbox 135 291 938 331">
     <span class='ocr_line' id='line_1_7' title="bbox 135 291 938 331; baseline -0.012 -3"><span class='ocrx_word' id='word_1_52' title='bbox 135 298 241 328; x_wconf 72' lang='lat' dir='ltr'>sionem</span> <span class='ocrx_word' id='word_1_53' title='bbox 250 307 280 325; x_wconf 87' lang='grc'>111</span> <span class='ocrx_word' id='word_1_54' title='bbox 290 297 440 326; x_wconf 87' lang='lat' dir='ltr'>Dominica</span> <span class='ocrx_word' id='word_1_55' title='bbox 449 297 600 324; x_wconf 85' lang='lat' dir='ltr'>Palmaruni</span> <span class='ocrx_word' id='word_1_56' title='bbox 609 315 617 327; x_wconf 90' lang='lat'><em>‚</em></span> <span class='ocrx_word' id='word_1_57' title='bbox 638 303 651 322; x_wconf 85' lang='lat' dir='ltr'>a</span> <span class='ocrx_word' id='word_1_58' title='bbox 672 303 726 331; x_wconf 87' lang='lat' dir='ltr'>quo</span> <span class='ocrx_word' id='word_1_59' title='bbox 737 291 920 331; x_wconf 81' lang='lat' dir='ltr'>compositum</span> <span class='ocrx_word' id='word_1_60' title='bbox 929 311 938 319; x_wconf 88' lang='lat'><strong>.</strong></span> 
     </span>
    </p>

    <p class='ocr_par' dir='ltr' id='par_1_5' title="bbox 135 337 524 375">
     <span class='ocr_line' id='line_1_8' title="bbox 135 337 524 375; baseline -0.01 -8"><span class='ocrx_word' id='word_1_61' title='bbox 135 339 210 368; x_wconf 88' lang='lat' dir='ltr'>Vide</span> <span class='ocrx_word' id='word_1_62' title='bbox 225 339 390 368; x_wconf 67' lang='lat' dir='ltr'>palmarum</span> <span class='ocrx_word' id='word_1_63' title='bbox 403 337 505 375; x_wconf 67' lang='lat' dir='ltr'>festum</span> <span class='ocrx_word' id='word_1_64' title='bbox 516 356 524 363; x_wconf 89' lang='lat'>.</span> 
     </span>
    </p>

    <p class='ocr_par' dir='ltr' id='par_1_6' title="bbox 97 372 938 531">
     <span class='ocr_line' id='line_1_9' title="bbox 97 372 937 409; baseline -0.012 0"><span class='ocrx_word' id='word_1_65' title='bbox 97 381 216 409; x_wconf 58' lang='lat' dir='ltr'>Gioizm</span> <span class='ocrx_word' id='word_1_66' title='bbox 228 382 326 408; x_wconf 55' lang='lat' dir='ltr'>Parni</span> <span class='ocrx_word' id='word_1_67' title='bbox 345 382 397 408; x_wconf 66' lang='lat' dir='ltr'>Sec.</span> <span class='ocrx_word' id='word_1_68' title='bbox 417 379 500 407; x_wconf 82' lang='lat' dir='ltr'>Hunc</span> <span class='ocrx_word' id='word_1_69' title='bbox 517 375 605 405; x_wconf 84' lang='lat' dir='ltr'>laudis</span> <span class='ocrx_word' id='word_1_70' title='bbox 616 374 753 408; x_wconf 85' lang='lat' dir='ltr'>hymnum</span> <span class='ocrx_word' id='word_1_71' title='bbox 763 384 796 402; x_wconf 86' lang='lat' dir='ltr'>ex</span> <span class='ocrx_word' id='word_1_72' title='bbox 808 372 937 401; x_wconf 86' lang='lat' dir='ltr'>traditio-</span> 
     </span>
     <span class='ocr_line' id='line_1_10' title="bbox 138 413 937 459; baseline -0.011 -10"><span class='ocrx_word' id='word_1_73' title='bbox 138 431 172 449; x_wconf 87' lang='lat' dir='ltr'>ne</span> <span class='ocrx_word' id='word_1_74' title='bbox 182 420 342 459; x_wconf 80' lang='lat' dir='ltr'>Apostolica</span> <span class='ocrx_word' id='word_1_75' title='bbox 353 418 511 448; x_wconf 86' lang='lat' dir='ltr'>institutum</span> <span class='ocrx_word' id='word_1_76' title='bbox 523 415 596 444; x_wconf 73' lang='lat' dir='ltr'>fuisl&#39;e</span> <span class='ocrx_word' id='word_1_77' title='bbox 606 417 685 444; x_wconf 88' lang='lat' dir='ltr'>docet</span> <span class='ocrx_word' id='word_1_78' title='bbox 696 415 734 442; x_wconf 89' lang='lat' dir='ltr'>D.</span> <span class='ocrx_word' id='word_1_79' title='bbox 746 414 859 444; x_wconf 83' lang='lat' dir='ltr'>Basilius</span> <span class='ocrx_word' id='word_1_80' title='bbox 868 413 937 450; x_wconf 81' lang='lat' dir='ltr'>apud</span> 
     </span>
     <span class='ocr_line' id='line_1_11' title="bbox 138 453 937 499; baseline -0.014 -9"><span class='ocrx_word' id='word_1_81' title='bbox 138 463 239 490; x_wconf 82' lang='lat' dir='ltr'>Baron.</span> <span class='ocrx_word' id='word_1_82' title='bbox 250 464 306 490; x_wconf 86' lang='lat' dir='ltr'>An.</span> <span class='ocrx_word' id='word_1_83' title='bbox 317 472 351 499; x_wconf 79' lang='lat'>32</span> <span class='ocrx_word' id='word_1_84' title='bbox 360 470 383 494; x_wconf 83' lang='lat'>5.</span> <span class='ocrx_word' id='word_1_85' title='bbox 396 469 440 486; x_wconf 89' lang='lat' dir='ltr'>nu.</span> <span class='ocrx_word' id='word_1_86' title='bbox 458 469 507 496; x_wconf 82' lang='lat'>¹73</span> <span class='ocrx_word' id='word_1_87' title='bbox 515 478 521 484; x_wconf 92' lang='lat'>.</span> <span class='ocrx_word' id='word_1_88' title='bbox 531 461 558 485; x_wconf 64' lang='grc' dir='ltr'>ἃ</span> <span class='ocrx_word' id='word_1_89' title='bbox 575 468 637 492; x_wconf 87' lang='lat'>¹74·</span> <span class='ocrx_word' id='word_1_90' title='bbox 656 459 695 483; x_wconf 76' lang='lat' dir='ltr'>Ac</span> <span class='ocrx_word' id='word_1_91' title='bbox 708 455 806 483; x_wconf 87' lang='lat' dir='ltr'>ibidem</span> <span class='ocrx_word' id='word_1_92' title='bbox 816 453 937 482; x_wconf 81' lang='lat' dir='ltr'>ostendit</span> 
     </span>
     <span class='ocr_line' id='line_1_12' title="bbox 138 496 938 531; baseline -0.013 0"><span class='ocrx_word' id='word_1_93' title='bbox 138 502 301 531; x_wconf 85' lang='lat' dir='ltr'><strong>Concilium</strong></span> <span class='ocrx_word' id='word_1_94' title='bbox 311 502 460 530; x_wconf 79' lang='lat' dir='ltr'>Nicaenum</span> <span class='ocrx_word' id='word_1_95' title='bbox 473 496 603 526; x_wconf 70' lang='lat' dir='ltr'>addidisse</span> <span class='ocrx_word' id='word_1_96' title='bbox 613 497 659 525; x_wconf 89' lang='lat' dir='ltr'>illa</span> <span class='ocrx_word' id='word_1_97' title='bbox 672 496 750 523; x_wconf 82' lang='lat' dir='ltr'>verba</span> <span class='ocrx_word' id='word_1_98' title='bbox 762 517 768 527; x_wconf 77' lang='grc'>,</span> <span class='ocrx_word' id='word_1_99' title='bbox 790 499 866 523; x_wconf 78' lang='lat' dir='ltr'>sicut</span> <span class='ocrx_word' id='word_1_100' title='bbox 877 503 938 521; x_wconf 65' lang='lat' dir='ltr'>erat</span> 
     </span>
    </p>

    <p class='ocr_par' dir='ltr' id='par_1_7' title="bbox 137 537 937 580">
     <span class='ocr_line' id='line_1_13' title="bbox 137 537 937 580; baseline -0.013 -9"><span class='ocrx_word' id='word_1_101' title='bbox 137 545 309 580; x_wconf 72' lang='lat' dir='ltr'>inprincipzo</span> <span class='ocrx_word' id='word_1_102' title='bbox 319 541 376 574; x_wconf 56' lang='lat' dir='ltr'>&amp;a</span> <span class='ocrx_word' id='word_1_103' title='bbox 388 540 420 567; x_wconf 82' lang='lat' dir='ltr'>ad</span> <span class='ocrx_word' id='word_1_104' title='bbox 430 538 628 567; x_wconf 87' lang='lat' dir='ltr'>confutandum</span> <span class='ocrx_word' id='word_1_105' title='bbox 639 537 796 565; x_wconf 74' lang='lat' dir='ltr'>Arianorui&#39;i</span> <span class='ocrx_word' id='word_1_106' title='bbox 807 543 937 568; x_wconf 85' lang='lat' dir='ltr'>errorem,</span> 
     </span>
    </p>

    <p class='ocr_par' dir='ltr' id='par_1_8' title="bbox 137 573 940 862">
     <span class='ocr_line' id='line_1_14' title="bbox 138 573 937 612; baseline -0.013 0"><span class='ocrx_word' id='word_1_107' title='bbox 138 583 310 612; x_wconf 62' lang='lat' dir='ltr'>asserentium</span> <span class='ocrx_word' id='word_1_108' title='bbox 319 581 416 610; x_wconf 76' lang='lat' dir='ltr'>Filium</span> <span class='ocrx_word' id='word_1_109' title='bbox 429 580 485 609; x_wconf 83' lang='lat' dir='ltr'>Dei</span> <span class='ocrx_word' id='word_1_110' title='bbox 497 589 554 607; x_wconf 87' lang='lat' dir='ltr'>non</span> <span class='ocrx_word' id='word_1_111' title='bbox 566 577 641 608; x_wconf 77' lang='lat' dir='ltr'>fuiss‘e</span> <span class='ocrx_word' id='word_1_112' title='bbox 653 578 683 605; x_wconf 83' lang='lat' dir='ltr'>ab</span> <span class='ocrx_word' id='word_1_113' title='bbox 693 586 814 608; x_wconf 67' lang='lat' dir='ltr'>xtern05</span> <span class='ocrx_word' id='word_1_114' title='bbox 835 585 896 604; x_wconf 90' lang='lat' dir='ltr'>nam</span> <span class='ocrx_word' id='word_1_115' title='bbox 908 573 937 602; x_wconf 92' lang='lat' dir='ltr'>hi</span> 
     </span>
     <span class='ocr_line' id='line_1_15' title="bbox 137 617 937 658; baseline -0.011 -6"><span class='ocrx_word' id='word_1_116' title='bbox 137 623 264 653; x_wconf 71' lang='lat' dir='ltr'>haeretici</span> <span class='ocrx_word' id='word_1_117' title='bbox 274 644 281 654; x_wconf 93' lang='lat'>,</span> <span class='ocrx_word' id='word_1_118' title='bbox 292 623 357 650; x_wconf 80' lang='lat' dir='ltr'>ficut</span> <span class='ocrx_word' id='word_1_119' title='bbox 369 621 483 649; x_wconf 82' lang='lat' dir='ltr'>foi-mam</span> <span class='ocrx_word' id='word_1_120' title='bbox 494 618 620 658; x_wconf 74' lang='lat' dir='ltr'>baptismi</span> <span class='ocrx_word' id='word_1_121' title='bbox 631 619 815 655; x_wconf 85' lang='lat' dir='ltr'>depravarunt</span> <span class='ocrx_word' id='word_1_122' title='bbox 827 638 834 650; x_wconf 93' lang='lat'>‚</span> <span class='ocrx_word' id='word_1_123' title='bbox 852 617 886 645; x_wconf 87' lang='lat' dir='ltr'>fic</span> <span class='ocrx_word' id='word_1_124' title='bbox 897 624 937 643; x_wconf 90' lang='lat' dir='ltr'>et-</span> 
     </span>
     <span class='ocr_line' id='line_1_16' title="bbox 138 656 938 698; baseline -0.011 -6"><span class='ocrx_word' id='word_1_125' title='bbox 138 666 193 693; x_wconf 77' lang='lat' dir='ltr'>iam</span> <span class='ocrx_word' id='word_1_126' title='bbox 202 663 387 691; x_wconf 87' lang='lat' dir='ltr'>adulterarunt</span> <span class='ocrx_word' id='word_1_127' title='bbox 397 660 551 698; x_wconf 83' lang='lat' dir='ltr'>hujusmodi</span> <span class='ocrx_word' id='word_1_128' title='bbox 560 659 696 696; x_wconf 86' lang='lat' dir='ltr'>hymnum</span> <span class='ocrx_word' id='word_1_129' title='bbox 708 679 714 690; x_wconf 89' lang='lat'>‚</span> <span class='ocrx_word' id='word_1_130' title='bbox 725 656 938 695; x_wconf 75' lang='lat' dir='ltr'>blasphemantes</span> 
     </span>
     <span class='ocr_line' id='line_1_17' title="bbox 137 699 937 742; baseline -0.011 -9"><span class='ocrx_word' id='word_1_131' title='bbox 137 705 192 735; x_wconf 88' lang='lat' dir='ltr'>hoc</span> <span class='ocrx_word' id='word_1_132' title='bbox 205 705 297 742; x_wconf 59' lang='lat' dir='ltr'>pafto:</span> <span class='ocrx_word' id='word_1_133' title='bbox 322 702 442 737; x_wconf 78' lang='lat' dir='ltr'>[Gloria</span> <span class='ocrx_word' id='word_1_134' title='bbox 452 701 524 730; x_wconf 85' lang='lat' dir='ltr'>Patri</span> <span class='ocrx_word' id='word_1_135' title='bbox 539 710 587 738; x_wconf 90' lang='lat' dir='ltr'>per</span> <span class='ocrx_word' id='word_1_136' title='bbox 604 701 703 729; x_wconf 81' lang='lat' dir='ltr'>Filium</span> <span class='ocrx_word' id='word_1_137' title='bbox 717 699 745 726; x_wconf 85' lang='lat' dir='ltr'>in</span> <span class='ocrx_word' id='word_1_138' title='bbox 754 699 859 736; x_wconf 82' lang='lat' dir='ltr'>Spiritu</span> <span class='ocrx_word' id='word_1_139' title='bbox 872 699 937 726; x_wconf 80' lang='lat' dir='ltr'>San-</span> 
     </span>
     <span class='ocr_line' id='line_1_18' title="bbox 137 739 940 778; baseline -0.011 -5"><span class='ocrx_word' id='word_1_140' title='bbox 137 748 183 774; x_wconf 74' lang='grc' dir='ltr'>ἂο</span> <span class='ocrx_word' id='word_1_141' title='bbox 194 765 202 773; x_wconf 85' lang='grc'><strong>.</strong></span> <span class='ocrx_word' id='word_1_142' title='bbox 213 745 250 773; x_wconf 93' lang='lat' dir='ltr'>D.</span> <span class='ocrx_word' id='word_1_143' title='bbox 261 744 370 773; x_wconf 81' lang='lat' dir='ltr'>Basilius</span> <span class='ocrx_word' id='word_1_144' title='bbox 383 743 483 771; x_wconf 80' lang='lat' dir='ltr'>ibidem</span> <span class='ocrx_word' id='word_1_145' title='bbox 494 762 500 770; x_wconf 89' lang='lat'>.</span> <span class='ocrx_word' id='word_1_146' title='bbox 511 744 522 772; x_wconf 94' lang='lat'><em>]</em></span> <span class='ocrx_word' id='word_1_147' title='bbox 534 743 601 770; x_wconf 90' lang='lat' dir='ltr'>Non</span> <span class='ocrx_word' id='word_1_148' title='bbox 612 750 703 769; x_wconf 80' lang='lat' dir='ltr'>tamen</span> <span class='ocrx_word' id='word_1_149' title='bbox 717 749 811 769; x_wconf 79' lang='lat' dir='ltr'>verum</span> <span class='ocrx_word' id='word_1_150' title='bbox 823 739 860 766; x_wconf 80' lang='lat' dir='ltr'>est</span> <span class='ocrx_word' id='word_1_151' title='bbox 870 748 940 778; x_wconf 69' lang='lat' dir='ltr'>pra:-</span> 
     </span>
     <span class='ocr_line' id='line_1_19' title="bbox 138 779 940 820; baseline -0.009 -6"><span class='ocrx_word' id='word_1_152' title='bbox 138 787 224 815; x_wconf 85' lang='lat' dir='ltr'>fatum</span> <span class='ocrx_word' id='word_1_153' title='bbox 234 784 395 815; x_wconf 77' lang='lat' dir='ltr'>Concilium</span> <span class='ocrx_word' id='word_1_154' title='bbox 405 783 476 812; x_wconf 88' lang='lat' dir='ltr'>hunc</span> <span class='ocrx_word' id='word_1_155' title='bbox 486 782 622 820; x_wconf 88' lang='lat' dir='ltr'>hymnum</span> <span class='ocrx_word' id='word_1_156' title='bbox 633 780 773 810; x_wconf 84' lang='lat' dir='ltr'>decantari</span> <span class='ocrx_word' id='word_1_157' title='bbox 787 779 899 808; x_wconf 80' lang='lat' dir='ltr'>statuiss&#39;e</span> <span class='ocrx_word' id='word_1_158' title='bbox 911 789 940 808; x_wconf 88' lang='lat' dir='ltr'>in</span> 
     </span>
     <span class='ocr_line' id='line_1_20' title="bbox 139 820 940 862; baseline -0.011 -6"><span class='ocrx_word' id='word_1_159' title='bbox 139 827 195 856; x_wconf 79' lang='lat' dir='ltr'>fine</span> <span class='ocrx_word' id='word_1_160' title='bbox 204 825 343 862; x_wconf 80' lang='lat' dir='ltr'>cujuslibet</span> <span class='ocrx_word' id='word_1_161' title='bbox 354 823 467 862; x_wconf 83' lang='lat' dir='ltr'>psalmi,</span> <span class='ocrx_word' id='word_1_162' title='bbox 488 824 562 862; x_wconf 89' lang='lat' dir='ltr'>quod</span> <span class='ocrx_word' id='word_1_163' title='bbox 571 823 640 851; x_wconf 86' lang='lat' dir='ltr'>clare</span> <span class='ocrx_word' id='word_1_164' title='bbox 651 821 754 850; x_wconf 82' lang='lat' dir='ltr'>ibidem</span> <span class='ocrx_word' id='word_1_165' title='bbox 773 820 940 848; x_wconf 75' lang='lat' dir='ltr'>demonster</span> 
     </span>
    </p>

    <p class='ocr_par' dir='ltr' id='par_1_9' title="bbox 140 860 940 904">
     <span class='ocr_line' id='line_1_21' title="bbox 140 860 940 904; baseline -0.01 -8"><span class='ocrx_word' id='word_1_166' title='bbox 140 868 273 897; x_wconf 81' lang='lat' dir='ltr'>Baronius</span> <span class='ocrx_word' id='word_1_167' title='bbox 285 886 292 893; x_wconf 85' lang='lat'>.</span> <span class='ocrx_word' id='word_1_168' title='bbox 317 865 367 894; x_wconf 84' lang='lat' dir='ltr'>Sed</span> <span class='ocrx_word' id='word_1_169' title='bbox 377 874 486 904; x_wconf 78' lang='lat' dir='ltr'>quantae</span> <span class='ocrx_word' id='word_1_170' title='bbox 499 863 610 892; x_wconf 83' lang='lat' dir='ltr'>virtutis</span> <span class='ocrx_word' id='word_1_171' title='bbox 619 864 651 892; x_wconf 86' lang='grc'>111</span> <span class='ocrx_word' id='word_1_172' title='bbox 662 862 705 891; x_wconf 81' lang='lat' dir='ltr'>hic</span> <span class='ocrx_word' id='word_1_173' title='bbox 720 862 790 891; x_wconf 83' lang='lat' dir='ltr'>sacer</span> <span class='ocrx_word' id='word_1_174' title='bbox 799 860 919 896; x_wconf 78' lang='lat' dir='ltr'>hymnus</span> <span class='ocrx_word' id='word_1_175' title='bbox 934 883 940 893; x_wconf 81' lang='lat'><em>‚</em></span> 
     </span>
    </p>

    <p class='ocr_par' dir='ltr' id='par_1_10' title="bbox 136 902 940 944">
     <span class='ocr_line' id='line_1_22' title="bbox 136 902 940 944; baseline -0.011 -7"><span class='ocrx_word' id='word_1_176' title='bbox 136 907 274 936; x_wconf 77' lang='lat' dir='ltr'>sufficeret</span> <span class='ocrx_word' id='word_1_177' title='bbox 285 906 383 934; x_wconf 78' lang='lat' dir='ltr'>referre</span> <span class='ocrx_word' id='word_1_178' title='bbox 393 907 421 934; x_wconf 89' lang='lat' dir='ltr'>id</span> <span class='ocrx_word' id='word_1_179' title='bbox 432 928 438 938; x_wconf 87' lang='lat'><em>,</em></span> <span class='ocrx_word' id='word_1_180' title='bbox 461 904 536 944; x_wconf 81' lang='lat' dir='ltr'>quod</span> <span class='ocrx_word' id='word_1_181' title='bbox 548 905 581 933; x_wconf 89' lang='lat' dir='ltr'>dc</span> <span class='ocrx_word' id='word_1_182' title='bbox 591 904 707 942; x_wconf 85' lang='lat' dir='ltr'>quodam</span> <span class='ocrx_word' id='word_1_183' title='bbox 717 902 865 933; x_wconf 76' lang='lat' dir='ltr'>simoniaco</span> <span class='ocrx_word' id='word_1_184' title='bbox 877 902 940 940; x_wconf 89' lang='lat' dir='ltr'>Epi-</span> 
     </span>
    </p>

    <p class='ocr_par' dir='ltr' id='par_1_11' title="bbox 138 941 940 1026">
     <span class='ocr_line' id='line_1_23' title="bbox 138 941 940 988; baseline -0.01 -10"><span class='ocrx_word' id='word_1_185' title='bbox 138 948 222 988; x_wconf 83' lang='lat' dir='ltr'>scopo</span> <span class='ocrx_word' id='word_1_186' title='bbox 232 957 323 977; x_wconf 81' lang='lat' dir='ltr'>narrat</span> <span class='ocrx_word' id='word_1_187' title='bbox 335 948 464 974; x_wconf 88' lang='lat' dir='ltr'>Baronius</span> <span class='ocrx_word' id='word_1_188' title='bbox 474 949 529 974; x_wconf 86' lang='lat' dir='ltr'>An.</span> <span class='ocrx_word' id='word_1_189' title='bbox 547 955 596 980; x_wconf 81' lang='grc' dir='ltr'>1ος</span> <span class='ocrx_word' id='word_1_190' title='bbox 606 956 629 979; x_wconf 90' lang='lat'>5.</span> <span class='ocrx_word' id='word_1_191' title='bbox 641 956 684 972; x_wconf 89' lang='lat' dir='ltr'>nu.</span> <span class='ocrx_word' id='word_1_192' title='bbox 702 955 744 980; x_wconf 86' lang='lat'>15.</span> <span class='ocrx_word' id='word_1_193' title='bbox 756 946 781 971; x_wconf 70' lang='grc' dir='ltr'>ὅ(</span> <span class='ocrx_word' id='word_1_194' title='bbox 792 941 865 981; x_wconf 78' lang='lat' dir='ltr'>seqq.</span> <span class='ocrx_word' id='word_1_195' title='bbox 882 952 940 970; x_wconf 83' lang='lat' dir='ltr'>nam</span> 
     </span>
     <span class='ocr_line' id='line_1_24' title="bbox 140 984 940 1026; baseline -0.01 -9"><span class='ocrx_word' id='word_1_196' title='bbox 140 1000 202 1018; x_wconf 88' lang='lat' dir='ltr'>cum</span> <span class='ocrx_word' id='word_1_197' title='bbox 214 990 243 1017; x_wconf 87' lang='lat' dir='ltr'>in</span> <span class='ocrx_word' id='word_1_198' title='bbox 254 985 434 1026; x_wconf 77' lang='lat' dir='ltr'>Lugdunense</span> <span class='ocrx_word' id='word_1_199' title='bbox 446 986 560 1021; x_wconf 85' lang='lat' dir='ltr'>Synodo</span> <span class='ocrx_word' id='word_1_200' title='bbox 570 986 600 1013; x_wconf 87' lang='lat' dir='ltr'>ab</span> <span class='ocrx_word' id='word_1_201' title='bbox 611 984 803 1015; x_wconf 82' lang='lat' dir='ltr'>Hildebrando</span> <span class='ocrx_word' id='word_1_202' title='bbox 814 990 824 1017; x_wconf 87' lang='lat'>(</span> <span class='ocrx_word' id='word_1_203' title='bbox 835 985 880 1023; x_wconf 76' lang='lat' dir='ltr'>qui</span> <span class='ocrx_word' id='word_1_204' title='bbox 893 994 940 1022; x_wconf 75' lang='lat' dir='ltr'>po·</span> 
     </span>
    </p>
   </div>
   <div class='ocr_carea' id='block_1_3' title="bbox 141 1024 953 1066">
    <p class='ocr_par' dir='ltr' id='par_1_12' title="bbox 141 1024 953 1066">
     <span class='ocr_line' id='line_1_25' title="bbox 141 1024 953 1066; baseline -0.007 -8"><span class='ocrx_word' id='word_1_205' title='bbox 141 1031 195 1059; x_wconf 80' lang='lat' dir='ltr'>stea</span> <span class='ocrx_word' id='word_1_206' title='bbox 217 1030 267 1058; x_wconf 84' lang='lat' dir='ltr'>fuit</span> <span class='ocrx_word' id='word_1_207' title='bbox 276 1030 346 1066; x_wconf 84' lang='lat' dir='ltr'>Papa</span> <span class='ocrx_word' id='word_1_208' title='bbox 355 1030 441 1065; x_wconf 88' lang='lat' dir='ltr'>Greg.</span> <span class='ocrx_word' id='word_1_209' title='bbox 453 1028 544 1058; x_wconf 80' lang='lat' dir='ltr'>VII.)</span> <span class='ocrx_word' id='word_1_210' title='bbox 565 1027 732 1065; x_wconf 70' lang='lat' dir='ltr'>Apostolieae</span> <span class='ocrx_word' id='word_1_211' title='bbox 754 1024 828 1053; x_wconf 82' lang='lat' dir='ltr'>Sedis</span> <span class='ocrx_word' id='word_1_212' title='bbox 840 1027 953 1064; x_wconf 77' lang='lat' dir='ltr'>Legato,</span> 
     </span>
    </p>
   </div>
   <div class='ocr_carea' id='block_1_4' title="bbox 139 1065 950 2042">
    <p class='ocr_par' dir='ltr' id='par_1_13' title="bbox 139 1065 950 2042">
     <span class='ocr_line' id='line_1_26' title="bbox 140 1065 942 1100; baseline -0.006 -1"><span class='ocrx_word' id='word_1_213' title='bbox 140 1070 300 1099; x_wconf 80' lang='lat' dir='ltr'>fimonmcus</span> <span class='ocrx_word' id='word_1_214' title='bbox 312 1071 357 1098; x_wconf 89' lang='lat' dir='ltr'>ille</span> <span class='ocrx_word' id='word_1_215' title='bbox 367 1069 569 1097; x_wconf 79' lang='lat' dir='ltr'>examinaretur</span> <span class='ocrx_word' id='word_1_216' title='bbox 579 1089 587 1100; x_wconf 93' lang='lat'><em>‚</em></span> <span class='ocrx_word' id='word_1_217' title='bbox 605 1072 632 1096; x_wconf 61' lang='grc' dir='ltr'>ἃ</span> <span class='ocrx_word' id='word_1_218' title='bbox 644 1069 732 1096; x_wconf 79' lang='lat' dir='ltr'>nul&#39;us</span> <span class='ocrx_word' id='word_1_219' title='bbox 755 1065 829 1093; x_wconf 83' lang='lat' dir='ltr'>testis</span> <span class='ocrx_word' id='word_1_220' title='bbox 845 1075 942 1094; x_wconf 85' lang='lat' dir='ltr'>contra</span> 
     </span>
     <span class='ocr_line' id='line_1_27' title="bbox 139 1107 942 1146; baseline -0.005 -7"><span class='ocrx_word' id='word_1_221' title='bbox 139 1110 218 1140; x_wconf 87' lang='lat' dir='ltr'>illum</span> <span class='ocrx_word' id='word_1_222' title='bbox 230 1111 360 1142; x_wconf 83' lang='lat' dir='ltr'>inventus</span> <span class='ocrx_word' id='word_1_223' title='bbox 370 1107 433 1138; x_wconf 80' lang='lat' dir='ltr'>ess&#39;et</span> <span class='ocrx_word' id='word_1_224' title='bbox 443 1121 449 1141; x_wconf 79' lang='lat'>5</span> <span class='ocrx_word' id='word_1_225' title='bbox 460 1118 616 1146; x_wconf 76' lang='lat' dir='ltr'>corruperat</span> <span class='ocrx_word' id='word_1_226' title='bbox 628 1109 703 1137; x_wconf 81' lang='lat' dir='ltr'>enim</span> <span class='ocrx_word' id='word_1_227' title='bbox 716 1117 774 1137; x_wconf 86' lang='lat' dir='ltr'>reus</span> <span class='ocrx_word' id='word_1_228' title='bbox 783 1117 876 1135; x_wconf 87' lang='lat' dir='ltr'>omnes</span> <span class='ocrx_word' id='word_1_229' title='bbox 888 1110 942 1144; x_wconf 80' lang='lat' dir='ltr'>ejus</span> 
     </span>
     <span class='ocr_line' id='line_1_28' title="bbox 143 1147 941 1188; baseline -0.006 -8"><span class='ocrx_word' id='word_1_230' title='bbox 143 1152 308 1181; x_wconf 75' lang='lat' dir='ltr'>accusatores</span> <span class='ocrx_word' id='word_1_231' title='bbox 343 1152 455 1181; x_wconf 82' lang='lat' dir='ltr'>ecunia,·</span> <span class='ocrx_word' id='word_1_232' title='bbox 477 1149 586 1177; x_wconf 84' lang='lat' dir='ltr'>tandem</span> <span class='ocrx_word' id='word_1_233' title='bbox 606 1151 722 1188; x_wconf 84' lang='lat' dir='ltr'>Legatus</span> <span class='ocrx_word' id='word_1_234' title='bbox 740 1149 781 1176; x_wconf 91' lang='lat' dir='ltr'>illi</span> <span class='ocrx_word' id='word_1_235' title='bbox 799 1147 872 1183; x_wconf 76' lang='lat' dir='ltr'>jussit</span> <span class='ocrx_word' id='word_1_236' title='bbox 885 1169 892 1180; x_wconf 90' lang='lat'><em>‚</em></span> <span class='ocrx_word' id='word_1_237' title='bbox 913 1156 941 1175; x_wconf 88' lang='lat' dir='ltr'>ut</span> 
     </span>
     <span class='ocr_line' id='line_1_29' title="bbox 142 1162 943 1230; baseline -0.006 -9"><span class='ocrx_word' id='word_1_238' title='bbox 142 1193 305 1230; x_wconf 60' lang='lat' dir='ltr'>praedictum</span> <span class='ocrx_word' id='word_1_239' title='bbox 321 1162 457 1227; x_wconf 64' lang='lat' dir='ltr'>siymnum</span> <span class='ocrx_word' id='word_1_240' title='bbox 467 1190 659 1228; x_wconf 69' lang='lat' dir='ltr'>pronuntiaret</span> <span class='ocrx_word' id='word_1_241' title='bbox 670 1211 677 1222; x_wconf 86' lang='lat'><em>‚</em></span> <span class='ocrx_word' id='word_1_242' title='bbox 689 1190 735 1228; x_wconf 91' lang='lat' dir='ltr'>qui</span> <span class='ocrx_word' id='word_1_243' title='bbox 748 1200 885 1227; x_wconf 82' lang='lat' dir='ltr'>nunquam</span> <span class='ocrx_word' id='word_1_244' title='bbox 896 1200 943 1227; x_wconf 88' lang='lat' dir='ltr'>po-</span> 
     </span>
     <span class='ocr_line' id='line_1_30' title="bbox 143 1229 942 1271; baseline -0.005 -10"><span class='ocrx_word' id='word_1_245' title='bbox 143 1234 196 1262; x_wconf 80' lang='lat' dir='ltr'>tuit</span> <span class='ocrx_word' id='word_1_246' title='bbox 206 1235 322 1271; x_wconf 72' lang='lat' dir='ltr'>spiritui</span> <span class='ocrx_word' id='word_1_247' title='bbox 334 1234 429 1261; x_wconf 73' lang='lat' dir='ltr'>Sanc‘l&#39;o</span> <span class='ocrx_word' id='word_1_248' title='bbox 441 1253 448 1264; x_wconf 89' lang='lat'><em>‚</em></span> <span class='ocrx_word' id='word_1_249' title='bbox 467 1240 548 1269; x_wconf 87' lang='lat' dir='ltr'>quem</span> <span class='ocrx_word' id='word_1_250' title='bbox 557 1230 707 1259; x_wconf 74' lang='lat' dir='ltr'>offenderat</span> <span class='ocrx_word' id='word_1_251' title='bbox 718 1251 724 1263; x_wconf 87' lang='lat'>‚</span> <span class='ocrx_word' id='word_1_252' title='bbox 744 1229 875 1267; x_wconf 72' lang='lat' dir='ltr'>proferre.</span> <span class='ocrx_word' id='word_1_253' title='bbox 887 1232 942 1259; x_wconf 68' lang='lat' dir='ltr'>PR.</span> 
     </span>
     <span class='ocr_line' id='line_1_31' title="bbox 142 1270 943 1310; baseline -0.006 -7"><span class='ocrx_word' id='word_1_254' title='bbox 142 1274 205 1305; x_wconf 82' lang='lat' dir='ltr'>Fuit</span> <span class='ocrx_word' id='word_1_255' title='bbox 214 1277 241 1302; x_wconf 71' lang='grc' dir='ltr'>δε</span> <span class='ocrx_word' id='word_1_256' title='bbox 252 1274 382 1307; x_wconf 80' lang='lat' dir='ltr'>Leontius</span> <span class='ocrx_word' id='word_1_257' title='bbox 400 1282 500 1310; x_wconf 80' lang='lat' dir='ltr'>genere</span> <span class='ocrx_word' id='word_1_258' title='bbox 512 1270 606 1307; x_wconf 85' lang='lat' dir='ltr'>Phryx</span> <span class='ocrx_word' id='word_1_259' title='bbox 623 1272 652 1300; x_wconf 87' lang='lat' dir='ltr'>in</span> <span class='ocrx_word' id='word_1_260' title='bbox 664 1270 826 1309; x_wconf 74' lang='lat' dir='ltr'>Episcopatu</span> <span class='ocrx_word' id='word_1_261' title='bbox 842 1271 943 1299; x_wconf 85' lang='lat' dir='ltr'>Antio-</span> 
     </span>
     <span class='ocr_line' id='line_1_32' title="bbox 143 1311 944 1352; baseline -0.004 -9"><span class='ocrx_word' id='word_1_262' title='bbox 143 1315 235 1343; x_wconf 88' lang='lat' dir='ltr'>cheno</span> <span class='ocrx_word' id='word_1_263' title='bbox 247 1313 379 1352; x_wconf 78' lang='lat' dir='ltr'>Stephani</span> <span class='ocrx_word' id='word_1_264' title='bbox 390 1312 520 1341; x_wconf 82' lang='lat' dir='ltr'>sucteflor</span> <span class='ocrx_word' id='word_1_265' title='bbox 530 1334 536 1345; x_wconf 93' lang='lat'><em>‚</em></span> <span class='ocrx_word' id='word_1_266' title='bbox 546 1316 574 1341; x_wconf 68' lang='grc' dir='ltr'>ὅ(</span> <span class='ocrx_word' id='word_1_267' title='bbox 585 1311 715 1344; x_wconf 60' lang='lat' dir='ltr'>Amanus,</span> <span class='ocrx_word' id='word_1_268' title='bbox 725 1321 805 1349; x_wconf 89' lang='lat' dir='ltr'>quem</span> <span class='ocrx_word' id='word_1_269' title='bbox 815 1311 944 1340; x_wconf 88' lang='lat' dir='ltr'>Theodo-</span> 
     </span>
     <span class='ocr_line' id='line_1_33' title="bbox 143 1352 943 1391; baseline -0.006 -6"><span class='ocrx_word' id='word_1_270' title='bbox 143 1366 216 1385; x_wconf 86' lang='lat' dir='ltr'>retus</span> <span class='ocrx_word' id='word_1_271' title='bbox 229 1377 235 1387; x_wconf 85' lang='lat'>‚</span> <span class='ocrx_word' id='word_1_272' title='bbox 249 1355 294 1383; x_wconf 90' lang='lat' dir='ltr'>lib.</span> <span class='ocrx_word' id='word_1_273' title='bbox 308 1366 334 1383; x_wconf 81' lang='lat'>2.</span> <span class='ocrx_word' id='word_1_274' title='bbox 344 1353 409 1382; x_wconf 90' lang='lat' dir='ltr'>eccl.</span> <span class='ocrx_word' id='word_1_275' title='bbox 420 1352 516 1382; x_wconf 83' lang='lat' dir='ltr'>histor.</span> <span class='ocrx_word' id='word_1_276' title='bbox 526 1363 582 1391; x_wconf 87' lang='lat' dir='ltr'>cap.</span> <span class='ocrx_word' id='word_1_277' title='bbox 600 1363 642 1380; x_wconf 90' lang='lat'>10.</span> <span class='ocrx_word' id='word_1_278' title='bbox 654 1353 747 1380; x_wconf 84' lang='lat' dir='ltr'>animo</span> <span class='ocrx_word' id='word_1_279' title='bbox 759 1352 906 1385; x_wconf 72' lang='lat' dir='ltr'>versutum,</span> <span class='ocrx_word' id='word_1_280' title='bbox 918 1356 943 1380; x_wconf 67' lang='grc' dir='ltr'>ἃ</span> 
     </span>
     <span class='ocr_line' id='line_1_34' title="bbox 142 1393 942 1432; baseline -0.008 -7"><span class='ocrx_word' id='word_1_281' title='bbox 142 1396 211 1425; x_wconf 79' lang='lat' dir='ltr'>saxis</span> <span class='ocrx_word' id='word_1_282' title='bbox 222 1395 341 1424; x_wconf 82' lang='lat' dir='ltr'>mundis</span> <span class='ocrx_word' id='word_1_283' title='bbox 351 1394 431 1423; x_wconf 88' lang='lat' dir='ltr'>maris</span> <span class='ocrx_word' id='word_1_284' title='bbox 451 1394 596 1421; x_wconf 86' lang='lat' dir='ltr'>latentibus</span> <span class='ocrx_word' id='word_1_285' title='bbox 613 1393 728 1421; x_wconf 78' lang='lat' dir='ltr'>similem</span> <span class='ocrx_word' id='word_1_286' title='bbox 739 1393 875 1432; x_wconf 73' lang='lat' dir='ltr'>appellat5</span> <span class='ocrx_word' id='word_1_287' title='bbox 896 1393 942 1431; x_wconf 88' lang='lat' dir='ltr'>qui</span> 
     </span>
     <span class='ocr_line' id='line_1_35' title="bbox 142 1433 945 1474; baseline -0.007 -9"><span class='ocrx_word' id='word_1_288' title='bbox 142 1446 172 1466; x_wconf 91' lang='lat' dir='ltr'>ut</span> <span class='ocrx_word' id='word_1_289' title='bbox 182 1439 236 1473; x_wconf 81' lang='lat' dir='ltr'>ejus</span> <span class='ocrx_word' id='word_1_290' title='bbox 248 1435 390 1474; x_wconf 80' lang='lat' dir='ltr'>perfidiam</span> <span class='ocrx_word' id='word_1_291' title='bbox 399 1434 545 1465; x_wconf 83' lang='lat' dir='ltr'>simularet,</span> <span class='ocrx_word' id='word_1_292' title='bbox 556 1435 583 1461; x_wconf 90' lang='lat' dir='ltr'>in</span> <span class='ocrx_word' id='word_1_293' title='bbox 592 1433 742 1472; x_wconf 81' lang='lat' dir='ltr'>psalmodia</span> <span class='ocrx_word' id='word_1_294' title='bbox 752 1433 889 1472; x_wconf 55' lang='lat' dir='ltr'>pra-*fatam</span> <span class='ocrx_word' id='word_1_295' title='bbox 901 1434 945 1462; x_wconf 83' lang='lat' dir='ltr'>SS.</span> 
     </span>
     <span class='ocr_line' id='line_1_36' title="bbox 141 1473 945 1515; baseline -0.006 -9"><span class='ocrx_word' id='word_1_296' title='bbox 141 1477 288 1507; x_wconf 73' lang='lat' dir='ltr'>Trinitatis</span> <span class='ocrx_word' id='word_1_297' title='bbox 297 1475 524 1515; x_wconf 82' lang='lat' dir='ltr'>glorificationem</span> <span class='ocrx_word' id='word_1_298' title='bbox 535 1473 657 1503; x_wconf 65' lang='lat' dir='ltr'>submisse</span> <span class='ocrx_word' id='word_1_299' title='bbox 667 1475 785 1502; x_wconf 79' lang='lat' dir='ltr'>cantabat</span> <span class='ocrx_word' id='word_1_300' title='bbox 795 1496 802 1507; x_wconf 89' lang='lat'><em>,</em></span> <span class='ocrx_word' id='word_1_301' title='bbox 823 1485 851 1502; x_wconf 91' lang='lat' dir='ltr'>ut</span> <span class='ocrx_word' id='word_1_302' title='bbox 862 1475 945 1503; x_wconf 80' lang='lat' dir='ltr'>refert</span> 
     </span>
     <span class='ocr_line' id='line_1_37' title="bbox 143 1515 945 1553; baseline -0.004 -7"><span class='ocrx_word' id='word_1_303' title='bbox 143 1518 215 1545; x_wconf 85' lang='lat' dir='ltr'>idem</span> <span class='ocrx_word' id='word_1_304' title='bbox 231 1518 343 1546; x_wconf 66' lang='lat' dir='ltr'>Auc&#39;tor.</span> <span class='ocrx_word' id='word_1_305' title='bbox 356 1518 408 1545; x_wconf 90' lang='lat' dir='ltr'>loc.</span> <span class='ocrx_word' id='word_1_306' title='bbox 420 1516 467 1543; x_wconf 88' lang='lat' dir='ltr'>cit.</span> <span class='ocrx_word' id='word_1_307' title='bbox 478 1525 534 1553; x_wconf 83' lang='lat' dir='ltr'>cap.</span> <span class='ocrx_word' id='word_1_308' title='bbox 548 1527 592 1550; x_wconf 79' lang='lat'>24.</span> <span class='ocrx_word' id='word_1_309' title='bbox 604 1515 637 1543; x_wconf 78' lang='lat' dir='ltr'>sic</span> <span class='ocrx_word' id='word_1_310' title='bbox 649 1516 786 1553; x_wconf 85' lang='lat' dir='ltr'>inquiens:</span> <span class='ocrx_word' id='word_1_311' title='bbox 800 1516 945 1550; x_wconf 85' lang='lat' dir='ltr'>[Primum,</span> 
     </span>
     <span class='ocr_line' id='line_1_38' title="bbox 143 1555 944 1594; baseline -0.002 -8"><span class='ocrx_word' id='word_1_312' title='bbox 143 1558 248 1587; x_wconf 83' lang='lat' dir='ltr'>tametsi</span> <span class='ocrx_word' id='word_1_313' title='bbox 260 1557 383 1586; x_wconf 84' lang='lat' dir='ltr'>sordibus</span> <span class='ocrx_word' id='word_1_314' title='bbox 401 1566 457 1585; x_wconf 82' lang='lat' dir='ltr'>erat</span> <span class='ocrx_word' id='word_1_315' title='bbox 468 1556 565 1584; x_wconf 68' lang='lat' dir='ltr'>arianx</span> <span class='ocrx_word' id='word_1_316' title='bbox 583 1555 755 1594; x_wconf 69' lang='lat' dir='ltr'>blasphemiae</span> <span class='ocrx_word' id='word_1_317' title='bbox 768 1556 925 1594; x_wconf 80' lang='lat' dir='ltr'>inquinatus</span> <span class='ocrx_word' id='word_1_318' title='bbox 938 1567 944 1585; x_wconf 76' lang='lat'>5</span> 
     </span>
     <span class='ocr_line' id='line_1_39' title="bbox 143 1596 945 1628; baseline -0.004 -2"><span class='ocrx_word' id='word_1_319' title='bbox 143 1609 237 1627; x_wconf 75' lang='lat' dir='ltr'>tamen</span> <span class='ocrx_word' id='word_1_320' title='bbox 246 1609 286 1626; x_wconf 86' lang='lat' dir='ltr'>eas</span> <span class='ocrx_word' id='word_1_321' title='bbox 296 1598 392 1626; x_wconf 89' lang='lat' dir='ltr'>callide</span> <span class='ocrx_word' id='word_1_322' title='bbox 402 1597 549 1625; x_wconf 82' lang='lat' dir='ltr'>admodum</span> <span class='ocrx_word' id='word_1_323' title='bbox 558 1598 693 1628; x_wconf 85' lang='lat' dir='ltr'>occultare</span> <span class='ocrx_word' id='word_1_324' title='bbox 706 1596 805 1625; x_wconf 82' lang='lat' dir='ltr'>studuit</span> <span class='ocrx_word' id='word_1_325' title='bbox 817 1618 823 1624; x_wconf 89' lang='lat'>.</span> <span class='ocrx_word' id='word_1_326' title='bbox 837 1597 945 1626; x_wconf 78' lang='lat' dir='ltr'>Etenim</span> 
     </span>
     <span class='ocr_line' id='line_1_40' title="bbox 143 1637 947 1673; baseline -0.005 -5"><span class='ocrx_word' id='word_1_327' title='bbox 143 1650 205 1668; x_wconf 87' lang='lat' dir='ltr'>cum</span> <span class='ocrx_word' id='word_1_328' title='bbox 216 1640 334 1669; x_wconf 88' lang='lat' dir='ltr'>Clerum</span> <span class='ocrx_word' id='word_1_329' title='bbox 346 1661 354 1673; x_wconf 83' lang='lat'><em>‚</em></span> <span class='ocrx_word' id='word_1_330' title='bbox 376 1638 509 1668; x_wconf 79' lang='lat' dir='ltr'>&amp;laicam</span> <span class='ocrx_word' id='word_1_331' title='bbox 521 1637 604 1665; x_wconf 83' lang='lat' dir='ltr'>etiam</span> <span class='ocrx_word' id='word_1_332' title='bbox 626 1637 834 1666; x_wconf 81' lang='lat' dir='ltr'>multitudinem</span> <span class='ocrx_word' id='word_1_333' title='bbox 845 1638 874 1666; x_wconf 89' lang='lat' dir='ltr'>in</span> <span class='ocrx_word' id='word_1_334' title='bbox 885 1639 947 1666; x_wconf 87' lang='lat' dir='ltr'>duas</span> 
     </span>
     <span class='ocr_line' id='line_1_41' title="bbox 146 1678 946 1719; baseline -0.006 -10"><span class='ocrx_word' id='word_1_335' title='bbox 146 1690 235 1719; x_wconf 80' lang='lat' dir='ltr'>pai-tes</span> <span class='ocrx_word' id='word_1_336' title='bbox 245 1679 361 1709; x_wconf 87' lang='lat' dir='ltr'>divisam</span> <span class='ocrx_word' id='word_1_337' title='bbox 371 1688 494 1707; x_wconf 76' lang='lat' dir='ltr'>cerneret</span> <span class='ocrx_word' id='word_1_338' title='bbox 514 1681 541 1706; x_wconf 88' lang='lat'>&amp;</span> <span class='ocrx_word' id='word_1_339' title='bbox 559 1678 668 1708; x_wconf 85' lang='lat' dir='ltr'>alteram</span> <span class='ocrx_word' id='word_1_340' title='bbox 678 1700 685 1711; x_wconf 83' lang='lat'><em>,</em></span> <span class='ocrx_word' id='word_1_341' title='bbox 709 1689 763 1716; x_wconf 86' lang='lat' dir='ltr'>quo</span> <span class='ocrx_word' id='word_1_342' title='bbox 784 1679 874 1708; x_wconf 83' lang='lat' dir='ltr'>laudes</span> <span class='ocrx_word' id='word_1_343' title='bbox 885 1678 946 1706; x_wconf 80' lang='lat' dir='ltr'>Filii</span> 
     </span>
     <span class='ocr_line' id='line_1_42' title="bbox 145 1718 942 1760; baseline -0.004 -11"><span class='ocrx_word' id='word_1_344' title='bbox 145 1721 231 1760; x_wconf 83' lang='lat' dir='ltr'>inagis</span> <span class='ocrx_word' id='word_1_345' title='bbox 239 1721 406 1749; x_wconf 87' lang='lat' dir='ltr'>celebrarent</span> <span class='ocrx_word' id='word_1_346' title='bbox 419 1741 426 1752; x_wconf 94' lang='lat'><em>‚</em></span> <span class='ocrx_word' id='word_1_347' title='bbox 437 1718 506 1748; x_wconf 86' lang='lat' dir='ltr'>hanc</span> <span class='ocrx_word' id='word_1_348' title='bbox 519 1720 741 1754; x_wconf 70' lang='lat' dir='ltr'>conjunstionem</span> <span class='ocrx_word' id='word_1_349' title='bbox 752 1723 825 1752; x_wconf 77' lang='lat' dir='ltr'>(ET)</span> <span class='ocrx_word' id='word_1_350' title='bbox 836 1719 942 1747; x_wconf 80' lang='lat' dir='ltr'>adhibe-</span> 
     </span>
     <span class='ocr_line' id='line_1_43' title="bbox 144 1759 949 1797; baseline -0.005 -7"><span class='ocrx_word' id='word_1_351' title='bbox 144 1772 174 1790; x_wconf 87' lang='lat' dir='ltr'>re</span> <span class='ocrx_word' id='word_1_352' title='bbox 184 1773 191 1792; x_wconf 72' lang='lat'>5</span> <span class='ocrx_word' id='word_1_353' title='bbox 204 1762 317 1790; x_wconf 79' lang='lat' dir='ltr'>alteram</span> <span class='ocrx_word' id='word_1_354' title='bbox 327 1771 416 1790; x_wconf 83' lang='lat' dir='ltr'>autem</span> <span class='ocrx_word' id='word_1_355' title='bbox 427 1782 434 1793; x_wconf 85' lang='lat'><em>‚</em></span> <span class='ocrx_word' id='word_1_356' title='bbox 445 1759 512 1788; x_wconf 79' lang='lat' dir='ltr'>lianc</span> <span class='ocrx_word' id='word_1_357' title='bbox 525 1760 739 1797; x_wconf 78' lang='lat' dir='ltr'>propositionem</span> <span class='ocrx_word' id='word_1_358' title='bbox 751 1763 851 1794; x_wconf 85' lang='lat' dir='ltr'>(PER)</span> <span class='ocrx_word' id='word_1_359' title='bbox 863 1761 892 1788; x_wconf 91' lang='lat' dir='ltr'>in</span> <span class='ocrx_word' id='word_1_360' title='bbox 902 1770 949 1787; x_wconf 79' lang='lat' dir='ltr'>eo-</span> 
     </span>
     <span class='ocr_line' id='line_1_44' title="bbox 146 1799 949 1840; baseline -0.004 -10"><span class='ocrx_word' id='word_1_361' title='bbox 146 1803 208 1830; x_wconf 91' lang='lat' dir='ltr'>dem</span> <span class='ocrx_word' id='word_1_362' title='bbox 219 1813 321 1840; x_wconf 87' lang='lat' dir='ltr'>ponere</span> <span class='ocrx_word' id='word_1_363' title='bbox 332 1824 339 1835; x_wconf 91' lang='lat'><em>,</em></span> <span class='ocrx_word' id='word_1_364' title='bbox 350 1806 377 1831; x_wconf 69' lang='grc' dir='ltr'>ὅ(</span> <span class='ocrx_word' id='word_1_365' title='bbox 386 1811 447 1829; x_wconf 89' lang='lat' dir='ltr'>curn</span> <span class='ocrx_word' id='word_1_366' title='bbox 457 1801 490 1828; x_wconf 89' lang='lat' dir='ltr'>ad</span> <span class='ocrx_word' id='word_1_367' title='bbox 501 1802 633 1837; x_wconf 86' lang='lat' dir='ltr'>Spiritum</span> <span class='ocrx_word' id='word_1_368' title='bbox 646 1802 772 1830; x_wconf 67' lang='lat' dir='ltr'>Sanctum</span> <span class='ocrx_word' id='word_1_369' title='bbox 785 1811 899 1829; x_wconf 86' lang='lat' dir='ltr'>ventum</span> <span class='ocrx_word' id='word_1_370' title='bbox 910 1799 949 1828; x_wconf 89' lang='lat' dir='ltr'>cs-</span> 
     </span>
     <span class='ocr_line' id='line_1_45' title="bbox 141 1841 949 1881; baseline -0.004 -11"><span class='ocrx_word' id='word_1_371' title='bbox 141 1842 181 1871; x_wconf 88' lang='lat' dir='ltr'>set</span> <span class='ocrx_word' id='word_1_372' title='bbox 193 1865 201 1876; x_wconf 90' lang='lat'><em>‚</em></span> <span class='ocrx_word' id='word_1_373' title='bbox 215 1842 437 1881; x_wconf 71' lang='lat' dir='ltr'>praepofitionem</span> <span class='ocrx_word' id='word_1_374' title='bbox 449 1841 669 1877; x_wconf 77' lang='lat' dir='ltr'>(IN)adjiccre3</span> <span class='ocrx_word' id='word_1_375' title='bbox 693 1841 749 1880; x_wconf 90' lang='lat' dir='ltr'>ipsc</span> <span class='ocrx_word' id='word_1_376' title='bbox 770 1852 854 1870; x_wconf 85' lang='lat' dir='ltr'>totam</span> <span class='ocrx_word' id='word_1_377' title='bbox 864 1843 949 1881; x_wconf 84' lang='lat' dir='ltr'>glori-</span> 
     </span>
     <span class='ocr_line' id='line_1_46' title="bbox 146 1881 949 1920; baseline -0.006 -9"><span class='ocrx_word' id='word_1_378' title='bbox 146 1883 303 1912; x_wconf 77' lang='lat' dir='ltr'>ficationem</span> <span class='ocrx_word' id='word_1_379' title='bbox 321 1884 417 1912; x_wconf 83' lang='lat' dir='ltr'>tacitus</span> <span class='ocrx_word' id='word_1_380' title='bbox 425 1881 514 1914; x_wconf 85' lang='lat' dir='ltr'>secum</span> <span class='ocrx_word' id='word_1_381' title='bbox 526 1882 651 1910; x_wconf 78' lang='lat' dir='ltr'>recitaret</span> <span class='ocrx_word' id='word_1_382' title='bbox 664 1904 671 1914; x_wconf 91' lang='lat'><em>‚</em></span> <span class='ocrx_word' id='word_1_383' title='bbox 691 1884 758 1911; x_wconf 82' lang='lat' dir='ltr'>adeo</span> <span class='ocrx_word' id='word_1_384' title='bbox 768 1894 795 1911; x_wconf 91' lang='lat' dir='ltr'>ut</span> <span class='ocrx_word' id='word_1_385' title='bbox 809 1884 855 1920; x_wconf 85' lang='lat' dir='ltr'>qui</span> <span class='ocrx_word' id='word_1_386' title='bbox 866 1892 949 1920; x_wconf 71' lang='lat' dir='ltr'>prope</span> 
     </span>
     <span class='ocr_line' id='line_1_47' title="bbox 146 1922 947 1959; baseline 0 -8"><span class='ocrx_word' id='word_1_387' title='bbox 146 1934 207 1951; x_wconf 89' lang='lat' dir='ltr'>eum</span> <span class='ocrx_word' id='word_1_388' title='bbox 226 1934 303 1952; x_wconf 88' lang='lat' dir='ltr'>erant</span> <span class='ocrx_word' id='word_1_389' title='bbox 315 1946 322 1957; x_wconf 87' lang='lat'>‚</span> <span class='ocrx_word' id='word_1_390' title='bbox 341 1923 430 1953; x_wconf 87' lang='lat' dir='ltr'>solum</span> <span class='ocrx_word' id='word_1_391' title='bbox 448 1922 518 1951; x_wconf 85' lang='lat' dir='ltr'>hanc</span> <span class='ocrx_word' id='word_1_392' title='bbox 539 1922 699 1959; x_wconf 74' lang='lat' dir='ltr'>particulam</span> <span class='ocrx_word' id='word_1_393' title='bbox 717 1926 762 1954; x_wconf 87' lang='lat' dir='ltr'>IN</span> <span class='ocrx_word' id='word_1_394' title='bbox 775 1924 947 1952; x_wconf 81' lang='lat' dir='ltr'>SAECULA</span> 
     </span>
     <span class='ocr_line' id='line_1_48' title="bbox 147 1963 950 2003; baseline -0.001 -11"><span class='ocrx_word' id='word_1_395' title='bbox 147 1963 423 1995; x_wconf 84' lang='lat' dir='ltr'>SAECULORUM</span> <span class='ocrx_word' id='word_1_396' title='bbox 435 1964 559 1992; x_wconf 84' lang='lat' dir='ltr'>audirent</span> <span class='ocrx_word' id='word_1_397' title='bbox 572 1983 578 1990; x_wconf 90' lang='lat'>.</span> <span class='ocrx_word' id='word_1_398' title='bbox 597 1965 608 1994; x_wconf 94' lang='lat'><strong>]</strong></span> <span class='ocrx_word' id='word_1_399' title='bbox 632 1964 678 1992; x_wconf 90' lang='lat' dir='ltr'>De</span> <span class='ocrx_word' id='word_1_400' title='bbox 696 1974 750 2003; x_wconf 88' lang='lat' dir='ltr'>quo</span> <span class='ocrx_word' id='word_1_401' title='bbox 770 1964 855 1992; x_wconf 83' lang='lat' dir='ltr'>etiam</span> <span class='ocrx_word' id='word_1_402' title='bbox 865 1964 950 1992; x_wconf 87' lang='lat' dir='ltr'>Nice-</span> 
     </span>
     <span class='ocr_line' id='line_1_49' title="bbox 149 2003 950 2042; baseline 0 -11"><span class='ocrx_word' id='word_1_403' title='bbox 149 2003 249 2041; x_wconf 86' lang='lat' dir='ltr'>phorus</span> <span class='ocrx_word' id='word_1_404' title='bbox 259 2005 305 2033; x_wconf 90' lang='lat' dir='ltr'>lib.</span> <span class='ocrx_word' id='word_1_405' title='bbox 317 2017 345 2041; x_wconf 89' lang='lat'>9.</span> <span class='ocrx_word' id='word_1_406' title='bbox 356 2014 415 2042; x_wconf 86' lang='lat' dir='ltr'>cap.</span> <span class='ocrx_word' id='word_1_407' title='bbox 429 2016 473 2042; x_wconf 85' lang='lat'>23.</span> <span class='ocrx_word' id='word_1_408' title='bbox 492 2016 534 2038; x_wconf 88' lang='lat'>14·</span> <span class='ocrx_word' id='word_1_409' title='bbox 546 2007 572 2032; x_wconf 72' lang='grc' dir='ltr'>δ(</span> <span class='ocrx_word' id='word_1_410' title='bbox 585 2015 631 2039; x_wconf 79' lang='lat'>29.</span> <span class='ocrx_word' id='word_1_411' title='bbox 643 2007 708 2033; x_wconf 85' lang='lat' dir='ltr'>Erat</span> <span class='ocrx_word' id='word_1_412' title='bbox 719 2006 799 2033; x_wconf 80' lang='lat' dir='ltr'>etiam</span> <span class='ocrx_word' id='word_1_413' title='bbox 810 2004 950 2033; x_wconf 65' lang='lat' dir='ltr'>laudabili«,</span> 
     </span>
    </p>
   </div>
   <div class='ocr_carea' id='block_1_5' title="bbox 1252 33 1360 75">
    <p class='ocr_par' dir='ltr' id='par_1_14' title="bbox 1252 33 1360 75">
     <span class='ocr_line' id='line_1_50' title="bbox 1252 33 1360 75; baseline -0.009 0"><span class='ocrx_word' id='word_1_414' title='bbox 1252 33 1360 75; x_wconf 90' lang='lat' dir='ltr'>GL</span> 
     </span>
    </p>
   </div>
   <div class='ocr_carea' id='block_1_6' title="bbox 959 88 1808 2042">
    <p class='ocr_par' dir='ltr' id='par_1_15' title="bbox 990 88 1801 1268">
     <span class='ocr_line' id='line_1_51' title="bbox 990 88 1790 131; baseline 0.004 -13"><span class='ocrx_word' id='word_1_415' title='bbox 990 89 1028 118; x_wconf 84' lang='lat' dir='ltr'>est</span> <span class='ocrx_word' id='word_1_416' title='bbox 1036 88 1081 118; x_wconf 89' lang='lat' dir='ltr'>sub</span> <span class='ocrx_word' id='word_1_417' title='bbox 1093 90 1205 119; x_wconf 78' lang='lat' dir='ltr'>nomine</span> <span class='ocrx_word' id='word_1_418' title='bbox 1217 89 1387 126; x_wconf 78' lang='lat' dir='ltr'>Hieronymi</span> <span class='ocrx_word' id='word_1_419' title='bbox 1406 91 1439 119; x_wconf 76' lang='lat' dir='ltr'>ad</span> <span class='ocrx_word' id='word_1_420' title='bbox 1449 90 1597 121; x_wconf 76' lang='lat' dir='ltr'>Damasum</span> <span class='ocrx_word' id='word_1_421' title='bbox 1607 92 1736 131; x_wconf 87' lang='lat' dir='ltr'>epistola,</span> <span class='ocrx_word' id='word_1_422' title='bbox 1760 90 1790 121; x_wconf 77' lang='lat' dir='ltr'>in</span> 
     </span>
     <span class='ocr_line' id='line_1_52' title="bbox 991 131 1792 171; baseline 0.004 -13"><span class='ocrx_word' id='word_1_423' title='bbox 991 141 1042 169; x_wconf 79' lang='lat' dir='ltr'>qua</span> <span class='ocrx_word' id='word_1_424' title='bbox 1053 131 1217 159; x_wconf 85' lang='lat' dir='ltr'>Pontificem</span> <span class='ocrx_word' id='word_1_425' title='bbox 1228 131 1400 164; x_wconf 74' lang='lat' dir='ltr'>exhortatur,</span> <span class='ocrx_word' id='word_1_426' title='bbox 1410 142 1438 160; x_wconf 88' lang='lat' dir='ltr'>ut</span> <span class='ocrx_word' id='word_1_427' title='bbox 1449 132 1481 160; x_wconf 80' lang='lat' dir='ltr'>ad</span> <span class='ocrx_word' id='word_1_428' title='bbox 1490 134 1647 171; x_wconf 85' lang='lat' dir='ltr'>exemplum</span> <span class='ocrx_word' id='word_1_429' title='bbox 1656 134 1792 163; x_wconf 81' lang='lat' dir='ltr'>Orienta-</span> 
     </span>
     <span class='ocr_line' id='line_1_53' title="bbox 992 171 1791 207; baseline 0.005 -9"><span class='ocrx_word' id='word_1_430' title='bbox 992 172 1058 199; x_wconf 87' lang='lat' dir='ltr'>lium</span> <span class='ocrx_word' id='word_1_431' title='bbox 1076 171 1107 198; x_wconf 88' lang='lat' dir='ltr'>in</span> <span class='ocrx_word' id='word_1_432' title='bbox 1121 173 1237 200; x_wconf 81' lang='lat' dir='ltr'>Ecclesia</span> <span class='ocrx_word' id='word_1_433' title='bbox 1248 175 1374 201; x_wconf 82' lang='lat' dir='ltr'>Romana</span> <span class='ocrx_word' id='word_1_434' title='bbox 1392 171 1531 207; x_wconf 84' lang='lat' dir='ltr'>hymnum</span> <span class='ocrx_word' id='word_1_435' title='bbox 1551 174 1647 203; x_wconf 85' lang='lat' dir='ltr'>Gloria</span> <span class='ocrx_word' id='word_1_436' title='bbox 1657 174 1731 203; x_wconf 84' lang='lat' dir='ltr'>Patri</span> <span class='ocrx_word' id='word_1_437' title='bbox 1750 174 1791 202; x_wconf 79' lang='lat' dir='ltr'>in-</span> 
     </span>
     <span class='ocr_line' id='line_1_54' title="bbox 993 212 1792 252; baseline 0.001 -11"><span class='ocrx_word' id='word_1_438' title='bbox 993 212 1159 241; x_wconf 84' lang='lat' dir='ltr'>troduceret.</span> <span class='ocrx_word' id='word_1_439' title='bbox 1171 212 1246 240; x_wconf 85' lang='lat' dir='ltr'>Vide</span> <span class='ocrx_word' id='word_1_440' title='bbox 1255 214 1402 241; x_wconf 83' lang='lat' dir='ltr'>Barouium</span> <span class='ocrx_word' id='word_1_441' title='bbox 1410 214 1473 242; x_wconf 86' lang='lat' dir='ltr'>loco</span> <span class='ocrx_word' id='word_1_442' title='bbox 1483 214 1608 252; x_wconf 79' lang='lat' dir='ltr'>proxime</span> <span class='ocrx_word' id='word_1_443' title='bbox 1616 215 1792 244; x_wconf 85' lang='lat' dir='ltr'>citato.Con—</span> 
     </span>
     <span class='ocr_line' id='line_1_55' title="bbox 993 253 1791 294; baseline 0 -13"><span class='ocrx_word' id='word_1_444' title='bbox 993 253 1087 281; x_wconf 86' lang='lat' dir='ltr'>cilium</span> <span class='ocrx_word' id='word_1_445' title='bbox 1097 253 1261 281; x_wconf 87' lang='lat' dir='ltr'>Toletanum</span> <span class='ocrx_word' id='word_1_446' title='bbox 1270 255 1381 292; x_wconf 81' lang='lat' dir='ltr'>1V-cap.</span> <span class='ocrx_word' id='word_1_447' title='bbox 1390 265 1398 281; x_wconf 90' lang='lat'>1</span> <span class='ocrx_word' id='word_1_448' title='bbox 1408 254 1528 284; x_wconf 82' lang='lat' dir='ltr'>2.statuit</span> <span class='ocrx_word' id='word_1_449' title='bbox 1537 255 1582 284; x_wconf 86' lang='lat' dir='ltr'>sub</span> <span class='ocrx_word' id='word_1_450' title='bbox 1593 266 1673 294; x_wconf 79' lang='lat' dir='ltr'>poena</span> <span class='ocrx_word' id='word_1_451' title='bbox 1684 265 1791 284; x_wconf 85' lang='lat' dir='ltr'>excom.</span> 
     </span>
     <span class='ocr_line' id='line_1_56' title="bbox 994 291 1792 335; baseline 0.004 -14"><span class='ocrx_word' id='word_1_452' title='bbox 994 304 1023 322; x_wconf 91' lang='lat' dir='ltr'>ut</span> <span class='ocrx_word' id='word_1_453' title='bbox 1034 293 1063 321; x_wconf 87' lang='lat' dir='ltr'>in</span> <span class='ocrx_word' id='word_1_454' title='bbox 1074 292 1172 321; x_wconf 86' lang='lat' dir='ltr'>Eccles.</span> <span class='ocrx_word' id='word_1_455' title='bbox 1184 291 1326 331; x_wconf 75' lang='lat' dir='ltr'>Hispaniae</span> <span class='ocrx_word' id='word_1_456' title='bbox 1342 293 1373 322; x_wconf 88' lang='lat' dir='ltr'>in</span> <span class='ocrx_word' id='word_1_457' title='bbox 1384 294 1437 322; x_wconf 83' lang='lat' dir='ltr'>fine</span> <span class='ocrx_word' id='word_1_458' title='bbox 1449 294 1612 333; x_wconf 85' lang='lat' dir='ltr'>psalmorum</span> <span class='ocrx_word' id='word_1_459' title='bbox 1629 295 1792 335; x_wconf 83' lang='lat' dir='ltr'>pronuncia-</span> 
     </span>
     <span class='ocr_line' id='line_1_57' title="bbox 995 331 1792 372; baseline 0.001 -10"><span class='ocrx_word' id='word_1_460' title='bbox 995 344 1089 363; x_wconf 86' lang='lat' dir='ltr'>rentur</span> <span class='ocrx_word' id='word_1_461' title='bbox 1100 335 1180 362; x_wconf 83' lang='lat' dir='ltr'>verba</span> <span class='ocrx_word' id='word_1_462' title='bbox 1189 334 1383 372; x_wconf 83' lang='lat' dir='ltr'>Apocalypsis:</span> <span class='ocrx_word' id='word_1_463' title='bbox 1398 341 1409 369; x_wconf 88' lang='lat'>[</span> <span class='ocrx_word' id='word_1_464' title='bbox 1422 336 1519 364; x_wconf 78' lang='lat' dir='ltr'>Gloria</span> <span class='ocrx_word' id='word_1_465' title='bbox 1531 358 1539 369; x_wconf 90' lang='lat'>,</span> <span class='ocrx_word' id='word_1_466' title='bbox 1561 341 1587 366; x_wconf 85' lang='lat'><strong>&amp;</strong></span> <span class='ocrx_word' id='word_1_467' title='bbox 1597 338 1688 365; x_wconf 84' lang='lat' dir='ltr'>honor</span> <span class='ocrx_word' id='word_1_468' title='bbox 1699 331 1771 365; x_wconf 72' lang='lat' dir='ltr'>P⁸atri</span> <span class='ocrx_word' id='word_1_469' title='bbox 1785 358 1792 368; x_wconf 88' lang='lat'><em>,</em></span> 
     </span>
     <span class='ocr_line' id='line_1_58' title="bbox 995 374 1791 415; baseline 0 -12"><span class='ocrx_word' id='word_1_470' title='bbox 995 379 1022 403; x_wconf 71' lang='lat'>8&lt;</span> <span class='ocrx_word' id='word_1_471' title='bbox 1035 375 1147 407; x_wconf 79' lang='lat' dir='ltr'>Filio,&amp;</span> <span class='ocrx_word' id='word_1_472' title='bbox 1157 375 1272 412; x_wconf 82' lang='lat' dir='ltr'>Spiritui</span> <span class='ocrx_word' id='word_1_473' title='bbox 1283 376 1379 403; x_wconf 70' lang='lat' dir='ltr'>Sanc&#39;to</span> <span class='ocrx_word' id='word_1_474' title='bbox 1389 377 1418 403; x_wconf 87' lang='lat' dir='ltr'>in</span> <span class='ocrx_word' id='word_1_475' title='bbox 1427 374 1520 404; x_wconf 80' lang='lat' dir='ltr'>saecula</span> <span class='ocrx_word' id='word_1_476' title='bbox 1528 377 1690 415; x_wconf 68' lang='lat' dir='ltr'>seculorum.</span> <span class='ocrx_word' id='word_1_477' title='bbox 1698 378 1791 409; x_wconf 81' lang='lat' dir='ltr'>Ame&#39;.]</span> 
     </span>
     <span class='ocr_line' id='line_1_59' title="bbox 993 415 1792 456; baseline 0 -12"><span class='ocrx_word' id='word_1_478' title='bbox 993 417 1028 444; x_wconf 90' lang='lat' dir='ltr'>In</span> <span class='ocrx_word' id='word_1_479' title='bbox 1040 417 1196 455; x_wconf 83' lang='lat' dir='ltr'>prolatione</span> <span class='ocrx_word' id='word_1_480' title='bbox 1206 415 1304 444; x_wconf 81' lang='lat' dir='ltr'>Gloria</span> <span class='ocrx_word' id='word_1_481' title='bbox 1315 415 1389 443; x_wconf 82' lang='lat' dir='ltr'>Patri</span> <span class='ocrx_word' id='word_1_482' title='bbox 1409 415 1537 455; x_wconf 87' lang='lat' dir='ltr'>detegere</span> <span class='ocrx_word' id='word_1_483' title='bbox 1552 428 1630 456; x_wconf 85' lang='lat' dir='ltr'>caput</span> <span class='ocrx_word' id='word_1_484' title='bbox 1640 440 1647 451; x_wconf 96' lang='lat'><em>‚</em></span> <span class='ocrx_word' id='word_1_485' title='bbox 1669 417 1792 455; x_wconf 78' lang='lat' dir='ltr'>illudque</span> 
     </span>
     <span class='ocr_line' id='line_1_60' title="bbox 993 455 1794 498; baseline 0.001 -14"><span class='ocrx_word' id='word_1_486' title='bbox 993 457 1126 484; x_wconf 82' lang='lat' dir='ltr'>inclinare</span> <span class='ocrx_word' id='word_1_487' title='bbox 1138 478 1145 488; x_wconf 84' lang='lat'>,</span> <span class='ocrx_word' id='word_1_488' title='bbox 1159 458 1204 494; x_wconf 88' lang='lat' dir='ltr'>qui</span> <span class='ocrx_word' id='word_1_489' title='bbox 1214 456 1243 483; x_wconf 91' lang='lat' dir='ltr'>in</span> <span class='ocrx_word' id='word_1_490' title='bbox 1254 455 1352 484; x_wconf 87' lang='lat' dir='ltr'>Choro</span> <span class='ocrx_word' id='word_1_491' title='bbox 1362 455 1442 484; x_wconf 65' lang='lat' dir='ltr'>sune:</span> <span class='ocrx_word' id='word_1_492' title='bbox 1453 467 1510 485; x_wconf 86' lang='lat' dir='ltr'>non</span> <span class='ocrx_word' id='word_1_493' title='bbox 1522 468 1588 486; x_wconf 89' lang='lat' dir='ltr'>vero</span> <span class='ocrx_word' id='word_1_494' title='bbox 1597 458 1622 487; x_wconf 85' lang='lat' dir='ltr'>se</span> <span class='ocrx_word' id='word_1_495' title='bbox 1632 460 1737 498; x_wconf 80' lang='lat' dir='ltr'>erigere</span> <span class='ocrx_word' id='word_1_496' title='bbox 1748 459 1794 486; x_wconf 85' lang='lat' dir='ltr'>de-</span> 
     </span>
     <span class='ocr_line' id='line_1_61' title="bbox 994 496 1795 536; baseline 0.001 -11"><span class='ocrx_word' id='word_1_497' title='bbox 994 498 1058 525; x_wconf 88' lang='lat' dir='ltr'>bent</span> <span class='ocrx_word' id='word_1_498' title='bbox 1069 518 1077 530; x_wconf 92' lang='lat'><em>‚</em></span> <span class='ocrx_word' id='word_1_499' title='bbox 1092 508 1123 526; x_wconf 86' lang='lat' dir='ltr'>ex</span> <span class='ocrx_word' id='word_1_500' title='bbox 1135 496 1342 536; x_wconf 64' lang='lat' dir='ltr'>praestriptione</span> <span class='ocrx_word' id='word_1_501' title='bbox 1351 496 1516 535; x_wconf 82' lang='lat' dir='ltr'>Episcopalis</span> <span class='ocrx_word' id='word_1_502' title='bbox 1527 499 1736 528; x_wconf 71' lang='lat' dir='ltr'>Caeremonialis</span> <span class='ocrx_word' id='word_1_503' title='bbox 1748 498 1795 526; x_wconf 85' lang='lat' dir='ltr'>lib.</span> 
     </span>
     <span class='ocr_line' id='line_1_62' title="bbox 995 537 1795 575; baseline 0 -9"><span class='ocrx_word' id='word_1_504' title='bbox 995 549 1021 566; x_wconf 80' lang='lat'>2.</span> <span class='ocrx_word' id='word_1_505' title='bbox 1032 548 1089 575; x_wconf 88' lang='lat' dir='ltr'>cap.</span> <span class='ocrx_word' id='word_1_506' title='bbox 1097 549 1104 565; x_wconf 93' lang='lat' dir='ltr'>i</span> <span class='ocrx_word' id='word_1_507' title='bbox 1113 558 1119 565; x_wconf 95' lang='lat'>.</span> <span class='ocrx_word' id='word_1_508' title='bbox 1132 537 1230 566; x_wconf 81' lang='lat' dir='ltr'>Eadem</span> <span class='ocrx_word' id='word_1_509' title='bbox 1239 538 1403 566; x_wconf 72' lang='lat' dir='ltr'>caeremonia</span> <span class='ocrx_word' id='word_1_510' title='bbox 1412 538 1563 567; x_wconf 83' lang='lat' dir='ltr'>adhibenda</span> <span class='ocrx_word' id='word_1_511' title='bbox 1575 539 1612 567; x_wconf 91' lang='lat' dir='ltr'>est</span> <span class='ocrx_word' id='word_1_512' title='bbox 1621 550 1655 568; x_wconf 77' lang='lat' dir='ltr'>ex</span> <span class='ocrx_word' id='word_1_513' title='bbox 1666 538 1795 567; x_wconf 84' lang='lat' dir='ltr'>laudabili</span> 
     </span>
     <span class='ocr_line' id='line_1_63' title="bbox 1000 578 1794 617; baseline 0.003 -11"><span class='ocrx_word' id='word_1_514' title='bbox 1000 578 1197 607; x_wconf 72' lang='lat' dir='ltr'>consuetudine</span> <span class='ocrx_word' id='word_1_515' title='bbox 1210 579 1242 606; x_wconf 86' lang='lat' dir='ltr'>ad</span> <span class='ocrx_word' id='word_1_516' title='bbox 1254 579 1334 607; x_wconf 84' lang='lat' dir='ltr'>verba</span> <span class='ocrx_word' id='word_1_517' title='bbox 1344 579 1416 606; x_wconf 87' lang='lat' dir='ltr'>inter</span> <span class='ocrx_word' id='word_1_518' title='bbox 1426 578 1597 617; x_wconf 84' lang='lat' dir='ltr'>psallendum</span> <span class='ocrx_word' id='word_1_519' title='bbox 1608 581 1774 608; x_wconf 77' lang='lat' dir='ltr'>occurrentia</span> <span class='ocrx_word' id='word_1_520' title='bbox 1787 600 1794 610; x_wconf 86' lang='lat'><em>‚</em></span> 
     </span>
     <span class='ocr_line' id='line_1_64' title="bbox 995 619 1794 656; baseline 0 -9"><span class='ocrx_word' id='word_1_521' title='bbox 995 629 1092 656; x_wconf 81' lang='lat' dir='ltr'>nempe</span> <span class='ocrx_word' id='word_1_522' title='bbox 1105 642 1111 652; x_wconf 92' lang='lat'><em>‚</em></span> <span class='ocrx_word' id='word_1_523' title='bbox 1125 619 1188 655; x_wconf 89' lang='lat' dir='ltr'>[Sit</span> <span class='ocrx_word' id='word_1_524' title='bbox 1200 629 1302 647; x_wconf 87' lang='lat' dir='ltr'>nomen</span> <span class='ocrx_word' id='word_1_525' title='bbox 1311 619 1428 647; x_wconf 87' lang='lat' dir='ltr'>Domini</span> <span class='ocrx_word' id='word_1_526' title='bbox 1440 620 1611 648; x_wconf 69' lang='lat' dir='ltr'>benedic&#39;cum</span> <span class='ocrx_word' id='word_1_527' title='bbox 1622 623 1673 648; x_wconf 81' lang='lat' dir='ltr'>&amp;c-</span> <span class='ocrx_word' id='word_1_528' title='bbox 1685 621 1794 652; x_wconf 70' lang='lat' dir='ltr'>San-fisi,</span> 
     </span>
     <span class='ocr_line' id='line_1_65' title="bbox 994 660 1797 696; baseline -0.002 -7"><span class='ocrx_word' id='word_1_529' title='bbox 994 664 1021 689; x_wconf 72' lang='grc' dir='ltr'>ὅ(</span> <span class='ocrx_word' id='word_1_530' title='bbox 1031 661 1151 689; x_wconf 84' lang='lat' dir='ltr'>terribile</span> <span class='ocrx_word' id='word_1_531' title='bbox 1160 664 1211 688; x_wconf 82' lang='lat' dir='ltr'>&amp;c-</span> <span class='ocrx_word' id='word_1_532' title='bbox 1222 660 1402 689; x_wconf 62' lang='lat' dir='ltr'>Benedictum</span> <span class='ocrx_word' id='word_1_533' title='bbox 1412 670 1513 688; x_wconf 81' lang='lat' dir='ltr'>nomen</span> <span class='ocrx_word' id='word_1_534' title='bbox 1523 661 1667 696; x_wconf 71' lang='lat' dir='ltr'>Mrjcstatis</span> <span class='ocrx_word' id='word_1_535' title='bbox 1676 664 1728 688; x_wconf 87' lang='lat' dir='ltr'>&amp;c.</span> <span class='ocrx_word' id='word_1_536' title='bbox 1745 662 1797 689; x_wconf 88' lang='lat' dir='ltr'>Be-</span> 
     </span>
     <span class='ocr_line' id='line_1_66' title="bbox 998 700 1795 739; baseline -0.004 -9"><span class='ocrx_word' id='word_1_537' title='bbox 998 701 1120 730; x_wconf 68' lang='lat' dir='ltr'>nedictus</span> <span class='ocrx_word' id='word_1_538' title='bbox 1132 701 1271 730; x_wconf 83' lang='lat' dir='ltr'>Dominus</span> <span class='ocrx_word' id='word_1_539' title='bbox 1281 700 1407 739; x_wconf 85' lang='lat' dir='ltr'>quotidie</span> <span class='ocrx_word' id='word_1_540' title='bbox 1418 701 1667 730; x_wconf 79' lang='lat' dir='ltr'>&amp;c.Benedicamus</span> <span class='ocrx_word' id='word_1_541' title='bbox 1677 703 1795 732; x_wconf 78' lang='lat' dir='ltr'>Patrem,</span> 
     </span>
     <span class='ocr_line' id='line_1_67' title="bbox 995 741 1796 779; baseline -0.005 -8"><span class='ocrx_word' id='word_1_542' title='bbox 995 747 1021 771; x_wconf 84' lang='lat'>&amp;</span> <span class='ocrx_word' id='word_1_543' title='bbox 1033 742 1131 770; x_wconf 77' lang='lat' dir='ltr'>Filium</span> <span class='ocrx_word' id='word_1_544' title='bbox 1142 764 1148 774; x_wconf 88' lang='lat'><em>,</em></span> <span class='ocrx_word' id='word_1_545' title='bbox 1160 752 1220 769; x_wconf 90' lang='lat' dir='ltr'>cum</span> <span class='ocrx_word' id='word_1_546' title='bbox 1232 743 1328 770; x_wconf 72' lang='lat' dir='ltr'>Sancto</span> <span class='ocrx_word' id='word_1_547' title='bbox 1339 741 1445 778; x_wconf 81' lang='lat' dir='ltr'>Spiritu</span> <span class='ocrx_word' id='word_1_548' title='bbox 1456 761 1462 769; x_wconf 90' lang='lat'>.</span> <span class='ocrx_word' id='word_1_549' title='bbox 1474 744 1593 770; x_wconf 72' lang='lat' dir='ltr'>Gar-ant.</span> <span class='ocrx_word' id='word_1_550' title='bbox 1602 742 1665 770; x_wconf 72' lang='lat' dir='ltr'>seft.</span> <span class='ocrx_word' id='word_1_551' title='bbox 1679 750 1725 769; x_wconf 88' lang='grc'>10.</span> <span class='ocrx_word' id='word_1_552' title='bbox 1740 751 1796 779; x_wconf 85' lang='lat' dir='ltr'>cap.</span> 
     </span>
     <span class='ocr_line' id='line_1_68' title="bbox 997 781 1799 819; baseline -0.004 -8"><span class='ocrx_word' id='word_1_553' title='bbox 997 795 1021 811; x_wconf 90' lang='lat'>2.</span> <span class='ocrx_word' id='word_1_554' title='bbox 1034 793 1059 810; x_wconf 85' lang='lat' dir='ltr'>n.</span> <span class='ocrx_word' id='word_1_555' title='bbox 1071 794 1098 819; x_wconf 88' lang='lat'>9.</span> <span class='ocrx_word' id='word_1_556' title='bbox 1113 786 1124 814; x_wconf 90' lang='grc'>]</span> <span class='ocrx_word' id='word_1_557' title='bbox 1143 783 1297 811; x_wconf 88' lang='lat' dir='ltr'>Omittitur</span> <span class='ocrx_word' id='word_1_558' title='bbox 1309 781 1406 810; x_wconf 88' lang='lat' dir='ltr'>Gloria</span> <span class='ocrx_word' id='word_1_559' title='bbox 1416 782 1489 810; x_wconf 83' lang='lat' dir='ltr'>Patri</span> <span class='ocrx_word' id='word_1_560' title='bbox 1507 793 1539 810; x_wconf 83' lang='lat' dir='ltr'>ex</span> <span class='ocrx_word' id='word_1_561' title='bbox 1560 782 1670 810; x_wconf 77' lang='lat' dir='ltr'>decreto</span> <span class='ocrx_word' id='word_1_562' title='bbox 1690 781 1799 819; x_wconf 71' lang='lat' dir='ltr'>praefati</span> 
     </span>
     <span class='ocr_line' id='line_1_69' title="bbox 997 821 1798 861; baseline -0.005 -10"><span class='ocrx_word' id='word_1_563' title='bbox 997 825 1049 852; x_wconf 90' lang='lat' dir='ltr'>IV.</span> <span class='ocrx_word' id='word_1_564' title='bbox 1060 824 1183 852; x_wconf 87' lang='lat' dir='ltr'>Concilii</span> <span class='ocrx_word' id='word_1_565' title='bbox 1193 822 1321 852; x_wconf 85' lang='lat' dir='ltr'>Toletani</span> <span class='ocrx_word' id='word_1_566' title='bbox 1341 823 1370 851; x_wconf 87' lang='grc'>111</span> <span class='ocrx_word' id='word_1_567' title='bbox 1380 822 1486 861; x_wconf 87' lang='lat' dir='ltr'>signum</span> <span class='ocrx_word' id='word_1_568' title='bbox 1498 822 1625 850; x_wconf 77' lang='lat' dir='ltr'>moeroris</span> <span class='ocrx_word' id='word_1_569' title='bbox 1641 823 1674 851; x_wconf 86' lang='lat' dir='ltr'>ad</span> <span class='ocrx_word' id='word_1_570' title='bbox 1687 821 1798 860; x_wconf 79' lang='lat' dir='ltr'>respon-</span> 
     </span>
     <span class='ocr_line' id='line_1_70' title="bbox 995 860 1796 899; baseline -0.004 -8"><span class='ocrx_word' id='word_1_571' title='bbox 995 862 1066 893; x_wconf 86' lang='lat' dir='ltr'>soria</span> <span class='ocrx_word' id='word_1_572' title='bbox 1076 863 1251 892; x_wconf 77' lang='lat' dir='ltr'>hebdomadae</span> <span class='ocrx_word' id='word_1_573' title='bbox 1263 860 1404 895; x_wconf 77' lang='lat' dir='ltr'>Passionis,</span> <span class='ocrx_word' id='word_1_574' title='bbox 1417 863 1450 891; x_wconf 83' lang='lat' dir='ltr'>sic</span> <span class='ocrx_word' id='word_1_575' title='bbox 1461 863 1543 892; x_wconf 87' lang='lat' dir='ltr'>etiam</span> <span class='ocrx_word' id='word_1_576' title='bbox 1551 862 1580 891; x_wconf 90' lang='lat' dir='ltr'>in</span> <span class='ocrx_word' id='word_1_577' title='bbox 1590 863 1709 892; x_wconf 84' lang='lat' dir='ltr'>introitu</span> <span class='ocrx_word' id='word_1_578' title='bbox 1719 861 1796 899; x_wconf 61' lang='lat' dir='ltr'>Mille</span> 
     </span>
     <span class='ocr_line' id='line_1_71' title="bbox 997 902 1797 942; baseline -0.003 -9"><span class='ocrx_word' id='word_1_579' title='bbox 997 905 1116 941; x_wconf 85' lang='lat' dir='ltr'>ejusdem</span> <span class='ocrx_word' id='word_1_580' title='bbox 1127 904 1259 942; x_wconf 90' lang='lat' dir='ltr'>temporis</span> <span class='ocrx_word' id='word_1_581' title='bbox 1269 924 1277 937; x_wconf 93' lang='lat'><em>‚</em></span> <span class='ocrx_word' id='word_1_582' title='bbox 1287 908 1316 932; x_wconf 70' lang='grc' dir='ltr'>ὃς</span> <span class='ocrx_word' id='word_1_583' title='bbox 1326 904 1358 932; x_wconf 82' lang='lat' dir='ltr'>ad</span> <span class='ocrx_word' id='word_1_584' title='bbox 1371 902 1507 931; x_wconf 76' lang='lat' dir='ltr'>Psalmum</span> <span class='ocrx_word' id='word_1_585' title='bbox 1518 905 1640 936; x_wconf 78' lang='lat' dir='ltr'>Lavabo,</span> <span class='ocrx_word' id='word_1_586' title='bbox 1655 905 1720 933; x_wconf 81' lang='lat' dir='ltr'>sicut</span> <span class='ocrx_word' id='word_1_587' title='bbox 1731 906 1756 931; x_wconf 87' lang='lat'>&amp;</span> <span class='ocrx_word' id='word_1_588' title='bbox 1769 912 1797 929; x_wconf 78' lang='lat' dir='ltr'>in</span> 
     </span>
     <span class='ocr_line' id='line_1_72' title="bbox 997 942 1800 981; baseline -0.006 -7"><span class='ocrx_word' id='word_1_589' title='bbox 997 945 1084 976; x_wconf 74' lang='lat' dir='ltr'>Miffis</span> <span class='ocrx_word' id='word_1_590' title='bbox 1093 944 1282 974; x_wconf 60' lang='lat' dir='ltr'>defunc&#39;tornm</span> <span class='ocrx_word' id='word_1_591' title='bbox 1295 955 1301 975; x_wconf 80' lang='lat'>5</span> <span class='ocrx_word' id='word_1_592' title='bbox 1312 944 1358 974; x_wconf 91' lang='lat' dir='ltr'>scd</span> <span class='ocrx_word' id='word_1_593' title='bbox 1370 944 1400 971; x_wconf 92' lang='lat' dir='ltr'>in</span> <span class='ocrx_word' id='word_1_594' title='bbox 1411 944 1470 972; x_wconf 87' lang='lat' dir='ltr'>aliis</span> <span class='ocrx_word' id='word_1_595' title='bbox 1483 943 1589 981; x_wconf 79' lang='lat' dir='ltr'>psalmis</span> <span class='ocrx_word' id='word_1_596' title='bbox 1598 943 1754 980; x_wconf 67' lang='lat' dir='ltr'>humfmodi</span> <span class='ocrx_word' id='word_1_597' title='bbox 1767 942 1800 970; x_wconf 79' lang='grc'>11-</span> 
     </span>
     <span class='ocr_line' id='line_1_73' title="bbox 998 984 1797 1023; baseline -0.005 -10"><span class='ocrx_word' id='word_1_598' title='bbox 998 986 1065 1014; x_wconf 87' lang='lat' dir='ltr'>nalis</span> <span class='ocrx_word' id='word_1_599' title='bbox 1075 996 1131 1013; x_wconf 90' lang='lat' dir='ltr'>non</span> <span class='ocrx_word' id='word_1_600' title='bbox 1142 985 1324 1023; x_wconf 85' lang='lat' dir='ltr'>relinquitur,</span> <span class='ocrx_word' id='word_1_601' title='bbox 1343 984 1394 1013; x_wconf 85' lang='lat' dir='ltr'>nili</span> <span class='ocrx_word' id='word_1_602' title='bbox 1413 984 1442 1011; x_wconf 88' lang='lat' dir='ltr'>in</span> <span class='ocrx_word' id='word_1_603' title='bbox 1463 985 1555 1012; x_wconf 88' lang='lat' dir='ltr'>triduo</span> <span class='ocrx_word' id='word_1_604' title='bbox 1570 987 1678 1019; x_wconf 86' lang='lat' dir='ltr'>majoris</span> <span class='ocrx_word' id='word_1_605' title='bbox 1698 984 1797 1012; x_wconf 78' lang='lat' dir='ltr'>hebdo.</span> 
     </span>
     <span class='ocr_line' id='line_1_74' title="bbox 998 1023 1797 1064; baseline -0.005 -10"><span class='ocrx_word' id='word_1_606' title='bbox 998 1027 1081 1055; x_wconf 71' lang='lat' dir='ltr'>madae</span> <span class='ocrx_word' id='word_1_607' title='bbox 1093 1037 1101 1057; x_wconf 76' lang='lat'>5</span> <span class='ocrx_word' id='word_1_608' title='bbox 1114 1025 1212 1056; x_wconf 83' lang='lat' dir='ltr'>Psalmi</span> <span class='ocrx_word' id='word_1_609' title='bbox 1222 1026 1296 1053; x_wconf 86' lang='lat' dir='ltr'>enim</span> <span class='ocrx_word' id='word_1_610' title='bbox 1306 1023 1477 1063; x_wconf 80' lang='lat' dir='ltr'>operationes</span> <span class='ocrx_word' id='word_1_611' title='bbox 1488 1024 1644 1064; x_wconf 79' lang='lat' dir='ltr'>significant</span> <span class='ocrx_word' id='word_1_612' title='bbox 1655 1036 1662 1055; x_wconf 79' lang='lat'>3</span> <span class='ocrx_word' id='word_1_613' title='bbox 1673 1025 1736 1053; x_wconf 87' lang='lat' dir='ltr'>ideo</span> <span class='ocrx_word' id='word_1_614' title='bbox 1748 1027 1797 1052; x_wconf 84' lang='lat' dir='ltr'>Ec-</span> 
     </span>
     <span class='ocr_line' id='line_1_75' title="bbox 999 1064 1800 1104; baseline -0.007 -8"><span class='ocrx_word' id='word_1_615' title='bbox 999 1067 1077 1096; x_wconf 83' lang='lat' dir='ltr'>clesia</span> <span class='ocrx_word' id='word_1_616' title='bbox 1088 1077 1146 1095; x_wconf 86' lang='lat' dir='ltr'>non</span> <span class='ocrx_word' id='word_1_617' title='bbox 1157 1067 1260 1104; x_wconf 81' lang='lat' dir='ltr'>incipit</span> <span class='ocrx_word' id='word_1_618' title='bbox 1271 1066 1395 1095; x_wconf 81' lang='lat' dir='ltr'>desistere</span> <span class='ocrx_word' id='word_1_619' title='bbox 1407 1086 1415 1097; x_wconf 93' lang='lat'><em>‚</em></span> <span class='ocrx_word' id='word_1_620' title='bbox 1430 1065 1480 1095; x_wconf 79' lang='lat' dir='ltr'>nisi</span> <span class='ocrx_word' id='word_1_621' title='bbox 1490 1067 1519 1094; x_wconf 90' lang='lat' dir='ltr'>in</span> <span class='ocrx_word' id='word_1_622' title='bbox 1528 1065 1602 1094; x_wconf 75' lang='grc' dir='ltr'><strong>(11ἂο</strong></span> <span class='ocrx_word' id='word_1_623' title='bbox 1613 1065 1707 1094; x_wconf 86' lang='lat' dir='ltr'>triduo</span> <span class='ocrx_word' id='word_1_624' title='bbox 1717 1086 1725 1097; x_wconf 88' lang='lat'><em>,</em></span> <span class='ocrx_word' id='word_1_625' title='bbox 1737 1064 1800 1103; x_wconf 81' lang='lat' dir='ltr'>quia</span> 
     </span>
     <span class='ocr_line' id='line_1_76' title="bbox 998 1105 1800 1146; baseline -0.005 -10"><span class='ocrx_word' id='word_1_626' title='bbox 998 1108 1087 1146; x_wconf 82' lang='lat' dir='ltr'>Judaei</span> <span class='ocrx_word' id='word_1_627' title='bbox 1097 1108 1126 1135; x_wconf 90' lang='lat' dir='ltr'>in</span> <span class='ocrx_word' id='word_1_628' title='bbox 1137 1107 1305 1136; x_wconf 79' lang='lat' dir='ltr'>hebdomada</span> <span class='ocrx_word' id='word_1_629' title='bbox 1316 1105 1457 1139; x_wconf 72' lang='lat' dir='ltr'>Paffionis,</span> <span class='ocrx_word' id='word_1_630' title='bbox 1469 1107 1557 1134; x_wconf 84' lang='lat' dir='ltr'>verbis</span> <span class='ocrx_word' id='word_1_631' title='bbox 1567 1128 1575 1139; x_wconf 91' lang='lat'><em>‚</em></span> <span class='ocrx_word' id='word_1_632' title='bbox 1586 1105 1761 1143; x_wconf 74' lang='lat' dir='ltr'>consiliisque</span> <span class='ocrx_word' id='word_1_633' title='bbox 1770 1106 1800 1132; x_wconf 90' lang='lat' dir='ltr'>in</span> 
     </span>
     <span class='ocr_line' id='line_1_77' title="bbox 999 1141 1801 1181; baseline -0.002 -5"><span class='ocrx_word' id='word_1_634' title='bbox 999 1148 1142 1177; x_wconf 80' lang='lat' dir='ltr'>Christum</span> <span class='ocrx_word' id='word_1_635' title='bbox 1155 1147 1376 1176; x_wconf 82' lang='lat' dir='ltr'>machinabantur</span> <span class='ocrx_word' id='word_1_636' title='bbox 1386 1169 1393 1180; x_wconf 88' lang='lat'><em>,</em></span> <span class='ocrx_word' id='word_1_637' title='bbox 1411 1145 1458 1175; x_wconf 84' lang='lat' dir='ltr'>sed</span> <span class='ocrx_word' id='word_1_638' title='bbox 1477 1147 1506 1175; x_wconf 88' lang='lat' dir='ltr'>in</span> <span class='ocrx_word' id='word_1_639' title='bbox 1518 1148 1609 1175; x_wconf 85' lang='lat' dir='ltr'>triduo</span> <span class='ocrx_word' id='word_1_640' title='bbox 1619 1146 1725 1181; x_wconf 74' lang='lat' dir='ltr'>maioris</span> <span class='ocrx_word' id='word_1_641' title='bbox 1737 1141 1801 1174; x_wconf 85' lang='lat' dir='ltr'>heb-</span> 
     </span>
     <span class='ocr_line' id='line_1_78' title="bbox 1000 1186 1800 1226; baseline -0.005 -9"><span class='ocrx_word' id='word_1_642' title='bbox 1000 1189 1122 1217; x_wconf 74' lang='lat' dir='ltr'>domadce</span> <span class='ocrx_word' id='word_1_643' title='bbox 1134 1192 1190 1226; x_wconf 84' lang='lat' dir='ltr'>ejus</span> <span class='ocrx_word' id='word_1_644' title='bbox 1199 1189 1325 1217; x_wconf 81' lang='lat' dir='ltr'>divinam</span> <span class='ocrx_word' id='word_1_645' title='bbox 1336 1187 1481 1225; x_wconf 86' lang='lat' dir='ltr'>personam</span> <span class='ocrx_word' id='word_1_646' title='bbox 1490 1188 1681 1217; x_wconf 84' lang='lat' dir='ltr'>conculcantes</span> <span class='ocrx_word' id='word_1_647' title='bbox 1690 1209 1698 1221; x_wconf 96' lang='lat'><em>‚</em></span> <span class='ocrx_word' id='word_1_648' title='bbox 1708 1186 1800 1225; x_wconf 88' lang='lat' dir='ltr'>operi-</span> 
     </span>
     <span class='ocr_line' id='line_1_79' title="bbox 999 1228 1625 1268; baseline -0.002 -11"><span class='ocrx_word' id='word_1_649' title='bbox 999 1231 1044 1257; x_wconf 86' lang='lat' dir='ltr'>bus</span> <span class='ocrx_word' id='word_1_650' title='bbox 1057 1229 1199 1268; x_wconf 79' lang='lat' dir='ltr'>malignati</span> <span class='ocrx_word' id='word_1_651' title='bbox 1208 1228 1272 1256; x_wconf 89' lang='lat' dir='ltr'>sunt</span> <span class='ocrx_word' id='word_1_652' title='bbox 1281 1248 1288 1255; x_wconf 87' lang='lat'>.</span> <span class='ocrx_word' id='word_1_653' title='bbox 1298 1228 1422 1257; x_wconf 80' lang='lat' dir='ltr'>Durand.</span> <span class='ocrx_word' id='word_1_654' title='bbox 1436 1229 1480 1256; x_wconf 86' lang='lat' dir='ltr'>lib.</span> <span class='ocrx_word' id='word_1_655' title='bbox 1491 1234 1518 1256; x_wconf 88' lang='lat'>6.</span> <span class='ocrx_word' id='word_1_656' title='bbox 1529 1238 1586 1266; x_wconf 76' lang='lat' dir='ltr'>cap.</span> <span class='ocrx_word' id='word_1_657' title='bbox 1599 1236 1625 1257; x_wconf 88' lang='lat'>6.</span> 
     </span>
    </p>

    <p class='ocr_par' dir='ltr' id='par_1_16' title="bbox 959 1268 1799 1349">
     <span class='ocr_line' id='line_1_80' title="bbox 959 1268 1799 1306; baseline -0.005 -7"><span class='ocrx_word' id='word_1_658' title='bbox 959 1272 1075 1299; x_wconf 71' lang='lat' dir='ltr'>GLoitiA</span> <span class='ocrx_word' id='word_1_659' title='bbox 1088 1273 1151 1299; x_wconf 70' lang='lat' dir='ltr'>Tim</span> <span class='ocrx_word' id='word_1_660' title='bbox 1163 1270 1285 1298; x_wconf 62' lang='lat' dir='ltr'>Domui</span> <span class='ocrx_word' id='word_1_661' title='bbox 1299 1290 1305 1301; x_wconf 95' lang='lat'><em>‚</em></span> <span class='ocrx_word' id='word_1_662' title='bbox 1328 1279 1408 1306; x_wconf 82' lang='lat' dir='ltr'>quare</span> <span class='ocrx_word' id='word_1_663' title='bbox 1418 1279 1475 1297; x_wconf 89' lang='lat' dir='ltr'>non</span> <span class='ocrx_word' id='word_1_664' title='bbox 1487 1278 1544 1296; x_wconf 89' lang='lat' dir='ltr'>non</span> <span class='ocrx_word' id='word_1_665' title='bbox 1556 1269 1658 1297; x_wconf 87' lang='lat' dir='ltr'>dicitur</span> <span class='ocrx_word' id='word_1_666' title='bbox 1669 1268 1699 1296; x_wconf 89' lang='lat' dir='ltr'>in</span> <span class='ocrx_word' id='word_1_667' title='bbox 1709 1271 1799 1296; x_wconf 84' lang='lat' dir='ltr'>Evan-</span> 
     </span>
     <span class='ocr_line' id='line_1_81' title="bbox 1002 1309 1435 1349; baseline -0.005 -11"><span class='ocrx_word' id='word_1_668' title='bbox 1002 1310 1077 1349; x_wconf 87' lang='lat' dir='ltr'>gelio</span> <span class='ocrx_word' id='word_1_669' title='bbox 1088 1310 1221 1342; x_wconf 78' lang='lat' dir='ltr'>Passionis</span> <span class='ocrx_word' id='word_1_670' title='bbox 1233 1329 1240 1337; x_wconf 89' lang='lat'><strong><em>.</em></strong></span> <span class='ocrx_word' id='word_1_671' title='bbox 1253 1309 1326 1337; x_wconf 90' lang='lat' dir='ltr'>Vide</span> <span class='ocrx_word' id='word_1_672' title='bbox 1337 1309 1418 1347; x_wconf 80' lang='lat' dir='ltr'>Paffio</span> <span class='ocrx_word' id='word_1_673' title='bbox 1427 1329 1435 1336; x_wconf 87' lang='lat'>.</span> 
     </span>
    </p>

    <p class='ocr_par' dir='ltr' id='par_1_17' title="bbox 960 1348 1807 1797">
     <span class='ocr_line' id='line_1_82' title="bbox 960 1348 1801 1388; baseline -0.002 -11"><span class='ocrx_word' id='word_1_674' title='bbox 960 1353 1074 1383; x_wconf 63' lang='lat' dir='ltr'>GrossA</span> <span class='ocrx_word' id='word_1_675' title='bbox 1088 1372 1096 1383; x_wconf 83' lang='lat'><em>,</em></span> <span class='ocrx_word' id='word_1_676' title='bbox 1117 1349 1225 1388; x_wconf 55' lang='grc' dir='ltr'>γλῶομ</span> <span class='ocrx_word' id='word_1_677' title='bbox 1237 1372 1244 1382; x_wconf 91' lang='grc'><em>,</em></span> <span class='ocrx_word' id='word_1_678' title='bbox 1267 1349 1390 1388; x_wconf 87' lang='lat' dir='ltr'>linguam</span> <span class='ocrx_word' id='word_1_679' title='bbox 1410 1348 1545 1388; x_wconf 80' lang='lat' dir='ltr'>significat</span> <span class='ocrx_word' id='word_1_680' title='bbox 1557 1370 1564 1382; x_wconf 89' lang='lat'><em>‚</em></span> <span class='ocrx_word' id='word_1_681' title='bbox 1587 1350 1622 1378; x_wconf 83' lang='lat' dir='ltr'>fic</span> <span class='ocrx_word' id='word_1_682' title='bbox 1650 1348 1801 1386; x_wconf 78' lang='lat' dir='ltr'>appellatur</span> 
     </span>
     <span class='ocr_line' id='line_1_83' title="bbox 1000 1387 1802 1430; baseline -0.005 -11"><span class='ocrx_word' id='word_1_683' title='bbox 1000 1401 1091 1420; x_wconf 83' lang='lat' dir='ltr'>textus</span> <span class='ocrx_word' id='word_1_684' title='bbox 1103 1390 1312 1430; x_wconf 67' lang='lat' dir='ltr'>interpretatios</span> <span class='ocrx_word' id='word_1_685' title='bbox 1337 1400 1398 1417; x_wconf 86' lang='lat' dir='ltr'>nam</span> <span class='ocrx_word' id='word_1_686' title='bbox 1413 1390 1479 1418; x_wconf 87' lang='lat' dir='ltr'>ficut</span> <span class='ocrx_word' id='word_1_687' title='bbox 1500 1390 1546 1417; x_wconf 91' lang='lat' dir='ltr'>illa</span> <span class='ocrx_word' id='word_1_688' title='bbox 1563 1390 1682 1429; x_wconf 77' lang='lat' dir='ltr'>explicat</span> <span class='ocrx_word' id='word_1_689' title='bbox 1692 1387 1802 1417; x_wconf 87' lang='lat' dir='ltr'>sensum</span> 
     </span>
     <span class='ocr_line' id='line_1_84' title="bbox 1002 1430 1799 1469; baseline -0.004 -9"><span class='ocrx_word' id='word_1_690' title='bbox 1002 1432 1102 1460; x_wconf 83' lang='lat' dir='ltr'>mentis</span> <span class='ocrx_word' id='word_1_691' title='bbox 1115 1455 1121 1465; x_wconf 92' lang='lat'><em>‚</em></span> <span class='ocrx_word' id='word_1_692' title='bbox 1144 1432 1178 1461; x_wconf 80' lang='lat' dir='ltr'>fic</span> <span class='ocrx_word' id='word_1_693' title='bbox 1188 1430 1273 1469; x_wconf 69' lang='lat' dir='ltr'>glossa</span> <span class='ocrx_word' id='word_1_694' title='bbox 1282 1440 1401 1458; x_wconf 77' lang='lat' dir='ltr'>mentem</span> <span class='ocrx_word' id='word_1_695' title='bbox 1412 1439 1500 1459; x_wconf 87' lang='lat' dir='ltr'>textus</span> <span class='ocrx_word' id='word_1_696' title='bbox 1510 1431 1629 1458; x_wconf 81' lang='lat' dir='ltr'>declarat</span> <span class='ocrx_word' id='word_1_697' title='bbox 1641 1451 1648 1457; x_wconf 96' lang='lat'>.</span> <span class='ocrx_word' id='word_1_698' title='bbox 1660 1430 1747 1467; x_wconf 79' lang='lat' dir='ltr'>Gloffa</span> <span class='ocrx_word' id='word_1_699' title='bbox 1759 1441 1799 1457; x_wconf 84' lang='lat' dir='ltr'>or-</span> 
     </span>
     <span class='ocr_line' id='line_1_85' title="bbox 1001 1469 1803 1510; baseline -0.004 -9"><span class='ocrx_word' id='word_1_700' title='bbox 1001 1474 1115 1502; x_wconf 64' lang='lat' dir='ltr'>amaria</span> <span class='ocrx_word' id='word_1_701' title='bbox 1133 1471 1271 1510; x_wconf 87' lang='lat' dir='ltr'>utriusque</span> <span class='ocrx_word' id='word_1_702' title='bbox 1290 1475 1328 1502; x_wconf 85' lang='lat' dir='ltr'>Te</span> <span class='ocrx_word' id='word_1_703' title='bbox 1334 1471 1457 1500; x_wconf 82' lang='lat' dir='ltr'>stamenti</span> <span class='ocrx_word' id='word_1_704' title='bbox 1484 1481 1498 1499; x_wconf 83' lang='lat' dir='ltr'>a</span> <span class='ocrx_word' id='word_1_705' title='bbox 1527 1471 1659 1499; x_wconf 74' lang='lat' dir='ltr'>Strabone</span> <span class='ocrx_word' id='word_1_706' title='bbox 1679 1469 1803 1498; x_wconf 81' lang='lat' dir='ltr'>Fuldensi</span> 
     </span>
     <span class='ocr_line' id='line_1_86' title="bbox 1003 1510 1802 1550; baseline -0.006 -8"><span class='ocrx_word' id='word_1_707' title='bbox 1003 1512 1140 1543; x_wconf 83' lang='lat' dir='ltr'>Monacho</span> <span class='ocrx_word' id='word_1_708' title='bbox 1151 1511 1255 1541; x_wconf 70' lang='lat' dir='ltr'>Rabani</span> <span class='ocrx_word' id='word_1_709' title='bbox 1266 1511 1402 1550; x_wconf 87' lang='lat' dir='ltr'>discipulo</span> <span class='ocrx_word' id='word_1_710' title='bbox 1411 1522 1474 1539; x_wconf 81' lang='lat' dir='ltr'>ann.</span> <span class='ocrx_word' id='word_1_711' title='bbox 1488 1516 1552 1546; x_wconf 81' lang='lat'><strong>840.</strong></span> <span class='ocrx_word' id='word_1_712' title='bbox 1564 1518 1632 1539; x_wconf 67' lang='lat' dir='ltr'>&#39;com</span> <span class='ocrx_word' id='word_1_713' title='bbox 1655 1511 1721 1539; x_wconf 82' lang='lat' dir='ltr'>ofita</span> <span class='ocrx_word' id='word_1_714' title='bbox 1733 1510 1783 1537; x_wconf 87' lang='lat' dir='ltr'>fuit</span> <span class='ocrx_word' id='word_1_715' title='bbox 1796 1530 1802 1537; x_wconf 97' lang='lat'>.</span> 
     </span>
     <span class='ocr_line' id='line_1_87' title="bbox 1004 1521 1803 1592; baseline -0.006 -10"><span class='ocrx_word' id='word_1_716' title='bbox 1004 1565 1063 1592; x_wconf 61' lang='lat' dir='ltr'>qua·</span> <span class='ocrx_word' id='word_1_717' title='bbox 1076 1554 1166 1592; x_wconf 81' lang='lat' dir='ltr'>postea</span> <span class='ocrx_word' id='word_1_718' title='bbox 1177 1553 1259 1586; x_wconf 55' lang='lat' dir='ltr'>aucta,</span> <span class='ocrx_word' id='word_1_719' title='bbox 1273 1556 1299 1581; x_wconf 70' lang='grc' dir='ltr'>ὅ(</span> <span class='ocrx_word' id='word_1_720' title='bbox 1309 1561 1404 1581; x_wconf 87' lang='lat' dir='ltr'>ornata</span> <span class='ocrx_word' id='word_1_721' title='bbox 1415 1552 1452 1580; x_wconf 85' lang='lat' dir='ltr'>est</span> <span class='ocrx_word' id='word_1_722' title='bbox 1461 1563 1475 1580; x_wconf 88' lang='lat' dir='ltr'>a</span> <span class='ocrx_word' id='word_1_723' title='bbox 1484 1521 1677 1590; x_wconf 60' lang='lat' dir='ltr'>posteriorisius</span> <span class='ocrx_word' id='word_1_724' title='bbox 1688 1572 1694 1578; x_wconf 93' lang='lat'>.</span> <span class='ocrx_word' id='word_1_725' title='bbox 1708 1551 1803 1579; x_wconf 78' lang='lat' dir='ltr'>Bellar.</span> 
     </span>
     <span class='ocr_line' id='line_1_88' title="bbox 1003 1589 1807 1634; baseline -0.006 -11"><span class='ocrx_word' id='word_1_726' title='bbox 1003 1596 1037 1624; x_wconf 86' lang='lat' dir='ltr'>de</span> <span class='ocrx_word' id='word_1_727' title='bbox 1057 1594 1155 1634; x_wconf 80' lang='lat' dir='ltr'>Script.</span> <span class='ocrx_word' id='word_1_728' title='bbox 1175 1593 1275 1623; x_wconf 89' lang='lat' dir='ltr'>Eccles.</span> <span class='ocrx_word' id='word_1_729' title='bbox 1294 1591 1438 1622; x_wconf 89' lang='lat' dir='ltr'>Anselmus</span> <span class='ocrx_word' id='word_1_730' title='bbox 1457 1603 1522 1621; x_wconf 90' lang='lat' dir='ltr'>vero</span> <span class='ocrx_word' id='word_1_731' title='bbox 1534 1592 1677 1621; x_wconf 80' lang='lat' dir='ltr'>Laudenlis</span> <span class='ocrx_word' id='word_1_732' title='bbox 1696 1589 1807 1620; x_wconf 79' lang='lat' dir='ltr'>Schola-</span> 
     </span>
     <span class='ocr_line' id='line_1_89' title="bbox 1006 1631 1805 1674; baseline -0.008 -10"><span class='ocrx_word' id='word_1_733' title='bbox 1006 1637 1086 1665; x_wconf 85' lang='lat' dir='ltr'>sticus</span> <span class='ocrx_word' id='word_1_734' title='bbox 1096 1634 1302 1664; x_wconf 84' lang='lat' dir='ltr'>interlinearem</span> <span class='ocrx_word' id='word_1_735' title='bbox 1311 1632 1422 1674; x_wconf 73' lang='lat' dir='ltr'>glossam</span> <span class='ocrx_word' id='word_1_736' title='bbox 1433 1632 1586 1671; x_wconf 85' lang='lat' dir='ltr'>composuit</span> <span class='ocrx_word' id='word_1_737' title='bbox 1598 1654 1604 1661; x_wconf 91' lang='lat'>.</span> <span class='ocrx_word' id='word_1_738' title='bbox 1617 1633 1694 1661; x_wconf 84' lang='lat' dir='ltr'>Idem</span> <span class='ocrx_word' id='word_1_739' title='bbox 1705 1631 1805 1660; x_wconf 79' lang='lat' dir='ltr'>Bellar.</span> 
     </span>
     <span class='ocr_line' id='line_1_90' title="bbox 1007 1672 1804 1713; baseline -0.008 -7"><span class='ocrx_word' id='word_1_740' title='bbox 1007 1680 1062 1706; x_wconf 72' lang='lat' dir='ltr'>PR.</span> <span class='ocrx_word' id='word_1_741' title='bbox 1075 1678 1127 1705; x_wconf 90' lang='lat' dir='ltr'>Vel</span> <span class='ocrx_word' id='word_1_742' title='bbox 1139 1676 1194 1705; x_wconf 85' lang='lat' dir='ltr'>dici</span> <span class='ocrx_word' id='word_1_743' title='bbox 1206 1675 1293 1713; x_wconf 88' lang='lat' dir='ltr'>potest</span> <span class='ocrx_word' id='word_1_744' title='bbox 1304 1675 1387 1704; x_wconf 86' lang='lat' dir='ltr'>etiam</span> <span class='ocrx_word' id='word_1_745' title='bbox 1402 1685 1416 1702; x_wconf 88' lang='lat' dir='ltr'>a</span> <span class='ocrx_word' id='word_1_746' title='bbox 1426 1675 1509 1703; x_wconf 89' lang='lat' dir='ltr'>verbo</span> <span class='ocrx_word' id='word_1_747' title='bbox 1527 1674 1615 1702; x_wconf 77' lang='lat' dir='ltr'>latino</span> <span class='ocrx_word' id='word_1_748' title='bbox 1627 1673 1687 1701; x_wconf 81' lang='lat' dir='ltr'>Glos</span> <span class='ocrx_word' id='word_1_749' title='bbox 1699 1694 1706 1705; x_wconf 86' lang='lat'><em>,</em></span> <span class='ocrx_word' id='word_1_750' title='bbox 1728 1672 1804 1710; x_wconf 81' lang='lat' dir='ltr'>quod</span> 
     </span>
     <span class='ocr_line' id='line_1_91' title="bbox 1004 1713 1805 1756; baseline -0.009 -9"><span class='ocrx_word' id='word_1_751' title='bbox 1004 1719 1127 1747; x_wconf 88' lang='lat' dir='ltr'>sororem</span> <span class='ocrx_word' id='word_1_752' title='bbox 1137 1716 1270 1756; x_wconf 77' lang='lat' dir='ltr'>significat</span> <span class='ocrx_word' id='word_1_753' title='bbox 1281 1737 1288 1748; x_wconf 85' lang='lat'><em>‚</em></span> <span class='ocrx_word' id='word_1_754' title='bbox 1312 1717 1329 1743; x_wconf 87' lang='lat' dir='ltr'>J.</span> <span class='ocrx_word' id='word_1_755' title='bbox 1341 1728 1368 1751; x_wconf 86' lang='lat'>4.</span> <span class='ocrx_word' id='word_1_756' title='bbox 1378 1715 1404 1746; x_wconf 82' lang='lat'>§.</span> <span class='ocrx_word' id='word_1_757' title='bbox 1415 1715 1512 1753; x_wconf 83' lang='lat' dir='ltr'>gradus</span> <span class='ocrx_word' id='word_1_758' title='bbox 1522 1735 1528 1741; x_wconf 94' lang='lat'>.</span> <span class='ocrx_word' id='word_1_759' title='bbox 1542 1713 1568 1743; x_wconf 82' lang='lat' dir='ltr'>ff.</span> <span class='ocrx_word' id='word_1_760' title='bbox 1580 1714 1613 1742; x_wconf 89' lang='lat' dir='ltr'>de</span> <span class='ocrx_word' id='word_1_761' title='bbox 1622 1713 1747 1753; x_wconf 85' lang='lat' dir='ltr'>gradibus</span> <span class='ocrx_word' id='word_1_762' title='bbox 1760 1733 1767 1745; x_wconf 86' lang='lat'><em>‚</em></span> <span class='ocrx_word' id='word_1_763' title='bbox 1777 1717 1805 1741; x_wconf 62' lang='lat'>&amp;-</span> 
     </span>
     <span class='ocr_line' id='line_1_92' title="bbox 1005 1755 1410 1797; baseline -0.015 -9"><span class='ocrx_word' id='word_1_764' title='bbox 1005 1761 1079 1788; x_wconf 80' lang='lat' dir='ltr'>affin.</span> <span class='ocrx_word' id='word_1_765' title='bbox 1089 1758 1160 1797; x_wconf 82' lang='lat' dir='ltr'>quasi</span> <span class='ocrx_word' id='word_1_766' title='bbox 1172 1758 1203 1786; x_wconf 85' lang='grc'>111</span> <span class='ocrx_word' id='word_1_767' title='bbox 1212 1755 1289 1784; x_wconf 83' lang='lat' dir='ltr'>soror</span> <span class='ocrx_word' id='word_1_768' title='bbox 1301 1766 1388 1785; x_wconf 82' lang='lat' dir='ltr'>textus</span> <span class='ocrx_word' id='word_1_769' title='bbox 1404 1776 1410 1782; x_wconf 90' lang='lat'>.</span> 
     </span>
    </p>

    <p class='ocr_par' dir='ltr' id='par_1_18' title="bbox 965 1796 1436 1830">
     <span class='ocr_line' id='line_1_93' title="bbox 965 1796 1436 1830; baseline -0.013 -1"><span class='ocrx_word' id='word_1_770' title='bbox 965 1803 1236 1830; x_wconf 72' lang='lat' dir='ltr'>GLOSSEMATARms</span> <span class='ocrx_word' id='word_1_771' title='bbox 1248 1820 1257 1830; x_wconf 84' lang='lat'><em>‚</em></span> <span class='ocrx_word' id='word_1_772' title='bbox 1278 1796 1417 1825; x_wconf 76' lang='lat' dir='ltr'>Gloffitor</span> <span class='ocrx_word' id='word_1_773' title='bbox 1427 1816 1436 1828; x_wconf 76' lang='lat'><em>,</em></span> 
     </span>
    </p>

    <p class='ocr_par' dir='ltr' id='par_1_19' title="bbox 965 1835 1808 2042">
     <span class='ocr_line' id='line_1_94' title="bbox 965 1835 1807 1876; baseline -0.002 -10"><span class='ocrx_word' id='word_1_774' title='bbox 965 1844 1133 1870; x_wconf 67' lang='lat' dir='ltr'>Gfflmuium</span> <span class='ocrx_word' id='word_1_775' title='bbox 1145 1861 1152 1872; x_wconf 91' lang='lat'><em>,</em></span> <span class='ocrx_word' id='word_1_776' title='bbox 1176 1838 1249 1867; x_wconf 85' lang='lat' dir='ltr'>idem</span> <span class='ocrx_word' id='word_1_777' title='bbox 1261 1849 1289 1866; x_wconf 79' lang='lat' dir='ltr'>ac</span> <span class='ocrx_word' id='word_1_778' title='bbox 1300 1838 1393 1876; x_wconf 79' lang='lat' dir='ltr'>gluma</span> <span class='ocrx_word' id='word_1_779' title='bbox 1404 1859 1411 1869; x_wconf 92' lang='lat'><em>,</em></span> <span class='ocrx_word' id='word_1_780' title='bbox 1434 1837 1512 1875; x_wconf 85' lang='lat' dir='ltr'>grani</span> <span class='ocrx_word' id='word_1_781' title='bbox 1525 1863 1529 1868; x_wconf 78' lang='grc'>,</span> <span class='ocrx_word' id='word_1_782' title='bbox 1542 1846 1641 1874; x_wconf 88' lang='lat' dir='ltr'>nempe</span> <span class='ocrx_word' id='word_1_783' title='bbox 1653 1857 1661 1870; x_wconf 85' lang='lat'><em>,</em></span> <span class='ocrx_word' id='word_1_784' title='bbox 1675 1835 1807 1864; x_wconf 86' lang='lat' dir='ltr'>frumenti</span> 
     </span>
     <span class='ocr_line' id='line_1_95' title="bbox 1007 1876 1805 1918; baseline -0.008 -8"><span class='ocrx_word' id='word_1_785' title='bbox 1007 1881 1154 1910; x_wconf 82' lang='lat' dir='ltr'>folliculus.</span> <span class='ocrx_word' id='word_1_786' title='bbox 1168 1879 1260 1915; x_wconf 82' lang='lat' dir='ltr'>[Licet</span> <span class='ocrx_word' id='word_1_787' title='bbox 1271 1879 1381 1918; x_wconf 82' lang='lat' dir='ltr'>quidam</span> <span class='ocrx_word' id='word_1_788' title='bbox 1393 1876 1534 1906; x_wconf 75' lang='lat' dir='ltr'>certissimi</span> <span class='ocrx_word' id='word_1_789' title='bbox 1545 1877 1642 1905; x_wconf 64' lang='lat' dir='ltr'>fruetus</span> <span class='ocrx_word' id='word_1_790' title='bbox 1654 1877 1805 1914; x_wconf 77' lang='lat' dir='ltr'>manipulos</span> 
     </span>
     <span class='ocr_line' id='line_1_96' title="bbox 1009 1918 1804 1960; baseline -0.01 -9"><span class='ocrx_word' id='word_1_791' title='bbox 1009 1921 1182 1960; x_wconf 78' lang='lat' dir='ltr'>Evangelicis</span> <span class='ocrx_word' id='word_1_792' title='bbox 1193 1920 1333 1948; x_wconf 83' lang='lat' dir='ltr'>novalibus</span> <span class='ocrx_word' id='word_1_793' title='bbox 1343 1919 1459 1947; x_wconf 83' lang='lat' dir='ltr'>ubertim</span> <span class='ocrx_word' id='word_1_794' title='bbox 1471 1918 1632 1956; x_wconf 87' lang='lat' dir='ltr'>pullulantes</span> <span class='ocrx_word' id='word_1_795' title='bbox 1642 1938 1649 1949; x_wconf 90' lang='lat'><em>,</em></span> <span class='ocrx_word' id='word_1_796' title='bbox 1660 1918 1804 1955; x_wconf 83' lang='lat' dir='ltr'>granigera</span> 
     </span>
     <span class='ocr_line' id='line_1_97' title="bbox 1005 1957 1808 2001; baseline -0.009 -10"><span class='ocrx_word' id='word_1_797' title='bbox 1005 1963 1140 2001; x_wconf 80' lang='lat' dir='ltr'>spicarum</span> <span class='ocrx_word' id='word_1_798' title='bbox 1159 1961 1281 1999; x_wconf 87' lang='lat' dir='ltr'>glumula</span> <span class='ocrx_word' id='word_1_799' title='bbox 1302 1960 1486 1999; x_wconf 87' lang='lat' dir='ltr'>germinantes</span> <span class='ocrx_word' id='word_1_800' title='bbox 1498 1979 1505 1987; x_wconf 91' lang='lat'>.</span> <span class='ocrx_word' id='word_1_801' title='bbox 1526 1957 1668 1989; x_wconf 87' lang='lat' dir='ltr'>Aldhelm.</span> <span class='ocrx_word' id='word_1_802' title='bbox 1679 1957 1724 1986; x_wconf 82' lang='lat' dir='ltr'>lib.</span> <span class='ocrx_word' id='word_1_803' title='bbox 1735 1969 1762 1996; x_wconf 83' lang='lat'>3.</span> <span class='ocrx_word' id='word_1_804' title='bbox 1774 1957 1808 1985; x_wconf 84' lang='lat' dir='ltr'>de</span> 
     </span>
     <span class='ocr_line' id='line_1_98' title="bbox 1008 2004 1194 2042; baseline -0.022 -10"><span class='ocrx_word' id='word_1_805' title='bbox 1008 2004 1087 2042; x_wconf 78' lang='lat' dir='ltr'>Virg.</span> <span class='ocrx_word' id='word_1_806' title='bbox 1097 2012 1153 2040; x_wconf 85' lang='lat' dir='ltr'>cap.</span> <span class='ocrx_word' id='word_1_807' title='bbox 1165 2012 1194 2037; x_wconf 89' lang='lat'>9.</span> 
     </span>
    </p>
   </div>
   <div class='ocr_carea' id='block_1_7' title="bbox 948 786 956 1546">
    <p class='ocr_par' dir='ltr' id='par_1_20' title="bbox 948 786 956 1546">
     <span class='ocr_line' id='line_1_99' title="bbox 948 786 956 1546; baseline 0 0"><span class='ocrx_word' id='word_1_808' title='bbox 948 786 956 1546; x_wconf 95' lang='lat' dir='ltr'> </span> 
     </span>
    </p>
   </div>
   <div class='ocr_carea' id='block_1_8' title="bbox 148 2039 1810 2083">
    <p class='ocr_par' dir='ltr' id='par_1_21' title="bbox 148 2039 1810 2083">
     <span class='ocr_line' id='line_1_100' title="bbox 148 2039 1810 2083; baseline -0.004 -11"><span class='ocrx_word' id='word_1_809' title='bbox 148 2045 306 2073; x_wconf 57' lang='lat' dir='ltr'>Sannorum</span> <span class='ocrx_word' id='word_1_810' title='bbox 316 2047 425 2074; x_wconf 86' lang='lat' dir='ltr'>Patrum</span> <span class='ocrx_word' id='word_1_811' title='bbox 436 2046 521 2080; x_wconf 85' lang='lat' dir='ltr'>stylus</span> <span class='ocrx_word' id='word_1_812' title='bbox 532 2046 678 2073; x_wconf 82' lang='lat' dir='ltr'>conciones</span> <span class='ocrx_word' id='word_1_813' title='bbox 700 2045 867 2074; x_wconf 82' lang='lat' dir='ltr'>terminandi</span> <span class='ocrx_word' id='word_1_814' title='bbox 891 2045 947 2083; x_wconf 86' lang='lat' dir='ltr'>glo·</span> <span class='ocrx_word' id='word_1_815' title='bbox 969 2047 1091 2074; x_wconf 70' lang='grc'><strong>611110.</strong></span> <span class='ocrx_word' id='word_1_816' title='bbox 1113 2040 1248 2074; x_wconf 84' lang='lat' dir='ltr'>Gulosus,</span> <span class='ocrx_word' id='word_1_817' title='bbox 1274 2039 1466 2080; x_wconf 71' lang='lat' dir='ltr'>[ipsehospes</span> <span class='ocrx_word' id='word_1_818' title='bbox 1487 2039 1594 2072; x_wconf 85' lang='lat' dir='ltr'>nudus,</span> <span class='ocrx_word' id='word_1_819' title='bbox 1615 2042 1662 2072; x_wconf 88' lang='lat'>&amp;‚</span> <span class='ocrx_word' id='word_1_820' title='bbox 1686 2049 1699 2066; x_wconf 91' lang='lat' dir='ltr'>a</span> <span class='ocrx_word' id='word_1_821' title='bbox 1717 2039 1810 2078; x_wconf 84' lang='lat' dir='ltr'>gluto·</span> 
     </span>
    </p>
   </div>
   <div class='ocr_carea' id='block_1_9' title="bbox 146 2084 952 2326">
    <p class='ocr_par' dir='ltr' id='par_1_22' title="bbox 146 2084 952 2326">
     <span class='ocr_line' id='line_1_101' title="bbox 146 2084 949 2117; baseline 0.001 -6"><span class='ocrx_word' id='word_1_822' title='bbox 146 2084 281 2114; x_wconf 75' lang='lat' dir='ltr'>rificando</span> <span class='ocrx_word' id='word_1_823' title='bbox 291 2086 376 2114; x_wconf 83' lang='lat' dir='ltr'>trinas</span> <span class='ocrx_word' id='word_1_824' title='bbox 385 2086 439 2114; x_wconf 89' lang='lat' dir='ltr'>Dei</span> <span class='ocrx_word' id='word_1_825' title='bbox 451 2084 580 2114; x_wconf 86' lang='lat' dir='ltr'>Personas</span> <span class='ocrx_word' id='word_1_826' title='bbox 592 2106 600 2117; x_wconf 86' lang='lat'><em>,</em></span> <span class='ocrx_word' id='word_1_827' title='bbox 619 2088 647 2113; x_wconf 70' lang='grc' dir='ltr'>ὅ(</span> <span class='ocrx_word' id='word_1_828' title='bbox 665 2086 699 2114; x_wconf 89' lang='lat' dir='ltr'>ob</span> <span class='ocrx_word' id='word_1_829' title='bbox 710 2084 849 2114; x_wconf 88' lang='lat' dir='ltr'>diversum</span> <span class='ocrx_word' id='word_1_830' title='bbox 866 2085 949 2113; x_wconf 84' lang='lat' dir='ltr'>decli-</span> 
     </span>
     <span class='ocr_line' id='line_1_102' title="bbox 148 2124 949 2159; baseline 0 -7"><span class='ocrx_word' id='word_1_831' title='bbox 148 2125 410 2155; x_wconf 74' lang='lat' dir='ltr'>nandiDivinarum</span> <span class='ocrx_word' id='word_1_832' title='bbox 421 2125 599 2154; x_wconf 89' lang='lat' dir='ltr'>Personarum</span> <span class='ocrx_word' id='word_1_833' title='bbox 610 2126 720 2158; x_wconf 80' lang='lat' dir='ltr'>modum</span> <span class='ocrx_word' id='word_1_834' title='bbox 731 2149 738 2159; x_wconf 79' lang='grc'>,</span> <span class='ocrx_word' id='word_1_835' title='bbox 756 2136 825 2154; x_wconf 82' lang='lat' dir='ltr'>oriae</span> <span class='ocrx_word' id='word_1_836' title='bbox 837 2124 897 2153; x_wconf 90' lang='lat' dir='ltr'>sunt</span> <span class='ocrx_word' id='word_1_837' title='bbox 918 2136 949 2153; x_wconf 79' lang='lat' dir='ltr'>ex</span> 
     </span>
     <span class='ocr_line' id='line_1_103' title="bbox 147 2163 949 2205; baseline 0.001 -12"><span class='ocrx_word' id='word_1_838' title='bbox 147 2163 274 2204; x_wconf 85' lang='lat' dir='ltr'>scrupulo</span> <span class='ocrx_word' id='word_1_839' title='bbox 284 2167 366 2194; x_wconf 69' lang='lat' dir='ltr'>varis:</span> <span class='ocrx_word' id='word_1_840' title='bbox 377 2166 539 2205; x_wconf 67' lang='lat' dir='ltr'>qusestiones</span> <span class='ocrx_word' id='word_1_841' title='bbox 549 2188 556 2199; x_wconf 91' lang='lat'><em>,</em></span> <span class='ocrx_word' id='word_1_842' title='bbox 568 2170 595 2195; x_wconf 65' lang='grc' dir='ltr'>ὅ(</span> <span class='ocrx_word' id='word_1_843' title='bbox 606 2167 741 2205; x_wconf 77' lang='lat' dir='ltr'>apologiae</span> <span class='ocrx_word' id='word_1_844' title='bbox 752 2177 764 2194; x_wconf 89' lang='lat' dir='ltr'>a</span> <span class='ocrx_word' id='word_1_845' title='bbox 785 2167 892 2194; x_wconf 63' lang='lat' dir='ltr'>laudato</span> <span class='ocrx_word' id='word_1_846' title='bbox 904 2169 949 2194; x_wconf 83' lang='lat' dir='ltr'>Ba-</span> 
     </span>
     <span class='ocr_line' id='line_1_104' title="bbox 148 2205 952 2245; baseline 0.001 -12"><span class='ocrx_word' id='word_1_847' title='bbox 148 2206 230 2234; x_wconf 90' lang='lat' dir='ltr'>ronio</span> <span class='ocrx_word' id='word_1_848' title='bbox 242 2208 298 2234; x_wconf 82' lang='lat' dir='ltr'>An.</span> <span class='ocrx_word' id='word_1_849' title='bbox 308 2216 375 2243; x_wconf 85' lang='lat'>37¹·</span> <span class='ocrx_word' id='word_1_850' title='bbox 386 2217 431 2235; x_wconf 91' lang='lat' dir='ltr'>nu.</span> <span class='ocrx_word' id='word_1_851' title='bbox 443 2217 489 2239; x_wconf 86' lang='lat'>71·</span> <span class='ocrx_word' id='word_1_852' title='bbox 507 2211 534 2235; x_wconf 73' lang='grc' dir='ltr'>ὅ(</span> <span class='ocrx_word' id='word_1_853' title='bbox 545 2205 620 2245; x_wconf 88' lang='lat' dir='ltr'>seqq.</span> <span class='ocrx_word' id='word_1_854' title='bbox 631 2208 723 2235; x_wconf 72' lang='lat' dir='ltr'>relatae</span> <span class='ocrx_word' id='word_1_855' title='bbox 736 2228 743 2234; x_wconf 95' lang='lat'>.</span> <span class='ocrx_word' id='word_1_856' title='bbox 767 2210 801 2235; x_wconf 89' lang='lat' dir='ltr'>Et</span> <span class='ocrx_word' id='word_1_857' title='bbox 813 2207 952 2244; x_wconf 88' lang='lat' dir='ltr'>quomodo</span> 
     </span>
     <span class='ocr_line' id='line_1_105' title="bbox 147 2245 949 2284; baseline 0.002 -10"><span class='ocrx_word' id='word_1_858' title='bbox 147 2245 222 2274; x_wconf 82' lang='lat' dir='ltr'>varie</span> <span class='ocrx_word' id='word_1_859' title='bbox 231 2245 415 2284; x_wconf 83' lang='lat' dir='ltr'>proferebatur</span> <span class='ocrx_word' id='word_1_860' title='bbox 438 2247 468 2274; x_wconf 88' lang='lat' dir='ltr'>in</span> <span class='ocrx_word' id='word_1_861' title='bbox 477 2247 655 2276; x_wconf 82' lang='lat' dir='ltr'>Occidentali</span> <span class='ocrx_word' id='word_1_862' title='bbox 668 2248 784 2278; x_wconf 76' lang='lat' dir='ltr'>Ecclesia</span> <span class='ocrx_word' id='word_1_863' title='bbox 794 2270 801 2280; x_wconf 91' lang='lat'><em>‚</em></span> <span class='ocrx_word' id='word_1_864' title='bbox 823 2252 850 2277; x_wconf 75' lang='grc' dir='ltr'>ὃ(</span> <span class='ocrx_word' id='word_1_865' title='bbox 868 2248 899 2277; x_wconf 83' lang='grc'>111</span> <span class='ocrx_word' id='word_1_866' title='bbox 909 2249 949 2276; x_wconf 90' lang='lat' dir='ltr'>O-</span> 
     </span>
     <span class='ocr_line' id='line_1_106' title="bbox 147 2286 950 2326; baseline 0.002 -12"><span class='ocrx_word' id='word_1_867' title='bbox 147 2286 257 2315; x_wconf 79' lang='lat' dir='ltr'>rientali</span> <span class='ocrx_word' id='word_1_868' title='bbox 266 2306 273 2314; x_wconf 87' lang='lat'>.</span> <span class='ocrx_word' id='word_1_869' title='bbox 294 2287 367 2315; x_wconf 84' lang='lat' dir='ltr'>Vide</span> <span class='ocrx_word' id='word_1_870' title='bbox 387 2287 503 2315; x_wconf 89' lang='lat' dir='ltr'>eundem</span> <span class='ocrx_word' id='word_1_871' title='bbox 515 2288 694 2316; x_wconf 74' lang='lat' dir='ltr'>Cardinalem</span> <span class='ocrx_word' id='word_1_872' title='bbox 712 2291 768 2317; x_wconf 85' lang='lat' dir='ltr'>An.</span> <span class='ocrx_word' id='word_1_873' title='bbox 779 2298 791 2326; x_wconf 86' lang='lat'><em>3</em></span> <span class='ocrx_word' id='word_1_874' title='bbox 801 2291 845 2316; x_wconf 79' lang='lat'>82.</span> <span class='ocrx_word' id='word_1_875' title='bbox 865 2298 892 2315; x_wconf 91' lang='lat' dir='ltr'>n.</span> <span class='ocrx_word' id='word_1_876' title='bbox 906 2300 950 2316; x_wconf 85' lang='lat'>20.</span> 
     </span>
    </p>
   </div>
   <div class='ocr_carea' id='block_1_10' title="bbox 1002 2079 1810 2324">
    <p class='ocr_par' dir='ltr' id='par_1_23' title="bbox 1002 2079 1810 2324">
     <span class='ocr_line' id='line_1_107' title="bbox 1009 2079 1810 2120; baseline -0.009 -7"><span class='ocrx_word' id='word_1_877' title='bbox 1009 2085 1085 2113; x_wconf 87' lang='lat' dir='ltr'>nibus</span> <span class='ocrx_word' id='word_1_878' title='bbox 1096 2082 1250 2111; x_wconf 84' lang='lat' dir='ltr'>exinanitus</span> <span class='ocrx_word' id='word_1_879' title='bbox 1261 2104 1268 2115; x_wconf 87' lang='lat'><em>‚</em></span> <span class='ocrx_word' id='word_1_880' title='bbox 1291 2082 1321 2109; x_wconf 93' lang='lat' dir='ltr'>in</span> <span class='ocrx_word' id='word_1_881' title='bbox 1332 2085 1403 2120; x_wconf 88' lang='lat' dir='ltr'>Reg.</span> <span class='ocrx_word' id='word_1_882' title='bbox 1424 2081 1530 2120; x_wconf 77' lang='lat' dir='ltr'>Magist.</span> <span class='ocrx_word' id='word_1_883' title='bbox 1550 2079 1614 2111; x_wconf 78' lang='lat'>§.&#39;2.</span> <span class='ocrx_word' id='word_1_884' title='bbox 1628 2082 1640 2114; x_wconf 91' lang='lat'><em>]</em></span> <span class='ocrx_word' id='word_1_885' title='bbox 1665 2081 1722 2108; x_wconf 75' lang='lat' dir='ltr'>PR.</span> <span class='ocrx_word' id='word_1_886' title='bbox 1744 2080 1810 2107; x_wconf 88' lang='lat' dir='ltr'>licet</span> 
     </span>
     <span class='ocr_line' id='line_1_108' title="bbox 1010 2119 1809 2161; baseline -0.009 -8"><span class='ocrx_word' id='word_1_887' title='bbox 1010 2123 1120 2153; x_wconf 72' lang='grc' dir='ltr'><strong>1ηέἀοῙο</strong></span> <span class='ocrx_word' id='word_1_888' title='bbox 1134 2125 1162 2152; x_wconf 85' lang='grc'>111</span> <span class='ocrx_word' id='word_1_889' title='bbox 1172 2122 1302 2161; x_wconf 83' lang='lat' dir='ltr'>originali</span> <span class='ocrx_word' id='word_1_890' title='bbox 1313 2122 1441 2150; x_wconf 83' lang='lat' dir='ltr'>habeatur</span> <span class='ocrx_word' id='word_1_891' title='bbox 1452 2121 1628 2150; x_wconf 71' lang='lat' dir='ltr'>Gluttonibus</span> <span class='ocrx_word' id='word_1_892' title='bbox 1642 2119 1705 2151; x_wconf 76' lang='lat' dir='ltr'>5sed</span> <span class='ocrx_word' id='word_1_893' title='bbox 1715 2120 1809 2150; x_wconf 84' lang='lat' dir='ltr'>unico,</span> 
     </span>
     <span class='ocr_line' id='line_1_109' title="bbox 1011 2161 1808 2202; baseline -0.01 -8"><span class='ocrx_word' id='word_1_894' title='bbox 1011 2169 1043 2199; x_wconf 90' lang='lat' dir='ltr'>T,</span> <span class='ocrx_word' id='word_1_895' title='bbox 1055 2164 1228 2197; x_wconf 85' lang='lat' dir='ltr'>scribendum</span> <span class='ocrx_word' id='word_1_896' title='bbox 1239 2164 1319 2191; x_wconf 88' lang='lat' dir='ltr'>docet</span> <span class='ocrx_word' id='word_1_897' title='bbox 1333 2162 1628 2202; x_wconf 71' lang='lat' dir='ltr'>Ambi⁴ofius‚iiiqiiiens</span> <span class='ocrx_word' id='word_1_898' title='bbox 1640 2173 1645 2189; x_wconf 83' lang='grc'><em>;</em></span> <span class='ocrx_word' id='word_1_899' title='bbox 1663 2161 1727 2196; x_wconf 86' lang='lat' dir='ltr'>[Sic</span> <span class='ocrx_word' id='word_1_900' title='bbox 1737 2169 1808 2188; x_wconf 75' lang='lat' dir='ltr'>amar</span> 
     </span>
     <span class='ocr_line' id='line_1_110' title="bbox 1002 2201 1809 2242; baseline -0.01 -7"><span class='ocrx_word' id='word_1_901' title='bbox 1002 2207 1132 2235; x_wconf 82' lang='lat' dir='ltr'>-diabolus</span> <span class='ocrx_word' id='word_1_902' title='bbox 1144 2205 1214 2236; x_wconf 82' lang='lat' dir='ltr'>filios</span> <span class='ocrx_word' id='word_1_903' title='bbox 1224 2203 1286 2233; x_wconf 87' lang='lat' dir='ltr'>suos</span> <span class='ocrx_word' id='word_1_904' title='bbox 1295 2225 1302 2236; x_wconf 88' lang='lat'><em>,</em></span> <span class='ocrx_word' id='word_1_905' title='bbox 1325 2213 1354 2232; x_wconf 90' lang='lat' dir='ltr'>ut</span> <span class='ocrx_word' id='word_1_906' title='bbox 1366 2203 1460 2242; x_wconf 77' lang='lat' dir='ltr'>perdat</span> <span class='ocrx_word' id='word_1_907' title='bbox 1472 2225 1479 2235; x_wconf 95' lang='lat'>,</span> <span class='ocrx_word' id='word_1_908' title='bbox 1501 2202 1567 2231; x_wconf 82' lang='lat' dir='ltr'>sicut</span> <span class='ocrx_word' id='word_1_909' title='bbox 1578 2211 1646 2229; x_wconf 77' lang='lat' dir='ltr'>amat</span> <span class='ocrx_word' id='word_1_910' title='bbox 1656 2201 1735 2240; x_wconf 84' lang='lat' dir='ltr'>gluto</span> <span class='ocrx_word' id='word_1_911' title='bbox 1746 2209 1809 2237; x_wconf 85' lang='lat' dir='ltr'>poi·-</span> 
     </span>
     <span class='ocr_line' id='line_1_111' title="bbox 1010 2241 1806 2279; baseline -0.011 -4"><span class='ocrx_word' id='word_1_912' title='bbox 1010 2247 1105 2279; x_wconf 84' lang='lat' dir='ltr'>cellam</span> <span class='ocrx_word' id='word_1_913' title='bbox 1115 2268 1122 2279; x_wconf 83' lang='lat'><em>,</em></span> <span class='ocrx_word' id='word_1_914' title='bbox 1146 2255 1175 2273; x_wconf 90' lang='lat' dir='ltr'>ut</span> <span class='ocrx_word' id='word_1_915' title='bbox 1186 2245 1311 2273; x_wconf 85' lang='lat' dir='ltr'>comedat</span> <span class='ocrx_word' id='word_1_916' title='bbox 1322 2265 1330 2275; x_wconf 90' lang='lat'><em>,</em></span> <span class='ocrx_word' id='word_1_917' title='bbox 1343 2246 1354 2275; x_wconf 94' lang='lat'>]</span> <span class='ocrx_word' id='word_1_918' title='bbox 1379 2246 1492 2273; x_wconf 89' lang='lat' dir='ltr'>Nomen</span> <span class='ocrx_word' id='word_1_919' title='bbox 1502 2241 1577 2271; x_wconf 89' lang='lat' dir='ltr'>enim</span> <span class='ocrx_word' id='word_1_920' title='bbox 1588 2253 1601 2270; x_wconf 82' lang='lat' dir='ltr'>a</span> <span class='ocrx_word' id='word_1_921' title='bbox 1611 2243 1693 2271; x_wconf 85' lang='lat' dir='ltr'>verbo</span> <span class='ocrx_word' id='word_1_922' title='bbox 1703 2241 1806 2271; x_wconf 67' lang='lat' dir='ltr'>Glun&#39;o,</span> 
     </span>
     <span class='ocr_line' id='line_1_112' title="bbox 1009 2282 1657 2324; baseline -0.009 -9"><span class='ocrx_word' id='word_1_923' title='bbox 1009 2290 1080 2322; x_wconf 76' lang='lat' dir='ltr'>cnjus</span> <span class='ocrx_word' id='word_1_924' title='bbox 1090 2286 1270 2324; x_wconf 87' lang='lat' dir='ltr'>compositum</span> <span class='ocrx_word' id='word_1_925' title='bbox 1281 2286 1414 2323; x_wconf 77' lang='lat' dir='ltr'>Deglutco</span> <span class='ocrx_word' id='word_1_926' title='bbox 1424 2284 1590 2322; x_wconf 88' lang='lat' dir='ltr'>proveniens</span> <span class='ocrx_word' id='word_1_927' title='bbox 1602 2282 1640 2310; x_wconf 87' lang='lat' dir='ltr'>est</span> <span class='ocrx_word' id='word_1_928' title='bbox 1651 2302 1657 2309; x_wconf 98' lang='lat'>.</span> 
     </span>
    </p>
   </div>
   <div class='ocr_carea' id='block_1_11' title="bbox 149 2319 1810 2367">
    <p class='ocr_par' dir='ltr' id='par_1_24' title="bbox 149 2319 1810 2367">
     <span class='ocr_line' id='line_1_113' title="bbox 149 2319 1810 2367; baseline -0.005 -11"><span class='ocrx_word' id='word_1_929' title='bbox 149 2328 247 2366; x_wconf 75' lang='lat' dir='ltr'>Itaque</span> <span class='ocrx_word' id='word_1_930' title='bbox 257 2326 388 2356; x_wconf 80' lang='lat' dir='ltr'>Damasus</span> <span class='ocrx_word' id='word_1_931' title='bbox 398 2330 469 2365; x_wconf 82' lang='lat' dir='ltr'>Papa</span> <span class='ocrx_word' id='word_1_932' title='bbox 479 2327 550 2356; x_wconf 87' lang='lat' dir='ltr'>hunc</span> <span class='ocrx_word' id='word_1_933' title='bbox 561 2328 699 2362; x_wconf 87' lang='lat' dir='ltr'>hymnum</span> <span class='ocrx_word' id='word_1_934' title='bbox 718 2328 746 2356; x_wconf 90' lang='lat' dir='ltr'>in</span> <span class='ocrx_word' id='word_1_935' title='bbox 766 2328 821 2356; x_wconf 85' lang='lat' dir='ltr'>fine</span> <span class='ocrx_word' id='word_1_936' title='bbox 832 2327 948 2367; x_wconf 86' lang='lat' dir='ltr'>psalmo-</span> <span class='ocrx_word' id='word_1_937' title='bbox 969 2330 1102 2357; x_wconf 68' lang='lat' dir='ltr'>Gnn’rno</span> <span class='ocrx_word' id='word_1_938' title='bbox 1115 2349 1122 2360; x_wconf 94' lang='lat'><em>,</em></span> <span class='ocrx_word' id='word_1_939' title='bbox 1145 2336 1214 2365; x_wconf 89' lang='lat' dir='ltr'>gena</span> <span class='ocrx_word' id='word_1_940' title='bbox 1225 2346 1233 2358; x_wconf 95' lang='lat'><em>‚</em></span> <span class='ocrx_word' id='word_1_941' title='bbox 1257 2324 1367 2355; x_wconf 78' lang='lat' dir='ltr'>maxilla</span> <span class='ocrx_word' id='word_1_942' title='bbox 1376 2347 1384 2358; x_wconf 89' lang='lat'><em>,</em></span> <span class='ocrx_word' id='word_1_943' title='bbox 1408 2336 1452 2353; x_wconf 84' lang='lat' dir='ltr'>aut</span> <span class='ocrx_word' id='word_1_944' title='bbox 1462 2325 1541 2353; x_wconf 78' lang='lat' dir='ltr'>bucca</span> <span class='ocrx_word' id='word_1_945' title='bbox 1553 2344 1561 2355; x_wconf 91' lang='lat'><em>,</em></span> <span class='ocrx_word' id='word_1_946' title='bbox 1572 2334 1586 2350; x_wconf 83' lang='lat' dir='ltr'>a</span> <span class='ocrx_word' id='word_1_947' title='bbox 1597 2319 1727 2349; x_wconf 84' lang='lat' dir='ltr'>vocabulo</span> <span class='ocrx_word' id='word_1_948' title='bbox 1738 2328 1810 2361; x_wconf 62' lang='lat' dir='ltr'>gine-</span> 
     </span>
    </p>
   </div>
   <div class='ocr_carea' id='block_1_12' title="bbox 151 2368 949 2410">
    <p class='ocr_par' dir='ltr' id='par_1_25' title="bbox 151 2368 949 2410">
     <span class='ocr_line' id='line_1_114' title="bbox 151 2368 949 2410; baseline 0.003 -14"><span class='ocrx_word' id='word_1_949' title='bbox 151 2377 210 2397; x_wconf 77' lang='lat' dir='ltr'>xum</span> <span class='ocrx_word' id='word_1_950' title='bbox 221 2368 357 2399; x_wconf 76' lang='lat' dir='ltr'>decantari</span> <span class='ocrx_word' id='word_1_951' title='bbox 368 2368 567 2402; x_wconf 66' lang='lat' dir='ltr'>statuit-Baton.</span> <span class='ocrx_word' id='word_1_952' title='bbox 575 2368 695 2410; x_wconf 70' lang='lat' dir='ltr'>ibidem:</span> <span class='ocrx_word' id='word_1_953' title='bbox 708 2370 734 2405; x_wconf 77' lang='lat' dir='ltr'>M:</span> <span class='ocrx_word' id='word_1_954' title='bbox 744 2369 848 2407; x_wconf 66' lang='lat' dir='ltr'>fictitia</span> <span class='ocrx_word' id='word_1_955' title='bbox 859 2378 949 2404; x_wconf 68' lang='lat' dir='ltr'>tamen</span> 
     </span>
    </p>
   </div>
   <div class='ocr_carea' id='block_1_13' title="bbox 1008 2361 1811 2467">
    <p class='ocr_par' dir='ltr' id='par_1_26' title="bbox 1008 2361 1811 2467">
     <span class='ocr_line' id='line_1_115' title="bbox 1008 2361 1811 2429; baseline -0.017 -29"><span class='ocrx_word' id='word_1_956' title='bbox 1008 2379 1040 2397; x_wconf 82' lang='lat' dir='ltr'>co</span> <span class='ocrx_word' id='word_1_957' title='bbox 1061 2365 1154 2407; x_wconf 60' lang='grc' dir='ltr'>γνάθος</span> <span class='ocrx_word' id='word_1_958' title='bbox 1172 2367 1245 2397; x_wconf 82' lang='lat' dir='ltr'>idem</span> <span class='ocrx_word' id='word_1_959' title='bbox 1265 2366 1458 2405; x_wconf 70' lang='lat' dir='ltr'>significantes</span> <span class='ocrx_word' id='word_1_960' title='bbox 1480 2363 1547 2394; x_wconf 86' lang='lat' dir='ltr'>hinc</span> <span class='ocrx_word' id='word_1_961' title='bbox 1570 2361 1640 2401; x_wconf 78' lang='lat' dir='ltr'>apud</span> <span class='ocrx_word' id='word_1_962' title='bbox 1649 2363 1811 2429; x_wconf 59' lang='lat' dir='ltr'>Terg-&#39;mmm</span> 
     </span>
     <span class='ocr_line' id='line_1_116' title="bbox 1719 2410 1771 2429; baseline 0 0"><span class='ocrx_word' id='word_1_963' title='bbox 1719 2410 1771 2429; x_wconf 73' lang='lat' dir='ltr'>na-</span> 
     </span>
     <span class='ocr_line' id='line_1_117' title="bbox 1490 2454 1497 2467; baseline 0 0"><span class='ocrx_word' id='word_1_964' title='bbox 1490 2454 1497 2467; x_wconf 60' lang='grc'>1</span> 
     </span>
    </p>
   </div>
  </div>
 </body>
</html>
