1866 2526
35 1095 190 1122 fominus
203 1113 210 1120 .
229 1094 303 1122 Vide
321 1094 466 1123 ‘Fial-arius
477 1113 484 1121 .

36 1134 179 1163 Fecimus
194 1155 202 1167 ‚
219 1143 348 1163 moneta.
368 1134 441 1162 Vide
460 1133 600 1162 folleralis
612 1154 620 1162 .

439 58 545 102 FO

75 117 152 159 Regi
163 116 194 147 in
204 116 316 148 Italiam
326 115 472 150 venienti,
483 114 580 156 populi
588 113 697 144 solvere
707 114 878 143 tenebantur.

75 159 177 199 Sigon.
188 158 224 188 dc
231 169 319 198 regno
328 157 429 188 Italiae.
440 155 671 188 Bulla-Casium.
681 165 782 185 tom-2.
792 153 878 184 tonst-

77 207 214 230 oomum.
238 203 302 229 μδ(
313 198 424 228 constit.
438 202 491 236 98.
499 197 548 228 ubi
565 196 601 226 fic
609 195 741 226 habetur:
763 194 878 232 [Servi-

76 241 150 270 tium
159 262 169 275 ,
179 240 254 280 quod
264 238 530 279 vulgariter-dicitur
538 237 648 267 fodrum
658 250 665 265 .-
676 240 689 270 J
700 241 727 267 δι
738 247 798 266 can.
809 245 879 276 pra:-

75 291 152 311 terea
160 303 168 316 ,
178 282 214 310 de
220 284 272 318 jur.
283 286 418 320 patremt
429 281 466 310 In
474 280 542 308 alios
553 278 701 308 transferre
712 276 878 317 praesumant

79 322 189 352 fodrum
200 321 380 361 ‚albergarias
390 342 398 354 ‚
409 320 529 360 regium,
539 323 567 349 δε
577 319 684 348 similia.
695 321 707 352 ]
721 318 782 348 Ubi
791 315 876 348 Glos-

76 361 105 392 sa
113 362 150 392 sit
163 361 214 392 esse
231 362 478 402 Longobardorum
490 360 650 390 vocabulum
658 381 668 388 .
691 359 767 389 Vide
779 359 879 388 Alber-

75 407 160 442 gnria
169 425 177 438 ‚
185 404 308 432 Coele&
317 425 326 436 ‚
337 404 441 440 Census
452 423 459 430 .
484 408 497 438 [
507 406 543 432 Ut
551 401 662 440 quoties
671 399 701 429 in
711 400 822 429 Italiam
833 410 878 427 ve-

77 444 150 473 niret
159 466 168 478 ,
177 442 338 473 consuetum
350 453 446 472 munus
458 443 642 482 proestaretur,
653 440 760 470 fodrum
769 449 878 478 germa-

78 485 140 514 nica
150 495 218 514 voce
234 486 393 514 nominatur
405 506 413 518 ‚
434 484 520 512 latine
530 492 597 512 vero
607 491 700 511 :iurum
715 489 877 509 coronatum

76 535 112 555 ex
121 524 261 554 sententia
279 525 380 555 Alcimi
391 545 398 552 .
417 523 590 554 Gaudentius
608 521 714 551 Merula
737 520 784 549 lib.
798 533 823 549 2.
838 520 872 549 dc

77 567 190 606 antiqua
201 567 294 595 Gallia
303 565 407 604 c—isalp.
419 575 507 604 cap-9.
518 567 531 597 ]
543 567 579 594 Et
590 563 664 593 idem
675 562 713 591 est
723 571 752 590 ac
765 562 881 593 Behem)

77 606 112 636 de
123 618 178 646 quo
188 606 237 635 suo
246 607 309 636 loco
317 607 438 636 diximus
446 626 455 634 .

35 648 167 677 fomur
177 648 310 678 δοιυτυς
322 668 330 675 .
338 647 414 675 Vide
424 645 634 684 Desfoederatus
645 663 653 671 .
755 681 771 686 υ

38 689 94 718 fot
104 699 230 717 roaosus
244 709 252 721 ,
271 687 384 716 soetidus
394 708 402 719 ,
422 693 434 722 [
447 687 500 719 Qui
514 685 650 714 soetorofis
665 682 787 722 prandiis
804 682 880 711 cada-

77 730 187 758 veribus
198 727 354 757 sacrificant
373 736 561 756 mortuorum.
580 727 606 755 S.
617 725 697 754 Zeno
708 725 795 754 Sci-ni.
805 735 853 761 49.
864 725 878 755 ]

79 770 154 798 Vide
170 774 293 798 Cancero
303 788 309 795 .

36 811 151 839 Fon-rus
164 831 173 843 ,
192 819 326 845 etymon.
347 807 422 838 Vide
438 809 590 849 Neophytus
601 827 608 835 .

38 851 200 880 Fornuont
211 871 218 878 .
238 851 438 888 FR.Lcampus,
455 847 501 877 seu
513 857 620 887 pratum
631 868 639 881 ‚
658 846 690 876 in
707 857 762 885 quo
776 845 881 875 soenum

76 899 155 920 antea
163 911 171 924 ‚
182 891 228 919 vel
236 889 326 919 herba:
337 889 462 919 resecatae
472 889 526 919 sint
536 911 544 922 ,
565 889 583 918 l.
595 888 666 917 nulli
677 888 708 917 fit
719 911 726 922 ‚
751 888 785 916 de
796 887 881 917 itine-

77 932 165 960 ribus.

933 112 974 142 tia
985 133 992 145 ,
1002 121 1030 140 ac
1039 109 1218 152 pecuniarum
1233 109 1458 140 commodatione
1469 112 1592 151 loquens,
1603 85 1675 141 uiin
1686 111 1743 151 epi-

934 153 1010 183 stolis
1019 174 1028 187 ‚
1039 162 1099 193 quae
1109 152 1155 182 sub
1167 156 1223 189 ejus
1235 151 1349 181 nomine
1358 151 1590 182 circumferuntur
1600 175 1607 186 ‚
1622 153 1658 181 ibi
1671 154 1744 182 inter

933 194 987 224 alia
996 192 1054 223 haec
1063 194 1162 223 citatus
1173 195 1277 223 Auctor
1287 191 1367 221 habet
1378 203 1384 220 τ
1398 193 1489 228 [Anzi
1501 193 1552 222 che
1562 194 1587 223 le
1599 194 1745 232 medaglie,

932 246 953 265 o
963 235 1072 265 antiche
1081 244 1193 263 monete
1202 256 1210 268 ‚
1220 233 1274 262 che
1284 233 1302 262 fi
1311 235 1458 263 ritrovano
1468 235 1566 263 ml'ora
1576 245 1624 273 per
1635 235 1658 262 la
1670 243 1739 262 cam-

934 287 1024 317 pagna
1037 298 1046 311 ‚
1066 276 1128 305 oin
1140 276 1203 305 altri
1214 273 1311 313 luoghi
1321 296 1329 308 ‚
1347 273 1418 303 sono
1437 275 1470 304 da
1489 276 1594 304 Malreii
1613 284 1745 304 comune<

931 327 1028 346 mente
1037 316 1166 346 chiamati
1176 316 1282 349 fallari,
1295 315 1426 345 memoria
1436 315 1507 345 foi-se
1519 316 1625 345 rimasta
1634 317 1668 346 da
1680 315 1686 343 i
1698 316 1745 344 da-

932 358 993 387 nari
1006 358 1039 387 da
1051 358 1145 397 quello
1156 356 1327 396 prestatigli3
1340 355 1446 385 bench&
1460 357 1480 386 il
1490 357 1571 386 Bolio
1581 358 1642 386 dica
1654 379 1662 391 ,
1671 356 1722 386 che
1734 357 1744 386 i

934 399 1040 428 Maltcfi
1050 399 1144 428 altresi
1154 395 1311 438 prestassero
1322 408 1336 426 a
1347 397 1384 426 lui
1397 408 1495 427 ancora
1506 401 1560 430 ec.]
1574 400 1642 434 Qut
1653 408 1745 427 tamen

935 440 1024 469 Sicula.
1033 449 1147 469 monet:
1168 438 1324 467 introducta
1336 438 1509 476 postmodum
1521 438 1574 468 fuit
1594 450 1624 467 in
1641 442 1745 478 Regno

935 481 1126 519 Neapolitano
1135 492 1148 509 a
1158 482 1285 518 Rogcrio
1295 479 1395 508 Siciliae
1408 482 1497 519 Rege.
1509 480 1544 508 de
1556 481 1631 518 quod
1642 481 1675 509 fic
1685 480 1746 508 Fal-

935 531 968 549 co
978 524 1133 551 Benevent.
1153 522 1255 557 [Inter
1264 529 1359 549 caetcra
1372 520 1446 549 enim
1460 520 1566 549 suarum
1584 520 1744 560 dispositio-

935 572 1001 590 num
1011 562 1131 591 cdidum
1140 561 1263 591 terribile
1273 561 1384 589 induxit
1395 583 1404 594 ,
1421 562 1509 590 totius
1522 563 1611 591 Italiae
1622 562 1742 601 partibus

936 602 970 631 ad
981 602 1151 632 horrendum
1162 626 1169 636 ‚
1179 606 1208 631 ὅ(
1220 602 1304 631 morti
1314 602 1472 640 proximum
1485 624 1492 636 ‚
1504 603 1655 642 &egestati
1664 625 1672 636 ,
1691 602 1744 631 sci-

936 644 1004 672 licet
1013 665 1021 676 ‚
1041 654 1070 672 ut
1082 654 1164 672 nemo
1183 644 1213 672 in
1225 654 1286 672 toto
1298 645 1401 682 Regno
1421 644 1580 672 viventium
1598 644 1746 673 romesinas

935 685 1049 723 accipiat
1062 706 1069 717 ‚
1081 686 1126 713 vel
1138 685 1166 712 in
1175 684 1336 713 mercatibus
1348 684 1490 713 distribuat
1500 706 1507 717 ,
1519 688 1546 713 δε
1559 685 1668 713 mortali
1677 694 1746 714 con-

935 725 997 754 filio
1007 735 1119 763 accepto
1130 747 1136 758 ,
1146 735 1287 753 monetam
1295 723 1370 752 suam
1381 725 1541 754 introduxit
1552 737 1559 757 5
1568 735 1654 754 unam
1664 736 1744 759 vero,

938 767 982 794 cui
992 767 1112 795 Ducatus
1123 764 1366 803 nomenimposuit
1376 787 1383 797 ,
1406 767 1469 794 οξὶο
1488 766 1632 795 romasinis
1651 767 1747 795 valen-

881 829 884 832 .
932 816 994 835 tem
1005 829 1013 840 ‚
1023 816 1082 845 quae
1091 807 1178 845 magis
1188 828 1195 840 ‚
1206 805 1345 845 magisque
1354 816 1422 834 xre:
1434 829 1442 839 ,
1453 817 1533 845 quam
1542 817 1747 846 argentea,pro-

938 848 996 876 bata
1006 848 1152 876 tenebatur
1162 868 1168 875 .
1188 848 1306 876 Induxit
1317 848 1398 875 etiam
1418 857 1472 876 tres
1484 847 1592 876 follares
1605 858 1690 876 aereos
1700 858 1746 876 ro-

936 888 1061 917 masinam
1081 898 1161 916 unam
1181 889 1363 927 appretiatos.
1383 890 1419 917 In
1433 892 1491 925 eJus
1501 887 1612 918 Chron.
1630 889 1666 918 ad
1682 899 1749 918 ann.

941 939 951 957 1
963 931 1047 965 i4o.]
1067 929 1141 957 Vide
1151 932 1322 960 Romaninus
1333 949 1341 957 .

35 973 249 1001 rotumum„
259 992 266 999 .
277 974 333 1002 PR.
343 972 448 1001 donum
460 970 519 1010 post
530 968 672 1009 mephium
685 991 692 1002 ,
710 969 756 998 seu
766 968 883 998 donatio
895 971 1045 999 Fouesco
1056 990 1065 997 .
1087 971 1161 999 Vide
1177 970 1265 999 Follea
1274 990 1282 998 .

78 1022 195 1050 propter
203 1014 311 1051 nuptias
321 1033 330 1040 .
348 1013 366 1040 l.
377 1013 396 1041 fi
405 1022 482 1052 pater
494 1012 581 1041 filiam
591 1032 600 1045 ‚
608 1021 646 1039 -z-
663 1010 699 1039 de
710 1008 861 1040 succeffion
871 1030 880 1037 .
896 1013 968 1039 Foxs
978 1020 1011 1039 m
1024 1014 1166 1040 Ecetram
1175 1011 1262 1041 .Vide
1271 1015 1358 1050 Aqua
1367 1011 1510 1040 benediffa
1522 1031 1530 1043 ,
1549 1012 1725 1051 Nymphaeum
1737 1031 1743 1038 .

77 1053 152 1081 Vide
172 1054 316 1090 Mephium
324 1074 332 1081 .

37 1175 148 1203 fonto
159 1196 166 1206 ,
179 1175 263 1203 inflor
273 1197 282 1208 ,
293 1186 307 1203 a
317 1175 439 1204 Follibus
450 1175 561 1203 verbum
569 1173 716 1203 dedu&um
728 1194 734 1201 .
757 1179 769 1208 [
780 1170 883 1203 Omnis

78 1215 121 1243 liis
133 1225 195 1243 cura
205 1215 239 1243 de
250 1215 367 1244 vestibus
376 1236 384 1248 ‚
401 1215 422 1243 fi
431 1215 500 1243 benc
509 1215 603 1243 oleant
614 1236 622 1248 ‚
642 1214 663 1243 fi
681 1225 726 1252 pes
745 1214 803 1242 laxa
813 1213 883 1252 pelle

80 1266 139 1284 non
152 1256 246 1284 folleat
255 1276 262 1283 .
274 1256 444 1291 Hieronym.
454 1255 488 1283 ad
497 1255 627 1284 Eustoch.
638 1256 651 1286 ]
672 1256 731 1284 PR.
741 1255 776 1283 de
785 1254 880 1282 eadem

77 1297 199 1324 vanitate
210 1296 240 1325 in
250 1296 357 1329 calceis,
369 1295 500 1325 Sidonius
509 1296 556 1324 lib.
567 1301 594 1325 8.
605 1295 683 1334 epist.
694 1307 725 1332 9.
733 1295 766 1323 in
774 1305 882 1323 contra-

80 1337 124 1366 rio
135 1358 143 1369 ,
153 1335 260 1365 scilicet
271 1359 279 1370 ,
289 1336 369 1366 sensu
380 1335 592 1376 reprehendens:
604 1343 619 1372 [
628 1338 703 1365 Laxo
711 1346 758 1375 pes
768 1344 844 1364 natet
854 1335 883 1363 in

77 1377 218 1406 cothurno
228 1378 372 1417 eleganter
381 1377 457 1406 dixit
468 1397 476 1404 .
501 1379 571 1414 Quae
584 1377 664 1416 pellis
673 1376 802 1411 distenfio
811 1386 825 1404 a
835 1377 884 1405 La-

77 1418 147 1447 tinis
158 1419 358 1457 Tentipellium
368 1418 516 1447 dicebatur.
528 1417 743 1456 [Tentipellium
753 1417 883 1446 Artorius

80 1468 160 1498 putat
169 1459 219 1488 ess'e
230 1459 439 1487 calciamentum
450 1458 579 1487 ferratum
590 1480 598 1492 ‚
611 1468 667 1496 quo
682 1458 770 1496 pelles
785 1467 884 1485 exten-

77 1500 183 1527 duntur
194 1521 201 1531 ,
214 1500 334 1538 indeque
344 1499 491 1528 Afranium
499 1497 597 1527 dixiss'e
607 1499 636 1526 in
646 1508 738 1536 primo
749 1519 755 1526 .
763 1499 820 1526 Pro
831 1507 885 1526 ma-

80 1540 156 1567 nibus
167 1539 250 1567 credo
261 1538 359 1567 habere
368 1549 422 1577 ego
433 1539 495 1567 illos
505 1538 706 1577 Tentipellium
714 1558 723 1566 .
731 1538 884 1571 Titinium,

79 1580 118 1608 ait
130 1581 262 1612 Verrius,
281 1579 438 1608 existimare
455 1579 484 1607 id
500 1579 734 1608 medicamentum
743 1577 813 1611 csse,
830 1589 885 1617 quo

81 1630 156 1659 rugae
167 1620 351 1648 extendantur
363 1641 370 1652 ,
380 1629 463 1658 quum
471 1619 557 1652 dicat,
565 1619 768 1658 'tentipellium
777 1619 884 1648 induci-

897 1054 1037 1080 Pontum
1048 1055 1244 1082 Excuirous
1254 1072 1262 1080 .
1285 1051 1360 1081 Vide
1369 1053 1540 1081 facularum
1552 1053 1705 1089 accensores
1716 1073 1724 1080 .

883 1119 885 1121 .
900 1094 1027 1121 Forum
1039 1111 1046 1119 .
1056 1093 1178 1122 Forenfis
1191 1113 1198 1120 .
1211 1099 1226 1128 ἶ
1237 1093 1312 1122 Sicut
1321 1092 1402 1121 studii
1415 1092 1502 1121 nostri
1519 1091 1570 1120 effe
1579 1092 1715 1121 concedet
1734 1104 1748 1120 a

937 1132 1038 1171 litigiis
1050 1132 1179 1162 foralibus
1193 1132 1343 1162 monachos
1352 1132 1525 1166 submovere,
1535 1142 1564 1161 ut
1575 1133 1680 1161 divinis
1690 1143 1748 1162 mo-

937 1172 1063 1202 nasteriis
1074 1174 1119 1212 pie
1129 1196 1137 1208 ‚
1149 1185 1178 1203 ac
1186 1174 1303 1203 solerter
1312 1174 1476 1212 invigilent;
1487 1173 1524 1202 im
1535 1172 1638 1202 nccess‘e
1649 1173 1687 1202 est
1699 1184 1749 1202 no-

938 1214 989 1243 stra
998 1214 1157 1252 provisione
1168 1213 1398 1255 quemadmodum
1416 1213 1532 1253 negotia
1542 1224 1638 1243 eorum
1658 1213 1751 1253 dispo-

940 1254 970 1283 ni
980 1254 1099 1284 debeant
1109 1256 1253 1290 ordinare,
1262 1267 1297 1285 ne
1309 1256 1428 1284 distenta
1441 1264 1519 1283 niens
1530 1265 1579 1294 per
1592 1255 1677 1284 varias
1688 1266 1750 1284 cau-

939 1294 1031 1324 sarum
1040 1306 1114 1325 curas
1122 1296 1226 1326 defluat
1238 1318 1246 1330 ‚
1267 1300 1296 1326 ὅ(
1306 1297 1341 1326 ad
1349 1296 1541 1325 celebrandum
1559 1306 1628 1335 opus
1638 1295 1751 1325 consue-

939 1345 998 1365 tum
1007 1346 1136 1366 enervata
1147 1337 1285 1376 torpescat
1294 1358 1302 1365 .
1314 1338 1351 1366 D.
1363 1340 1485 1376 Gregor.
1496 1337 1544 1365 lib.
1555 1348 1581 1372 4.
1591 1337 1669 1375 epist.
1679 1338 1748 1369 67]

939 1377 996 1413 Qui
1007 1377 1090 1407 etiam
1099 1377 1177 1417 epist.
1186 1378 1283 1408 ⁷62.fic
1294 1378 1403 1417 inquit:
1427 1376 1551 1413 [Causas
1561 1378 1635 1406 enim
1644 1377 1752 1416 praedi-

938 1418 987 1446 &ae
1001 1418 1125 1448 foeminae
1139 1443 1145 1453 ,
1158 1419 1214 1448 five
1226 1419 1280 1448 sint
1290 1419 1365 1452 ,five
1376 1418 1480 1447 suerint
1490 1440 1499 1451 ,
1519 1418 1613 1446 nostro
1626 1419 1751 1446 volumus

939 1458 1047 1494 judicio
1058 1460 1201 1489 terminari
1211 1471 1220 1491 ς
1240 1469 1270 1488 ut
1283 1458 1376 1488 foralis
1385 1459 1428 1487 illi
1440 1458 1631 1497 inquietitudo
1641 1457 1751 1487 submo-

940 1500 1001 1527 veri
1011 1500 1106 1529 debeat
1116 1522 1124 1534 ‚
1143 1504 1171 1529 δι’
1181 1510 1275 1529 tamen
1285 1511 1298 1528 a
1314 1500 1413 1538 judicii
1423 1500 1529 1535 justitia
1540 1499 1695 1527 nullatenus
1706 1509 1750 1528 ex.

942 1538 1069 1569 cusetur.
1082 1542 1142 1571 PR.
1155 1541 1274 1577 [Nilde
1286 1540 1365 1569 forali
1378 1540 1491 1578 strepitu
1503 1559 1511 1566 .
1529 1539 1608 1568 Idem
1625 1541 1750 1578 Gregor-

939 1582 976 1609 In
985 1581 1114 1610 decretal.
1124 1582 1159 1611 de
1170 1580 1330 1620 praesumpt.
1340 1590 1397 1620 cap.
1410 1592 1435 1609 ι.
1448 1583 1460 1612 ]
1473 1579 1543 1608 idest
1555 1601 1564 1613 ‚
1585 1580 1620 1609 de
1631 1590 1751 1610 conten-

939 1621 1013 1650 tioso
1032 1622 1093 1651 foro
1103 1643 1110 1650 .
1128 1622 1215 1652 Gloss‘.
1234 1622 1300 1650 ibid.

80 1670 123 1688 tur
133 1682 141 1693 ‚
151 1670 225 1704 fug?
239 1661 269 1688 in
278 1670 326 1688 ore
338 1660 542 1689 extenduntur:
557 1662 568 1691 ]
582 1671 589 1687 .·
603 1662 620 1695 ΙΙ
634 1660 718 1699 Apud
733 1657 888 1690 'I‘ei·tullia-‘¹
901 1662 1196 1693 &naimarus-PR.
1208 1662 1369 1701 perforatus:
1379 1667 1394 1697 1
1405 1660 1531 1691 Nauticis
1543 1660 1698 1700 cuspidibus
1710 1661 1751 1691 fo·-

80 1710 148 1730 num
158 1701 260 1740 legitur
270 1700 384 1729 verbum
395 1700 630 1739 frequentativum
640 1701 756 1730 Fallite:
779 1707 791 1736 [
803 1699 884 1729 Osci-

80 1751 138 1770 tans
150 1741 270 1770 vescitur
279 1762 288 1774 ‚
301 1741 425 1769 follicans
435 1742 554 1770 ruminat
565 1762 574 1774 ‚
585 1741 618 1771 de
627 1742 710 1780 pallio
723 1763 731 1774 ‚
743 1752 766 1770 c.
777 1751 804 1780 3.
815 1743 828 1773 ]
841 1742 883 1770 ubi

78 1781 115 1810 de
134 1782 320 1811 Camaleonte
336 1781 461 1820 loquitur
470 1803 477 1810 .
497 1782 651 1820 Reperitur
667 1783 752 1810 etiam
772 1782 884 1811 verbum

79 1822 196 1860 Follesco
207 1844 214 1855 ,
235 1822 304 1851 idest
317 1843 325 1856 ‚
347 1823 461 1851 stolidus
472 1822 511 1851 fio
522 1843 531 1857 2
543 1833 579 1851 :ic
590 1832 676 1852 vento
697 1822 796 1862 plenus
805 1825 885 1859 .E)us

80 1861 240 1892 antithesim
251 1883 258 1890 .
278 1863 352 1892 Vide
368 1863 581 1902 Inflabellatus·

36 1903 218 1932 romnus
230 1925 239 1936 ‚
258 1904 322 1932 vilis
339 1913 460 1932 monetae
471 1903 572 1942 species
583 1925 592 1937 ‚
612 1905 712 1933 valoris
731 1903 810 1933 unius
820 1914 884 1943 qua-

79 1944 195 1973 drantic.
207 1949 220 1979 [
232 1946 260 1973 N
263 1945 359 1973 ummis
368 1954 435 1983 quos
446 1945 569 1974 Romani
579 1945 765 1974 ”teruntianos
775 1966 783 1978 ‚
794 1947 887 1974 Graeci

80 1985 224 2013 Folleralcs
236 1995 345 2019 vocant,
354 1985 508 2014 Anastafius
515 1984 563 2014 suo
574 1985 688 2015 nomine
698 1985 820 2025 figuratis
831 1986 888 2025 pla-

77 2025 191 2053 cabilem
199 2026 273 2064 plebi
282 2026 527 2055 commutationem
535 2026 662 2055 distraxit
674 2048 682 2055 .
694 2026 847 2056 Marcellin.
859 2027 887 2056 in

77 2065 190 2094 Chron.
202 2068 221 2097 ]·
232 2066 418 2096 Fortafl‘chaec
429 2077 517 2107 grecae
524 2077 648 2096 monetae
669 2068 861 2097 denomintaio
872 2079 886 2096 a

78 2106 203 2135 dictione
221 2105 304 2145 φςλὸς
323 2108 465 2137 derivatur
475 2129 484 2141 ‚
503 2117 562 2147 quae
573 2107 654 2146 piscis
673 2107 838 2147 squammam
854 2109 887 2138 fi-

76 2147 196 2185 gnificat
207 2169 215 2181 ,
237 2159 250 2176 a
261 2148 443 2177 fimilitudine
453 2149 595 2187 parvitatis
607 2150 722 2178 nomine
731 2148 887 2188 desumpto.

939 1704 1077 1732 taminato
1097 1703 1175 1732 fundi
1193 1703 1307 1742 glutino
1323 1702 1526 1731 sordidaretur.
1549 1701 1643 1730 Sidon.
1662 1703 1710 1731 lib.
1726 1713 1750 1731 i.

940 1743 1019 1782 epist.
1033 1746 1079 1780 5.]
1101 1744 1145 1773 ubi
1157 1754 1206 1783 per
1219 1744 1297 1773 verba
1309 1743 1621 1780 Glutinosordidaretur
1632 1764 1640 1776 ‚
1654 1743 1752 1772 limum

942 1784 1074 1819 fluminis,
1084 1785 1131 1823 qui
1142 1785 1259 1814 nauticis
1269 1785 1358 1813 contis
1369 1792 1533 1817 commotus,
1541 1782 1682 1812 coenosam
1692 1784 1752 1813 red.

941 1825 984 1854 dit
1003 1835 1098 1863 aquam
1108 1846 1117 1858 ,
1137 1825 1275 1864 intelligit
1285 1845 1292 1853 .

884 1891 888 1896 ,
900 1867 1052 1895 Pomm-us
1064 1888 1072 1900 ,
1084 1865 1254 1895 extrinsecus
1263 1865 1356 1904 ‚quod
1369 1864 1433 1893 foris
1442 1863 1596 1904 expositum
1606 1865 1662 1893 est:
1685 1870 1698 1900 [
1710 1864 1752 1894 Si-

935 1917 988 1935 ·cut
1009 1917 1077 1946 ergo
1094 1906 1202 1936 >foranei
1218 1907 1320 1946 lapides
1339 1906 1446 1935 nullum
1464 1907 1566 1934 debent
1584 1905 1683 1934 habere
1701 1916 1753 1934 no-

940 1948 1006 1977 dum
1017 1970 1026 1981 ‚
1039 1958 1084 1976 aut
1093 1948 1233 1987 angulum,
1243 1957 1293 1976 nec
1303 1947 1383 1975 debet
1397 1945 1447 1975 css'e
1461 1947 1529 1975 alter
1540 1946 1607 1984 lapis
1619 1945 1701 1979 intus,
1713 1947 1753 1975 al-

942 1999 983 2017 ter
995 1988 1078 2020 fot-im
1101 1989 1164 2027 quia
1175 1988 1194 2017 fi
1204 1988 1238 2016 fic
1251 1987 1354 2016 suerint
1366 2009 1373 2020 ,
1391 1997 1477 2016 omne
1490 1986 1637 2016 aedificium
1657 1987 1753 2016 detur-

944 2039 1011 2068 pant
1022 2040 1031 2061 5
1042 2030 1075 2059 sic
1086 2033 1114 2058 ὃ(
1125 2028 1249 2061 Clerici,
1262 2028 1338 2056 senes
1348 2050 1356 2060 ‚
1369 2032 1397 2057 δι
1408 2028 1499 2057 viduae
1510 2027 1686 2056 continentes
1696 2049 1704 2061 ‚
1724 2032 1752 2057 ὃ(

944 2070 1069 2109 virgines
1084 2070 1191 2098 nullam
1208 2069 1309 2098 debent
1327 2068 1425 2098 habere
1434 2069 1586 2097 maculam.
1603 2067 1752 2104 Chrysost.

943 2110 1022 2139 hom.
1033 2122 1081 2146 40.
1101 2110 1131 2138 in
1142 2120 1200 2149 cap.
1213 2121 1227 2138 2
1237 2119 1246 2137 1
1254 2130 1261 2137 .
1271 2109 1373 2139 Matth.
1384 2112 1396 2142 ]
1412 2111 1544 2139 Ροηι-ιειιε
1554 2109 1681 2139 Vitarius
1690 2109 1752 2138 .Vi-

937 2152 977 2180 -de
995 2155 1118 2181 Vscarim
1127 2170 1137 2178 .

80 2187 169 2216 Unde
180 2191 255 2227 Aug.
264 2189 310 2217 lib.
322 2201 370 2218 ιι..
380 2189 414 2217 de
423 2189 553 2218 Civitate
562 2189 618 2218 Dei
629 2200 652 2218 c.
668 2195 693 2218 8.
703 2190 889 2227 ainsrrecen-
903 2195 1096 2222 Foimsncus
1109 2213 1117 2225 ,
1127 2190 1231 2220 alienus
1242 2202 1250 2222 ς
1261 2190 1394 2230 accipitur
1410 2190 1494 2220 etiam
1504 2201 1554 2230 pro
1565 2189 1673 2220 infideli
1687 2190 1752 2229 ‚qui

81 2228 119 2256 tis
141 2228 254 2258 follibus
272 2230 403 2258 vendidit
412 2250 419 2257 .
438 2231 451 2262 ]
472 2230 633 2259 Melitcntes
643 2231 754 2260 Pallan·
772 2232 886 2270 antiqua

75 2268 242 2298 numismata
253 2280 354 2298 vocant
363 2291 370 2298 .
388 2273 445 2300 FR.
453 2269 590 2299 diversam
600 2281 694 2300 tamen
710 2272 746 2301 de
756 2273 888 2300 Meliten-

74 2308 144 2338 fium
153 2310 249 2338 Fallari
260 2312 396 2340 vocabulo
403 2311 567 2350 opinionem
575 2311 655 2341 affert
664 2313 770 2341 Auctor
780 2313 886 2342 Melitae

77 2349 226 2380 Illustratae
238 2352 317 2382 lib-2..
327 2353 439 2382 Notitia
449 2364 476 2388 4.
487 2363 547 2392 pag.
555 2353 628 2382 mihi
642 2364 651 2382 ι
661 2358 706 2389 85.
718 2354 762 2382 ubi
772 2353 807 2382 de
816 2353 888 2383 Pha-

74 2389 169 2422 luidis
180 2393 367 2433 Agrigentini
379 2395 504 2430 Tyranni
516 2403 580 2425 cum
587 2394 775 2425 Melitensibus
792 2395 887 2425 amici-

943 2233 1019 2266 foris,
1032 2236 1059 2261 ὃ(
1070 2242 1147 2261 extra
1157 2232 1303 2261 Ecclesiam
1310 2241 1460 2271 reputatur.
1474 2233 1561 2268 [Nam
1570 2242 1630 2260 cum
1646 2232 1752 2264 talibus¹

943 2278 970 2303 ὅ(
980 2284 1041 2301 cum
1053 2273 1164 2312 paganis
1176 2294 1183 2306 ,
1196 2276 1224 2301 8(
1235 2283 1297 2302 curn
1306 2273 1409 2311 plebeia
1420 2273 1602 2302 multitudine
1612 2271 1699 2300 nostri
1717 2271 1754 2299 l:-

943 2315 1020 2343 bores
1031 2336 1039 2347 ,
1052 2318 1080 2343 &
1091 2322 1189 2353 pugnae
1201 2313 1333 2343 forasticae
1344 2314 1475 2343 videntur
1483 2313 1541 2342 ess'e;
1553 2314 1658 2341 intimx
1673 2321 1752 2345 vero,

943 2356 1056 2394 quando
1064 2355 1098 2383 de
1108 2355 1218 2393 gremio
1230 2355 1323 2383 matris
1335 2355 1460 2384 Ecclesiae
1471 2353 1674 2388 Presbyter‚vel
1684 2353 1752 2381 Dia-

943 2406 1028 2426 conus
1038 2417 1048 2432 ,
1058 2395 1254 2426 Ecclesiasticus
1263 2417 1272 2431 ,
1284 2397 1330 2426 vel
1340 2395 1492 2427 Momchus
1502 2393 1620 2424 discedit
1631 2403 1644 2423 a
1654 2392 1749 2427 fide&

1660 2443 1709 2463 ve-
