1866 2526
162 51 214 105 98
500 48 606 89 BA

110 111 260 142 Bnmvus,
281 105 357 136 idem
376 115 403 134 ac
414 104 504 136 Bailus
525 104 603 145 supra
615 126 621 133 .
646 106 703 135 FR.
715 105 836 134 Curato?
849 125 856 137 ,
880 102 937 133 Ad-

151 149 340 180 ministrator.
362 149 441 177 Inter
459 146 571 186 Equites
590 145 769 179 Melitenses,
791 149 819 174 δε
840 146 865 173 S.
878 145 938 172 Ste-

1271 46 1378 89 BA

991 100 1025 132 de
1045 102 1186 148 opere-suo
1205 101 1274 133 citra
1292 104 1710 147 valoremsolutionemexigit,
1729 107 1776 138 vel

991 145 1178 184 prodigaliter
1187 155 1296 184 emptor
1307 146 1378 174 illud
1386 146 1474 176 solvit
1482 167 1489 174 .

151 191 235 231 pharii
248 188 425 218 Florentinos
441 188 563 228 dignitas
580 187 619 216 est
631 208 639 216 .
661 189 704 217 At
721 187 783 226 quia
803 186 834 213 in
844 184 935 214 Italiae
949 189 1144 216 ΒΑΝεΑιωΜ.
1164 192 1183 221 ,[
1193 186 1319 217 Bancalia
1328 186 1392 216 sunt
1404 187 1505 227 panni,
1528 187 1574 226 qui
1585 187 1664 227 super
1680 187 1756 218 sedes
1766 209 1776 222 ,

150 230 295 272 presertim
313 230 345 258 in
353 230 542 268 Neapolitano
561 231 666 267 Regno
685 238 736 266 pro
748 225 887 269 Cursore,
910 229 936 254 ὅ(

153 270 326 303 Mandatario
337 269 489 308 usurpatur5
502 270 566 299 idco
575 269 605 297 in
614 270 688 301 disto
701 272 803 306 Regno
811 267 937 305 obtinue5

153 323 218 344 runt
228 324 242 342 a
251 311 386 342 Concilio
397 312 564 340 Conventus
576 310 625 348 ipfi
636 308 794 339 Melitenses
804 308 917 345 Equites
928 328 936 339 ‚
951 311 1072 344 BANcus
1083 329 1092 341 ‚
1111 306 1251 337 scamnum
1262 329 1269 337 ,

152 364 183 384 ut
192 358 296 384 Priores
308 374 316 386 ,
339 355 367 381 ὅ(
379 363 436 380 non
447 353 546 381 Balt'vi
567 361 717 380 vocentur.
742 349 839 378 Italice
857 348 938 389 ΒιτίὶιιΥ

150 396 255 424 dicitur
267 416 274 427 ‚
296 393 370 433 quod
380 392 573 423 communeest
593 401 654 420 cum
672 390 841 420 cursoribus:
863 388 938 417 ideo-

149 447 203 476 que
210 435 325 474 Equites
333 436 358 463 S.
370 433 501 473 Stephani
513 433 660 462 Florentia:
672 432 777 461 variant
787 429 938 468 corripien-

151 478 189 506 do
198 477 322 505 ultimam
331 474 462 510 syllabam
474 496 482 507 ,
505 485 532 502 :ic
544 474 669 502 ultimam
687 474 811 501 litteram
828 471 937 500 denien-

154 519 192 547 do
201 517 268 547 Bali
279 516 462 555 pronunciant
474 536 483 548 ,
505 524 536 543 ut
545 526 558 543 a
569 515 649 544 Balio
658 535 666 547 ,
687 514 756 542 idest
775 511 884 541 cursore
896 511 938 539 di-

153 553 327 597 stinguantur
336 577 343 584 .
366 555 479 584 Dicitur
487 555 569 584 etiam
579 556 710 584 Ballivia
719 553 779 583 haec
799 552 920 592 dignitas
931 571 937 578 .

152 610 209 638 cap.
226 609 268 626 10.
278 598 311 626 de
322 598 396 626 offic.
407 595 607 625 Archidiaconi
618 617 626 624 .

114 641 335 671 Brutum-mm
346 659 354 671 ‚
375 636 526 671 saltationis
555 647 640 676 genus
663 658 671 669 ‚
703 648 717 665 a
738 646 830 675 graeco
856 633 939 663 verbo

991 226 1036 255 vel
1047 227 1140 255 baneas
1147 227 1180 259 ,in
1191 226 1291 256 Choro
1301 238 1451 267 ponuntur.
1462 229 1622 258 Duranddn
1630 230 1774 261 rational]

992 267 1065 296 Vide
1074 268 1188 304 Dorsale
1197 288 1205 295 .

1287 316 1306 347 4[
1315 311 1390 339 Dum
1400 309 1454 339 iter
1464 320 1581 349 pergens
1591 332 1598 343 ,
1620 311 1652 339 in
1662 311 1777 350 quadarn

993 349 1111 378 Ecclesia
1131 347 1284 387 hospitatus
1300 349 1388 379 fuifl'et
1398 373 1406 385 ‚
1428 356 1456 387 ὁ(
1466 350 1543 380 fefl‘us
1561 350 1640 390 super
1659 353 1774 380 bancum

993 389 1144 429 quiesceret
1153 410 1161 417 .
1184 389 1308 419 §iffi-idus
1319 392 1460 429 presbyter
1470 413 1477 424 ,
1500 391 1547 420 lib.
1572 403 1594 420 1.
1606 392 1713 430 Epist]
1727 395 1776 420 Fa-

993 432 1032 459 cit
1053 431 1137 458 etism
1154 431 1326 460 mentionem
1344 432 1377 461 de
1385 431 1439 461 hoc
1459 432 1593 461 vocabulo
1614 432 1776 462 Pontificale

991 475 1076 503 Rom.
1086 471 1120 500 de
1128 471 1304 500 ordinatione
1313 473 1419 502 sacerd.
1433 472 1477 502 ubi
1488 473 1522 507 fic
1532 473 1645 504 habetur
1654 495 1660 501 .
1675 479 1687 508 [
1699 472 1777 502 Pres-

992 513 1084 548 byteri
1096 522 1164 541 vero
1172 512 1294 541 ordinati
1307 534 1315 546 ,
1338 523 1414 542 retro
1432 514 1611 548 Pontificem,
1635 515 1679 543 vel
1689 514 1755 545 hinc
1767 534 1778 546 ,

995 558 1022 583 δ(
1033 553 1098 582 inde
1111 575 1118 586 ,
1140 554 1186 582 ubi
1195 554 1280 592 magis
1290 554 1468 583 commodum
1476 554 1529 583 erit
1540 577 1549 588 ‚
1570 554 1600 583 in
1610 565 1680 584 terra
1689 565 1777 593 genu-

993 594 1059 623 flexi
1068 594 1183 633 habeant
1192 595 1275 623 libros
1286 606 1378 624 coram
1388 595 1415 624 se
1423 594 1501 634 super
1511 595 1630 624 scabellis
1639 618 1647 630 ,
1659 596 1705 625 vel
1713 596 1779 624 ban-

993 635 1031 664 cis
1040 634 1174 664 ordini-tis
1183 657 1190 664 .

150 677 293 717 βαλλῖζω,
315 678 437 717 tripudio
448 678 594 707 deduftum
605 698 612 705 .
637 677 741 712 [Dian
758 685 847 704 autem
864 684 938 710 cym-
955 680 1162 707 BANDExAsms
1173 698 1180 709 ,
1196 674 1248 707 2seu
1268 677 1484 715 anderafius.
1508 679 1565 707 FR.
1585 676 1750 706 Vexillerius
1769 698 1778 710 ‚

142 721 207 758 'bala
218 741 226 753 ,
248 720 380 757 quiacum
397 718 560 748 ballematiis
569 719 647 747 simul
665 717 873 756 percutiuntur.
897 716 940 743 Ita

152 761 229 790 enim
239 761 331 789 Graeci
341 760 462 795 cymbala
472 760 640 788 ballematica
652 781 659 787 .
670 759 813 795 Ifid.lib.3.
824 756 937 792 Ethym.

144 812 210 840 cap.
225 798 271 830 22.
284 803 296 832 ]
319 800 467 839 Reperitur
475 810 565 839 graece
575 822 583 833 ‚
603 801 724 829 &latine
734 799 816 827 etiam
826 796 940 827 verbum

152 842 223 872 Balo
242 841 271 869 in
291 842 383 870 eadem
402 841 615 879 significatione:
641 840 822 876 [Sacerdotes
845 838 939 866 admo-

152 892 237 912 neant
250 882 323 911 viros
335 903 343 914 ,
366 886 393 911 δε
404 882 529 910 mulieres
541 904 548 915 ‚
560 881 605 919 qui
619 881 690 910 festis
701 880 793 909 dicbus
802 880 835 908 ad
846 879 937 908 Eccle-

151 924 215 953 siam
225 923 401 951 conveniunt
411 944 419 955 ,
443 933 477 951 ne
489 922 604 960 balando
614 944 622 955 ,
645 925 673 950 &
693 921 783 959 turpia
793 921 873 948 verba
893 919 938 947 de-

149 963 287 993 cantando
298 963 397 992 choros
407 967 561 995 teneant‚&
570 963 669 991 ducant
678 983 685 990 .
698 965 823 994 Romana
834 959 939 995 Synod-

152 1004 199 1033 sub
208 994 349 1033 Lothario⁸
357 1015 415 1042 cap.
428 1014 475 1041 31·
493 1005 506 1034 ]
520 1005 592 1032 Item
615 1004 728 1032 Balatio
750 1000 805 1041 ipsa
815 1000 923 1030 saltatio
933 1022 939 1029 .

154 1045 220 1074 Illas
238 1054 314 1078 ,vero
344 1045 512 1081 balationes,
534 1048 562 1072 δε
583 1043 760 1075 saltationes,
782 1041 939 1079 canticaque

152 1085 260 1124 turpia,
282 1089 310 1114 &
331 1084 470 1116 luxuriosa
489 1106 498 1118 ,
521 1086 557 1115 In
580 1084 706 1124 capitulis
725 1083 823 1113 Caroli
844 1083 938 1121 Magni

154 1126 200 1155 lib.
214 1133 241 1155 6.
255 1137 310 1165 cap.
327 1138 371 1164 ¹9·
602 1133 604 1135 '

113 1169 255 1198 ΒΑιιυεΑ
268 1187 275 1194 .
300 1166 357 1196 FR‘.
369 1165 440 1195 Auri
452 1166 602 1205 fragmenta
612 1188 620 1199 ,
642 1169 669 1194 &
681 1168 736 1202 ejus
758 1174 837 1192 arena
848 1184 856 1195 ,
879 1174 937 1202 qus:

156 1208 187 1236 in
205 1207 294 1236 cancis
312 1206 473 1246 colligitur.
495 1206 698 1236 Theodofiaiius
716 1205 816 1234 Codex
835 1204 881 1232 lib.
897 1216 938 1232 10.

154 1248 200 1276 tit.
218 1258 261 1284 ¹9·
286 1248 344 1276 Ubi
354 1247 535 1286 quantitatem
547 1247 643 1276 aerario
652 1246 761 1286 publico
783 1256 796 1273 a
816 1245 940 1273 metallo-

996 716 1125 755 signifer:
1148 717 1182 746 fic
1194 717 1269 746 enirn
1279 718 1430 757 antiquitus
1441 721 1539 748 Romae
1551 718 1716 747 vocabantur
1737 727 1779 746 re-

997 757 1117 796 gionarii
1128 758 1256 796 primates
1267 780 1276 791 ‚
1298 758 1382 789 hodie
1401 761 1487 798 vulgo
1499 762 1643 796 Caporiom‘
1662 759 1779 796 appella-

996 799 1016 826 ti
1028 820 1034 826 .
1061 804 1072 832 [
1085 799 1158 827 Nam
1167 801 1265 828 Romae
1278 799 1354 828 datus
1371 800 1479 838 singulo
1498 799 1620 828 semestri
1639 809 1653 827 a
1663 798 1781 828 Pontifi-

995 849 1026 866 ce
1036 860 1045 871 ‚
1067 838 1222 877 Senatorius
1230 839 1369 869 dicebatur
1380 862 1387 873 ,
1409 845 1436 869 ἃ
1448 840 1533 869 Urbis
1544 839 1673 870 custodiae
1687 840 1783 870 itotius

994 879 1242 908 administrationis
1253 881 1404 910 Banderafii
1414 881 1545 920 gerebant
1557 890 1649 909 curam
1659 902 1665 913 ‚
1688 890 1718 908 ea
1738 890 1781 908 re-

995 920 1110 959 giminis
1120 920 1206 949 forma
1214 921 1412 951 inchoaverant
1421 926 1472 951 &c-
1482 922 1561 950 Diffi
1571 921 1634 950 sunt
1645 920 1781 950 Eandem-

996 961 1027 990 fii
1048 971 1062 989 a
1079 963 1190 990 vexillis
1209 962 1330 1000 gallico,
1354 963 1400 991 vel
1418 963 1509 1001 potius
1520 962 1679 1000 germanico
1696 962 1781 989 verbo

997 1001 1112 1035 Randis,
1134 1003 1220 1041 longe
1230 1003 1303 1041 prius
1321 1003 1351 1030 in
1363 1003 1444 1030 Italia
1462 1002 1604 1040 appellatis
1622 1002 1652 1030 ab
1664 1001 1781 1030 Urbano

996 1043 1049 1071 IV.
1061 1043 1161 1071 Blond.
1171 1043 1262 1071 decad.
1276 1055 1302 1072 z..
1311 1043 1358 1071 lib.
1375 1041 1416 1071 io.
1430 1043 1459 1071 iu
1470 1045 1557 1081 Greg.
1569 1044 1616 1071 IX.
1628 1045 1781 1080 Totamque

997 1082 1112 1121 Reipub.
1122 1083 1387 1113 administrationem
1396 1105 1403 1116 ‚
1415 1087 1443 1112 δε
1452 1093 1542 1111 curam
1551 1082 1706 1112 Banderalii
1717 1092 1781 1110 tunc

994 1123 1126 1161 gerebant
1135 1145 1142 1151 .
1152 1125 1258 1152 Platina
1270 1123 1298 1152 in
1310 1125 1372 1153 eod.
1384 1126 1470 1162 Greg.
1483 1126 1494 1155 ]
1508 1124 1580 1152 Vide
1591 1123 1759 1153 Bandoforus
1773 1143 1782 1155 ,

996 1164 1174 1192 Banderarius
1185 1184 1192 1191 .
1214 1165 1391 1193 Bandularius
1403 1164 1433 1192 in
1451 1164 1516 1192 diet.
1536 1165 1670 1194 flandum
1681 1185 1688 1192 .
1712 1167 1782 1193 Ban-

986 1204 1080 1239 ¹dones
1092 1203 1121 1231 in
1130 1204 1194 1232 dict.
1206 1208 1361 1234 Bauermm
1370 1225 1377 1233 .
1403 1205 1477 1238 Vide
1487 1206 1649 1235 Brandcnm
1660 1226 1666 1233 .
1687 1208 1783 1243 Regio-

996 1248 1091 1273 narius
1107 1266 1113 1273 .

156 1295 215 1318 rum
227 1287 365 1317 fofl‘oribus
374 1287 535 1317 solvendam
545 1288 667 1317 limitans
680 1310 686 1321 ‚
700 1288 733 1316 sic
743 1286 789 1316 ait5
802 1287 941 1321 Quatuor-
956 1288 1085 1314 ΒΑκουΜ
1099 1307 1107 1318 ,
1130 1284 1276 1314 Vexillum
1289 1306 1295 1313 .
1322 1285 1434 1320 [Dedit
1446 1286 1519 1324 ligna
1528 1287 1571 1315 sua
1581 1307 1588 1318 ,
1612 1289 1641 1314 ὃς
1661 1286 1745 1314 banda
1755 1285 1782 1313 S.

154 1329 244 1358 decim
255 1330 346 1359 uncias
356 1329 471 1358 Bellucae
482 1339 532 1367 pro
543 1329 656 1368 singulis
666 1328 741 1357 libris
751 1348 758 1355 .
782 1330 794 1359 ]
815 1328 850 1356 In
863 1337 939 1355 textu

154 1380 248 1410 graeco
260 1381 309 1409 pro
321 1370 439 1399 Balluca
448 1372 605 1406 Χρυσαμνυς
614 1369 715 1408 legitur
726 1380 735 1400 ‚-
759 1378 822 1397 nam
832 1365 940 1406 χρυσὸς,

160 1421 253 1440 aurum
264 1432 272 1445 ‚
293 1410 377 1447 ἅμνος
398 1415 547 1449 (corrupte
566 1421 617 1448 pro
638 1412 758 1447 α’μμος)
778 1419 886 1437 arenam
908 1408 941 1436 fi-

153 1452 271 1490 gnificat
282 1474 289 1485 ,
311 1455 339 1480 &
349 1451 383 1480 fic
394 1452 579 1488 Chrtsammos
601 1450 749 1490 legendum
760 1448 824 1478 effet
837 1470 844 1478 .
868 1448 940 1478 Vide

156 1493 339 1531 Auralegulus
350 1513 357 1519 .

122 1535 244 1563 Binum
254 1554 263 1566 ,
285 1534 377 1562 lavare
388 1554 395 1566 ‚
408 1531 575 1568 madefacere
586 1532 739 1571 significati
756 1532 868 1560 verbum
885 1531 940 1558 bar-

154 1574 246 1602 barum
257 1596 264 1607 ,
274 1584 330 1612 quo
341 1573 401 1603 usus
410 1573 448 1602 est
457 1573 611 1602 Gulielmus
622 1573 651 1600 in
662 1572 709 1601 suo
721 1574 834 1600 traftatu
844 1572 878 1600 de
889 1581 941 1599 ter-

158 1623 185 1642 ra
203 1613 292 1643 sancta
310 1615 380 1653 apud
402 1614 543 1644 Canisium
564 1614 594 1642 in
611 1613 803 1652 Promptum-io
820 1611 941 1640 ecclelia>

159 1654 228 1684 stico
240 1676 247 1683 .
271 1656 428 1694 [Irrigatur
437 1654 482 1683 hic
494 1653 589 1683 hortus
598 1654 716 1693 quodam
729 1653 805 1682 fonte
815 1663 900 1692 parvo
914 1652 942 1679 in

997 1324 1131 1355 Silvessro
1142 1346 1147 1352 .
1159 1326 1307 1354 Constant.
1319 1326 1347 1355 in
1357 1325 1508 1355 donatione
1518 1348 1525 1355 .
1546 1329 1558 1358 ]
1572 1330 1606 1355 Et
1617 1327 1714 1355 clarius
1725 1325 1784 1355 Sui-

995 1366 1056 1394 das:
1072 1371 1083 1400 [
1097 1366 1220 1395 Bandum
1231 1367 1351 1396 Romani
1363 1376 1464 1395 vocant
1474 1368 1618 1396 Vexillum
1627 1367 1755 1396 militare:
1768 1369 1781 1398 l

997 1409 1054 1436 PR.
1067 1412 1078 1440 [
1091 1406 1167 1435 Misit
1179 1408 1212 1435 ad
1231 1417 1293 1436 eum
1314 1407 1457 1445 primiores
1475 1408 1626 1440 bandorum
1637 1428 1645 1440 ‚
1668 1407 1784 1440 Presby-

996 1445 1122 1484 terosque
1131 1467 1139 1479 ,
1162 1457 1190 1475 ac
1212 1447 1351 1477 Diaconos
1361 1470 1368 1481 ,
1390 1451 1419 1475 δε
1441 1447 1621 1476 Reverendos
1642 1447 1785 1485 signorum

997 1487 1131 1516 Custodes
1143 1508 1150 1515 .
1173 1489 1209 1516 In
1220 1489 1339 1517 Collest,
1350 1488 1443 1517 Anast.
1455 1488 1589 1517 Biblioth.
1602 1497 1651 1525 per
1661 1488 1785 1515 Sirmon-

997 1529 1062 1557 duni
1076 1528 1107 1556 in
1120 1533 1143 1556 8.
1154 1528 1222 1557 edit.
1235 1539 1294 1567 pag.
1311 1533 1373 1557 188.
1386 1531 1398 1560 ]
1411 1531 1448 1563 :112
1462 1529 1531 1557 Inde
1543 1527 1714 1565 Bandoforus
1726 1549 1733 1560 ,
1755 1531 1784 1556 δε

997 1569 1196 1598 Banderarius.
1206 1570 1326 1600 Cencius
1337 1570 1505 1598 Camerarius
1516 1569 1723 1599 Bandularium
1734 1579 1784 1596 vo-

998 1619 1039 1638 cat
1049 1630 1056 1637 .
1078 1610 1114 1638 In
1122 1610 1217 1639 Melita
1226 1610 1356 1648 equestris
1376 1609 1545 1639 Vexillarius
1554 1609 1717 1639 Bandoliero
1737 1609 1783 1638 ad-

995 1650 1048 1679 huc
1060 1661 1172 1679 vocatur
1181 1672 1188 1679 .
1212 1651 1287 1681 Vide
1297 1651 1373 1689 Tufa
1383 1673 1390 1680 .

155 1695 218 1733 ipso
237 1695 371 1725 existente
383 1717 391 1728 ‚
414 1696 443 1725 in
462 1706 517 1734 quo
529 1695 678 1734 Virginem
697 1695 810 1723 Mariam
829 1703 942 1733 puerum
956 1694 1115 1722 nmmum
1128 1713 1136 1724 ‚
1161 1693 1323 1721 Vexillum.
1347 1695 1434 1728 [Rex
1452 1691 1506 1721 hoc
1524 1691 1617 1721 audito
1636 1689 1723 1719 statim
1741 1690 1785 1718 ba-

158 1736 250 1775 Jesum
261 1736 389 1765 balneass'e
399 1736 515 1766 afferunt
527 1735 698 1767 Christiani,

116 1778 281 1810 ΒΑιΝευΜ,
306 1777 362 1806 vile
379 1787 464 1816 genus
474 1787 561 1815 potus
570 1775 788 1809 Monachorum,
810 1775 941 1804 &Poeni

158 1818 278 1846 rentium
302 1823 314 1852 [
333 1819 391 1846 Soli
408 1817 508 1848 mensae
527 1816 644 1846 affidunt
663 1817 742 1845 nudae
763 1816 941 1855 paxamatium

998 1734 1106 1761 nerium
1117 1731 1195 1760 suum
1206 1733 1284 1772 super
1296 1743 1392 1762 turrim
1403 1733 1528 1762 Ecclesiae
1540 1732 1671 1770 Spirensis
1682 1731 1785 1760 consti-

999 1774 1060 1803 tuit.
1072 1773 1179 1802 Albert.
1191 1777 1310 1812 Argent.
1321 1784 1363 1802 an.
1380 1783 1463 1810 ¹349-
1475 1776 1487 1804 ]
1502 1773 1589 1802 Unde
1600 1773 1747 1801 Vexillzu'ii
1756 1772 1787 1800 ab

998 1814 1131 1853 aliquibus
1139 1813 1287 1852 scriptorib
1294 1827 1322 1844 us
1333 1815 1476 1843 Bandones
1487 1813 1616 1841 dicuntur
1625 1834 1632 1841 .

159 1859 206 1886 sibi
225 1868 393 1897 apponentes
404 1880 412 1891 ,
434 1859 580 1897 balneaque
601 1868 667 1887 tuuc
685 1857 760 1886 vitro
782 1857 942 1895 permodico
958 1858 1125 1885 BANtisovA
1136 1874 1143 1882 .
1169 1856 1224 1884 FR.
1236 1856 1351 1884 exilium
1362 1864 1410 1892 per
1422 1853 1580 1882 distantiam
1593 1853 1671 1882 unius
1682 1855 1765 1882 lcucae
1776 1873 1784 1880 .

159 1906 218 1926 non
228 1900 346 1928 bibentes
358 1921 366 1933 ,
375 1899 422 1928 secl
431 1899 604 1928 sorbillantes
613 1920 620 1927 .
631 1898 792 1937 Luitprand.
804 1898 834 1926 in
843 1898 941 1936 legen]
958 1899 1077 1925 ΒΑΝΝιο
1089 1916 1096 1927 ,
1120 1898 1147 1922 &
1160 1898 1300 1929 Bannior,
1323 1895 1431 1933 publice
1442 1894 1473 1922 in
1483 1896 1601 1923 exilium
1610 1894 1692 1923 mitto
1708 1917 1715 1928 ,
1734 1892 1786 1923 ¹vel

162 1939 235 1967 Vide
245 1944 449 1969 Paxamatmm
459 1962 468 1969 .

120 1979 258 2009 meo
270 2001 279 2012 ,
300 1983 328 2009 ὃς
338 1981 407 2010 Balo
416 2002 424 2009 .
447 1980 521 2011 Vide
531 1980 734 2010 Ballematium
745 1999 753 2007 .

120 2019 306 2053 BALsAMuM,
329 2021 458 2051 Chrisma
487 2021 659 2060 intelligitur
684 2019 847 2058 aliquando.
870 2018 944 2048 Vide

162 2060 309 2097 chrisma.

119 2100 256 2129 ΒΑιτΕυς
267 2120 276 2128 .
299 2101 372 2130 Vide
384 2103 533 2140 Cingulum
543 2123 551 2131 .

1002 1937 1102 1966 mittor
1111 1955 1119 1963 .
1133 1941 1144 1970 [
1156 1936 1200 1964 Ut
1211 1936 1299 1965 nullus
1306 1937 1340 1965 ad
1350 1936 1482 1973 placitum
1491 1936 1637 1964 banniatur
1647 1957 1654 1968 ,
1664 1935 1694 1964 in
1706 1936 1785 1963 Con-

1002 1978 1056 2007 stit.
1066 1976 1165 2006 Caroli
1182 1977 1298 2015 Magni.
1322 1979 1334 2008 ]
1348 1979 1403 2006 FR-
1420 1983 1431 2012 [
1454 1975 1570 2014 Insuper
1587 1977 1672 2005 ctiam
1691 1975 1785 2003 saneta

999 2018 1125 2054 Synodus
1135 2016 1260 2045 decrevit
1270 2039 1278 2050 ,
1296 2028 1325 2046 ut
1339 2018 1414 2046 nulla
1423 2017 1567 2055 judiciaria
1576 2016 1690 2055 potestas
1702 2016 1789 2043 licen-

1001 2069 1069 2088 tiam
1078 2058 1174 2086 habeat
1183 2057 1226 2086 sua
1245 2059 1406 2087 austoritate
1417 2057 1591 2087 Christianos
1602 2057 1636 2086 :td
1654 2056 1788 2095 placitum

1002 2099 1114 2128 bannire
1126 2099 1156 2126 in
1165 2099 1323 2136 supradiciis
1333 2098 1668 2131 diebus'&c.ca11.Piacita‚
1684 2107 1788 2139 15·<1·fi·

119 2140 282 2169 BANausus
294 2161 301 2168 .
314 2143 427 2170 Artifex
441 2165 449 2176 ‚
462 2145 508 2181 qui
521 2144 587 2182 igne
599 2143 629 2171 in
638 2145 693 2178 ejus
703 2140 838 2171 exercitio
848 2140 945 2173 utitur,
962 2142 1092 2169 ΒΑΝΝυΜ
1103 2161 1111 2172 ,
1134 2143 1161 2168 ἃ
1173 2145 1287 2168 Bannzts
1299 2162 1307 2172 ,
1330 2142 1451 2169 edietum
1463 2161 1470 2172 ,
1493 2143 1520 2168 ὃ(
1529 2139 1610 2167 edisti
1625 2148 1708 2176 poena
1720 2157 1726 2164 .
1739 2143 1752 2171 [
1763 2141 1787 2165 A

158 2190 249 2220 graece
259 2177 394 2217 deomaoc
402 2204 410 2216 ,
432 2186 505 2218 cujus
516 2184 679 2223 fignificatio
688 2184 720 2211 ad
729 2192 824 2211 omnes
844 2181 946 2209 deinde

159 2231 230 2250 artes
239 2221 422 2251 mecchrinicas
433 2226 560 2253 translata
571 2224 623 2253 fuit
631 2245 638 2252 .
661 2225 728 2260 [Ut
738 2232 838 2251 taceam
858 2222 892 2250 de
904 2221 945 2255 iis,

160 2271 229 2300 quos
238 2262 332 2291 Graeci
341 2263 476 2292 Banausos
486 2276 584 2293 vocant
593 2285 601 2293 .
624 2265 743 2294 Hieron.
753 2263 801 2292 lib.
817 2274 839 2291 1.
852 2263 944 2291 adver.

162 2303 253 2341 Pelag.
266 2304 278 2333 ]
302 2305 329 2332 A
346 2313 402 2341 quo
424 2304 557 2333 formatur
575 2316 678 2334 nomen
688 2303 829 2342 Banausta
842 2325 850 2336 ι
871 2304 946 2342 quod

162 2343 387 2382 prodigalitatem
397 2344 541 2383 fignificat,
552 2347 585 2375 de
595 2357 649 2385 quo
659 2347 729 2375 vitio
738 2345 795 2385 agit
804 2343 945 2373 D.Thon1.

157 2394 190 2411 ι,
202 2394 228 2412 2.
241 2384 335 2423 quaest.
350 2395 379 2423 13
389 2395 413 2421 ς,
425 2395 461 2414 ar.
476 2397 499 2415 i.
509 2386 542 2415 ad
555 2397 580 2416 ι.
591 2388 710 2426 quando,
722 2385 836 2420 scilicet,
847 2384 945 2425 aliquis

1003 2179 1162 2219 Junioribus
1182 2180 1306 2209 Ecclefiae
1326 2181 1400 2217 juffit
1419 2182 1520 2209 bannos
1539 2180 1632 2218 exigi,
1656 2189 1707 2217 pro
1725 2187 1758 2205 eo
1778 2197 1787 2209 ,

1002 2222 1078 2260 quod
1089 2221 1120 2248 in
1130 2221 1252 2249 exercitu
1265 2232 1321 2250 non
1335 2221 1510 2250 ambulassent
1521 2241 1527 2248 .
1551 2223 1637 2258 Greg.
1647 2222 1786 2248 Turoncn.

1001 2264 1050 2291 lib.
1064 2271 1157 2299 5.cap.
1170 2268 1216 2290 26.
1235 2263 1349 2291 Mandat
1369 2263 1413 2290 illi
1436 2274 1469 2291 ex
1489 2262 1653 2289 auctoritate
1663 2257 1736 2289 Dei,
1759 2260 1787 2284 ὅ(

1003 2304 1106 2332 Sanstae
1118 2303 1212 2331 Mariae
1224 2325 1231 2335 ‚
1255 2307 1281 2331 ἃ
1293 2303 1382 2332 Sansti
1398 2302 1542 2341 Remigii,
1553 2306 1579 2330 ὃ(
1590 2300 1635 2329 sua
1645 2296 1784 2336 episcopa-

1002 2345 1022 2372 Ῑί
1033 2366 1042 2378 ‚
1064 2353 1115 2372 nec
1128 2354 1186 2372 non
1197 2354 1230 2372 ex
1243 2344 1332 2373 banno
1342 2343 1427 2381 Regis
1438 2365 1445 2372 .
1458 2342 1604 2373 Flodoard.
1613 2340 1661 2368 lib.
1672 2349 1699 2375 3-
1711 2344 1787 2365 c.2<‚.

1001 2386 1027 2414 Si
1038 2383 1097 2425 quis
1106 2394 1155 2424 per
1165 2383 1236 2424 lianc
1246 2386 1337 2415 Sanffl
1349 2377 1477 2415 Concilii
1485 2381 1678 2412 definitionem
1686 2378 1788 2405 inven-

1705 2427 1747 2447 tus
