1866 2526
158 59 237 108 624
524 54 551 97 S
584 55 624 97 O

142 112 173 141 in
185 114 326 152 pulverem
337 122 369 141 ex
379 110 456 151 supra
464 113 544 142 allata
554 111 678 143 Cedreni
687 110 821 142 relatione
832 131 838 140 .
862 113 935 141 Eno·
994 110 1099 143 solidos
1110 122 1225 151 quatuor
1238 136 1244 147 ,
1263 115 1292 143 in
1300 114 1460 154 Capitulare
1478 113 1580 144 Sicardi
1593 137 1600 148 ,
1618 126 1640 143 c.
1657 125 1699 151 15.
1719 116 1789 155 apud

145 154 216 182 datis
227 153 315 193 igitur
327 153 477 192 praemiffis,
487 163 518 183 ut
527 153 597 182 mihi
610 153 737 185 videtin,-
748 162 871 182 remanet
883 151 941 190 spe·
997 153 1151 183 Camillum
1159 155 1338 192 Peregrinum
1348 157 1378 184 in
1388 155 1460 185 Hist.
1471 156 1767 194 PrincipLongobard,

146 194 309 223 Cificandum
320 216 328 227 ‚
341 194 454 232 quinam
463 195 538 223 locus
547 193 635 223 fuiss'et
644 193 691 222 hic
702 216 708 227 1
728 205 776 234 per
785 203 867 232 quem
883 194 940 221 1¹¹1-
957 195 1081 224 Somnus
1093 196 1273 223 Paovmmus
1288 216 1295 227 ‚
1306 195 1340 223 de
1351 206 1401 234 qua
1411 205 1521 225 moneta
1530 197 1648 226 Cencius
1659 198 1787 225 Camera-

145 244 257 274 perator
269 235 400 263 transibat
412 256 420 268 1
431 235 542 273 quando
551 235 585 263 ad
593 234 776 263 Patriarcham
790 234 940 266 accedebat,
995 237 1049 264 rius
1061 235 1090 263 in
1097 233 1145 264 suo
1157 236 1195 263 M.
1205 235 1229 263 S.
1242 235 1440 265 Caeremoniali
1450 258 1457 269 ‚
1478 241 1506 265 ὃ(
1517 237 1697 275 appellabatur
1706 237 1789 266 etiam

146 284 178 304 ut
188 275 356 313 Cui-opalata
368 279 395 304 δε
406 276 616 304 Camacuzenus
625 274 703 313 supra
719 275 872 304 retulerunt
883 295 892 306 ,
914 277 941 303 ὅ(
991 276 1099 314 solidus
1106 275 1308 313 provisinorum
1318 297 1325 307 ‚
1336 276 1397 314 quia
1409 286 1422 304 a
1432 275 1512 306 solita
1522 277 1680 315 provisione
1691 288 1739 316 per
1747 279 1790 307 Se.

1295 56 1395 100 80

147 316 193 344 ubi
202 326 259 344 erat
270 315 327 343 haec
337 325 396 353 quae
402 315 448 343 lita
457 315 599 345 lastratura
610 314 692 344 soleae
703 337 711 349 ,
722 315 778 344 five
787 314 941 350 onychitis,

145 357 222 395 quod
231 356 304 384 idem
313 355 350 384 est
361 375 368 382 .
386 355 465 384 Dico
482 356 556 386 fuiss'e
565 355 720 385 Prothefim
731 377 738 388 ,
758 355 792 384 de
802 366 852 394 qua
861 366 941 384 caere-

147 396 243 425 monia
253 396 395 434 Imperiali
413 395 476 425 satis
496 398 526 425 in
543 397 609 425 dier.
623 396 754 434 Prothefis
775 397 878 424 dicium
886 396 925 425 est
935 416 941 422 .

147 439 209 467 Nec
219 436 319 465 mirum
329 458 337 470 ‚
354 437 428 475 quod
449 437 508 466 llaec
520 436 625 466 cadmia
635 437 780 465 vocabatur
799 438 874 466 Solea
883 458 891 470 ‚
914 440 941 465 δ(

149 478 297 515 Onychites
308 499 316 510 ‚
327 487 388 505 nam
399 477 495 506 iisdem
506 477 690 506 binominibus
703 477 780 516 piscis
790 476 890 516 species
901 487 940 505 et-

147 519 202 547 iam
223 517 450 547 denominabatur
460 539 468 546 .
489 519 534 547 De
550 518 640 556 specie
659 517 707 547 sub
718 518 831 547 nomine
842 517 923 546 soleae
935 539 943 550 ,

147 558 221 588 Plin.
235 558 280 587 lib.
291 569 319 594 9.
332 568 355 585 c.
370 567 413 593 ις.
429 565 471 588 16.
482 563 509 588 δε
521 571 567 588 20.
578 559 622 588 lib.
633 569 764 597 3z.c.11.
791 563 826 588 Et
835 557 881 587 sub
893 568 943 586 no-

149 599 225 628 mine
234 597 377 634 onychitis
387 599 484 628 eodem
501 600 548 629 lib.
562 611 609 638 32.
630 610 652 628 c.
679 611 721 629 ιο.
743 601 787 629 De
798 610 852 638 quo
863 599 945 628 etiam

148 639 285 670 Martialis
295 660 302 672 ‚
320 639 367 667 lib.
382 650 424 669 ιο.
436 641 523 679 epigr.
534 646 570 675 48
582 639 664 668 .vei·s.
679 651 721 678 13·

193 682 296 709 Parvus
305 690 384 715 onyx
394 691 446 709 una
458 690 578 719 ponetur
588 682 695 709 coenula
704 680 795 709 mensa
807 701 813 708 .

233 720 342 749 Hoedus
354 742 360 752 ‚
370 720 416 750 sex
428 733 461 750 ex
472 725 631 759 ignorantia
640 725 773 750 variatus
786 742 793 749 .

147 762 289 791 Caeterum
306 759 387 789 soleae
398 784 406 795 ‚
426 763 520 801 quibus
530 763 684 800 plantarum
694 763 776 790 calces
793 761 888 790 infime
908 769 946 789 te-

998 326 1093 345 natum
1105 319 1261 345 Romanuin
1273 315 1404 354 assignata
1417 319 1593 354 proveniebat
1604 329 1611 349 5
1623 322 1651 346 ὃ(
1661 329 1675 346 a
1686 322 1788 348 Roma-

998 368 1035 385 no
1047 356 1166 386 Bafilicae
1179 357 1319 385 Vaticanae
1330 357 1491 390 canonico,
1500 359 1547 395 qui
1557 367 1682 397 tempore
1693 359 1791 388 Calix-

999 398 1020 426 ti
1032 398 1088 426 111.
1108 395 1268 435 scripse-fat,
1286 398 1391 433 solidus
1404 397 1572 435 provtstmfis
1592 399 1708 428 dicitur.
1732 401 1789 427 PR.

1000 444 1013 474 [
1025 441 1060 466 Et
1078 438 1111 466 de
1122 438 1192 466 dieta
1209 437 1403 466 distributione
1414 438 1570 466 canonicus
1579 439 1703 468 Sacerdos
1715 460 1722 471 ,
1745 438 1791 478 qui

999 478 1153 512 celebrabit,
1166 478 1261 506 habeat
1273 477 1375 506 solidos
1385 478 1540 516 provisinos
1548 479 1611 507 octo
1621 480 1690 508 ultra
1701 479 1791 508 distri-

999 520 1141 548 butionem
1154 541 1160 552 ,
1173 522 1199 547 ὅ(
1212 520 1347 547 Diaconus
1358 541 1366 552 ‚
1384 523 1411 547 ἃ
1421 518 1602 547 Subdiaconus
1619 518 1720 548 solidos
1731 530 1793 558 pro-

1003 559 1106 589 vifinos
1124 570 1240 598 quatuor
1259 570 1307 597 pro
1328 560 1468 597 quolibet.
1492 560 1527 588 In
1547 559 1622 587 Bulla
1640 559 1744 588 Urbani
1756 561 1792 588 V.

1000 601 1072 640 apud
1092 600 1230 629 eruditum
1248 600 1402 629 Sorcsinum
1420 601 1451 629 in
1471 600 1584 628 trafttitu
1603 599 1636 627 de
1654 599 1793 637 Capitibus

1002 643 1045 671 SS.
1057 642 1129 670 Petri
1143 662 1151 673 ,
1171 644 1198 669 ὃ(
1210 641 1287 670 Pauli
1297 663 1304 674 ‚
1328 651 1389 680 pag.
1400 643 1442 677 9.]
1457 642 1583 679 Negatur
1592 649 1680 668 autem
1691 661 1698 673 ‚
1721 639 1796 677 quod.

1001 682 1072 711 difta
1090 682 1246 710 distributio
1266 681 1352 709 fuisset
1375 692 1388 709 a
1408 683 1507 710 Senatu
1528 683 1655 709 Romano
1666 679 1796 718 affignata

1001 722 1171 753 Canonicisq
1194 733 1254 750 nam
1275 722 1304 749 in
1314 722 1406 750 eaden]
1418 722 1494 750 Bulla
1504 721 1613 749 Urbani
1625 723 1659 749 V.
1678 719 1796 758 expresse

1003 762 1115 792 habetur
1126 785 1134 796 ,
1148 763 1231 802 quod:
1249 763 1307 798 [De
1317 762 1580 791 fructibuscamerae
1591 761 1796 790 distribuantur.

149 812 274 841 guntur,
293 811 351 830 ¹10ss
360 801 410 831 effe
422 813 471 831 nec
483 813 605 842 ng-‘Cssm
617 824 625 836 ‚
640 814 689 832 nec
699 803 814 831 latinum
826 811 927 830 nomen
937 821 946 837 ‚
963 805 1197 833 SOLLIClTANTEs
1211 803 1239 831 in
1248 802 1416 832 conseffione
1427 823 1434 830 .
1447 805 1480 831 V.
1490 802 1699 830 Poenitentialis
1709 821 1716 828 .

149 844 188 871 ait
198 843 306 870 Gellius
319 863 326 874 ,
339 842 384 871 lib.
401 854 442 881 ¹3·
452 854 476 871 c.
490 856 515 872 z.
538 845 621 873 Nost.
635 847 696 873 Att.
711 853 807 871 verum
818 841 947 881 gallicum
962 845 1031 873 5015
1039 855 1107 873 Ans
1118 865 1126 877 ‚
1148 843 1253 872 occasus
1263 844 1333 871 Solis
1343 865 1350 871 .
1372 843 1444 872 Vide
1455 844 1596 872 Placitum
1609 862 1617 869 .

153 884 264 912 verbum
275 880 324 911 este
334 883 463 921 opinatur
483 894 588 913 novum
598 906 606 918 ‚
623 895 682 914 non
702 883 749 912 diu
759 894 822 912 ante
841 891 947 911 aetatem

156 926 195 952 M.
227 923 504 964 Ciceronisusurpari
515 935 637 964 coeptum
648 929 691 959 ,δι
702 925 807 953 Gallici
825 924 948 953 diceban-

162 975 207 993 tur
218 985 225 993 .

111 1006 300 1036 SOLEMNiTAs
314 1027 321 1038 ,
335 1005 467 1036 festivitas
477 1007 635 1047 principalis
647 1031 654 1042 ‚
667 1006 880 1037 &immutabilis
891 1015 950 1034 cum

153 1056 256 1085 magno
266 1047 361 1084 populi
373 1049 503 1077 concursu
516 1070 522 1081 ,
534 1060 548 1078 a
560 1050 644 1079 verbo
654 1050 720 1078 sollo
730 1071 737 1082 ‚
749 1048 823 1087 quod
835 1046 950 1075 stabilire

151 1087 285 1126 significat
297 1107 304 1114 .
320 1088 506 1122 [solemnitas
517 1101 530 1118 a
543 1089 622 1118 sacris
634 1090 736 1118 dicitur
747 1111 754 1122 ‚
766 1089 802 1116 ita
812 1086 932 1126 suscepta
942 1108 950 1120 ‚

157 1138 187 1157 ut
199 1127 299 1155 mutari
308 1129 342 1156 ob
351 1129 517 1168 religionem
529 1142 588 1159 non
598 1131 693 1159 debeat
704 1152 710 1158 .
725 1130 790 1159 Isid.
800 1130 845 1157 lib.
862 1139 884 1156 i.
894 1137 950 1166 cap.

158 1180 167 1197 1
177 1171 225 1200 8.]
246 1169 336 1205 Quare
354 1170 399 1198 ubi
412 1171 522 1210 vulgata
533 1172 563 1200 in
573 1171 687 1200 threnos
707 1170 831 1206 Ieremiae
850 1168 931 1196 habet
944 1179 949 1195 :

965 886 1045 914 SOMA
1057 906 1064 917 ,
1075 885 1158 920 σῶμα
1171 906 1179 916 ,
1198 883 1267 912 idest
1278 905 1285 917 ,
1296 894 1408 922 corpus.-
1430 886 1595 919 [Beatorurn
1605 883 1674 912 Sarii
1684 904 1691 914 ‚
1702 886 1730 911 ὃ(
1740 882 1796 910 Ma⁴

1002 925 1138 955 xellendis
1149 923 1275 963 Virginis
1293 923 1362 954 sacra
1373 923 1498 962 deposuit
1517 923 1621 952 somata
1633 944 1640 952 .
1662 922 1799 952 Gerardus

1006 965 1096 1005 Episc.
1109 966 1138 994 in
1149 966 1254 994 Donat.

964 1008 1135 1036 sommum
1146 1027 1152 1034 .
1166 1009 1223 1036 PR.
1235 1005 1524 1045 Libet-superstitiosus
1535 1005 1571 1034 ita
1584 1004 1727 1043 inscriptus
1740 1024 1747 1036 ,
1769 1002 1799 1030 in

1005 1059 1060 1087 quo
1077 1047 1248 1076 somniorum
1266 1048 1471 1076 observationes
1496 1046 1706 1075 continebantur
1722 1067 1730 1078 ‚
1753 1041 1801 1086 sub

1006 1089 1120 1118 nominc
1130 1089 1255 1117 Danielis
1266 1088 1409 1128 Prophetae
1430 1087 1496 1117 falso
1515 1087 1673 1125 divulgatus
1686 1106 1693 1114 .
1715 1085 1800 1120 [Sive

1006 1130 1054 1169 qui
1065 1130 1211 1158 attendunt
1223 1129 1366 1159 somnialia
1377 1129 1487 1167 scripta,
1498 1132 1526 1158 δε
1537 1127 1603 1156 salso
1616 1126 1742 1156 Danielis
1752 1134 1801 1153 no-

1007 1171 1082 1199 mine
1095 1171 1232 1199 intitulata
1245 1193 1252 1204 ,
1265 1182 1324 1200 can.
1335 1182 1392 1199 non
1403 1169 1552 1199 observetis
1562 1190 1570 1201 ,
1583 1175 1628 1197 26.
1639 1166 1734 1206 quaest.
1745 1177 1772 1200 7.

155 1215 168 1244 [
181 1213 220 1238 ΕΟ
230 1209 371 1247 (1¹¹0d110n
394 1211 446 1240 fisst
457 1213 505 1250 <11¹1
517 1213 631 1241 veniant
651 1212 685 1240 ad
701 1206 905 1240 solemnitatem
917 1231 924 1242 ‚
937 1211 1107 1245 TSomncn,
1117 1211 1170 1240 hoc
1181 1212 1314 1242 vocabulo
1323 1222 1409 1240 utitur
1421 1210 1567 1240 Anselmus
1579 1207 1736 1238 Leodienfis
1745 1207 1803 1236 Ca-

155 1251 186 1279 in
198 1259 275 1278 textu
284 1249 395 1280 hebraeo
407 1251 519 1282 habetur
529 1254 684 1290 Meghedim
695 1275 702 1285 ,
721 1252 795 1290 quod
815 1250 951 1288 fignificat

154 1290 188 1320 ad
197 1300 320 1329 tempora
331 1313 339 1325 ‚
352 1292 421 1322 idest
432 1315 440 1325 ,
453 1303 576 1332 tempora
588 1295 672 1321 trium
683 1293 861 1321 festivitatum
873 1312 880 1323 ,
891 1300 950 1328 quae

158 1329 222 1361 sunt
242 1332 270 1360 iii
280 1333 341 1370 lege
350 1333 475 1362 stabilitae
488 1357 494 1366 ,
507 1335 636 1362 nimirum
648 1355 655 1366 ‚
677 1332 777 1362 niseba
793 1356 797 1365 ,
817 1334 951 1360 Penteco-

158 1372 210 1402 stes
220 1394 227 1405 ,
251 1377 279 1401 ἃ
291 1373 386 1402 festum
398 1375 633 1402 tabernaculorum
644 1396 650 1407 ‚
670 1375 699 1402 in
720 1373 815 1412 quibus
845 1380 951 1408 tempo-

159 1413 232 1441 ribus
253 1415 385 1453 templum
404 1414 686 1450 hierosolymitanum
705 1414 821 1452 populus
842 1411 950 1440 visitare

155 1455 297 1482 tenebatur
306 1475 313 1482 .
328 1457 383 1483 FR.
395 1455 478 1492 Quod
490 1455 519 1483 in
528 1457 752 1484 Deuteronomio
762 1476 769 1486 ‚
780 1463 837 1490 cap.
857 1458 899 1480 16.
910 1450 951 1479 his

157 1495 245 1523 verbis
255 1494 367 1523 liabetur
376 1495 514 1534 expresse:
541 1496 659 1531 [Tribus
670 1496 772 1524 vicibus
794 1503 841 1532 per
851 1502 951 1520 annum

156 1535 295 1574 apparebit
313 1545 395 1564 omne
406 1536 584 1565 masculinum
596 1546 670 1564 tuum
690 1536 719 1564 in
737 1533 881 1572 conspestu
893 1534 953 1560 Do-

154 1576 229 1605 mini
240 1575 293 1605 Dei
304 1577 343 1604 tui
355 1577 383 1605 in
397 1578 459 1606 loco
469 1599 477 1611 ‚
490 1587 569 1617 quem
581 1577 696 1616 elegerit
707 1597 714 1604 .
734 1577 769 1604 In
778 1572 953 1605 solemnitate

155 1626 319 1652 azymorum
330 1639 338 1651 ‚
348 1618 377 1646 in
387 1616 561 1647 solemnitate
570 1617 801 1646 hebdomadarum
814 1637 820 1647 ‚
834 1619 861 1644 ὃ(
872 1613 901 1641 in
910 1612 953 1641 so-

156 1657 301 1687 lemnitate
313 1659 549 1688 tabernaculorum
562 1661 591 1690 .]
605 1658 763 1687 Cardinalis
773 1656 953 1685 Bellarminus

155 1697 186 1726 in
196 1709 346 1727 comment.
358 1699 454 1729 Psalm.
469 1705 532 1728 118.
542 1700 589 1738 qui
600 1698 718 1727 Psalmus
730 1697 844 1735 reliquis
863 1695 953 1723 omni-

1007 1253 1121 1281 nonicus
1132 1275 1140 1286 ‚
1157 1264 1180 1281 c.
1192 1264 1238 1288 40.
1260 1254 1294 1281 de
1315 1252 1456 1290 Episcopis
1476 1250 1668 1280 Leodienfibus
1687 1250 1800 1284 :[Prae-

1005 1293 1129 1331 cepit,ne
1141 1292 1277 1321 soniacam
1288 1292 1429 1330 Episcopis
1440 1291 1633 1320 Leodienfibus
1644 1289 1762 1318 debitam
1772 1287 1803 1330 :ib

1006 1333 1104 1362 eodem
1116 1334 1176 1361 loco
1188 1355 1195 1365 ,
1216 1333 1259 1361 ubi
1269 1333 1349 1371 ipfius
1358 1332 1450 1360 Sancti·
1461 1332 1570 1369 Corpus
1580 1329 1696 1368 quiescit
1705 1351 1713 1362 ‚
1732 1338 1803 1356 acci-

1006 1384 1068 1412 pere
1080 1373 1276 1411 praesumerent
1287 1394 1293 1401 .
1306 1375 1318 1404 ]
1339 1371 1513 1411 Significatus
1525 1371 1637 1409 quidem
1655 1370 1733 1403 hujus
1746 1369 1803 1396 bar-

1006 1415 1073 1448 bari,
1084 1413 1242 1452 obscurique
1253 1413 1453 1445 vocabuli,cuin
1464 1412 1497 1440 fit
1506 1411 1629 1440 difficilis
1639 1409 1802 1448 intelligen-

1006 1455 1051 1483 tiae
1063 1467 1071 1486 ς
1097 1455 1160 1483 ideo
1171 1454 1350 1492 chapeavilli
1369 1453 1446 1489 hujus
1469 1461 1558 1481 textus
1568 1449 1804 1480 Commentatoris

1008 1496 1173 1533 opinionem
1183 1493 1258 1533 sequi
1268 1495 1373 1522 interea
1384 1502 1479 1531 cogor,
1490 1492 1537 1530 qui
1547 1492 1678 1520 denotare
1688 1490 1742 1519 hoc
1754 1500 1805 1518 vo-

1007 1536 1131 1564 cabulum
1141 1535 1180 1564 :iit
1190 1535 1410 1573 companaticum
1423 1532 1561 1571 Episcopo
1581 1531 1703 1561 debitum
1714 1551 1721 1558 .
1745 1532 1802 1559 FR-

1009 1576 1123 1615 Joannis
1135 1576 1314 1614 Chapeavilli
1333 1573 1516 1605 Annotatoris
1531 1572 1608 1601 verba
1632 1572 1659 1600 in
1672 1571 1804 1610 praedifto

1009 1618 1071 1646 loco
1082 1616 1142 1646 haec
1152 1616 1213 1646 sunt
1223 1637 1230 1645 .
1255 1615 1416 1652 [Soniacam
1427 1619 1478 1644 ἃς.
1490 1614 1527 1641 ita
1538 1613 1634 1651 legunt
1651 1612 1737 1641 codex
1750 1613 1805 1639 Au-

1008 1668 1061 1687 reae
1073 1658 1153 1687 vallis
1166 1679 1174 1691 ‚
1186 1657 1423 1687 Groesbeckaanus
1435 1677 1442 1688 ‚
1462 1658 1490 1683 ὅτ
1507 1653 1554 1682 alii
1565 1652 1737 1682 vetustissimi
1747 1652 1806 1680 Co-

1009 1699 1082 1727 dices
1095 1710 1100 1726 :
1114 1700 1186 1727 torte
1196 1698 1331 1737 intelligit
1342 1695 1485 1725 obsonium
1496 1692 1634 1732 Episcopis
1644 1692 1767 1721 debitum
1776 1712 1783 1718 .

157 1738 203 1767 bus
214 1740 327 1779 10¹¹gi0r
337 1741 375 1769 est
386 1762 394 1774 ›
414 1740 551 1770 existimat
561 1761 568 1773 ι
589 1740 664 1778 quod
676 1735 890 1768 Hebraei51¹¹l¹i³
902 1735 954 1764 1¹⁵1-
968 1741 1115 1769 SONOPAIR
1126 1760 1133 1768 .
1147 1741 1204 1768 FR.
1215 1741 1314 1768 Verres
1325 1760 1334 1772 ,
1353 1737 1398 1766 seu
1408 1745 1505 1776 porcus
1515 1733 1643 1765 masculus
1654 1751 1664 1770 ,
1685 1734 1703 1762 1.
1713 1733 1732 1762 fi
1745 1732 1806 1771 quis

157 1779 280 1816 busranni
291 1781 459 1820 temporibus
477 1782 510 1810 ad
527 1779 806 1816 hierosolymitanum
820 1778 954 1815 templum

1010 1790 1117 1809 verrem
1131 1803 1138 1813 ‚
1161 1780 1195 1808 de
1216 1780 1295 1808 furtis
1307 1800 1314 1808 .

157 1821 343 1850 accedentibus
355 1821 507 1851 inservisset
519 1842 527 1854 ‚
546 1831 601 1860 quo
611 1821 718 1850 itineris
728 1819 840 1848 taedium
854 1825 954 1846 canen<
970 1823 1065 1850 Sexus
1079 1841 1086 1849 .
1110 1821 1184 1850 Vide
1204 1823 1408 1850 Jnvitatorium
1421 1840 1428 1847 .

158 1861 195 1889 do
217 1862 389 1890 diverterent
400 1883 407 1891 .

159 1984 609 2019 tus.Ut‚re,mi‚la,sol,l·.2.

971 1863 1102 1890 Somnus
1113 1881 1121 1889 .
1144 1862 1218 1891 Vide
1234 1867 1374 1900 Suppanus
1389 1881 1396 1888 .

117 1902 163 1931 Soi
174 1913 236 1931 riso
249 1924 256 1935 ,
267 1913 280 1931 a
291 1901 332 1934 sol
342 1925 350 1936 ‚
362 1903 386 1932 ta
396 1926 403 1937 ,
416 1903 678 1942 Italicesolfeggiare
688 1901 790 1931 dicitur
801 1923 807 1933 ‚
821 1898 956 1928 musicales
970 1903 1006 1931 So

157 1953 236 1973 notas
247 1953 342 1972 canere
353 1944 489 1982 fignificat
501 1968 508 1978 ,
520 1948 594 1980 cujus
603 1944 759 1980 synonyma
770 1963 776 1970 .
790 1941 861 1971 Vide
882 1944 958 1968 Can-

1011 1912 1079 1931 PHUS
1094 1923 1102 1935 ,
1112 1899 1192 1942 σοφᾶς
1202 1922 1209 1929 -
1231 1904 1286 1931 FR.
1298 1902 1400 1930 dicitur
1408 1899 1530 1939 sapiens:
1555 1906 1567 1934 [
1580 1895 1666 1935 Sophi
1677 1894 1806 1940 appelle-ti

1015 1941 1079 1971 sunt
1091 1965 1098 1976 ,
1121 1953 1168 1981 qui
1178 1943 1264 1971 latine
1274 1942 1407 1981 stipientes
1419 1962 1426 1970 .
1437 1942 1474 1970 D.
1486 1939 1602 1979 August.
1612 1938 1646 1966 de
1657 1937 1750 1966 Civit.
1760 1934 1807 1963 lib.

1017 1994 1026 2011 1
1036 1988 1060 2012 8.
1077 1995 1101 2011 c.
1113 1995 1159 2018 24.

118 2024 244 2054 Somnus
256 2047 264 2058 ‚
274 2035 394 2059 moneta,
404 2027 437 2055 de
451 2030 524 2063 cujus
536 2026 629 2055 valore
636 2026 741 2054 dietum
751 2023 788 2052 est
801 2022 829 2051 in
839 2022 904 2051 dist.
916 2024 957 2050 si-
972 2024 1119 2053 Sopmsrn
1132 2045 1139 2057 ‚
1150 2023 1267 2062 aoyiqssm
1279 2022 1401 2062 quamvis
1412 2021 1464 2051 hoc
1476 2021 1635 2051 vocabulum
1645 2018 1699 2046 fere
1711 2017 1741 2045 in
1752 2024 1807 2043 ma-

160 2066 240 2104 liqua
250 2086 257 2094 .
268 2068 324 2095 FR.
334 2067 377 2095 ubi
389 2067 481 2096 dicere
491 2067 664 2106 praetermifi,
675 2065 749 2104 quod
759 2063 862 2093 Latinii
873 2062 956 2090 adiro<

160 2115 216 2134 rata
225 2107 430 2145 aequipollentia
442 2109 543 2138 valoris
554 2130 562 2141 ‚
575 2107 658 2136 solidi
668 2103 880 2143 nondistinguit
892 2124 900 2136 ,
923 2103 957 2131 de

159 2156 211 2184 qua
222 2146 303 2176 solidi
315 2147 403 2186 specie
414 2150 599 2188 intelligebas
611 2159 673 2177 nam
685 2148 756 2176 ultra
767 2145 908 2183 vulgarem
917 2142 956 2171 so.

158 2187 244 2215 lidum
264 2189 447 2225 reperiebatur
458 2190 564 2227 solidus
576 2200 676 2218 aurens
688 2210 696 2221 ‚
717 2188 752 2216 de
769 2196 824 2224 quo
836 2183 861 2213 ff.
880 2185 907 2211 in
916 2187 957 2219 jus

163 2230 289 2258 vocando
298 2249 305 2260 ,
326 2230 345 2257 l.
357 2230 429 2258 final.
441 2234 469 2259 δε
480 2230 516 2258 ibi
526 2228 619 2259 Glossa
629 2250 636 2257 .
658 2229 731 2258 Vide
740 2226 784 2256 hic
797 2227 825 2253 in
836 2226 862 2253 d.
875 2226 957 2263 Obry-

161 2272 237 2297 ziam·
249 2290 256 2297 .
277 2271 350 2298 Item
358 2269 459 2299 solidus
471 2271 625 2308 provifinus
635 2291 642 2298 .
666 2269 739 2298 Vide
749 2268 901 2296 dictionem
913 2264 957 2293 hic

162 2308 324 2339 immediate
334 2309 503 2349 sequentem.
515 2313 549 2340 In
561 2313 759 2340 Beneventano
769 2307 913 2336 territorio
924 2306 958 2334 de

161 2359 236 2390 'anno
251 2356 281 2389 83
289 2357 317 2380 6.
326 2355 415 2390 Equus
426 2352 531 2380 valebat
542 2351 645 2380 solidos
657 2352 759 2383 otim&
769 2351 821 2378 Bos
832 2359 955 2387 quatuor.

162 2394 177 2425 ἱ
186 2391 244 2421 Det
254 2392 372 2432 pretium
381 2403 432 2433 pro
440 2393 560 2433 Carallo
570 2391 671 2433 solidos
682 2392 745 2422 οᾶο
755 2413 765 2427 ,
784 2393 812 2422 &
821 2399 872 2430 pro
883 2392 957 2420 bove

1012 2064 1066 2092 lam
1087 2074 1190 2103 partem
1211 2065 1357 2102 accipiatur
1367 2075 1374 2095 ς
1395 2063 1580 2092 nihilominus
1600 2059 1744 2102 hominem
1759 2055 1807 2083 do-

1013 2106 1086 2134 &uni
1102 2131 1107 2136 ,
1120 2109 1148 2134 &
1158 2104 1295 2133 eruditum
1307 2104 1442 2143 fignificat
1452 2125 1458 2131 .
1475 2109 1486 2138 [
1498 2103 1622 2132 Rabanus
1631 2098 1750 2137 sophista
1761 2117 1768 2128 ι
1780 2097 1807 2122 &

1012 2145 1054 2173 sui
1065 2146 1196 2183 temporis
1208 2155 1350 2184 poetarum
1360 2144 1430 2173 nulli
1440 2143 1573 2173 secundus
1585 2162 1592 2170 .
1603 2142 1639 2169 In
1650 2148 1707 2184 uita
1719 2138 1742 2165 S.
1753 2138 1807 2163 Ra-

1012 2186 1075 2215 bani
1091 2186 1238 2224 Arcliiep.]
1254 2189 1294 2215 Ac
1304 2186 1338 2214 de
1346 2185 1443 2214 eodem
1455 2182 1634 2214 Trithemius‚
1645 2180 1690 2208 lib.
1698 2187 1720 2220 .¹'
1731 2186 1773 2218 η.)
1783 2184 1808 2211 3.

1012 2237 1104 2265 egerat
1113 2225 1156 2254 his
1167 2227 1263 2255 verbis:
1278 2226 1476 2265 [Sophistarum
1488 2224 1612 2253 omnium
1628 2213 1812 2263 nominatissi-

1014 2277 1071 2296 mus
1085 2287 1091 2294 ·
1105 2269 1117 2298 ]
1133 2269 1189 2296 FR.
1199 2269 1272 2296 Nam
1281 2268 1378 2304 Sophus
1391 2287 1399 2299 ‚
1419 2276 1447 2294 ut
1458 2266 1594 2295 diximus,
1610 2255 1809 2300 sapientem&

1014 2318 1061 2336 nat
1074 2329 1081 2336 .
1104 2314 1115 2343 [
1127 2307 1246 2342 Quidam
1257 2329 1265 2341 ‚
1276 2309 1323 2346 qui
1338 2307 1366 2335 in
1378 2316 1475 2344 magna
1487 2305 1611 2334 Civitate
1623 2298 1810 2329 Alexandrina

1013 2348 1172 2377 medicinali
1184 2358 1240 2376 arte
1249 2358 1306 2377 erat
1319 2348 1435 2375 imbutus
1447 2367 1454 2378 ,
1466 2345 1642 2373 comestorem
1651 2339 1679 2369 se
1689 2338 1759 2377 apud
1767 2336 1810 2379 so<

1014 2388 1133 2429 pliistam
1149 2388 1226 2419 suum
1243 2387 1359 2419 habuiffe
1378 2385 1517 2427 perbibuit
1533 2383 1646 2413 summat
1669 2379 1810 2459 praxietfftffl

1505 2479 1511 2491 ἱ
