1866 2526
499 13 616 58 CH

139 71 170 106 in
191 74 310 107 Cantica
318 95 327 109 ,
349 84 372 104 c.
384 85 411 110 4.
423 74 469 104 De
479 73 612 112 scriptor.
625 69 774 101 Ecclefiast.
785 73 812 100 ὅ(
823 69 904 100 alibi.

95 115 324 149 szcxmcm,
346 125 414 154 opus
425 125 459 144 cx
477 124 531 143 aere
543 135 551 147 ,
573 111 621 141 seu
644 111 817 144 aurichalco,
840 121 929 151 graece

136 156 322 196 χαλκίδἰκας,
342 161 358 191 ἶ
370 156 458 191 Quam
476 154 560 183 tribus
578 152 737 182 chalcidicis
758 152 787 180 in
803 152 910 190 postico
921 173 928 185 ‚

135 197 260 230 scilicet,
282 201 310 226 δι
323 207 337 226 a
349 196 475 225 lateribus
485 195 579 224 auxit.
603 192 722 224 Anastas.
744 191 880 222 Biblioth.
898 193 929 220 in

135 239 228 266 Leone
248 239 330 270 111.]
351 239 399 266 An
418 237 453 266 de
462 236 598 265 columnis
617 233 761 264 metallicis
779 244 840 273 agat
850 233 930 262 dubi-

134 285 222 306 tatur.

94 318 238 348 Cuneus
251 340 260 352 ,
282 329 391 348 moneta
401 339 408 346 .
430 317 506 347 Vide
514 317 668 346 Talentum
678 337 685 345 .

93 358 338 389 ΕΗΑΜΑιεοκτις
351 369 461 388 natura.
485 359 556 387 Vide
568 358 671 386 Folleo.

1265 11 1304 53 C
1334 13 1380 56 H
1648 27 1722 70 173

984 69 1066 109 pensa
1074 91 1083 104 ,
1105 68 1140 100 de
1149 69 1204 104 ejus
1212 78 1299 98 uxore
1309 91 1318 103 ,
1341 67 1416 109 quod
1425 67 1529 107 publica
1538 72 1669 101 meretrix
1689 71 1754 101 ell'et
1761 79 1775 103 ,·

984 111 1111 141 dubitans
1120 133 1128 145 ,
1153 109 1243 152 voluit
1261 109 1337 139 illam
1354 110 1479 139 occidere
1491 131 1499 142 ,
1521 121 1580 150 quae
1609 114 1698 141 coacta
1717 110 1769 140 fuit

985 152 1065 182 testes
1075 154 1108 181 de
1118 149 1374 181 hacconsuetudine
1384 160 1481 189 rogare
1493 173 1500 184 ‚
1523 152 1558 180 de
1575 162 1628 190 qua
1639 163 1667 181 re
1687 152 1772 180 fidem

985 192 1102 222 Parochi
1113 193 1188 222 illius
1200 191 1256 220 loci
1266 192 1351 220 etiam
1360 191 1502 220 adhibuit:
1528 192 1571 221 Ab
1579 192 1632 220 hoc
1643 190 1770 229 strepito—

987 233 1017 262 so
1027 235 1200 264 Charivario
1217 242 1284 270 puto
1294 233 1425 262 Italicum
1435 243 1539 262 nomen
1556 230 1766 262 Bacchanalium

986 275 1128 308 derivari,
1149 274 1225 313 quod
1243 273 1401 302 Camevale
1423 273 1543 302 dicitur:
1567 273 1693 312 quamvis
1719 272 1768 300 alii

986 316 1144 345 Carnevale
1154 316 1247 344 dicant
1258 337 1267 348 ‚
1289 313 1352 354 quia
1363 323 1427 343 tunc
1436 315 1525 343 carnis
1535 314 1612 344 valor
1623 314 1693 343 ultra
1703 323 1772 342 eon-

985 356 1091 386 suetum
1101 356 1210 386 excedit
1219 375 1226 383 .

92 399 290 429 Cimmaeumffi
302 422 309 433 ,
331 404 359 429 ἃ
378 401 550 429 chamennia
563 419 570 429 ‚
592 395 745 435 χαμώνὶεα
757 417 764 430 2
786 397 819 425 ab
832 394 928 424 adver-
943 399 1093 432 Caelina,
1116 395 1325 437 aliquandohoc
1336 396 1495 425 vocabulum
1511 395 1643 425 laminam
1662 394 1772 434 flgnifis

133 439 178 468 bio
188 438 286 477 χαμαὶ
294 462 303 473 ,
325 441 403 469 humi
417 462 424 472 ,
447 439 482 473 ό·
490 436 547 469 dciii
556 459 564 470 ‚
576 439 665 466 cubile
675 459 684 470 ‚
694 437 771 466 humi
779 435 926 465 dormitio-

133 490 181 508 nes
190 480 323 519 fignificat
345 480 548 516 [Chameuniis
559 500 567 512 ‚
589 487 699 517 quoque
709 499 718 510 ‚
740 481 768 506 &
779 476 924 505 contritio-

132 530 168 549 ne
175 522 298 559 corporis
310 531 445 560 nunquam
457 520 531 549 laniis
540 519 578 548 est
587 540 595 547 .
616 520 651 547 In
662 518 720 546 vita
731 518 756 546 S.
769 517 863 546 Mariae
877 527 925 545 ne-

983 450 1025 468 cat
1035 461 1043 467 .
1068 439 1215 476 [Trullum
1229 447 1295 466 vero
1312 437 1431 472 ejuldem
1443 437 1567 466 Ecclefiae
1587 435 1648 466 fusis
1666 435 1770 464 chartis

982 480 1116 518 plumbeis
1125 479 1271 517 cooperuit
1281 500 1289 511 ,
1298 487 1380 516 atque
1389 477 1512 506 munivit
1521 498 1528 505 .
1540 477 1635 506 Anast.
1647 478 1678 506 in
1689 478 1767 515 Serg-

982 523 1053 559 l’apa
1065 542 1071 548 .
1094 522 1130 549 In
1139 520 1190 549 alia
1200 519 1402 558 significatione
1412 539 1420 546 .
1444 518 1518 546 Vide
1527 523 1645 555 Papyrus
1658 538 1666 546 .

131 560 188 600 Ptis
199 562 316 591 Abs-21¹²
328 583 335 595 ι
358 573 381 590 C·
398 563 461 592 18·]
477 564 516 590 Ac
527 560 562 589 de
572 559 666 589 eadem
678 558 843 597 poenitentia
855 557 924 585 Hie-
939 562 1146 590 Cum-imum
1158 581 1166 588 .
1190 559 1356 589 Archivium
1367 581 1374 591 ‚
1396 559 1427 587 in
1437 568 1492 597 quo
1511 557 1611 587 chartae
1624 580 1632 591 ,
1653 563 1681 587 δι
1701 556 1768 586 scri-

132 611 244 637 ronym.
257 602 287 629 in
295 612 352 640 cap.
365 613 396 638 4¹
405 623 412 630 .
423 601 525 630 Ezecli.
534 600 635 638 inquit.
648 605 660 634 [
671 601 743 628 Puto
752 596 922 636 perspicuum

131 641 182 670 elle
192 643 289 671 lectori
299 640 405 681 semper
414 642 569 681 angustiora
577 639 638 673 esse,
649 649 709 678 quae
721 638 850 668 deorsum
860 637 922 667 sunt

132 682 162 710 in
171 684 283 718 jeiuniis
294 705 301 716 ,
313 683 484 713 chameuniis
494 703 501 714 ,
513 686 540 710 ὃ(
552 681 639 709 vidus
649 679 832 708 continentia.
843 681 855 710 ]
866 680 921 708 FR-

131 725 166 750 Et
176 723 273 751 clarius
283 724 347 752 alibi
359 723 432 751 idem
442 722 585 760 inquiens:
611 722 742 757 [Omnes
755 730 824 758 pene
834 729 922 748 Virtu-

134 771 174 790 tes
183 764 308 802 corporis
318 773 459 792 mutantur
469 763 502 790 in
510 760 626 795 senibus,
636 765 664 790 8(
672 759 808 790 crescente
816 759 873 789 sola
882 757 921 788 sa-

127 803 235 840 pientia
244 826 252 836 ,
273 803 434 833 decrescunt
445 813 560 836 extera,
579 802 697 840 jejunia,
720 801 826 841 vigiliae
839 822 847 834 ‚
860 800 921 829 cha-

129 852 247 873 meumae
259 866 267 878 ,
288 845 356 873 idest
369 867 376 878 ,
387 844 466 883 super
475 844 665 883 pavimentum
673 842 857 872 dormitiones
867 845 920 871 ἀς.

129 885 245 922 Epistol.
258 897 283 914 z.
294 886 328 914 ad
338 886 527 924 Nepotianum
537 904 546 913 .

87 923 192 953 cusos
203 946 211 953 .
234 926 307 955 Vide
316 925 446 964 Infernus
455 947 462 954 .

980 611 1065 639 Ptura:
1080 600 1277 630 conservantur
1290 621 1297 627 .
1319 601 1354 628 In
1363 599 1530 627 chariacium
1540 599 1664 627 Ecclefiae
1677 600 1767 627 collo-

979 642 1052 670 cavit
1062 663 1070 675 ‚
1092 653 1116 671 c.
1127 654 1153 677 4.
1165 641 1273 676 Synodi
1282 643 1366 669 Rom.
1384 638 1430 668 sub
1441 640 1520 668 Sixto
1532 641 1590 668 111.
1610 640 1639 669 in
1650 639 1767 668 Ecclesia

977 683 1002 711 S.
1024 683 1122 711 Crucis
1142 683 1172 710 in
1190 680 1362 710 Hierusalem
1379 681 1512 709 celebrata
1522 701 1529 708 .
1548 683 1560 712 ]
1580 681 1767 709 Chartarium

975 723 1060 751 etiam
1069 733 1082 751 a
1092 724 1130 752 D.
1144 722 1323 756 Hieronymo
1333 730 1429 749 contra
1441 720 1514 751 Rnff.
1523 721 1686 759 appellatur,
1697 721 1765 749 dum

977 764 1086 802 inquit5
1112 770 1124 799 [
1136 764 1195 792 Cur
1207 773 1265 790 cam
1283 763 1314 790 in
1325 764 1455 791 Romano
1473 761 1600 790 Eccleliae
1623 760 1765 790 chartario

977 815 1035 833 non
1052 804 1167 842 requiris
1179 808 1188 832 ?
1212 805 1223 834 ]
1247 804 1335 838 Hujus
1359 802 1484 831 vocabuli
1500 800 1647 837 synoninia
1659 821 1666 828 .
1688 801 1765 830 Vide

975 846 1137 874 Archi-vum
1149 864 1157 871 .
1170 845 1227 873 PR.
1239 845 1427 871 Chartacium
1437 842 1586 881 aliquando
1593 845 1633 876 jus
1642 841 1763 872 Cancel-

974 885 1050 914 lariis
1061 885 1183 913 debitum
1194 894 1245 923 pro
1255 883 1394 912 solutione
1404 882 1504 911 chartae
1516 882 1651 921 significat
1661 902 1669 910 .

933 928 979 955 Cn
985 935 1235 955 AitropanACiuM
1245 945 1252 953 .
1276 925 1350 953 Vide
1361 924 1565 964 chartophylax
1574 943 1582 951 .

84 963 103 995 Ῐ-
123 965 314 996 (ἶΗᾼκΑετεκ
326 987 333 994 .
357 968 508 995 Charac‘ler
517 968 682 995 Dominicus
701 975 805 994 nomen
816 963 1174 1003 BaPtis-'CHARropuuax
1187 988 1195 999 ,
1213 976 1301 1004 graece
1311 963 1498 1004 χαργοφιίλαξ
1507 987 1514 997 ,
1527 963 1682 993 chartarum
1692 984 1701 997 ‚
1718 963 1767 993 seu

127 1005 167 1032 mi
180 1026 186 1036 .
209 1007 365 1045 Augustino
384 1008 471 1034 dietus
489 1007 646 1034 mdclebslis
658 1026 665 1033 .
684 1006 833 1034 Charaster
854 1016 920 1033 vero

130 1045 285 1074 indelebilis
298 1047 450 1075 sacerdotii
471 1047 498 1074 id
509 1045 681 1083 potissimum
692 1047 806 1075 denotat
816 1068 824 1079 ,
845 1046 919 1085 quod

130 1086 260 1114 Sacerdos
271 1087 424 1119 ordinatus,
438 1086 542 1115 etiamst
550 1087 585 1115 ob
595 1087 700 1115 crimen
710 1087 820 1125 aliquod
830 1086 861 1115 ab
871 1090 920 1114 Ec-

131 1126 210 1154 clesia
221 1129 333 1163 rejectus
344 1148 352 1160 ‚
365 1128 470 1165 peracta
482 1127 647 1165 pez-‚nitentia
658 1149 665 1159 ‚
678 1128 753 1155 nulla
763 1138 834 1155 nova
844 1127 919 1155 ordi-

131 1177 246 1197 natione
257 1178 336 1207 egeat
346 1189 354 1200 ‚
365 1167 467 1196 cumin
476 1168 555 1195 omni
566 1167 634 1195 statii
644 1188 652 1200 ‚
673 1167 765 1196 valide
775 1188 784 1200 ,
802 1166 849 1196 sed
861 1178 918 1195 non

131 1207 208 1236 licite
231 1209 359 1237 Sacerdos
381 1207 413 1235 lit
423 1227 431 1234 .
696 1234 704 1241 ,

90 1247 310 1278 enarremus
330 1247 360 1276 in
381 1247 474 1286 aliqua
494 1246 614 1286 imagine
631 1247 715 1287 politi
725 1268 733 1276 .
757 1247 832 1277 Vide
841 1253 917 1287 Supe-

129 1298 248 1317 ncomca
262 1309 269 1317 .

89 1327 286 1360 emmaus
298 1351 306 1359 .
329 1332 404 1361 Vide
427 1336 557 1369 Aurugo-

87 1368 135 1397 Cu
142 1380 262 1401 ARAGMA
273 1394 281 1405 ,
304 1373 413 1412 Imag0;
427 1383 516 1412 grece
529 1370 604 1400 enim
621 1369 766 1410 χάραγμα
778 1392 786 1404 ‚
807 1370 919 1399 caelatu-

128 1420 186 1438 ram
196 1433 205 1444 ‚
227 1416 255 1441 ὅ(
272 1411 438 1452 sculpturam
459 1412 593 1453 fignificat
604 1433 611 1441 .
639 1413 734 1449 [Quia
753 1412 819 1440 licut
838 1422 918 1440 nuni-

127 1459 186 1478 mus
196 1450 275 1481 habet
295 1454 438 1494 charagma
449 1452 567 1482 Caesaris
576 1474 584 1486 ,
606 1453 640 1481 fic
650 1453 736 1481 homo
754 1451 836 1481 habet
856 1452 920 1480 cha-

131 1500 224 1529 ragma
234 1494 299 1527 Dei,
310 1494 526 1529 chrysostomus
538 1494 614 1522 hom.
626 1504 639 1531 3
649 1499 674 1521 8.
685 1494 714 1521 in
725 1503 748 1520 c.
761 1504 806 1522 ιο.
817 1493 918 1522 Mattli.

89 1530 232 1560 CtiAxiTA
239 1543 290 1561 τες
304 1555 313 1567 ,
337 1535 410 1563 Vide
421 1539 516 1572 Agapa
527 1555 534 1562 .

90 1571 312 1614 Crinitivaitiuai
326 1596 333 1607 ,
354 1585 474 1614 graecum
487 1575 649 1603 vocabulum
660 1570 813 1606 κεαηβααά
823 1595 831 1606 ›
842 1584 918 1602 mess-

130 1621 165 1638 tis
175 1613 344 1642 obtuiionem
359 1637 365 1647 ,
388 1620 415 1644 ὃ(
429 1616 598 1653 vertiginem
607 1625 640 1643 ex
651 1614 772 1642 tumultu
784 1636 792 1646 ,
811 1625 839 1642 ac
854 1616 917 1643 stre-

131 1652 192 1689 pitu
203 1653 335 1683 initiatam
346 1655 500 1694 lignificans
509 1676 516 1682 .
541 1655 616 1683 Hinc
627 1655 656 1682 in
666 1654 758 1683 Gallia
771 1676 780 1687 ,
802 1655 917 1694 aliisque

127 1694 286 1731 regionibus
301 1697 428 1734 ‚quando
439 1697 521 1724 vidua
531 1695 621 1734 aliqua
631 1693 800 1724 adsccundas
811 1697 917 1734 nuptias

130 1733 226 1762 tranlit
237 1756 245 1767 ‚
267 1735 338 1764 solet
350 1737 424 1774 plebs
434 1737 578 1774 strepitum
587 1737 620 1764 ad
632 1735 744 1764 domum
764 1736 839 1764 illius
855 1747 917 1775 age-

131 1783 161 1800 re
171 1795 179 1805 ι
202 1777 228 1802 ὅ(
239 1785 268 1804 ut
278 1777 406 1805 defitient
419 1799 427 1809 ,
450 1777 484 1805 ad
493 1778 612 1815 aliquam
623 1776 854 1814 compoiitionem
863 1777 917 1806 sol-

129 1814 249 1856 vendam
259 1827 398 1855 coguntur
409 1818 503 1855 nupti,
525 1817 675 1856 vulgariter
688 1817 842 1845 chan-van
853 1819 918 1847 stre-

130 1863 220 1891 pitum
231 1877 239 1889 ,
262 1860 290 1885 &
299 1858 448 1887 clamorem
459 1859 531 1886 hunc
543 1867 643 1886 vocant
652 1871 660 1885 :
677 1856 899 1892 [Insultationes
910 1882 917 1893 ‚

130 1894 263 1924 clamores
274 1918 282 1929 ‚
303 1897 384 1926 sonos
395 1920 403 1930 ‚
426 1903 453 1927 ἀ
462 1899 528 1926 alios
546 1899 678 1927 tumultus
695 1899 725 1925 in
744 1897 868 1928 secundis
890 1904 916 1929 ὃ(

128 1935 218 1962 tertiis
227 1939 406 1975 quorumdam
418 1948 520 1977 nuptiis
530 1961 537 1971 ‚
558 1950 625 1977 quos
636 1938 820 1967 charivarium
834 1942 919 1980 vulgo

127 1976 267 2014 appellant
280 1999 287 2009 ,
299 1987 413 2016 propter
423 1981 507 2008 multa
520 2002 526 2011 ,
544 1984 571 2008 ὃ(
582 1989 676 2019 gravia
685 1982 860 2009 incommoda
871 1983 918 2010 fie-

127 2018 152 2044 ri
163 2017 279 2046 omnino
290 2018 465 2056 prohibemus
486 2019 532 2048 sub
551 2030 634 2058 poena
653 2022 917 2050 excoizimunicatio-

128 2057 172 2085 nis
185 2077 191 2084 .
215 2059 251 2086 In
261 2059 374 2087 Concil.
385 2063 490 2089 Turon.
507 2061 542 2089 de
554 2071 628 2089 anno
642 2071 726 2096 ¹445·
737 2060 784 2090 sub
795 2064 916 2092 Nicolao

129 2099 165 2141 V.
175 2098 312 2141 celebrato
324 2120 329 2126 .
353 2101 365 2130 ]
379 2101 435 2130 PR.
447 2102 521 2130 Cum
531 2112 605 2130 anno
617 2109 703 2136 ⁸⁶44·
724 2113 753 2131 in
769 2106 852 2132 Terra
866 2107 917 2132 Ar-

130 2148 167 2166 cis
179 2140 282 2167 Priorae
292 2149 378 2178 prope
390 2140 568 2172 Tusculanum
579 2141 683 2171 fuiss'ein
694 2163 702 2174 ‚
725 2142 797 2171 hunc
810 2144 916 2173 abusum

129 2188 177 2216 per
187 2179 307 2208 triduum
319 2180 413 2209 audivi
426 2180 455 2209 in
466 2183 570 2221 nuptiis
590 2181 728 2216 cujusdam
740 2185 829 2212 Viduae
841 2207 849 2218 ,
872 2196 917 2214 cu-

129 2228 169 2254 Jus
182 2229 293 2262 maritus
304 2242 312 2253 ,
335 2230 395 2256 cum
406 2221 562 2261 alienigena
571 2223 636 2251 ell'et
646 2245 654 2256 ,
664 2234 693 2252 ae
703 2225 834 2264 ignorans
843 2225 916 2255 hunc

129 2268 331 2298 terrigenarum
342 2271 446 2290 morem
457 2284 464 2295 ,
486 2273 572 2301 prima
584 2265 664 2292 noc'te
676 2286 684 2297 ,
695 2276 724 2293 ut
734 2266 877 2295 audiverat
890 2271 916 2296 ὅ(

126 2301 275 2344 clamorem
290 2302 366 2341 vulgi
378 2324 388 2336 ,
410 2307 437 2332 ὁ(
457 2313 654 2342 tympanorum
665 2326 672 2336 ‚
693 2317 722 2334 ac
744 2307 917 2336 buccinarum

126 2340 272 2381 strepitum
282 2364 292 2377 ,
315 2352 449 2383 maneque
459 2344 576 2375 inventa
586 2345 619 2374 :id
628 2355 738 2384 portam
748 2357 851 2379 cornua
870 2359 914 2389 ap-

973 1007 997 1035 st
1003 1008 1168 1045 riptiirarum
1175 1008 1278 1035 custos.
1302 1008 1338 1034 In
1347 1005 1662 1043 Constantinopolitana
1671 1005 1766 1033 Eccle-

974 1048 1009 1076 fia
1019 1057 1076 1076 erat
1087 1058 1188 1076 nomen
1198 1046 1344 1086 dignitatis
1357 1068 1364 1078 ,
1387 1056 1467 1084 atque
1488 1046 1629 1074 decoratus
1647 1045 1697 1073 hac
1720 1045 1765 1074 di-

974 1088 1081 1127 gnitate
1090 1089 1209 1127 ligillum
1219 1086 1473 1125 Patriarchae(quod
1483 1087 1672 1115 Bullatormm
1681 1086 1767 1115 etiarn

974 1129 1111 1158 dicebatur
1124 1129 1175 1161 >in
1184 1128 1259 1156 collo
1269 1126 1417 1166 appensum
1428 1127 1527 1155 ferebat
1539 1147 1546 1154 .
1571 1133 1583 1161 [
1594 1127 1766 1156 patriarcha-

974 1169 1000 1197 le
1012 1169 1131 1208 sigillum
1143 1169 1278 1207 pendebat
1300 1179 1314 1196 e
1332 1169 1441 1206 pec'iore
1459 1166 1712 1205 Charmphyhoeis,
1733 1178 1765 1196 ut

975 1218 1033 1237 erat
1042 1208 1203 1238 consuetum
1214 1231 1220 1241 ‚
1240 1208 1353 1238 Balsam.
1376 1210 1388 1239 ]
1404 1208 1448 1237 Ad
1468 1207 1558 1246 ipsum
1569 1208 1654 1236 multa
1673 1208 1766 1247 litigia

973 1248 1126 1288 speciabant
1138 1272 1144 1282 ‚
1169 1250 1305 1288 precipue
1315 1249 1531 1277 matrimonialia
1541 1271 1550 1282 ,
1574 1259 1624 1278 nec
1635 1250 1765 1278 Sacerdos

941 1294 944 1295 ⁷
975 1292 1104 1319 novellos
1114 1289 1227 1329 sponsos
1240 1313 1246 1322 ,
1269 1289 1365 1329 absque
1376 1300 1431 1327 ejus
1450 1290 1563 1318 licentia
1575 1312 1581 1322 .
1603 1289 1765 1318 benedicere

975 1342 1099 1370 poter-it.
1124 1331 1298 1368 inoadslizis
1312 1331 1451 1359 facultates
1462 1352 1469 1363 ‚
1493 1334 1522 1359 ὃς
1541 1330 1765 1368 praeeminentias

973 1371 1052 1407 hujus
1061 1373 1207 1411 dignitatis
1216 1393 1224 1400 .
1248 1372 1320 1402 Vide
1331 1371 1516 1402 Bais-amonem
1527 1372 1598 1410 apud
1610 1374 1707 1400 Bai-on.
1718 1382 1765 1400 an-

975 1424 1011 1441 no
1024 1423 1059 1449 59
1069 1426 1090 1442 t.
1103 1425 1144 1452 n.3
1157 1425 1194 1451 53
1204 1417 1258 1442 2.&
1270 1417 1390 1452 33.&1n
1401 1413 1508 1441 astione
1523 1416 1603 1447 ¹4&
1620 1419 1664 1441 16.
1674 1414 1767 1441 Sexta!

975 1455 1082 1488 Synodi
1095 1455 1167 1492 apud
1177 1455 1296 1482 eundem
1306 1454 1453 1483 Baronium
1463 1475 1470 1481 .
1494 1453 1567 1481 Vide
1577 1454 1659 1481 etiam
1671 1455 1767 1482 Cui-0:

974 1496 1090 1532 palatam
1103 1516 1110 1522 .
1134 1497 1219 1524 Locus
1231 1505 1315 1527 vero,
1337 1495 1380 1523 ubi
1391 1494 1540 1526 relidebat,
1563 1495 1765 1533 Chartopbyla-

976 1538 1050 1563 tium
1060 1536 1209 1568 dicebatur,
1219 1536 1294 1573 quod
1305 1545 1354 1563 nos
1366 1534 1518 1563 Archivum
1529 1545 1664 1562 vocamus.
1678 1535 1766 1570 [Quia

974 1575 1245 1614 Chartophylacium
1255 1577 1391 1614 praedic‘tae
1403 1586 1454 1613 piae
1466 1575 1606 1603 memoriae
1615 1575 1768 1612 Justi'niani

975 1625 1099 1655 tempore
1111 1640 1118 1650 ,
1142 1617 1180 1645 ita
1203 1616 1370 1654 surripiente
1387 1615 1475 1644 subito
1492 1617 1604 1644 flamma
1623 1615 1767 1644 incensum

976 1658 1032 1685 est.
1055 1658 1091 1685 D.
1100 1660 1187 1696 Greg.
1200 1658 1229 1685 in
1241 1658 1347 1696 Regill.
1359 1657 1405 1684 lib.
1419 1667 1446 1689 7.
1456 1659 1504 1694 Ep.
1519 1663 1563 1684 26.
1577 1657 1589 1686 ]
1602 1657 1636 1684 In
1648 1657 1767 1685 Ecclesia

976 1700 1101 1726 Romana
1109 1699 1143 1726 lic
1149 1708 1174 1726 et
1185 1697 1245 1726 haec
1256 1697 1378 1735 dignitas
1388 1695 1435 1724 sub
1453 1697 1567 1724 nomine
1586 1697 1768 1726 chartularii

975 1748 1142 1777 reperiretur
1152 1759 1160 1771 ,
1183 1748 1298 1766 minoris
1307 1746 1400 1766 tamen
1409 1737 1597 1765 aestimationis
1616 1747 1688 1765 erat.
1713 1737 1767 1765 Vi-

975 1779 1009 1806 de
1028 1782 1180 1808 Batonium
1198 1780 1260 1807 loco
1277 1779 1377 1806 citato.
1402 1783 1413 1812 [
1435 1778 1573 1806 Veniente
1591 1787 1682 1806 autem
1702 1777 1768 1807 viro

977 1820 1126 1858 magnifico
1136 1821 1264 1848 Domino
1274 1819 1408 1847 §lauritio
1419 1818 1599 1847 Chartulario
1610 1839 1617 1845 .
1629 1819 1666 1846 D.
1675 1820 1765 1857 Greg.

975 1860 1021 1888 lib.
1040 1871 1061 1889 1.
1074 1861 1159 1899 Epist.
1169 1871 1195 1898 3.
1208 1863 1222 1892 J
1249 1863 1313 1888 Erat
1323 1868 1403 1887 ctiam
1411 1859 1537 1887 officium
1547 1858 1672 1888 seculare
1683 1879 1692 1893 ‚
1714 1860 1767 1898 Ju-

975 1901 1045 1929 dicis
1056 1923 1063 1933 ‚
1088 1911 1186 1939 nempe
1196 1923 1203 1933 ,
1227 1901 1360 1939 Delegati
1371 1899 1519 1938 imperialis
1529 1920 1537 1932 ‚
1558 1910 1667 1928 necnon
1678 1900 1771 1937 custo-1

974 1942 1016 1970 dis
1027 1940 1150 1977 ejusdem
1160 1942 1308 1979 imperialis
1322 1940 1451 1969 archivii
1462 1961 1468 1967 .
1481 1944 1578 1980 [Ergo
1588 1940 1655 1969 feria
1665 1938 1768 1975 secun-j

974 1983 1008 2011 da
1018 1982 1141 2010 diluculo
1151 1984 1241 2010 mittit
1251 1981 1446 2009 chartularium
1465 1979 1542 2009 suum
1552 2003 1560 2014 ‚
1582 1984 1610 2010 ὅ(
1631 1980 1768 2020 quosdam

975 2024 1010 2051 de
1020 2022 1151 2061 obsequio
1170 2022 1238 2050 suo.
1261 2023 1354 2050 Antist.
1372 2021 1553 2050 Collestanea
1570 2031 1618 2060 per
1638 2023 1768 2056 Sirinon-¹

974 2064 1058 2096 dum,
1081 2074 1111 2091 in
1125 2068 1149 2091 8.
1169 2064 1234 2092 edit.
1256 2063 1285 2090 in
1303 2063 1369 2090 exil-
1389 2063 1414 2090 S.
1432 2062 1634 2101 MartiniPapae
1647 2084 1653 2091 .
1676 2065 1765 2094 JFR.

977 2107 1055 2139 [Tua
1063 2102 1393 2141 Excellentiapostulavit
1405 2122 1414 2136 ‚
1435 2110 1467 2131 ut
1477 2103 1644 2142 Imperatori
1659 2102 1763 2132 scribe-

973 2155 1030 2173 rem
1042 2166 1050 2178 ,
1073 2155 1203 2183 quatenus
1212 2144 1286 2181 pacta
1296 2143 1326 2171 in
1334 2142 1563 2182 chartophylacio
1583 2144 1739 2183 requireret
1749 2167 1760 2178 ‚

973 2197 996 2214 c.
1005 2196 1038 2214 cx
1056 2186 1178 2223 epistolae
1190 2184 1279 2212 verbis
1289 2205 1297 2216 ,
1308 2184 1343 2212 dc
1352 2184 1564 2222 probationibus.
1575 2186 1587 2216 ]
1602 2185 1661 2214 Ubi
1670 2184 1769 2214 Gloss0'

975 2225 1213 2265 [Cartophylaciu
1221 2235 1243 2252 n
1252 2224 1354 2254 dicitur
1364 2225 1438 2253 locus
1449 2247 1457 2259 ,
1478 2223 1523 2254 seu
1533 2226 1680 2254 armarium
1688 2247 1696 2258 ,
1718 2225 1765 2254 ubi

972 2266 1073 2296 chartae
1088 2288 1096 2299 ‚
1121 2266 1164 2294 vel
1176 2266 1353 2303 initriimeuta
1362 2275 1524 2304 ponuntur,
1547 2269 1575 2295 δι
1599 2264 1765 2295 conservan-

974 2317 1018 2336 tur
1027 2327 1034 2334 .
1047 2310 1058 2339 ]
1083 2306 1233 2345 Dicebatur
1250 2306 1333 2334 etiam
1355 2307 1558 2344 Chartilogium
1568 2327 1576 2334 .
1600 2306 1672 2335 Vide
1693 2307 1765 2338 Hier

970 2357 1121 2384 ronymum
1143 2346 1255 2377 fabru‘m
1267 2348 1362 2382 inSac.
1380 2348 1521 2377 memoriis
1539 2345 1767 2383 Ravennatibu„

1668 2396 1726 2427 9²¹2
