1866 2526
132 59 211 98 402
461 45 498 86 L
529 43 570 87 A

115 103 148 132 in
157 103 224 133 ludo
235 123 242 136 ,
254 112 342 141 neque
351 112 398 141 per
406 101 514 132 lanistas
526 125 534 136 ,
553 101 640 131 sedin
651 101 776 131 domibus
787 111 835 140 per
844 99 917 140 equ'r⁴

113 153 151 173 tes
163 154 287 173 romanos
299 165 307 176 ,
317 155 346 172 ac
359 142 442 171 etiam
452 153 500 182 pct-
510 145 653 173 Senatores
661 153 796 172 armorum
806 142 918 182 peritos·

113 185 262 214 erudiebat.
272 186 283 215 ]
298 189 332 213 Et
341 185 574 223 Jul.Capitolinus
584 185 614 213 in
625 186 719 212 Marco
729 183 836 212 Philos.
851 185 912 220 Imp

113 225 147 255 de
158 229 213 262 ejus
225 226 284 254 filio
295 226 456 254 Commodo
465 225 567 264 inquit:
582 226 657 260 [His
667 225 785 253 moribus
795 224 916 262 fuit,qui-

112 266 159 295 bus
168 267 258 296 nullus
267 266 363 294 lanista
376 287 383 298 ‚
394 267 484 294 nullus
494 266 614 294 scenicus
623 288 630 298 ‚
645 265 732 293 nullus
742 264 897 293 harenarius
906 286 913 296 ,

112 308 204 337 nullus
214 307 353 346 postremo
362 317 396 335 ex
406 307 530 335 omnium
541 307 706 335 dedecorum
717 327 724 338 ,
747 316 775 334 ac
785 304 913 333 scelerum

112 349 275 377 colluvione
286 356 428 376 concretus
438 368 444 375 .
456 350 467 379 ]
492 348 602 376 Tertius
611 346 730 384 deniqne
743 346 827 384 Lipsii
838 356 915 375 error

115 388 166 418 fuit
178 410 186 422 ,
205 389 270 417 dum
290 388 501 423 ibidentiniustc
518 387 561 415 his
576 387 663 415 verbis
674 387 856 415 Prudentium
875 397 915 415 re-

117 429 266 469 prehendit
275 451 283 462 ,
295 439 407 467 nempe:
434 431 509 463 [Pro
519 427 582 466 ipsis
592 426 784 466 gladiatoribus
795 429 916 457 Prudenv

115 471 168 499 tius
177 470 287 508 usurpat
299 479 391 508 parum
404 470 515 507 proprie
525 491 532 502 ,
545 470 600 496 imo
613 469 772 506 improprie.
784 472 796 500 ]
811 472 849 498 At
858 468 917 507 quis

115 523 174 540 non
185 511 302 549 stuperet
313 511 346 538 de
358 509 407 537 hac
419 519 524 538 incauta
535 510 659 547 Lipfiana
668 509 804 538 calumnia
822 519 918 539 contra

116 562 171 580 tam
181 552 379 580 benemeritum
390 550 513 579 Ecclefiae
526 560 616 579 virum
628 562 634 580 ;
652 553 724 587 cujus
745 551 856 585 hymnis
870 550 917 578 illa

114 589 251 621 inoffenso
265 593 332 630 pede
352 591 382 618 in
395 590 543 629 psalmodia
555 590 599 619 usa
609 591 666 620 est?
685 592 821 626 Qiinimo
831 591 858 621 se
871 592 909 628 ip-

114 633 173 662 sum
185 634 263 661 laedit
276 654 282 664 ,
294 637 321 660 §t
330 632 496 660 contradicit
506 632 630 670 Lipsms÷
650 642 713 660 nam
725 633 743 660 fi
754 643 831 660 antea
842 633 919 669 largo

115 674 201 703 modo
211 673 335 702 lanistam
344 673 526 712 gladiatorem
538 672 690 711 iignificarc
700 672 919 710 assbruerarmua·

115 726 144 744 re
156 726 224 754 ergo
235 714 414 743 Prudentium
425 714 576 752 improprie
588 713 711 741 lanistam
721 724 772 752 pro
783 713 915 752 gladiato-

117 766 145 784 re
155 754 289 794 usurpasse
298 755 423 795 increpat
435 759 443 784 ?
456 755 508 784 Sed
519 754 659 783 videamus
671 776 678 786 ,
689 765 780 782 utrum
792 755 863 782 reste
877 764 921 785 ,an

115 797 184 826 male
194 795 357 826 Prudentius
368 794 651 833 hanc'usurpationein
663 794 837 824 adhibuisset.
848 797 921 824 Prae-

116 836 209 866 buerdr
222 860 228 870 ‚
240 838 360 875 inquam,
371 837 495 865 libellum
505 837 671 875 Imperatori
683 836 861 871 Symmachus
870 838 921 864 Pa-

115 889 251 918 ganorum
262 877 390 906 defensor
407 888 501 906 contra
510 876 685 907 Christianos
697 899 704 910 ‚
723 877 752 905 in
771 888 826 915 quo
848 877 921 904 inter

115 920 166 948 :ilia
185 919 243 948 haec
264 920 490 957 porrigebantur:
514 925 525 954 [
538 919 649 954 Quanto
666 918 812 947 commodo
832 917 921 946 aerarii

116 961 200 990 vestri
211 960 363 989 Vestalium
377 960 527 999 Virginum
537 960 722 998 praerogativa
731 959 851 988 detrasta
860 957 896 986 est
911 961 920 987 ?

115 1001 169 1031 Sub
178 1000 334 1039 lai-gissinus
346 1001 559 1039 Imperatoribus
571 1000 723 1039 denegatur
733 1022 740 1033 ,
766 1000 840 1038 quod
861 1009 921 1037 par-

116 1041 214 1071 ciffimi
224 1041 410 1080 praestiterunt
422 1062 428 1070 .
440 1043 542 1070 Honor
552 1040 624 1070 solus
635 1041 672 1070 est
684 1042 715 1069 in
724 1041 776 1069 illo
786 1041 863 1069 velut
876 1040 920 1068 sti-

116 1082 220 1122 pendio
230 1082 358 1112 castitatis
367 1104 376 1116 ‚
395 1092 425 1111 ut
435 1082 500 1112 vitae
512 1082 593 1120 capiti
605 1082 684 1110 decus
698 1082 798 1110 faciunt
809 1104 816 1115 ‚
830 1082 868 1109 ita
878 1081 920 1108 in-

115 1125 192 1163 figite
209 1123 316 1152 ducitur
326 1122 474 1152 sacerdotii
487 1133 582 1152 vacare
601 1123 756 1152 muneribus
767 1127 818 1152 &c.
833 1125 844 1154 ]
865 1122 920 1150 Cui

116 1176 175 1194 non
186 1166 274 1193 minus
284 1165 435 1203 eleganter,
448 1174 528 1203 quam
542 1163 656 1194 nervose
669 1163 845 1201 responderat
855 1164 921 1191 Pru-

116 1206 224 1234 dentius
236 1206 282 1233 lib.
295 1217 320 1234 ι.
332 1216 427 1234 contra
439 1204 632 1240 Symmachum
642 1204 707 1233 sect.
729 1210 752 1233 8.
773 1215 801 1232 ac
813 1203 921 1242 prxcise

116 1246 197 1286 super
207 1245 260 1274 hoc
274 1246 425 1275 Vestalium
434 1246 657 1285 caput.Ostendit
670 1246 758 1284 primo
770 1243 921 1274 virtuosam

119 1287 250 1326 appellari
269 1287 419 1316 castitatem
430 1309 438 1320 ,
459 1298 518 1326 quae
540 1287 569 1314 in
581 1285 745 1315 Christianis
763 1286 923 1325 Virginibus

119 1329 182 1357 Deo
193 1328 289 1356 dicatis
300 1328 443 1366 reperitur,
454 1328 583 1367 inqiuens
594 1327 681 1356 Versu
696 1339 704 1355 1
712 1334 760 1362 46.

159 1371 227 1398 Sunt
237 1391 244 1401 ‚
257 1373 283 1397 δε
296 1369 460 1408 Virginibus
471 1368 654 1408 pulcherrima
663 1369 775 1406 praemia
784 1366 883 1396 nostris
895 1388 902 1399 ,

160 1414 196 1439 Et
208 1410 296 1448 pudor
305 1432 312 1442 ‚
322 1414 349 1438 ὃ(
360 1408 453 1439 sancto
464 1411 548 1438 cestus
559 1410 697 1438 velamine
707 1410 797 1438 vultus
808 1430 816 1441 ,

159 1455 194 1480 Et
204 1452 324 1489 privatus
335 1450 426 1479 honos
439 1473 446 1484 ‚
458 1461 505 1479 nec
518 1461 583 1479 nota
594 1472 602 1483 ,
614 1454 640 1478 ἃ
652 1451 759 1489 publica
769 1450 855 1478 forma
868 1470 875 1481 ,

161 1495 196 1520 Et
208 1502 273 1520 rarae
284 1513 292 1524 ‚
303 1492 451 1530 tenuesque
462 1493 549 1530 epulae
562 1514 569 1525 ,
579 1496 692 1520 &mens
703 1491 791 1520 sobria
800 1490 924 1529 semper,

161 1534 272 1571 Lexque
282 1533 422 1570 pudicitiae
434 1533 500 1562 vitae
511 1543 572 1560 cum
581 1532 635 1561 fine
645 1533 749 1571 peracta
758 1552 766 1559 .

119 1576 161 1603 Ac
174 1574 276 1603 deinde
285 1574 515 1613 contraponendo
526 1573 677 1601 Vestalium
688 1573 863 1606 vitia,earum
876 1581 925 1609 op-

122 1615 231 1653 probria
241 1615 418 1644 demonstrat.
431 1614 518 1643 Mitto
528 1614 631 1652 reliqua
641 1636 647 1646 ‚
658 1613 704 1642 sed
715 1623 822 1642 tanturn
835 1614 925 1642 locum

115 1656 193 1685 ‚male
202 1656 356 1685 criticaturn
368 1667 382 1684 a
394 1655 487 1694 Lipsio
497 1655 610 1684 referam
619 1676 627 1688 ‚
639 1655 684 1683 ubi
696 1655 859 1683 Prudentius
870 1656 926 1682 Ve-

120 1696 229 1726 stalium
248 1697 448 1726 immodestiam
470 1697 499 1725 in
517 1695 686 1735 gladiatoriis
705 1695 861 1734 spe&aciilis
880 1695 928 1722 de-

122 1738 218 1766 scribit
228 1760 235 1771 ,
249 1738 282 1766 fic
293 1738 438 1776 inquiens:

163 1780 275 1808 Pilento
290 1779 407 1808 residens
421 1778 500 1806 molli
513 1800 520 1810 ‚
530 1777 611 1816 seque
621 1789 669 1806 ore
679 1777 782 1805 retefto

162 1821 286 1858 Imputat
295 1819 416 1849 attonite
428 1820 509 1858 virgo
519 1818 671 1856 spectabilis
679 1818 770 1851 Urbi,

164 1862 236 1889 Inde
247 1861 281 1889 ad
291 1860 438 1890 consessiiiii
450 1870 540 1888 caveae
555 1882 559 1887 .
571 1861 660 1898 pudor
669 1860 754 1888 almus
765 1881 773 1891 ‚
795 1862 824 1887 δ(
834 1867 929 1896 expers

163 1902 308 1940 Sanguinis
321 1902 341 1930 it
352 1902 436 1940 pietas
446 1924 453 1935 ,
466 1900 610 1929 hominum
621 1900 711 1929 visura
721 1909 847 1927 cruentos

164 1942 330 1982 Congressiis
342 1965 349 1976 ,
364 1942 518 1981 mortesque
530 1965 536 1975 ,
548 1946 575 1971 ὃς
589 1942 702 1971 vulnera
714 1940 827 1969 vendita
836 1939 910 1978 pastu

164 1985 319 2021 Spectatura
328 1983 408 2012 sacris
420 1984 506 2012 oculis
517 1995 525 2014 ‚-
537 1983 585 2012 sed
595 1983 680 2012 &illa
690 1981 820 2011 verendis
831 2003 838 2014 ‚

165 2025 304 2054 Vittarum
315 2026 427 2064 insignis
441 2024 570 2062 phaleris,
582 2024 735 2061 fruiturque
746 2021 850 2050 lanistis

166 2066 197 2093 O
217 2076 344 2094 tenerum
355 2088 362 2099 ,
390 2067 542 2104 mitemque
567 2065 689 2093 animum
701 2073 706 2092 ¹.
736 2061 879 2101 consurgit
898 2061 932 2090 ad

206 2107 272 2135 it‘tus
283 2129 291 2140 ‚

168 2151 203 2176 Et
213 2148 320 2185 quoties
333 2148 421 2176 vic-“tor
431 2147 532 2176 ferrum
543 2147 640 2185 jugulo
648 2144 747 2174 inserit
757 2166 766 2178 ‚
777 2144 825 2173 illa

165 2188 285 2216 Delicias
296 2189 333 2216 ait
343 2188 394 2217 elle
405 2188 462 2216 suas
473 2193 526 2217 δα.

126 2228 211 2258 Vides
220 2231 276 2264 jain
286 2230 393 2261 Lestor,
405 2239 485 2267 quain
496 2228 640 2257 immerito
650 2228 684 2257 fit
693 2224 874 2255 calumniosus
886 2224 932 2252 li-

973 99 1062 130 dentii
1073 99 1104 130 in
1125 100 1224 130 eodem
1231 100 1314 130 sensu
1330 99 1537 138 usurpationem
1560 109 1652 138 parum
1662 96 1772 138 proprie

974 141 1030 170 imo
1043 141 1195 180 improprie
1206 141 1242 171 ibi
1253 142 1404 181 appositam
1413 140 1487 170 fuisse
1497 141 1534 169 ait
1548 145 1556 170 ἒ
1566 141 1680 169 Dicitur
1689 140 1771 169 etiam

972 183 1086 218 Lantsta
1104 182 1263 211 Gentilium
1281 182 1409 212 Sacerdos
1419 203 1427 216 ,
1448 182 1496 222 qui
1507 181 1633 210 animalia
1651 181 1749 209 mactat
1761 201 1768 211 ,

972 223 1006 251 de
1016 233 1071 260 quo
1080 223 1153 252 idem
1162 223 1325 252 Prudentius
1335 223 1381 252 lib.
1396 234 1405 251 1
1412 244 1429 252 ,⁴
1442 231 1538 251 contra
1550 221 1716 259 Symachum
1724 230 1769 249 cc-

971 272 1042 292 cinit
1053 275 1059 292 :

1010 305 1038 333 C
1040 305 1134 333 redere
1171 304 1289 333 monstra.
1319 305 1394 333 Deos
1411 325 1421 337 ,
1452 314 1520 343 quos
1549 301 1774 343 sanguinolentus

1052 345 1153 374 edendi
1164 366 1170 373 .
1401 373 1404 377 ,

1015 388 1075 414 Mos
1083 390 1163 423 juvat
1175 408 1183 420 ‚
1194 395 1223 415 ut
1233 386 1344 426 pinguis
1359 387 1420 414 luco
1430 385 1546 414 lanietur
1555 386 1586 415 in
1595 387 1651 415 alto

1016 427 1135 455 Vic‘tima
1147 449 1155 460 ‚
1167 426 1312 456 visceribus
1322 427 1406 455 mulcti
1416 427 1488 455 inter
1500 426 1563 455 vina
1574 424 1704 457 vorandis
1715 444 1723 452 .

974 471 1009 496 Et
1020 468 1162 496 Ennodius
1178 468 1305 497 Ticinen.
1317 467 1444 506 Episcop.
1455 466 1578 496 dictione
1590 480 1616 496 ε..
1637 477 1687 505 pro
1697 465 1775 494 dedi-

973 509 1082 536 catione
1102 509 1223 537 Bafilicae
1237 508 1436 547 Apostolorum
1447 530 1456 542 ‚
1478 507 1522 536 ubi
1544 509 1677 546 templum
1689 506 1774 535 fuerat

976 549 1119 577 Idolorum
1130 571 1137 581 ,
1162 549 1272 588 inquit:
1297 550 1375 585 [Hic
1394 559 1460 578 ante
1485 547 1619 577 fallacibus
1647 548 1774 578 dedicata

975 590 1118 628 praestigiis
1128 611 1135 622 ‚
1158 594 1185 619 ὅ(
1196 591 1269 628 turpi
1281 590 1415 629 pecudum
1435 598 1532 618 cruore
1552 588 1656 627 perfusa
1671 597 1775 618 veteres

975 631 1114 659 simulacra
1133 631 1281 660 coluerunt
1292 635 1344 660 &c-
1356 631 1411 659 Hic
1433 634 1579 664 juvencum
1590 640 1652 658 exta
1663 629 1776 659 semivi-

977 672 1018 699 vis
1033 671 1198 709 palpitantia
1209 672 1327 701 motibus
1344 671 1444 700 misero
1455 670 1611 710 inquisitori
1627 670 1722 699 [Μαι-ε’
1734 679 1777 696 ce-

974 713 1101 740 cinerunt
1114 733 1121 739 .
1145 713 1219 741 Hinc
1231 713 1319 741 fumus
1337 712 1455 741 sordidis
1464 721 1553 740 aerem
1572 710 1661 750 ipsum
1674 709 1776 749 polluit

973 751 1075 791 sparsus
1086 754 1235 791 per-'inulta
1246 752 1383 791 contagiis
1395 773 1401 781 .
1427 752 1469 782 Ad
1484 753 1579 780 ultima
1591 752 1655 780 hinc
1666 752 1778 780 maetam

977 804 1023 832 per
1034 794 1141 822 lanistas
1158 793 1309 823 hostiarum
1331 793 1483 822 multitudo
1505 793 1635 832 quicquid
1654 790 1730 822 Deus
1740 790 1777 818 est

977 833 1109 873 effugavit
1122 857 1129 867 ‚
1142 834 1206 862 dum
1217 835 1284 863 farra
1295 856 1302 867 ‚
1312 834 1419 873 sanguis
1432 855 1439 866 ,
1457 833 1535 862 thura
1547 855 1555 866 ,
1566 833 1679 862 veruina
1690 832 1778 861 Idolis

977 874 1145 903 exhibentur
1154 877 1182 906 .]
1203 876 1346 913 Accipitur
1356 876 1422 903 item
1434 884 1484 911 pro
1496 875 1677 903 Hebraeorurn
1689 875 1777 902 Sacer<

976 917 1041 944 dote
1052 938 1059 949 ‚
1080 916 1108 944 in
1118 927 1172 954 quo
1183 915 1260 944 sensu
1269 918 1366 945 Petrus
1374 914 1494 946 Blesens.
1506 914 1585 944 serm.
1597 921 1645 950 46.
1668 914 1774 952 inquit:

978 963 989 992 [
1003 957 1045 985 Est
1057 967 1125 995 ergo
1147 968 1208 985 caro
1220 955 1328 985 Christi
1351 955 1519 985 thuribulum
1530 965 1640 984 aureum
1652 977 1660 988 ‚
1684 955 1714 982 in
1725 965 1778 992 quo

975 1008 1070 1026 omnes
1084 997 1200 1026 thesauri
1209 997 1352 1036 sapientiae
1364 1018 1372 1030 ,
1393 1001 1420 1026 ὅ(
1429 996 1552 1024 scientiae
1563 996 1625 1024 sunt
1635 994 1779 1024 abscondi-

977 1039 997 1067 ti
1011 1059 1018 1066 .
1031 1040 1100 1067 Haec
1111 1039 1148 1067 est
1161 1049 1228 1066 urna
1239 1048 1317 1067 aurea
1328 1048 1428 1066 manna
1438 1036 1518 1075 plena
1528 1059 1536 1070 ,
1558 1046 1617 1075 quae
1629 1037 1694 1064 dum
1706 1045 1779 1074 pete-

978 1088 1071 1113 retur,
1091 1089 1147 1107 erat
1161 1079 1319 1108 inmanibus
1330 1079 1488 1107 lanistarum
1502 1098 1508 1105 .
1521 1081 1532 1110 ]
1554 1077 1665 1106 Alludit
1675 1077 1709 1106 ad
1722 1078 1779 1105 He-

977 1121 1112 1149 braeorum
1123 1121 1282 1149 Sacerdotes
1293 1142 1300 1153 ‚
1311 1120 1345 1148 de
1355 1120 1449 1158 quibus
1460 1119 1609 1156 Apostolus
1620 1118 1658 1145 ait
1670 1140 1676 1150 ,
1693 1118 1721 1146 in
1737 1128 1778 1154 ep.

978 1162 1010 1190 ad
1020 1161 1105 1189 Hebr.
1117 1172 1173 1199 cap.
1185 1173 1212 1197 9.
1224 1164 1235 1193 ]
1249 1161 1311 1190 Post
1323 1161 1507 1189 velamentum
1520 1169 1609 1187 autem
1619 1158 1778 1191 secundum,

978 1203 1196 1234 tabernaculum,
1215 1203 1290 1240 quod
1299 1202 1400 1230 dicitur
1421 1202 1515 1230 Saucia
1534 1200 1692 1229 Sanctorum
1705 1221 1712 1232 ‚
1735 1210 1781 1227 au-

978 1253 1053 1272 reum
1062 1243 1161 1272 habens
1171 1242 1352 1276 thuribulum,
1365 1247 1393 1271 ὅ(
1401 1252 1486 1271 arcam
1497 1241 1651 1270 testamenti
1663 1241 1779 1269 circum-

980 1284 1077 1312 teftam
1087 1294 1120 1311 ex
1133 1284 1209 1312 omni
1221 1293 1295 1322 parte
1306 1294 1371 1312 auro
1381 1305 1389 1316 ,
1413 1283 1441 1311 in
1454 1294 1504 1320 qua
1515 1293 1581 1310 urna
1593 1291 1669 1310 aurea
1682 1281 1780 1309 liabens

979 1335 1078 1352 manua
1089 1328 1140 1352 ἃς.
1154 1324 1206 1351 His
1217 1334 1282 1352 vero
1293 1324 1329 1351 ita
1338 1323 1496 1360 compositis
1509 1335 1515 1349 ;
1527 1323 1556 1350 in
1568 1322 1655 1360 priori
1667 1321 1779 1359 quidem

979 1365 1150 1393 tabernaculo
1161 1363 1266 1401 semper
1277 1364 1431 1393 introibant
1441 1363 1596 1391 Sacerdotes
1607 1383 1614 1394 ,
1636 1361 1781 1390 sacrificio-

980 1416 1039 1434 rum
1050 1405 1141 1434 officia
1159 1405 1376 1433 consummantes
1385 1406 1460 1434 &c.]
1482 1404 1515 1432 sic
1528 1414 1575 1441 per
1595 1402 1719 1431 lanistam
1733 1404 1779 1430 Si-

979 1447 1120 1475 cerdotem
1138 1445 1277 1474 hebreum
1290 1447 1373 1474 etiam
1390 1445 1536 1473 Ennod‘rns
1556 1444 1683 1482 praefatus
1696 1444 1725 1470 in
1735 1444 1780 1471 be-

980 1487 1140 1515 nedic‘tione
1152 1499 1178 1515 ι.
1189 1487 1260 1515 cerei
1273 1487 1415 1514 intellexit
1426 1507 1433 1518 ,
1445 1486 1590 1523 inquiens:
1616 1485 1675 1519 [In
1689 1484 1782 1512 virtu-

981 1537 1008 1555 te
1018 1538 1138 1556 tenemus
1147 1527 1282 1567 quidquid
1292 1528 1411 1556 colorata
1421 1527 1488 1565 legis
1500 1526 1592 1556 umbra
1603 1523 1764 1563 promiserat
1776 1544 1783 1550 .

981 1572 1097 1608 Tempus
1107 1568 1144 1597 est
1156 1590 1162 1601 ,
1173 1579 1228 1607 quo
1239 1579 1352 1607 corpora
1363 1568 1454 1596 nostra
1464 1589 1471 1600 ,
1495 1567 1539 1594 vel
1551 1567 1647 1594 aiiimae
1662 1565 1783 1594 Redem-

982 1611 1058 1649 ptori
1068 1609 1177 1639 Christi
1198 1609 1295 1639 feriato
1304 1619 1436 1638 mucrone
1446 1609 1629 1637 dedicentur,
1650 1616 1705 1644 qno
1716 1605 1784 1633 salus

983 1661 1030 1689 per
1049 1651 1162 1679 vulnera
1176 1661 1233 1679 non
1253 1659 1407 1689 quaeratur,
1429 1660 1485 1687 quo
1496 1648 1647 1678 Sacerdotis
1670 1647 1783 1674 dextera

982 1691 1087 1720 lanistx
1098 1701 1165 1729 opus
1175 1692 1277 1728 abjuret
1287 1712 1293 1718 .
1306 1695 1317 1724 ]
1331 1695 1365 1720 Et
1374 1691 1473 1719 clarius
1486 1690 1514 1717 in
1524 1688 1715 1717 benedictione
1727 1688 1784 1724 pri-

982 1743 1024 1761 ma
1032 1732 1132 1761 Cerei:
1156 1733 1277 1766 [Procul
1289 1732 1354 1760 hinc
1366 1731 1463 1765 abjerit
1473 1729 1567 1758 lanista
1576 1728 1706 1767 Judaicus
1718 1749 1726 1759 ,
1738 1726 1787 1765 qui

985 1785 1032 1812 per
1041 1772 1180 1801 cicatrices
1198 1774 1344 1812 inguinum
1356 1773 1460 1801 animas
1472 1771 1518 1799 fibi
1538 1770 1679 1808 acquisitas
1691 1777 1733 1796 tot
1745 1767 1788 1795 so-

984 1816 1024 1843 let
1034 1824 1176 1842 numerare
1186 1836 1193 1846 ,
1214 1824 1281 1852 quot
1295 1814 1420 1842 vulnerat
1431 1834 1438 1841 .
1461 1811 1568 1840 Christi
1580 1810 1666 1839 nostri
1677 1810 1785 1837 libami-

985 1866 1019 1884 na
1030 1855 1146 1883 infucata
1158 1854 1330 1893 simplicitate
1343 1855 1518 1892 complentur
1528 1872 1534 1879 .
1557 1851 1667 1890 Peragit
1678 1849 1787 1878 dedica-

983 1897 1092 1925 tionem
1104 1896 1225 1933 corporis
1237 1896 1324 1924 nostri
1335 1897 1413 1924 Crux
1427 1917 1433 1927 ,
1453 1893 1526 1922 unde
1537 1891 1669 1921 confeffio
1681 1912 1687 1918 .
1701 1893 1713 1921 ]
1738 1892 1788 1918 In-

986 1937 1137 1975 scriptione
1148 1936 1232 1975 igitur
1242 1938 1272 1965 ab
1286 1938 1405 1965 Auctore
1415 1937 1444 1963 in
1455 1945 1491 1962 m.
1505 1934 1538 1962 ss.
1551 1942 1664 1971 repertx
1676 1953 1683 1963 ,
1707 1935 1733 1960 δε
1744 1930 1787 1958 su-

986 1989 1032 2017 pra
1042 1978 1163 2006 adduftae
1178 1999 1185 2010 ,
1208 1988 1307 2015 nempe
1320 2000 1328 2011 ‚
1349 1977 1476 2006 Sacerdos
1488 1976 1591 2011 lanista
1612 1972 1786 2002 nullomodo

985 2020 1020 2048 de
1031 2019 1176 2047 Sacerdote
1188 2017 1352 2047 Christiano
1363 2041 1371 2050 ‚
1383 2017 1430 2046 sed
1442 2017 1476 2045 de
1490 2015 1599 2044 hebraeo
1611 2036 1617 2046 ,
1632 2013 1675 2041 vel
1686 2013 1790 2051 gentili

988 2059 1180 2099 intelligendae
1192 2058 1254 2087 sunt
1265 2080 1271 2086 .
1295 2061 1437 2088 Caeterum
1448 2058 1509 2085 alias
1523 2054 1718 2093 inscriptiones
1736 2053 1790 2080 mi-

986 2101 1016 2129 hi
1029 2111 1086 2128 iton
1096 2101 1216 2138 contigit
1230 2100 1363 2129 invenire
1373 2121 1381 2131 ,
1404 2098 1452 2127 nili
1463 2098 1526 2126 duas
1536 2097 1606 2134 apud
1617 2098 1769 2124 Gruterum
1781 2114 1790 2126 ‚

990 2142 1123 2170 videlicet
1136 2147 1147 2176 [
1161 2143 1189 2168 P.
1200 2141 1336 2169 Poetillus
1358 2143 1387 2169 P.
1401 2142 1431 2168 L.
1444 2140 1526 2173 Syrus
1537 2137 1652 2166 lanista]
1667 2145 1728 2173 Pag.
1744 2144 1790 2177 33.

988 2193 1063 2211 num.
1078 2193 1100 2210 1.
1113 2186 1141 2210 δ(
1163 2187 1174 2216 [
1188 2183 1243 2210 Cn.
1256 2182 1371 2210 Μαρτίας
1380 2179 1469 2208 Foelix
1481 2178 1576 2207 lanista
1598 2175 1714 2215 August.
1726 2173 1789 2202 ibid.

988 2234 1062 2252 num.
1076 2235 1101 2251 2.
1113 2225 1124 2254 ]
1138 2223 1211 2251 Vide
1222 2223 1390 2250 Cn'oboltum
1404 2243 1411 2250 .

124 2271 197 2310 psius
209 2270 237 2298 in
246 2269 430 2298 Prudentinni
441 2292 447 2302 ‚
470 2270 504 2299 de
516 2281 571 2308 quo
584 2270 621 2297 ait
634 2270 682 2297 ille
692 2267 846 2306 improprie
857 2264 932 2293 usum
948 2266 1053 2292 LANNA
1066 2283 1074 2289 -
1084 2265 1140 2292 Pit.
1153 2273 1254 2291 nomen
1267 2272 1426 2301 corruptum
1437 2261 1467 2289 in
1478 2259 1534 2289 vita
1547 2261 1571 2288 S.
1584 2257 1676 2286 Gilda:
1690 2276 1696 2287 ι
1706 2263 1791 2281 (01¹³-

127 2310 203 2340 fuifl'c
215 2310 267 2338 hoc
281 2311 412 2339 vocabulo
421 2313 534 2347 Lanista
549 2311 578 2338 in
587 2309 666 2338 sensu
679 2308 838 2348 gladiatoris
849 2317 855 2337 5
876 2315 901 2334 at
915 2305 931 2333 li

128 2353 162 2381 de
172 2351 331 2390 spectaculis
343 2351 434 2379 sermo
446 2354 500 2387 ejus
511 2360 567 2379 erat
578 2373 586 2383 ‚
601 2355 629 2379 δε
639 2350 804 2389 gladiatores
816 2346 932 2377 Lanistae

126 2403 175 2431 per
186 2405 198 2422 e
211 2393 303 2422 indcm
315 2395 327 2422 1
339 2393 435 2431 ipsium
448 2392 629 2431 appellantur,
643 2401 726 2430 quare
736 2388 858 2429 e1usdem
867 2390 934 2418 Pru-

988 2306 1017 2343 gi
1028 2305 1105 2333 debet
1116 2305 1212 2332 Lamia
1224 2327 1231 2337 ,
1243 2304 1311 2333 idest
1324 2326 1332 2336 ,
1344 2301 1516 2331 territorium
1528 2322 1535 2333 ,
1557 2311 1569 2328 a
1581 2296 1711 2342 Saxonica
1721 2303 1790 2322 vote

988 2346 1068 2374 Land
1078 2346 1109 2373 in
1118 2345 1216 2373 eodem
1226 2345 1395 2384 fignificatu5
1407 2343 1479 2371 unde
1488 2341 1682 2376 Landgravms
1695 2355 1703 2367 ›
1714 2343 1791 2362 flem-

989 2397 1022 2425 pe
1044 2396 1122 2415 terrae
1133 2395 1223 2415 comes
1235 2406 1241 2414 .
1267 2386 1357 2421 [Quae
1369 2383 1455 2413 insula
1475 2379 1557 2419 usque
1573 2379 1604 2407 in
1622 2375 1790 2445 hodgernutn

1696 2424 1749 2443 iem
