1866 2526
182 42 259 94 356
466 39 505 81 G
536 37 579 79 U

135 94 268 125 inseritur
277 117 284 128 ,
295 95 447 134 significare
458 97 568 125 videtui·
578 116 585 123 .
607 97 703 134 Itaque
714 95 742 123 in
754 94 812 124 vita
832 95 857 123 S.
867 95 933 123 Val-

134 137 226 176 burgis
237 137 318 174 Virg.
330 137 365 165 sic
375 135 505 165 habetur:
521 143 532 171 [
543 139 608 165 Eam
617 135 687 164 forte
697 135 849 174 despiciens
864 144 935 163 zetas

135 176 285 213 hyemales,
295 180 323 205 &
332 177 458 215 operosas
468 176 845 215 ingrediens‚gurceboldum‚
854 185 935 213 quem

132 218 207 255 prius
218 218 251 246 ad
262 219 412 246 texendum
420 216 633 249 erexerat‚flexis
643 217 768 255 digitulis
779 226 872 244 texere
880 225 934 243 coe-

133 258 177 296 pit
188 279 196 290 ,
215 258 259 286 ubi
270 267 330 286 cum
339 259 437 286 duabus
449 258 550 286 vicibus
561 268 592 285 ex
602 258 723 295 glomice
731 278 739 289 ,
758 257 814 286 five
831 264 916 284 trama
926 277 934 288 ,

133 308 214 336 quam
224 308 304 326 manu
314 299 433 331 tenebat,
444 298 473 325 in
482 298 538 325 telm
547 297 592 325 fila
600 297 802 335 transponeret,
811 300 864 324 ἃς.
877 298 933 325 PR.

131 338 166 366 de
177 348 231 376 quo
240 338 346 366 fortass'e
358 339 541 366 instrumento
551 357 558 364 .
580 337 682 375 Virgil.
694 344 720 366 6.
732 336 853 367 AEneid.

174 377 279 406 Excuffi
291 379 411 406 manibus
421 379 491 406 radii
505 399 514 410 ,
524 378 701 414 revolutaque
712 376 791 415 pensa
803 397 809 404 .

90 419 289 447 Guxuomcus
302 439 309 445 .
329 420 385 448 PR.
395 420 489 447 stultus
500 440 506 450 ,
516 419 625 455 ineptiis
637 437 644 444 .
666 424 678 452 [
690 418 817 447 Audieris
828 427 872 445 me
893 426 933 444 tci-

130 468 196 486 nien
206 469 234 486 ut
243 459 426 496 gurdonicum
437 457 595 486 hominem.
607 458 703 497 Sulpit.
714 459 826 496 dialogo
840 469 862 485 i.
874 467 931 494 cap.

132 510 178 527 20.
191 501 202 530 ]
227 499 306 527 Idem
315 499 353 527 est
363 510 393 527 ac
404 500 514 527 Gurdus
526 520 532 531 ,
554 499 588 526 de
608 508 663 536 quo
674 492 805 527 vocabulo
817 498 932 535 Quinti-

129 539 218 566 lianus
228 539 281 567 ait:
295 540 424 574 [Gurdos
435 561 442 571 ,
455 550 522 577 quos
534 549 583 576 pro
594 539 699 567 stolidis
709 536 812 578 acce‘pit
823 539 929 577 vulgus,

128 589 163 606 ex
174 578 307 616 Hispania
320 579 427 607 traxisse
437 589 575 618 originem
585 580 678 608 audivi
689 602 696 613 ‚
708 580 753 607 lib.
766 591 792 612 7-
805 590 862 616 cap.
875 591 901 615 9.
915 581 926 610 ]

128 619 182 646 Sed
201 620 233 646 ad
244 618 409 657 Hispaniam
430 630 463 648 ex
475 619 567 648 Africa
587 619 766 648 transmifliini
784 619 859 648 suiffe
875 619 928 647 hoc

131 659 309 691 vocabulum,
329 671 362 687 ex
372 660 483 688 Liberio
506 660 616 688 testatur
627 661 735 689 Gellius
756 661 801 688 lib.
817 667 859 688 i(›.
870 670 892 687 c.
903 671 928 692 7.

129 698 164 726 sic
175 700 311 727 affirmans
322 712 327 727 :
350 702 381 729 Se
392 700 509 738 gurdum
529 711 562 728 ex
574 701 666 729 Africa
677 702 838 729 venientem
857 711 928 728 acce-

127 738 193 776 pifle
206 742 236 771 .]
251 740 346 776 Hodie
356 750 446 769 tamen
456 744 601 770 Hominem
609 743 723 780 gordum
735 764 743 775 ‚
764 741 831 770 idest
842 762 850 773 ‚
869 750 918 779 pin

126 789 208 817 guem
216 780 380 819 intelligunt
392 781 530 819 Hispani.

85 820 209 848 Guneus
221 840 228 848 .
252 821 324 850 Vide
334 823 505 850 Gurdonz'cus
517 843 524 850 .

86 861 203 889 Guiipio
216 883 224 894 ‚
237 861 364 899 relinquo
376 884 383 895 ‚
395 863 488 891 relaxo
499 883 505 890 .
525 863 698 898 [Galerenus
709 863 780 902 saepe
793 862 879 891 mittit
897 862 930 891 ad

127 911 171 929 me
183 901 323 930 licentiam
334 903 449 931 ineundi
459 904 589 932 connubii
601 914 696 943 petens
708 926 714 936 ,
737 905 812 932 illam
829 903 856 932 sc
867 914 930 942 gur-

127 940 194 979 pisse
203 964 210 974 ,
231 942 358 980 suamque
369 944 509 981 pecuniam
519 945 644 983 recepisse
657 967 664 977 ‚
685 946 750 973 licet
760 955 826 973 vere
839 954 929 982 prore-

126 982 197 1010 stans
211 1002 218 1009 .
240 984 357 1011 Fulbert.
375 986 529 1012 Gai-nosen.
547 986 624 1023 epist.
638 996 682 1019 51.
695 988 708 1017 ]
730 989 763 1013 Et
781 986 875 1013 clarius
896 996 928 1012 ex

126 1022 266 1051 Ademaro
278 1023 307 1050 in
319 1023 374 1052 vita
384 1025 479 1053 Caroli
492 1026 597 1063 Magni,
607 1027 651 1054 ubi
663 1026 700 1053 siit
711 1037 717 1053 :
733 1032 745 1060 [
756 1026 852 1064 Ibique
862 1026 931 1054 mul-

133 1062 224 1091 titudo
234 1064 371 1092 Saxonum
380 1065 514 1102 baptizata
526 1066 563 1093 cst
575 1088 582 1099 ,
602 1070 629 1095 ὃ(
648 1065 795 1094 secundum
807 1076 911 1094 moreni
923 1088 928 1098 ‚

125 1113 237 1131 omnem
257 1104 458 1142 ingenuitatem
479 1106 588 1135 illorum
600 1128 606 1139 ‚
636 1111 663 1135 ὃς
681 1107 802 1135 allodem
819 1107 928 1145 gurpic-

129 1153 193 1171 runt
204 1164 210 1170 .
222 1147 234 1174 ]
248 1144 306 1172 Alii
317 1155 409 1173 tamen
420 1147 571 1184 Scriptores
584 1154 692 1185 Vverpm
700 1148 730 1175 in
741 1148 837 1176 eodem
849 1149 929 1186 signi-

127 1183 208 1211 ficatu
219 1183 340 1213 scribunt
351 1206 357 1213 .
378 1187 489 1222 [Nobis
507 1188 667 1216 voluntario
683 1188 782 1216 ordine
802 1188 873 1216 visus
891 1189 928 1217 est

126 1223 194 1251 lec-so
215 1225 347 1263 vverpiss'e
358 1249 365 1259 ‚
386 1228 430 1256 vcl
448 1228 610 1256 condonasse
621 1249 627 1256 .
646 1229 770 1256 Marcuifi
789 1228 927 1257 foriiiulsir.

126 1264 174 1292 lib.
190 1276 211 1292 i.
223 1275 245 1292 c.
263 1276 304 1302 13·
316 1269 327 1297 ]
340 1270 375 1294 Et
384 1267 414 1294 in
425 1267 533 1296 Chron.
547 1270 570 1296 S.
582 1269 712 1307 Benigni‚
725 1268 768 1296 ubi
778 1270 812 1297 de
822 1271 928 1307 Ruper-

113 1312 158 1345 ie9
170 1306 343 1335 Vicccomite
353 1308 443 1345 agitur
453 1329 461 1340 ‚
480 1308 514 1336 lic
524 1308 653 1337 habetur:
677 1315 688 1343 [
709 1311 743 1337 In
755 1309 813 1347 ipso
824 1310 928 1346 placito

128 1345 158 1372 in
169 1345 313 1383 pioesentia
323 1348 479 1386 Principum
492 1348 600 1377 eosdem
611 1349 703 1377 servos
715 1350 858 1387 vverpivit
869 1372 876 1382 ,
900 1355 929 1379 ἃ.

127 1387 226 1414 San-Pto
236 1388 361 1425 Benigno
374 1389 495 1417 reddidit
508 1409 513 1416 .
526 1391 537 1420 ]
561 1390 682 1417 Verbum
693 1389 745 1418 hoc
764 1401 777 1418 a
796 1391 927 1419 vocabulo

126 1427 282 1463 germanico
293 1433 408 1465 Vverpen
419 1450 427 1461 ‚
447 1430 522 1467 quod
532 1430 669 1469 significat
678 1430 775 1466 ejicere
787 1452 794 1463 ,
814 1431 919 1459 dei—{var

127 1476 172 1493 tur
182 1488 188 1494 .
214 1467 286 1496 Vide
306 1463 431 1504 Fissttcus
453 1471 570 1499 nodatus
584 1491 591 1499 .

82 1506 98 1537 Ϊ
110 1508 256 1536 Gru-mre
272 1519 306 1536 ET
322 1511 448 1538 vinni-2.
458 1512 533 1538 Cum
541 1510 584 1539 his
597 1511 686 1540 verbis
697 1511 831 1541 invitatio
842 1512 873 1540 ad
884 1513 926 1541 Sa-

127 1558 199 1575 crszni
210 1549 328 1577 Coenam
337 1549 416 1578 fiebat
426 1570 432 1577 .
446 1551 508 1579 Hoc
519 1561 676 1580 autemnon
694 1563 828 1590 corporeo
838 1554 927 1591 palato

125 1598 155 1617 ut
175 1589 245 1617 istud
255 1589 406 1624 dijudicent
416 1591 454 1619 eis
474 1593 587 1630 praecipi
598 1592 666 1621 dicit
678 1614 685 1625 ,
707 1592 753 1621 sed
773 1593 864 1631 potius
874 1593 927 1622 fide

124 1639 198 1657 certa
208 1651 214 1662 ‚
227 1633 254 1658 ἃ
264 1631 352 1658 omnis
363 1631 541 1660 dubitationis
552 1642 664 1672 experte
674 1654 681 1660 .
692 1634 796 1668 Cyrill.
807 1633 924 1662 Cathec.

124 1670 242 1709 Mystag.
257 1680 280 1705 ς.
300 1671 325 1702 ξ.
349 1682 391 1704 ¹7·

1273 36 1389 79 GU

988 104 1040 131 que
1048 92 1074 122 se
1079 105 1124 123 xus
1134 92 1276 133 personam
1285 93 1336 122 hac
1345 94 1464 134 gutteria
1471 98 1607 125 carEntem
1615 96 1783 130 existimant?

989 135 1045 162 imo
1056 145 1106 173 qua
1113 136 1168 163 ndo
1178 136 1340 173 alienigenae
1355 136 1420 164 hinc
1432 136 1570 165 transeunt
1580 159 1588 170 ‚
1611 149 1669 166 non
1683 134 1783 167 haben-

989 177 1164 213 tesjuguluni
1176 176 1231 204 sine
1248 174 1300 203 hoc
1319 178 1488 214 ampullaceo
1510 187 1616 206 tumore
1628 200 1636 211 ,
1659 178 1784 206 illi-idun-

989 225 1035 244 tur
1046 227 1059 243 a
1072 217 1160 253 pueris
1169 216 1243 244 illius
1251 216 1374 254 regionis
1383 240 1392 251 ,
1414 222 1442 246 ὃς
1451 227 1516 246 tunc
1527 229 1621 247 eorum
1633 218 1781 258 genitrices

987 256 1060 284 filios
1070 257 1252 295 redarguunt,
1273 266 1307 284 ne
1317 257 1379 284 illos
1395 257 1526 287 irrideant
1538 281 1546 292 ‚
1567 262 1668 294 ajentes
1678 281 1686 292 ‚
1707 259 1783 298 quod

987 297 1054 327 ficut
1064 307 1109 324 eos
1121 296 1215 325 illusos
1225 297 1300 324 Deus
1317 306 1378 324 cum
1388 298 1437 325 tali
1448 298 1553 328 defeetu
1570 307 1706 328 creaverat
1716 320 1723 332 ,
1747 299 1782 327 fic

987 339 1068 366 etiam
1080 337 1226 365 illudentes
1244 345 1369 374 potuerat
1389 338 1497 367 efficere
1506 360 1513 366 .
1536 342 1632 378 Itaque
1651 342 1785 368 Gutteria

987 378 1087 406 nedum
1105 389 1137 406 ex
1157 376 1316 415 supradietis
1333 387 1468 405 tumorem
1484 380 1634 418 jugulat-eni
1651 380 1783 408 denotare

986 418 1173 447 manifestatur
1185 429 1192 448 5
1204 416 1249 446 sed
1259 421 1286 445 ὃ(
1298 417 1330 444 ex'
1345 417 1421 446 Actis
1430 419 1584 448 S.Ursiiiari
1593 421 1663 459 apud
1674 421 1781 449 Surium

991 470 1035 495 19·
1046 459 1151 497 Aprilis
1160 460 1232 487 clare
1244 457 1385 496 probatur:
1399 458 1436 485 ibi
1448 459 1521 486 enim
1530 461 1563 488 sic
1573 460 1694 494 liabetur,
1709 461 1782 495 [Or-

986 509 1013 527 τε.
1023 500 1060 527 est
1071 500 1196 537 quaedam
1206 499 1236 526 in
1247 501 1303 533 ejus
1314 499 1387 526 collo
1395 497 1429 526 sae
1435 509 1466 527 va
1476 499 1556 527 nimis
1567 500 1780 539 infirmimsgux

984 549 1102 578 gutteria
1120 541 1222 568 dicitur
1242 538 1366 567 sermone
1378 539 1479 577 gallico
1490 559 1496 567 .
1509 543 1520 571 ]
1544 542 1635 579 Atque
1644 542 1782 569 Hubertus

983 581 1013 608 in
1023 580 1080 608 vita
1090 582 1115 609 S.
1128 580 1265 609 Gundulae
1278 589 1336 616 cap.
1349 585 1375 607 6.
1385 579 1411 609 §.
1421 590 1467 616 23.
1477 580 1579 618 inquit,
1592 582 1782 615 [Foemineum

983 630 1067 659 genus
1076 623 1195 659 gutteria
1206 619 1346 648 obscoenrit
1357 640 1363 646 .
1375 621 1388 650 ]
1402 619 1474 648 Vide
1497 620 1566 648 infra
1576 623 1734 658 Gutturnos
1750 634 1760 649 s
1774 643 1782 653 ‚

987 671 1066 699 quare
1075 663 1193 699 gutteria
1204 662 1233 688 in
1245 660 1365 688 soeiiiinis
1377 670 1410 688 ex
1422 661 1511 689 Hevae
1521 670 1633 699 peccato
1644 662 1783 700 pervenis-

985 701 1012 729 se
1023 701 1186 729 Hincimriis
1197 700 1315 729 credidit
1325 721 1331 728 .

948 744 1145 770 GUTTEROSUS
1159 762 1165 769 .
1189 742 1261 770 Vide
1277 743 1465 785 Gutturnosuf
1476 763 1482 770 .

948 784 1170 811 Gurrnxnosus
1182 804 1189 815 ‚
1201 782 1248 820 qui
1257 783 1375 820 jugulari
1387 792 1494 811 tumore
1504 792 1680 822 aggravatur.
1693 785 1782 820 Quare

988 824 1153 851 Hincmarus
1164 824 1194 850 in
1205 824 1229 851 S.
1242 823 1373 860 Remigio
1385 823 1468 851 refert
1480 834 1573 851 omnes
1583 826 1655 857 illos,
1669 826 1715 863 qui
1726 825 1782 852 coi-

986 863 1065 891 lecfras
1074 862 1177 902 segetes
1187 864 1212 892 S.
1224 863 1551 901 Remigiicombusserant
1563 886 1569 896 ,
1583 874 1641 893 tuin
1652 875 1783 898 eos,cum*

986 913 1037 941 que
1048 903 1240 932 descendentes
1259 913 1352 931 eorum
1370 904 1509 942 utriusque
1517 904 1594 933 sexus
1612 917 1625 933 a
1637 907 1699 934 Deo
1713 906 1782 933 niul-

986 945 1068 971 (tutos
1078 943 1127 972 css'e
1139 944 1188 972 hac
1203 966 1208 976 ,
1225 953 1321 981 nempe
1332 965 1338 975 ,
1351 954 1431 981 poena
1443 955 1448 974 ς
1461 955 1489 972 ut
1501 946 1554 974 viri
1567 946 1781 983 ponderositate,

986 983 1038 1011 hoc
1048 984 1086 1012 est
1097 1006 1103 1016 ,
1113 985 1223 1012 calculis
1233 984 1387 1011 laborarent
1399 1005 1406 1016 ‚
1417 988 1444 1012 ὃ(
1457 984 1577 1013 foeminae
1587 986 1721 1024 guttur-ali
1739 996 1768 1013 tu
1776 1005 1783 1008 -

986 1034 1061 1052 more
1073 1046 1080 1057 ‚
1098 1025 1133 1053 sic
1143 1023 1274 1053 scribens:
1298 1030 1308 1058 [
1322 1027 1521 1054 Verumtamen
1539 1036 1634 1054 omnes
1644 1049 1651 1060 ,
1674 1026 1720 1065 qui
1730 1025 1782 1054 hoc

985 1075 1101 1103 egerunt
1114 1087 1120 1098 ,
1143 1069 1169 1094 ὃς
1183 1065 1271 1103 quide
1281 1075 1375 1092 eorum
1384 1066 1508 1103 germine
1516 1067 1579 1098 ,nati
1591 1066 1690 1095 fuerint
1701 1088 1708 1099 ,
1730 1068 1783 1095 viri

985 1106 1129 1142 ponderosi
1142 1106 1218 1138 fiant,
1228 1110 1255 1134 ἃ
1268 1105 1386 1133 foeminae
1398 1106 1568 1144 gutturnosae
1580 1108 1631 1135 sint
1642 1110 1653 1138 ]
1666 1106 1782 1136 Fortasse

984 1147 1081 1175 melius
1099 1147 1259 1183 Gutterosus
1269 1146 1417 1175 dicendum
1439 1147 1501 1175 ess'et
1512 1168 1518 1174 .
1536 1149 1592 1177 FR.
1603 1146 1783 1176 Gutterosuiri

983 1188 1100 1225 appellat
1112 1186 1183 1215 hunc
1194 1197 1300 1215 tumore
1308 1189 1442 1225 gutturali
1454 1189 1622 1216 laborantem
1633 1189 1782 1227 Ulpianus,

983 1227 1129 1265 inquiens:
1150 1228 1200 1262 [Si
1211 1228 1270 1265 quis
1281 1236 1373 1255 natura
1385 1228 1538 1266 giitterosus
1555 1229 1587 1257 sit
1600 1250 1607 1260 ,
1632 1240 1676 1257 aut
1687 1229 1780 1257 oculos

983 1277 1134 1296 eminentes
1143 1267 1240 1295 habeat
1252 1289 1259 1300 ‚
1271 1267 1305 1295 de
1318 1268 1391 1295 aedil.
1403 1270 1483 1296 edict.
1496 1272 1507 1300 ]
1521 1268 1616 1296 Didio
1640 1280 1706 1298 vero
1716 1275 1780 1297 Pon-

981 1308 1088 1345 derosux
1101 1319 1157 1335 non
1166 1308 1260 1335 calculi
1273 1308 1395 1335 morbum
1405 1329 1412 1340 ‚
1424 1308 1469 1337 sed
1480 1308 1583 1337 lierniae
1595 1319 1684 1347 potius
1694 1310 1781 1338 deno-

982 1357 1022 1376 tat
1033 1369 1041 1380 ,
1059 1349 1132 1386 quod
1151 1349 1188 1376 D.
1199 1349 1350 1386 Gregorius
1359 1349 1445 1385 prima
1457 1359 1532 1388 parte
1542 1350 1624 1378 Curae
1643 1350 1781 1388 pastoralis

981 1399 1038 1426 cap.
1051 1396 1076 1416 6.
1088 1393 1114 1418 ὃ(
1124 1389 1173 1416 ult.
1185 1388 1247 1416 satis
1257 1389 1375 1416 declarat
1384 1410 1392 1421 ‚
1403 1389 1536 1427 inquiens:
1550 1396 1562 1424 [
1572 1391 1690 1423 Vitium,
1701 1391 1781 1428 quip-

981 1439 1013 1466 pe
1024 1450 1030 1461 ,
1043 1430 1079 1456 est
1089 1429 1217 1466 ponderis
1228 1450 1236 1461 ,
1248 1439 1307 1456 cum
1319 1428 1416 1457 humor
1428 1429 1560 1458 viscerum
1570 1430 1603 1458 :id
1615 1431 1705 1459 virilia
1715 1432 1782 1459 labi-

983 1479 1088 1507 umque
1100 1469 1223 1507 profesto
1234 1479 1294 1497 cum
1306 1470 1429 1497 molestia
1436 1471 1576 1499 dedecoris
1586 1470 1779 1504 intumescun]

980 1510 1107 1539 Praeissitus
1127 1510 1291 1540 Hincniarus
1310 1510 1410 1539 ibidem
1427 1512 1567 1540 moraliter
1587 1511 1668 1539 docet
1691 1513 1781 1542 ambos

982 1549 1032 1579 hos
1051 1561 1170 1580 tumores
1189 1564 1220 1580 ex
1239 1552 1390 1590 primorum
1407 1562 1547 1591 parentum
1567 1561 1677 1590 peccato
1703 1554 1782 1583 nobis

982 1594 1131 1630 provenire
1141 1615 1148 1625 ‚
1160 1603 1258 1631 nempe
1271 1614 1277 1625 ‚
1298 1591 1394 1621 liei-nia
1404 1615 1411 1625 ,
1423 1593 1467 1622 seu
1480 1593 1664 1631 ponderositas
1674 1592 1703 1621 in
1716 1594 1781 1624 viris

983 1643 1014 1661 ex
1028 1633 1134 1661 Adamo
1144 1655 1152 1666 ,
1162 1634 1209 1672 qui
1221 1644 1269 1661 nos
1279 1644 1339 1661 cuin
1350 1634 1480 1672 originali
1492 1644 1602 1672 peccato
1612 1635 1758 1672 generavit
1771 1657 1780 1668 ,

982 1677 1010 1701 ὃς
1020 1673 1049 1701 in
1060 1673 1179 1701 soemim's
1189 1674 1307 1712 gutteria
1317 1676 1347 1702 ab
1358 1675 1438 1703 Heva
1450 1697 1457 1707 ‚
1469 1685 1526 1713 quae
1539 1684 1650 1713 pomum
1663 1676 1781 1704 vetitum

84 1712 238 1740 Cusum
247 1732 255 1743 ‚
269 1712 334 1739 vai-is
343 1722 428 1750 genus
440 1720 451 1748 [
464 1714 594 1742 Gustruni
604 1714 753 1752 perniciter
762 1714 856 1743 adfore
866 1725 927 1753 pre-
981 1714 1183 1752 pregustaverat
1195 1735 1202 1741 .
1223 1715 1424 1748 Synonimuin.
1449 1716 1520 1743 Vide
1539 1722 1646 1745 Ramex
1657 1734 1664 1742 .

125 1751 195 1789 cipit
207 1772 213 1779 -
228 1751 256 1778 in
268 1753 332 1779 asiis
342 1754 386 1782 SS·
398 1754 487 1788 Tyrlii
497 1776 505 1787 ‚
528 1758 556 1783 &-
578 1756 652 1787 Soc.]
666 1757 721 1784 FR.
742 1757 1113 1785 GutturniumGrNfficonn
1125 1776 1132 1787 ,
1145 1755 1268 1792 γυναικῶν
1278 1776 1286 1788 ‚
1304 1756 1378 1785 locus
1387 1766 1437 1793 pro
1448 1756 1603 1784 mulieribus
1622 1765 1652 1783 in
1664 1755 1781 1784 Ecclesia

123 1802 204 1821 vocat
215 1791 304 1821 Festus
315 1813 321 1819 .
980 1795 1129 1823 destinatus
1141 1817 1147 1828 ,
1160 1795 1194 1823 de
1204 1805 1260 1834 quo
1268 1796 1331 1823 alibi
1343 1796 1404 1825 satis
1414 1795 1532 1824 diximus
1542 1816 1549 1823 .
1568 1795 1665 1824 Refert
1676 1794 1779 1833 Josepli

84 1837 249 1869 Curictum
263 1854 270 1865 ‚
292 1833 374 1862 dolor
400 1835 542 1868 arteticus,
563 1835 607 1865 seu
624 1836 773 1864 articularis
802 1837 925 1864 morbus:
983 1836 1114 1864 Hebraeus
1125 1837 1170 1864 lib.
1182 1842 1208 1865 6.
1220 1837 1253 1864 de
1263 1836 1335 1864 bello
1345 1837 1408 1874 Jud.
1418 1846 1475 1873 cap.
1489 1844 1513 1865 6.
1534 1836 1608 1874 quod
1623 1836 1652 1863 in
1671 1835 1781 1873 Jeroso-

122 1874 209 1902 Nulla
220 1873 294 1901 enim
305 1873 383 1910 hujus
395 1877 584 1914 generationis
594 1876 707 1914 persona
719 1876 814 1905 extitit
823 1898 831 1910 ‚
855 1877 924 1915 quin

121 1914 214 1941 clauda
227 1935 234 1945 ,
248 1915 292 1942 vel
302 1915 390 1954 aliqua
402 1916 502 1953 pedum
512 1917 654 1945 debilitate
665 1914 774 1945 detenta
783 1938 791 1950 ‚
813 1918 856 1946 vel
867 1917 923 1945 etii

122 1954 182 1982 dira
191 1953 279 1982 affefta
288 1957 407 1993 gurtcriri
418 1967 588 1994 praeteritum
599 1959 653 1986 luat
665 1961 765 1986 lacinus
780 1980 785 1987 .
810 1959 844 1986 In
867 1958 923 1986 vitri

123 1995 151 2022 S.
161 1995 298 2023 Gundulae
311 2016 317 2023 .
329 1998 340 2027 ]
352 1998 406 2025 FR.
421 1999 490 2026 Haec
500 2007 589 2026 autem
600 1999 736 2036 expositio
753 1998 790 2026 est
809 2008 842 2026 ex
862 1999 923 2036 opi-

122 2033 210 2062 nione
223 2036 268 2071 Jo.
279 2037 417 2065 Lodovici
428 2038 461 2066 de
471 2039 496 2065 la
505 2039 597 2067 Cerda
608 2060 615 2071 ,
640 2039 686 2076 qui
697 2048 788 2066 tamen
799 2037 902 2067 fallitur
914 2050 921 2069 ς

980 1877 1117 1911 lymitano
1128 1877 1243 1914 Templo
1263 1887 1352 1905 murus
1372 1876 1520 1905 divisorius
1539 1878 1613 1904 inter
1631 1886 1731 1908 mares,
1752 1879 1780 1903 ἃς

980 1917 1104 1944 foeniinas
1115 1917 1221 1945 extabat
1233 1938 1239 1944 .
1259 1918 1370 1945 Dicitur
1389 1918 1473 1945 etiam
1483 1921 1655 1952 Gynaeceum
1666 1938 1674 1950 ‚
1693 1927 1780 1954 γυναν

979 1957 1041 1987 >zelor
1050 1978 1057 1984 .
1078 1959 1149 1985 Item
1159 1957 1292 1996 significat
1304 1959 1394 1986 locum
1407 1979 1414 1990 ‚
1432 1958 1476 1985 ubi
1486 1958 1607 1986 soeminae
1618 1956 1780 1986 Constanti-

977 1997 1075 2035 nopoli
1094 2007 1145 2036 pro
1155 2000 1325 2036 Imperatore
1338 1999 1422 2027 vestes
1434 1999 1562 2027 texebant
1572 2018 1579 2026 .
1597 1998 1670 2027 Vide
1688 2003 1779 2026 Tran-

971 2040 1062 2074 [ἕνεκα
1072 2058 1079 2065 .

121 2078 256 2102 Gutterziz
265 2077 340 2104 enim
350 2077 540 2116 estinjugulis
551 2087 686 2108 tumoeex
705 2078 823 2106 humore
841 2075 1172 2118 pirui-Crxaeemmus5
1193 2080 1239 2118 qui
1258 2082 1402 2114 Gynaeceo
1414 2080 1602 2112 incumbebat,
1628 2079 1672 2108 vel
1688 2079 1780 2116 praesi-

123 2113 186 2142 tcso
197 2136 204 2146 ,
230 2115 333 2153 frigido
345 2139 349 2145 .
365 2127 462 2155 nempe
476 2122 518 2155 ,ἃ
529 2118 646 2147 humido
659 2141 668 2152 ‚
678 2119 707 2147 in
719 2118 839 2147 lbeniinis
851 2129 921 2157 prae-

975 2119 1052 2147 debat
1065 2141 1072 2146 .

123 2155 203 2192 cipue
213 2156 375 2184 exuberante
387 2169 392 2184 :
415 2158 480 2185 hinc
490 2163 624 2188 Gutterza
633 2171 691 2188 non
701 2171 713 2188 :i
726 2160 855 2188 vocabulo
866 2162 922 2190 Ita·-
935 2161 1034 2188 GYPSA
1047 2182 1054 2192 ,
1067 2161 1228 2189 vocabulum
1239 2161 1348 2198 penitus
1359 2162 1498 2201 ignotum,
1508 2163 1578 2201 apud
1589 2158 1779 2191 Aldhelmum·

120 2195 178 2223 lico
189 2200 272 2222 Cotta
285 2208 294 2228 ,ς
306 2195 352 2224 sed
366 2206 379 2225 a
388 2202 509 2226 Gutture
526 2199 703 2228 denominata
715 2200 752 2227 est
764 2211 772 2230 ς
786 2200 819 2227 de
828 2201 921 2238 quasic

121 2236 340 2273 Vitruv.l.8.c.3.
356 2239 517 2275 [Equicolis
529 2241 657 2268 antei-nin
669 2240 788 2272 Italian&
800 2240 828 2268 in
841 2242 921 2279 Alpi—

122 2277 178 2308 bus,
193 2285 305 2304 natione
326 2277 509 2306 Medullorum
521 2280 559 2307 est
574 2291 658 2318 genus
669 2290 744 2319 aquae
754 2301 762 2312 ‚
786 2291 865 2318 quam
875 2282 921 2320 qui

122 2316 217 2344 bibunt
227 2337 234 2348 ,
245 2317 399 2344 efficiuntur
413 2319 528 2357 turgidis
536 2321 688 2358 gutturibus
699 2323 728 2351 .]
752 2321 796 2348 De
809 2323 921 2359 Alpinis

123 2356 221 2387 incolis
231 2356 343 2392 audivi,
366 2358 441 2397 quod
449 2358 471 2395 ij,
481 2369 588 2400 turpem
598 2382 607 2395 ,
619 2364 647 2391 δι
657 2360 809 2401 deformem
821 2362 919 2394 utrius-

926 2403 937 2430 l

1016 2204 1047 2231 O
1061 2199 1244 2238 siiperiptalcm
1256 2203 1334 2230 terris
1343 2203 1459 2231 avettite
1468 2203 1583 2242 gypsam
1595 2223 1601 2230 .

975 2241 1093 2278 Aliquid
1104 2241 1286 2272 aerumnosum
1297 2243 1420 2280 profesto
1430 2245 1581 2283 significare
1593 2243 1711 2271 videtur,
1723 2239 1778 2267 for-

977 2280 1039 2309 tasse
1050 2291 1062 2309 a
1075 2281 1198 2310 diffione
1211 2292 1300 2320 graeca
1310 2282 1376 2320 ’γύψ
1388 2306 1395 2316 ,
1407 2295 1466 2323 quae
1479 2285 1616 2314 vulturem
1627 2280 1758 2320 fignificat
1771 2302 1777 2311 ‚

975 2325 1002 2349 δ(
1014 2322 1162 2359 allegoric‘e
1172 2333 1228 2349 rein
1246 2322 1399 2360 pestiferam
1410 2324 1571 2354 Aldlielmus
1580 2322 1755 2351 intellexerat
1766 2332 1776 2352 J

974 2361 1101 2392 namhoc
1112 2362 1227 2402 volatile
1237 2373 1344 2403 campos
1356 2365 1526 2398 cadaveribus
1542 2364 1637 2403 plenos
1649 2360 1778 2397 frequen*

1684 2410 1739 2431 tire

1459 2470 1465 2482 1
