1866 2526
197 1 252 44 28
533 0 639 41 AF

184 59 211 88 ,ri
228 58 341 98 cupiunt
359 55 489 86 homines
508 56 539 87 in
556 67 629 87 terra
640 77 647 85 .
671 53 746 85 Vide
763 50 941 95 Sepulchrum
965 76 973 84 .
993 59 1140 89 ΑσΑΜυς,
1160 57 1244 96 graecj
1256 68 1312 88 vox
1323 58 1466 98 Amyamy’
1488 55 1822 101 id39c‚coe1ebsiydmc

144 100 295 132 AETHIOPS
306 121 313 128 .
325 98 399 128 Vide
410 99 539 129 Blembus
551 121 559 133 ,
571 104 717 136 Campana
728 118 735 130 ‚
749 97 874 137 Confeffio
885 120 892 131 ,
904 99 975 127 Heb-

185 144 307 172 domada
315 146 403 177 major
413 161 421 172 ,
442 140 625 179 Monophysita
636 161 643 172 ,
666 139 819 168 Sabbatum
829 161 837 172 ,
850 139 958 168 Henoch
967 159 975 166 .

183 182 341 221 AEthiopes
359 180 447 210 adhuc
457 178 602 220 antiquum
619 180 703 209 ritum
713 180 851 218 praebendi
863 179 978 208 infanti-

185 225 233 254 bus
243 225 282 253 lac
292 245 301 257 ,
323 226 353 253 Bc
363 222 417 251 mel
439 221 588 252 observant
607 222 631 251 ia
650 221 787 261 baptismo
798 243 805 250 .
828 219 901 250 Vide
920 227 977 251 Ba-

180 266 304 304 ptzsmus
313 286 320 293 .

147 306 207 338 AE'i
215 316 281 335 inni
291 326 298 333 .
312 307 368 334 FR.
379 304 517 334 Haeretic'i
525 305 556 334 ab
564 303 652 334 AEtio
661 303 809 343 appellati,
831 302 978 340 aspernan-

187 357 228 376 tes
239 346 392 375 oblationes
402 367 410 379 ,
432 349 461 374 ὃς
479 345 608 374 sacrificia
617 355 668 384 pro
687 345 822 373 defuntus
835 365 843 376 ,
868 355 914 380 24.
933 354 978 382 qu.

1032 98 1108 142 enim
1120 100 1223 138 nuptiae
1235 99 1382 133 dicuntum
1405 100 1478 130 unde
1490 106 1616 141 Agamus
1628 105 1799 143 fine.nuptiis
1810 124 1819 136 ,

1032 139 1102 168 idest
1112 161 1121 173 ‚
1143 139 1277 180 innuptus
1289 161 1296 169 .
1321 147 1333 177 [
1344 142 1450 171 Primus
1461 143 1550 173 Adam
1560 146 1744 185 monogamus
1752 168 1759 179 ‚
1779 143 1821 173 sc-

1032 180 1135 225 cundus
1147 192 1257 222 agamus
1268 202 1275 210 .
1300 183 1355 219 Qui
1365 184 1512 223 bigamiam
1524 186 1640 224 probant
1653 208 1660 219 ,
1671 187 1820 215 exhibeant

1033 230 1148 266 tertium
1158 224 1296 252 Adamum
1307 224 1448 263 bigamum
1458 246 1466 253 .
1487 225 1526 254 D.
1536 227 1656 256 Hieron.
1666 237 1763 255 contra
1774 228 1820 264 Jo-

1032 272 1093 291 vin.
1106 266 1117 295 ]
1131 264 1221 298 Quare
1240 264 1339 294 coelebs
1359 266 1473 294 foeniina‘
1484 287 1492 299 ,
1514 277 1574 305 quae
1594 268 1658 297 Deo
1675 266 1702 295 se
1711 268 1823 296 dedica-

1034 304 1080 332 bat
1091 325 1098 337 ‚
1120 314 1151 333 ut
1161 305 1198 333 est
1210 306 1340 335 Monialis
1351 329 1359 340 ‚
1370 306 1504 336 &similis
1514 330 1522 341 ‚
1544 311 1657 346 Agama
1665 309 1822 348 appellaba-

1034 354 1079 374 tur
1091 366 1097 373 .
1119 351 1162 376 De
1171 352 1328 384 Monogamo
1342 370 1349 381 ,
1373 348 1448 376 Vide
1458 347 1507 376 suo
1518 348 1580 377 loco
1590 369 1598 377 .
1624 368 1627 369 ν

188 399 216 426 3.
227 397 285 426 cap.
297 397 344 425 39.
354 392 366 421 (
375 398 389 415 a
401 387 487 415 nostri
497 385 589 414 saeculi
598 386 788 416 Novatoribus
805 385 896 413 denuo
906 385 980 413 cxci·
994 388 1100 416 Aom
1110 409 1120 420 ,,
1143 386 1215 415 saci-a
1224 388 1356 417 convivia
1365 398 1443 417 erant
1454 411 1461 421 ‚
1483 398 1543 426 quae
1565 389 1595 417 in
1604 388 1749 427 primitiva.
1770 393 1822 418 Ec-

189 438 261 457 tatus
270 438 363 456 error:
386 431 398 460 )
409 438 490 466 atque
499 428 530 456 ab
542 428 679 456 Eunomio
689 427 767 457 AEtii
776 425 913 463 discipulo
923 432 979 456 Eu—

189 473 316 500 nomiani
327 468 428 498 deinde
440 469 531 497 vocati
542 467 605 497 sunt
615 490 622 502 ,
646 468 764 498 Socratis
774 466 838 495 liist.
848 467 921 495 Eccl.
932 467 977 496 lib.

191 522 219 541 2.
230 520 288 549 cap.
300 522 314 539 2
322 514 346 538 8.
357 508 529 538 Theoderici
537 508 601 538 hist.
612 509 686 538 Eccl.
698 509 742 536 lib.
755 520 780 537 2.
791 513 849 545 ca’p.
870 519 917 543 24.
929 509 977 537 So-

189 550 304 581 zomeni
312 549 376 578 hist.
388 550 461 578 Eccl.
472 550 518 578 lib.
531 556 558 578 6.
569 561 627 589 cap.
639 556 684 580 26.
696 553 723 578 &
735 560 780 581 27·
796 550 856 578 Nec
875 559 889 577 a
910 558 978 587 prx-

188 591 270 620 dietis
288 590 476 621 Novatoribiis
497 590 696 628 poenitentiam
716 589 877 628 negantibus
898 591 978 619 valde

188 632 371 662 differebants
395 642 458 660 nam
469 630 613 660 asserebant
624 653 631 664 ,
655 632 685 659 in
695 630 748 659 fide
761 631 888 659 viventes
901 653 908 664 ,
920 642 980 670 poe-

191 673 313 701 nitentia
330 671 403 700 haud
422 671 566 711 indigere,
588 682 650 700 cuni
669 669 753 700 ess'ent
772 672 961 709 impeccabiles
973 693 980 700 .

191 712 440 742 Diffimilitudines
452 722 541 742 autem
551 714 581 742 in
591 712 698 741 divinis
705 711 919 745 somniabantui·‚
931 716 981 742 Pa-

190 753 240 782 tris
249 764 263 782 a
276 753 348 782 Filio
359 775 366 786 ,
389 764 470 792 atque
480 755 513 783 ab
523 753 575 782 hoc
585 754 703 793 Spiritus
722 754 812 782 Saneti
823 775 830 781 .
853 754 961 784 Ibidem
973 775 980 782 .

194 794 270 824 Vide
279 799 401 825 Anomac
414 817 421 827 ,
443 798 573 830 Trinitas
585 814 593 822 .

150 834 286 867 AEvosus
299 856 306 867 ‚
329 835 456 874 antiquus
468 857 476 868 ,
499 835 635 866 vetustus.
660 842 672 872 [
686 835 738 866 Vir
751 846 824 865 meus
843 835 981 866 AEmilius

192 876 301 905 vetulus
311 875 344 904 sit
353 897 361 909 ‚
385 887 413 904 ac
425 876 455 904 in
465 875 560 905 :evoso
572 880 628 915 ejus
637 887 754 916 corpore
773 877 887 915 frigidus
905 887 981 906 extet

192 918 297 947 cii-cum
306 917 457 954 praecordia
467 916 578 956 sanguis
587 939 593 946 .
617 919 760 947 Hincmar.
781 918 811 946 iii
829 919 963 958 Remigio
974 939 981 945 .

140 961 214 990 ⁴*Arii
225 980 233 992 ‚
254 968 308 988 vox
320 967 409 996 graeca
419 957 485 996 Α’φῆ
494 980 501 991 ,
512 969 571 996 qux
584 960 726 997 pulverem
736 958 871 998 significat
882 979 888 986 .
902 965 913 994 [
926 960 982 988 AE-

193 999 325 1039 gyptiuni
338 998 421 1027 video
434 998 464 1027 in
474 1000 528 1028 Asa
537 1002 710 1029 volutantem
721 1021 727 1027 .
748 1002 783 1028 In
793 1000 851 1027 vitzi
861 1000 904 1028 SS.
914 1003 980 1029 Pro-

193 1040 277 1079 pertii
289 1061 296 1072 ,
307 1043 334 1068 δε
348 1039 445 1067 Felicis
456 1042 486 1071 .]
502 1040 684 1070 Palaeiiricam
693 1051 780 1069 arteni
792 1040 889 1068 alludit
900 1052 907 1072 5
921 1051 982 1069 nam

192 1082 339 1110 luctatores
348 1080 412 1108 oleo
422 1080 497 1109 unffi
510 1082 539 1109 in
548 1092 627 1110 arena
647 1082 833 1110 involvuntur
844 1103 851 1113 ,
875 1092 909 1109 ne
921 1082 969 1110 faci

194 1122 220 1151 le
240 1122 271 1149 ab
288 1119 445 1151 adversario
464 1122 632 1160 amplexari,
654 1127 682 1151 δε
699 1121 836 1160 prosterni
855 1122 980 1152 valeant.

193 1162 250 1191 Hic
262 1171 351 1190 autem
363 1162 397 1190 de
408 1161 534 1192 daemone
545 1162 675 1192 fabulatur
694 1163 724 1191 in
741 1162 827 1190 forma
844 1163 982 1201 AEgyptii

191 1212 339 1242 apparente
349 1222 356 1230 .

154 1246 319 1278 Arnwoixiisi
331 1263 338 1271 .
364 1246 420 1273 FR-
431 1246 560 1274 Donatio
570 1267 577 1278 ,
599 1244 646 1275 seu
657 1268 665 1279 ,
689 1245 776 1274 formet
786 1245 911 1275 tradendi
922 1243 983 1283 pos—

193 1284 358 1314 sessionem·
380 1286 416 1315 In
434 1286 496 1325 lege
515 1287 600 1316 salica
612 1308 620 1319 ,
641 1286 685 1314 tit.
705 1291 751 1321 48.
772 1287 883 1315 Dicitur
901 1286 982 1316 etiam

196 1327 351 1364 Affatimia
362 1346 369 1353 .
390 1327 482 1361 [Ideo
491 1327 636 1366 pensantes
644 1326 750 1355 causam
759 1326 983 1366 consanguinitas·

197 1368 232 1395 tis
244 1387 252 1399 ,
261 1367 338 1395 dono
348 1368 424 1396 vobis
435 1378 482 1406 per
491 1368 561 1396 lianc
579 1367 736 1397 affatimiam
746 1389 754 1400 ‚
774 1378 824 1406 pro
833 1369 910 1397 omni
921 1379 983 1406 por-

198 1407 276 1435 tione
287 1418 317 1435 in
329 1416 401 1446 pago
410 1409 461 1437 illo
473 1430 480 1440 ,
499 1417 615 1437 centena
626 1409 672 1437 illa
682 1428 688 1436 ·
699 1408 806 1437 Marclf.
818 1410 847 1437 in
857 1409 907 1437 siio
920 1412 984 1437 For-

194 1448 262 1476 mul.
275 1451 286 1479 ]
299 1448 488 1486 Reperiuniur
498 1450 528 1478 in
538 1451 631 1478 eadem
644 1448 845 1488 fignificatione
864 1449 983 1489 Adfati-

193 1500 236 1517 mo
246 1489 358 1519 verbum
369 1511 376 1522 ,
399 1493 426 1517 ὃ(
437 1490 605 1528 Adfatimus
617 1489 782 1526 adjectivum
793 1511 800 1523 ,

156 1531 344 1559 ΑγιῑικΜΑἹ-ιο
355 1550 361 1557 .
385 1530 459 1559 Vide
468 1531 607 1568 Diffim'tio
616 1552 623 1558 .

157 1572 321 1600 ArriiuTAs
331 1569 480 1608 spiritualis
491 1571 662 1600 contrahitur
672 1571 746 1599 inter
757 1573 822 1603 Cori
829 1571 961 1602 seffarium
975 1593 982 1605 ‚

197 1614 226 1640 ὅ(
246 1610 431 1648 poenitentem
443 1631 450 1639 .
473 1612 547 1640 Vide
556 1612 762 1642 Poenitentialis
775 1633 781 1639 .

155 1653 306 1682 Ariicrus
316 1672 324 1678 .
348 1653 405 1681 iR.
426 1652 541 1681 Locatio
561 1674 568 1685 ‚
591 1653 739 1681 conductio
751 1665 756 1681 :
783 1660 794 1689 [
814 1655 964 1683 Affiftuuni
978 1677 983 1685 ,

195 1695 224 1720 ἃ
237 1691 399 1729 pensionum
410 1692 537 1732 poss‘effio
547 1703 655 1733 poterat
664 1693 715 1724 tibi
726 1694 831 1724 restitui
842 1716 850 1729 ‚
871 1694 906 1725 de
923 1695 984 1723 rest.

157 1775 376 1804 ΑἱικοΝἹ-Ατιυ
389 1796 396 1807 ,
418 1775 570 1805 confinium
583 1798 589 1809 ‚
611 1775 656 1803 seii
666 1775 898 1807 conterminatio÷
922 1786 983 1804 nani

197 1814 313 1842 termini
339 1816 412 1853 quasi
442 1817 577 1845 frontibus
604 1818 678 1845 inter
705 1815 761 1845 sese
790 1817 958 1854 objiciuntur
978 1829 982 1843 :

199 1860 213 1888 [
226 1856 367 1897 Quantum
376 1856 433 1885 istae
444 1855 652 1885 affrontationes
662 1857 808 1886 includunt
819 1881 827 1892 ‚
837 1868 918 1896 atque
930 1867 983 1885 ter-

199 1905 307 1923 minant
318 1916 324 1922 .
347 1898 383 1924 In
396 1897 453 1925 vita
463 1899 493 1927 B.
503 1897 654 1936 Oldegerii
666 1899 810 1937 Episcopi.

159 1937 277 1966 Arinen
288 1957 296 1969 ‚
319 1937 430 1975 quando
450 1938 481 1966 ab
493 1939 589 1967 Arabis
600 1948 678 1976 capm
688 1959 694 1965 .
719 1941 792 1968 Vide
804 1945 934 1968 Taxatus
947 1959 954 1966 .

157 1977 288 2005 AGALMA
301 1996 309 2008 ,
332 1987 386 2005 vox
398 1988 485 2016 graeca
494 1978 639 2016 Α”γαλμα
650 2000 657 2011 ,
681 1979 714 2007 de
724 1990 776 2017 qua
786 1980 816 2008 fit
837 1980 943 2008 mentio
955 1989 983 2006 iii

198 2015 321 2059 secundo
331 2019 463 2047 Concilio
473 2020 592 2049 Nicaeuo
602 2042 611 2053 ,
623 2020 749 2048 staturam
760 2021 870 2055 alicujus
880 2019 983 2047 :inima-

198 2055 232 2084 lis
242 2055 377 2099 fignificat
391 2080 397 2090 ‚
420 2061 453 2087 ad
473 2060 656 2088 differentiam
675 2060 804 2099 imaginis
823 2061 982 2092 rationalis,

197 2105 258 2135 quae
268 2096 372 2126 dieitur
380 2104 460 2128 leona
471 2122 477 2132 ,
501 2101 574 2129 Vide
584 2101 632 2129 suo
643 2102 705 2129 loco
716 2121 724 2129 .
748 2103 804 2130 FR.
815 2101 893 2130 Idem
905 2112 984 2130 voca-

200 2137 293 2180 bulum
303 2159 321 2181 ‚-
333 2138 378 2166 sed
388 2139 502 2169 diversae
524 2142 734 2180 significationis
743 2163 750 2174 ,
773 2141 803 2169 in
816 2142 873 2170 vita
884 2144 909 2171 S.
919 2141 984 2170 Gis-

199 2177 257 2220 leni
268 2178 388 2221 legitur.
414 2183 546 2218 [Corpus
564 2182 595 2210 in
613 2183 728 2211 sindone
748 2183 854 2211 mundo
864 2183 983 2221 diligen—

199 2216 302 2246 tissiiiie
322 2220 480 2251 involutum
491 2243 498 2254 ‚
522 2226 547 2250 ἃ
561 2221 608 2251 sub
628 2223 767 2262 agalmatis
786 2224 864 2252 clave
885 2223 982 2250 firmis-

201 2258 266 2301 finie
277 2258 431 2287 obseratum
446 2283 453 2294 ,
478 2263 506 2289 iii
519 2263 613 2291 eadem
625 2274 692 2292 urna
703 2265 853 2302 deponitur
866 2284 872 2291 .
898 2266 909 2296 ]
924 2265 985 2292 Ali<

194 2308 242 2337 qui
254 2310 342 2328 arcam
353 2300 552 2330 intellexerunt
565 2325 572 2336 ,
591 2303 637 2332 sed
651 2315 739 2343 graece
759 2315 817 2335 rem
838 2303 964 2334 laetitiam
976 2327 984 2338 ‚

199 2343 229 2370 ὃ(
238 2340 459 2372 consolationem
469 2343 626 2378 afferentem
637 2344 716 2375 sonat
726 2366 732 2374 .

194 1731 266 1769 spol.
276 1743 333 1771 cap.
349 1744 392 1770 ¹9·
988 1720 996 1944 Ι

1031 429 1110 457 clesia
1123 428 1222 456 fiebant
1236 450 1242 460 ,
1255 438 1343 468 grxca
1352 439 1407 457 vox
1421 426 1533 467 A'ya'mi
1543 451 1550 462 ‚
1575 430 1643 458 idest
1653 451 1661 463 ‚
1675 433 1764 459 Amor
1775 451 1783 463 ‚
1793 433 1823 458 δε

1031 468 1161 498 Charitas
1171 490 1180 503 ,
1202 480 1264 498 nain
1276 470 1517 508 frequentabantur
1526 470 1625 499 amoris
1643 474 1671 500 δε
1681 469 1823 499 charitatis

1031 511 1119 550 gratia
1129 532 1137 543 ‚
1160 520 1220 548 quae
1233 511 1383 550 tripliciter
1392 509 1492 538 fiebant
1503 532 1510 544 ,
1532 510 1638 539 scilicet
1649 532 1657 544 ,
1681 511 1822 539 occalioiie

1031 551 1191 590 nuptiarum
1202 573 1210 584 ,
1233 552 1262 579 in
1273 552 1368 591 quibus
1381 551 1552 579 invitabatur
1571 551 1687 589 ipsemet
1708 550 1823 590 Episco-

1032 603 1080 631 pus
1093 614 1100 626 ‚
1123 592 1337 630 dicebanturque
1348 596 1442 629 Agapa
1456 592 1629 621 connubiales
1641 612 1648 619 .
1672 593 1735 621 Alia
1748 594 1819 621 cele-

1032 633 1176 662 bmbaiirur
1186 633 1217 661 in
1228 632 1420 662 festivitatibus
1430 633 1588 661 Sanctorum
1599 633 1753 667 Martyrum
1766 655 1774 666 ‚
1795 637 1823 661 δε

1037 674 1246 715 appellabantur
1254 678 1349 712 Agapa
1360 674 1498 702 natalitia
1511 696 1518 706 ,
1531 684 1589 712 qiiae
1601 683 1679 701 erant
1688 673 1717 701 in
1730 674 1822 701 Eccle-

1035 716 1069 744 sm
1082 736 1088 743 .
1100 715 1165 744 Alia
1177 715 1289 743 tandem
1299 713 1431 743 convivia
1442 713 1471 742 in
1483 715 1605 753 exequiis
1616 714 1804 752 praebebantur
1816 736 1824 746 ,

1034 759 1062 785 ὅ(
1073 760 1171 794 Agapaz
1179 756 1324 795 simei-ales
1336 754 1550 784 nominabantur
1561 776 1568 782 .
1581 755 1655 783 Vide
1666 757 1806 792 Coenisci.i
1816 775 1823 782 .

1035 798 1081 826 De
1090 796 1133 825 his
1145 797 1288 825 admonuit
1312 796 1438 825 Clericos
1457 796 1482 824 S.
1504 797 1636 825 Clemens
1647 816 1654 828 ,
1678 795 1805 832 inquiens
1816 816 1823 827 ‚

1038 843 1050 872 [
1062 838 1118 873 Qui
1131 838 1161 866 in
1173 838 1296 877 exequiis
1307 846 1480 866 mortuorum
1490 837 1523 865 ad
1533 836 1697 865 convivium
1712 835 1827 864 funebre

1037 878 1152 907 invitati
1163 879 1225 909 estis
1236 901 1243 911 ,
1267 878 1368 906 ordine
1378 883 1405 907 δε
1415 879 1517 907 timore
1528 878 1584 906 Dei
1599 876 1750 915 epiil-imini
1763 898 1770 909 ,
1791 885 1823 904 ut

1037 919 1144 958 possitis
1166 930 1256 958 prece>
1268 930 1317 957 pro
1328 919 1462 947 definistis
1483 918 1612 946 exhibere
1632 919 1714 950 Deo,
1737 917 1783 945 lib.
1799 922 1826 944 S.

1037 961 1135 989 Const.
1146 961 1243 998 Apost.
1253 971 1310 998 cap.
1325 971 1372 995 44.
1388 962 1399 992 ]
1412 962 1474 988 Mos
1484 968 1541 987 erat
1561 958 1701 991 invitandi
1724 966 1824 995 praeter

1038 1001 1163 1030 Clericos
1175 1024 1182 1034 ‚
1203 1002 1286 1030 etiam
1299 1010 1445 1038 pauperes.
1467 999 1570 1027 amicos
1581 1020 1588 1030 ,
1611 1003 1638 1026 ὃ(
1660 994 1755 1034 affines
1768 1019 1775 1029 ‚
1795 1006 1824 1025 ut

1038 1040 1194 1070 observavit
1216 1042 1358 1079 Origenes
1368 1041 1399 1068 iii
1407 1041 1459 1078 Job
1472 1062 1479 1072 ,
1502 1039 1548 1067 lib.
1566 1050 1608 1067 10.
1622 1041 1678 1068 FR-
1689 1037 1729 1067 Ex
1740 1040 1823 1067 Con-

1037 1083 1082 1110 cil.
1094 1083 1248 1121 Gangrensi
1260 1082 1287 1109 iii
1296 1081 1422 1110 Gratiani
1432 1081 1544 1109 decreto
1554 1101 1562 1113 ‚
1584 1079 1645 1108 dist.
1657 1091 1704 1115 42.
1724 1083 1783 1117 hap.
1802 1089 1825 1106 i.

1037 1124 1151 1152 habetur
1162 1145 1169 1155 ,
1197 1129 1208 1157 [
1220 1122 1247 1151 Si
1260 1122 1321 1160 quis
1330 1121 1447 1159 despicit
1464 1131 1510 1150 eos
1520 1143 1528 1154 ‚
1551 1120 1598 1159 qui
1620 1120 1741 1149 fideliter
1758 1130 1821 1158 aga-

1039 1174 1084 1202 pes
1096 1185 1105 1196 ,
1128 1163 1196 1191 idest
1206 1184 1214 1195 ‚
1237 1162 1369 1191 convivia
1381 1172 1529 1200 pauperum
1540 1160 1672 1189 exhibent
1682 1182 1689 1193 ‚
1712 1163 1739 1189 ὃ(
1762 1170 1826 1198 pro-

1039 1215 1099 1243 pter
1107 1203 1244 1232 honorem
1256 1202 1374 1231 Domini
1385 1212 1542 1230 convocant
1553 1202 1647 1229 fratres
1660 1222 1668 1234 ,
1688 1205 1714 1230 ὅ(
1728 1201 1825 1229 nolue-

1040 1246 1077 1273 rit
1087 1245 1287 1272 communicare
1297 1242 1486 1279 huiuscemodi
1495 1242 1750 1275 convocationibus,
1764 1252 1825 1279 par-

1039 1286 1212 1323 vipendens,
1235 1283 1310 1322 quod
1329 1284 1450 1322 geritur,
1474 1282 1617 1311 anatliema
1629 1282 1679 1313 lits
1703 1285 1715 1313 ]
1730 1282 1824 1311 Alcia-

1040 1336 1080 1354 tus
1092 1336 1158 1355 vero
1171 1348 1177 1359 ‚
1200 1323 1499 1353 lib.1³raetei·miss'0rum
1509 1345 1517 1356 ,
1547 1335 1570 1351 i.
1580 1322 1611 1352 in
1620 1322 1684 1350 dict.
1695 1325 1804 1362 Agapes
1815 1343 1825 1356 ,

1041 1368 1110 1396 male
1122 1366 1250 1407 opinatur
1261 1369 1378 1403 Lapinas
1387 1365 1432 1394 hic
1442 1365 1593 1404 legendum
1605 1385 1613 1397 ‚
1637 1368 1665 1393 ὃ(
1683 1374 1741 1392 non
1751 1367 1827 1401 Apa-

1039 1419 1086 1447 pes
1096 1429 1104 1436 .
1117 1414 1129 1443 [
1143 1409 1190 1437 Ad
1200 1407 1363 1436 convivium
1376 1428 1383 1439 ,
1394 1406 1468 1445 quod
1479 1416 1563 1444 agape
1575 1403 1684 1435 dicitu-r,
1697 1408 1724 1431 ὃ(
1735 1408 1827 1432 Euan-

1040 1449 1135 1489 gelista
1147 1447 1232 1487 Σοχῖιὺ
1239 1448 1404 1486 appellavit.
1426 1446 1525 1476 Const.
1538 1444 1635 1483 Apost.
1645 1453 1704 1482 cap.
1719 1455 1731 1472 2
1740 1448 1764 1471 8.
1775 1443 1825 1472 lib.

1042 1502 1068 1519 2.
1080 1494 1090 1521 ]
1104 1490 1146 1518 ubi
1158 1500 1207 1528 pro
1217 1489 1341 1518 omnibus
1353 1487 1476 1517 Ecclefiae
1488 1485 1614 1525 gradibus
1632 1483 1773 1523 quor-nodo
1783 1483 1826 1512 di-

1041 1530 1168 1559 videndae
1180 1531 1233 1559 fint
1245 1529 1387 1568 portiones
1407 1526 1546 1566 disponit:
1569 1527 1607 1560 ΙΙΗ
1622 1536 1628 1553 ;
1652 1528 1694 1554 Ac
1715 1526 1826 1567 Sciiiftiis

1040 1572 1168 1600 Paulinus
1186 1570 1284 1601 Aletio
1304 1569 1421 1598 scribens
1434 1591 1441 1602 ‚
1463 1570 1518 1605 ejus
1539 1565 1774 1605 magnificentiam
1796 1574 1826 1592 in

1041 1612 1203 1640 funeralibus
1213 1610 1305 1650 azgapis
1316 1622 1365 1649 pro
1379 1610 1480 1639 Rufina
1489 1607 1615 1637 uxorein
1624 1606 1734 1635 Basilica
1745 1605 1826 1634 Vati-

1040 1663 1106 1680 cana
1126 1652 1282 1683 celebratis,
1307 1652 1387 1680 valde
1405 1648 1599 1679 commendam
1622 1647 1655 1676 fic
1673 1647 1749 1674 enim
1767 1645 1823 1674 ait:

1044 1700 1056 1728 [
1070 1695 1203 1721 Parronos
1211 1694 1363 1720 animarum
1373 1692 1526 1720 nostrarum
1538 1697 1666 1729 pauperes
1679 1709 1686 1720 ‚
1708 1687 1755 1725 qui
1766 1696 1823 1714 tota

1043 1736 1136 1763 Noma
1156 1734 1252 1771 stipem
1272 1734 1403 1762 meritant
1415 1754 1422 1765 ,
1444 1729 1652 1760 multitudinem
1670 1727 1701 1755 in
1722 1727 1826 1756 Aulam

1043 1775 1173 1812 Apostoli
1183 1774 1356 1813 congregasti
1367 1794 1374 1801 .
1395 1773 1494 1801 Pulcro
1505 1770 1631 1809 equidem
1642 1777 1721 1796 tanto
1731 1767 1825 1805 operis

1039 1817 1083 1844 tui
1096 1815 1248 1853 spefiaculo
1257 1813 1351 1852 pascor
1361 1834 1368 1841 .
1392 1812 1496 1842 Videre
1504 1812 1579 1840 enirn
1591 1808 1659 1837 milii
1673 1809 1771 1837 videor
1782 1817 1825 1837 to-

1041 1865 1067 1885 ta
1077 1857 1124 1885 illa
1135 1854 1263 1894 religiosa
1275 1853 1430 1882 miseranda
1441 1853 1527 1891 plebis
1538 1850 1663 1880 examina
1676 1871 1683 1882 ,
1693 1850 1757 1877 illos
1767 1849 1824 1886 pie-

1042 1898 1105 1928 tatis
1115 1896 1218 1925 divinae
1231 1896 1358 1923 :iliimnos
1368 1894 1451 1923 tantis
1461 1895 1576 1921 influere
1588 1890 1696 1930 penitus
1705 1890 1824 1928 agmini-

1041 1938 1126 1967 busin
1135 1935 1326 1976 amplissimam
1337 1935 1450 1974 gloriosi
1461 1934 1537 1963 Petri
1546 1932 1684 1961 Bsililicam
1696 1952 1704 1963 ,
1724 1940 1756 1957 ut
1775 1940 1825 1967 pro

1038 1979 1125 2017 jannis
1135 1978 1196 2006 atrii
1208 2000 1215 2010 ‚
1238 1982 1265 2005 ὃ(
1277 1987 1327 2015 pro
1339 1977 1464 2015 gradibus
1483 1973 1571 2012 campi
1582 1971 1668 2011 spatia
1685 1972 1825 1999 coart‘ten-

1040 2030 1084 2047 tur
1095 2040 1103 2052 ,
1125 2019 1202 2056 epist.
1227 2023 1271 2046 81.
1284 2020 1294 2048 ]
1308 2018 1435 2046 Solebam
1454 2014 1584 2044 celebrari
1604 2013 1671 2041 etim
1693 2011 1752 2049 post
1764 2010 1826 2038 snii-

1040 2058 1182 2088 eiiislimam
1195 2058 1436 2087 Communionem
1448 2078 1455 2090 ,
1479 2062 1492 2091 [
1505 2054 1666 2093 Antiquitus
1685 2062 1744 2079 mos
1767 2061 1826 2080 erat

1039 2100 1101 2139 post
1119 2099 1346 2128 communionem
1364 2099 1525 2126 divinorum
1547 2093 1741 2137 mysteriorum
1763 2103 1826 2120 coe-

1041 2141 1212 2180 pulationes,
1236 2144 1264 2168 δ(
1279 2139 1498 2178 compotationes
1508 2137 1585 2169 fieri,
1607 2134 1738 2178 divitibus
1760 2143 1827 2175 epu-

1040 2184 1078 2211 las
1087 2181 1338 2220 suppeditantibus,
1360 2191 1390 2209 ac
1408 2188 1539 2218 praeterea
1558 2184 1731 2215 pauperiores
1751 2182 1826 2216 invi-

1041 2223 1157 2251 tantibus
1167 2242 1174 2249 .
1197 2222 1300 2250 Zorinr.
1327 2221 1356 2249 in
1383 2232 1442 2249 caii.
1461 2232 1509 2255 74.
1525 2218 1634 2248 Trull.]
1656 2217 1701 2244 De
1721 2217 1826 2252 Agapis

1042 2263 1208 2292 solemnibus
1218 2272 1268 2300 pro
1280 2262 1458 2290 Ecclefiarum
1468 2258 1684 2290 dedicationibus
1703 2257 1742 2285 D.
1752 2257 1823 2297 Ore*

1041 2305 1135 2343 gorius
1144 2305 1265 2342 loquitur
1276 2324 1284 2335 ‚
1307 2302 1353 2331 lib.
1369 2314 1390 2331 i.
1401 2302 1479 2341 epist.
1505 2312 1548 2336 ¹4·
1565 2299 1609 2329 ubi
1620 2300 1703 2328 Petro
1714 2294 1826 2324 SUbdm-

1041 2356 1116 2376 tono
1128 2343 1271 2374 necefi‘aria
1280 2354 1331 2383 pro
1340 2344 1470 2374 similibus
1477 2342 1618 2375 conviviis
1627 2339 1660 2370 ad
1670 2335 1827 2370 dedicffloe

1720 2385 1783 2406 nem
