1866 2526
395 62 515 107 A‘D

1193 58 1307 100 AD
1592 68 1643 109 25

52 119 136 157 'verb-
145 123 181 160 ό·
189 123 298 156 crucam
308 127 340 154 in
344 122 439 163 fronto
449 125 589 162 imprime.-
591 122 634 162 fic
643 123 717 151 enim
726 131 778 151 non
789 128 855 149 tan·
875 121 890 136 ⁴¹
911 121 1022 150 Auru
1033 135 1042 145 ι
1065 114 1240 146 Universum
1250 112 1400 145 Sanfluarii
1410 112 1528 152 spatium
1546 120 1625 153 (quo
1633 113 1702 144 alta·-

53 171 118 196 τήν,
141 166 218 196 homo
239 176 402 198 occurrens,
424 175 526 194 verum
544 175 594 193 nec
602 165 658 202 ipse
677 163 803 192 diabolus
827 169 854 189 te

52 208 220 246 quidquam
233 209 326 237 ledere
341 209 464 244 poterit,
487 216 550 234 cum
566 205 610 233 his
632 214 660 232 te
680 213 790 232 cernens
810 213 856 230 ar-

59 250 113 275 mis
132 248 236 287 ubique
256 255 433 286 apparentem
445 265 452 273 .
475 247 512 275 In
522 245 596 274 hunc
619 245 733 273 modum
743 243 856 282 Chryso-

52 289 160 324 stomns
172 289 303 318 homines
312 287 461 320 admonet,
483 296 513 316 ut
532 285 663 315 solemnis
682 282 856 324 profeffionis

61 328 147 361 fidei,
169 333 198 359 ὅ(
219 328 406 368 stipulationis
425 328 454 356 in
472 326 634 366 baptismate
653 348 660 359 ,
683 336 735 365 qua
755 324 853 354 satanae

60 372 251 400 renuntiarint
274 392 282 403 ,
313 371 419 407 Christo
430 379 483 407 que
504 367 532 396 sc
551 367 762 408 adscripserint,
785 375 853 394 tam-

57 419 140 449 quam
159 412 261 450 optimi
281 410 405 439 antidoti
426 407 555 437 adversus
575 416 717 447 peccatum
735 411 763 436 δ(
780 405 853 444 peri-

57 450 150 480 culum
164 452 290 492 quotidie
300 451 481 480 recordentur
492 471 499 477 .
522 450 626 484 Quibus
635 458 696 478 tum
707 447 774 479 ille,
794 455 852 474 nun

59 492 176 529 Ephrem
203 500 284 530 Syrus
315 493 387 521 hanc
414 492 532 519 multum
550 490 687 519 momenti
705 488 852 517 habentem

60 530 312 563 considerationem
325 533 492 571 subjungunt
505 553 513 564 ‚
530 530 642 569 quando
653 530 699 558 hic
708 550 716 562 ,
728 530 761 557 de
772 529 852 557 abre·

59 583 142 602 nunr.
164 576 238 613 bapt.
258 573 368 612 inquit:
391 578 473 601 Hanc
491 575 731 600 renuntiationem
749 568 850 607 Angeli

58 618 88 642 in
102 615 168 644 hora
177 615 355 652 baptismatis
368 614 519 653 scribunt.-
540 612 592 641 bac
610 612 714 641 anobis
723 609 848 639 omnibus

60 654 230 693 Christianis
248 654 365 694 confeffio
373 654 609 691 exigeturjudicii
627 659 742 690 tempore
753 671 760 678 .
778 653 850 679 scri-

57 703 142 733 ptum
166 699 241 724 enim
262 697 316 733 est:
337 696 419 735 Quia
439 705 474 723 ex
494 695 587 722 verbis
608 697 667 722 tuis
685 692 850 729 justificabe-

60 738 102 763 ris
113 749 125 770 ,-
148 737 183 771 όι
194 737 305 773 rurfum
314 737 441 764 dominus
451 736 541 764 dicit:
566 739 610 763 Ex
621 745 663 762 ore
674 742 721 761 tuo
730 742 756 760 te
774 732 851 768 judi·

59 786 107 807 to,
124 778 207 814 serve
226 786 364 815 nequam:
385 775 440 805 Ille
463 785 552 804 :tutem
575 780 587 808 (
607 774 740 812 chrysost.
759 777 772 806 )
793 772 848 800 ait:

61 819 120 845 Hoc
140 820 230 854 igitur
258 818 404 845 dicamus.-
428 817 605 846 Abrenuutio
632 816 685 843 tibi
697 836 705 848 ‚
722 815 848 852 satana,

61 862 210 895 tamquam
221 859 251 884 in
261 857 314 886 illa
326 859 370 885 dte
380 858 464 892 hujus
480 861 556 886 vocis
578 859 713 885 rationem
723 856 849 883 redditu-

62 899 87 924 n·
99 919 108 930 ‚
130 898 166 931 ό·
176 898 265 935 ipsam
276 899 460 935 custodiamus
472 920 480 931 ,
502 898 659 935 utsalvum
672 906 740 924 tunc
752 896 849 924 redda-

67 948 128 966 mus
147 936 316 977 depofitum.
339 939 580 974 Quemadmodum
602 937 688 976 igitur
706 935 778 964 nihil
801 946 850 974 po-

57 987 129 1008 terat
147 978 317 1012 effeffllius,
339 990 419 1019 quam
441 980 500 1008 haec
517 977 670 1017 disciplinae
691 976 850 1006 ecclefiasti-

63 1029 103 1046 επ
123 1030 182 1058 pars
195 1041 202 1052 ,
229 1030 282 1058 qua
301 1020 455 1049 istiusmodi
475 1021 588 1059 publicae
617 1018 800 1047 confessiones
821 1021 848 1046 ὃς

63 1059 190 1098 promiss'a
207 1061 238 1088 ab
256 1061 380 1089 omnibus
392 1083 399 1093 ,
422 1070 569 1099 antequam
587 1059 740 1088 adCliristi
759 1057 848 1087 domi-

63 1100 142 1128 nium
154 1101 300 1129 uanfirem
314 1122 323 1134 ‚
333 1101 543 1140 requirebantur
554 1112 561 1132 ;
584 1099 648 1134 (uti
657 1099 765 1128 domini
776 1121 783 1131 ,
802 1098 848 1136 qui

62 1138 155 1169 servos
173 1141 300 1169 emebant
312 1163 319 1174 ,
341 1143 418 1170 Idem
439 1143 506 1169 ibid.
536 1151 603 1173 ene,
624 1140 673 1178 qui
694 1140 849 1168 vendeban-

62 1189 110 1208 «ωι-
123 1203 130 1214 ‚
154 1182 228 1220 prius
249 1181 420 1220 interrogare
438 1180 581 1214 solebant,
603 1190 642 1209 en·
660 1179 765 1208 servire
788 1180 848 1217 ipsis

63 1221 177 1253 velint)
199 1222 236 1248 ita
254 1219 326 1250 nihil
346 1231 455 1260 poterat
475 1220 525 1250 esse
546 1221 633 1261 magis
653 1220 827 1249 necessarium
841 1243 847 1253 ‚

62 1270 143 1299 quam
152 1271 182 1290 ut
191 1259 322 1300 promissa
343 1263 440 1291 animis
457 1261 606 1290 hominum
624 1271 771 1300 numquam
791 1272 848 1290 non

61 1302 283 1333 inculcarentur,
305 1314 335 1332 ut
357 1303 459 1332 intimo
479 1303 674 1342 obligationis,
697 1312 748 1340 qua
770 1312 848 1331 tene-

64 1343 160 1386 bantur
171 1365 179 1377 ‚
189 1341 269 1370 sensu
280 1343 387 1383 semper
396 1344 613 1383 percellerentur
622 1365 630 1376 ,
650 1354 664 1372 a
676 1353 726 1382 qua
736 1353 767 1372 re
780 1343 847 1372 adeo

62 1393 148 1411 totius
162 1384 226 1412 vitae
238 1381 358 1420 ipsorum
369 1386 440 1414 ratio
450 1407 458 1418 ‚
480 1389 508 1414 ὃ(
517 1383 685 1423 sempiterna
703 1394 799 1414 eorum
809 1383 848 1412 sa-

63 1425 104 1452 lus
122 1424 155 1451 in
174 1424 221 1453 die
240 1426 337 1458 judicii
361 1426 513 1464 pendebat.

25 1466 178 1494 Ammmto
191 1487 199 1498 ‚
222 1466 337 1496 obscuro
347 1488 354 1494 .
369 1473 381 1501 [
394 1467 437 1494 Ut
449 1466 498 1494 etii
510 1467 583 1494 bono
593 1467 649 1494 alio
657 1475 831 1504 comparatur
841 1487 848 1498 ,

62 1507 90 1532 ὃ(
101 1505 158 1532 alio
166 1506 356 1538 adumbratum
379 1506 564 1535 nihilominus
580 1516 723 1535 remaneat
741 1507 772 1535 in
782 1507 848 1535 boni

63 1544 178 1587 nomine
190 1566 197 1572 -
219 1548 338 1576 Tertull.
357 1548 391 1575 de
404 1547 507 1576 Exhor.
516 1547 579 1577 cast.
592 1558 650 1586 cap.
670 1558 696 1585 3.
708 1550 721 1579 ]
735 1558 764 1575 ac
776 1547 850 1575 idem

65 1584 147 1612 alibi:
174 1588 384 1619 [Petulantiam
402 1599 417 1616 a
439 1588 571 1617 modestia
591 1588 794 1621 adumbratam,
816 1588 850 1616 de

66 1626 155 1662 Spe&
168 1635 226 1665 cap.
238 1630 291 1664 9.]

24 1667 231 1708 Anyocnru.
257 1670 313 1696 FR-
334 1678 419 1707 genus
441 1667 532 1697 feudi.
556 1669 736 1703 [Advocatia.
758 1670 851 1707 Impe-

65 1715 99 1733 rii
108 1727 117 1738 ‚
139 1705 250 1749 Chron.
263 1708 356 1737 Calin.
367 1709 413 1737 lib.
426 1721 453 1744 4.
465 1719 523 1747 cap.
543 1719 557 1746 3
567 1719 592 1744 5.
603 1709 727 1738 Bonisac.
747 1709 777 1738 in
788 1709 850 1738 hist.

64 1745 172 1774 Tarvxs.
183 1752 211 1776 δ(
223 1748 254 1776 in
265 1749 427 1777 comment.
439 1750 474 1777 de
487 1749 573 1778 feudis
584 1751 700 1778 Venetis
711 1771 718 1783 ,
729 1759 792 1789 pag.
804 1758 850 1785 ος.

64 1789 92 1814 δι
103 1797 150 1817 71-
163 1787 236 1827 leges
248 1788 366 1818 feudales
377 1789 411 1818 de
431 1800 495 1828 pace
515 1789 618 1819 tuenda
628 1811 636 1823 ,
659 1791 685 1822 §.
697 1790 852 1830 quicunque

66 1826 266 1857 Advocatiam.
290 1832 303 1861 ]

26 1868 230 1902 ΑυνοςΑτιο,
251 1871 547 1908 penesTentullianum
560 1892 568 1904 ‚
593 1882 651 1900 non
672 1882 734 1900 raro
755 1871 853 1901 conso-

65 1906 198 1950 lationem
210 1910 342 1949 significat
352 1933 360 1944 ‚
373 1911 447 1950 quod
458 1922 472 1940 a
483 1912 568 1940 verbo
579 1922 670 1950 graeco
681 1908 854 1948 ωἶρῥιλῃσπς

65 1946 204 1989 trahitur,
223 1952 298 1988 quod
318 1952 396 1980 fimul
417 1951 637 1981 consolationem
655 1975 663 1985 ‚
686 1957 713 1981 δε
737 1953 854 1981 advoca-

68 1996 174 2030 tionem
185 1990 318 2028 fignificat
329 2013 336 2020 .
357 1998 370 2027 [
381 1994 478 2031 Itaque
491 1993 588 2022 talibus
599 1997 625 2021 Ex·
637 1993 786 2022 advocatio
797 2015 805 2026 ,
827 1997 854 2022 &

66 2026 134 2056 risus
145 2031 336 2067 promittitur,
345 2033 393 2061 lib.
403 2033 437 2062 de
447 2034 583 2072 poeniten.
596 2044 653 2072 cap.
669 2045 709 2062 ιι.
724 2037 735 2065 ]
750 2034 854 2063 Eodem

66 2066 145 2098 sensu
157 2068 217 2113 usus
226 2070 265 2098 est
275 2073 472 2114 yerboAdvoco
483 2096 490 2107 ,
513 2084 543 2103 ut
566 2074 612 2102 lib.
623 2085 650 2112 3.
660 2074 852 2103 adverssMarc.

67 2118 92 2136 t·
108 2121 150 2145 ⁸4·
162 2110 208 2153 ubl
227 2111 360 2150 leglmus:
377 2115 526 2144 Advocate
534 2115 712 2153 languentes.
735 2117 770 2144 In
788 2117 853 2154 Jure

64 2150 275 2187 canonico-Ius
286 2153 477 2184 advocationis
499 2155 619 2188 dicitur,
642 2156 716 2194 quod
737 2167 786 2184 nos
805 2157 852 2194 Ju-

67 2187 239 2233 spatronatus
250 2193 416 2230 appellamus
428 2217 436 2228 ‚
457 2199 485 2224 ὅ(
494 2197 660 2227 ,advocatus
683 2197 704 2224 is
715 2197 800 2225 etiam
809 2197 851 2224 di-

68 2238 140 2272 citur
149 2252 158 2264 ,
179 2232 213 2261 ad
222 2243 304 2272 quem
315 2231 416 2276 spefiat
428 2235 592 2273 praesentare
603 2257 610 2268 ,
632 2237 678 2264 vel
689 2238 833 2266 nominare
843 2261 851 2271 ‚

66 2268 172 2314 sflllfet
184 2293 193 2304 ‚
207 2283 346 2316 'patronus
354 2273 429 2312 ipse.
450 2277 524 2305 Vide
543 2277 576 2305 de
590 2278 741 2306 Advocaxis
754 2278 852 2307 insiliis

65 2311 311 2348 lignificatiombus
330 2315 360 2342 in
372 2316 455 2344 verbo
466 2316 597 2355 Defensor
611 2339 618 2346 .
641 2319 833 2348 Conclamator
844 2340 850 2346 .

67 2352 300 2397 Admaniculator
309 2375 317 2382 .
339 2357 552 2396 Mamburgmm
564 2377 571 2386 .
582 2360 743 2388 Paraclttus
755 2378 763 2385 .
773 2360 851 2388 Scho-

61 2391 178 2427 institas
190 2413 197 2421 .
218 2399 369 2436 Tanganus
379 2416 387 2425 .

915 171 964 194 re,
987 157 1207 199 presbyterium,
1229 157 1422 188 diatonicum,
1444 158 1472 184 δε
1497 154 1595 183 chorus
1621 165 1700 184 com-

913 199 1156 240 prehendebatur)
1177 198 1364 227 cancellorum
1381 194 1517 225 beneficio
1538 196 1700 226 conclusum

909 242 1056 274 omnibus,
1079 251 1178 278 proeter
1188 239 1334 272 Clericos,
1359 247 1485 275 tempore
1506 236 1599 265 divini
1611 236 1699 265 officii

913 282 987 312 suiffe
999 280 1155 310 inaccessum
1168 302 1176 313 ‚
1198 282 1292 310 auctor
1312 279 1351 308 est
1363 278 1517 316 Eusebius,
1538 277 1557 305 l.
1574 287 1617 305 io.
1635 287 1658 304 c.
1669 287 1698 311 4.

909 323 1072 353 Concilium
1090 324 1292 354 Laodicenum‚
1315 331 1339 349 c.
1349 331 1397 356 44.
1417 327 1553 347 canonem
1565 340 1573 351 ,
1594 315 1699 356 specia-

909 365 960 394 tim
971 363 1082 393 scminis
1093 363 1306 392 interdicentem
1318 383 1327 395 ,
1350 371 1386 390 ne
1404 360 1439 389 ad
1461 356 1631 397 θυσιαςιῖριον
1650 358 1697 386 in-

908 405 1071 444 grediantur
1082 426 1090 439 ,
1112 404 1191 433 habet
1203 424 1209 431 .
1233 407 1268 432 Et
1277 403 1345 432 alius
1354 401 1466 440 quidam
1483 398 1604 436 ejusdem
1616 400 1643 428 C
1644 409 1697 427 on-

906 446 965 474 cilii
977 468 985 479 ‚
1006 458 1029 475 c.
1047 456 1188 482 19.c:in0n
1199 443 1413 484 generalioribus
1425 441 1514 471 verbis
1533 439 1599 469 solis
1618 440 1698 478 ''tp-*t-

908 487 992 523 τικῖις
1009 488 1111 516 ibidem
1120 486 1321 515 communicare
1333 483 1490 523 permittit.
1513 483 1578 520 Quo
1599 481 1630 509 in
1651 491 1696 509 ca-

909 538 982 556 none
994 539 1041 567 per
1061 526 1107 559 τὲς
1126 523 1258 566 ιἐρανικρς
1269 525 1398 554 nonnulli
1409 534 1504 553 omnes
1514 521 1632 552 omnino
1640 521 1694 550 cle-

908 569 979 597 ricos
990 569 1136 597 inferiores
1147 577 1224 606 aeque
1241 577 1269 595 ac
1288 566 1460 605 superiorem
1484 565 1634 594 aliiautem
1650 560 1694 590 su-

910 611 1031 648 periores
1040 619 1147 638 tantum
1157 631 1165 642 ,
1184 608 1343 637 Sacerdotes
1353 607 1486 635 nimirum
1499 616 1528 634 :ic
1539 605 1694 637 Diaconos,

907 651 1029 690 intelligi
1040 661 1049 682 ς
1071 661 1166 679 omnes
1176 659 1244 678 vero
1253 647 1418 678 inferiorum
1427 647 1557 676 ordinum
1567 645 1693 678 clericos,

906 691 1092 720 subdiaconos
1104 713 1112 725 ‚
1134 692 1282 723 Lectores,
1305 699 1411 718 ceteros
1429 689 1461 717 ab
1469 686 1519 717 hac
1538 696 1614 726 parte
1633 696 1694 715 non.

906 733 1000 760 minus
1011 742 1092 770 quam
1103 732 1235 771 populum
1245 729 1369 759 exclusos
1380 727 1457 758 fuiss'e
1469 750 1478 762 ,
1501 727 1662 757 existimant
1682 747 1692 754 .

908 774 1177 811 Quomodocumque
1188 770 1264 800 resse
1284 770 1381 799 habeat
1392 792 1400 803 ‚
1423 770 1498 798 inter
1508 779 1604 798 omnes
1623 778 1692 796 con-

905 814 983 843 venit
996 836 1004 848 ,
1026 815 1159 853 populum
1171 813 1218 842 ista
1228 822 1309 842 aetate
1319 813 1409 841 locum
1420 811 1454 840 ibi
1467 811 1572 839 nullum
1584 806 1693 837 habuis-

903 853 931 884 se
942 876 949 883 .
971 855 1131 892 Ambrosius
1141 854 1301 893 permittere
1313 853 1440 881 nolebant
1451 873 1460 884 ‚
1482 861 1512 880 ut
1521 848 1580 888 ipse
1598 851 1694 886 Impe-

905 905 978 925 rator
988 896 1018 925 in
1029 895 1079 924 hac
1090 906 1168 934 parte
1179 894 1396 923 communicaret
1408 915 1416 927 ,
1439 892 1485 921 sed
1497 891 1585 931 ipsum
1603 889 1694 919 absce-

905 937 969 965 dere
977 937 1083 974 jubebat
1096 958 1103 970 ,
1127 936 1218 965 statim
1238 935 1309 964 acad
1328 935 1410 964 altare
1428 933 1503 962 dona
1521 930 1659 962 obtulisset
1679 943 1691 962 ς

905 979 1063 1007 Theodorei.
1073 979 1092 1006 l.
1105 989 1132 1013 4.
1142 988 1165 1006 c.
1180 982 1223 1006 18.
1245 977 1314 1013 Quae
1333 974 1505 1004 consuetudo
1515 984 1563 1013 per
1585 972 1692 1011 aliquot

903 1018 999 1047 sac-cula
1022 1019 1081 1057 post
1100 1018 1260 1047 continuam
1279 1017 1318 1045 est
1335 1037 1342 1044 .
1365 1015 1439 1044 Sicut
1450 1026 1483 1044 ex
1503 1016 1537 1043 iis
1558 1023 1692 1053 apparet,

905 1068 964 1098 quae
978 1059 1136 1097 Theodosius
1144 1058 1239 1096 Junior
1248 1057 1305 1096 ipse
1315 1057 1349 1085 de
1360 1056 1387 1084 se
1401 1055 1469 1084 dicit
1479 1076 1488 1088 ,
1499 1056 1577 1084 Edit.
1587 1054 1693 1084 Theod-

903 1101 941 1129 ad
963 1101 1066 1128 calcem
1077 1100 1234 1137 Conc.Eph.
1259 1100 1288 1126 in
1307 1097 1384 1127 Astis
1402 1096 1528 1125 Concilii
1545 1094 1669 1134 Ephesini
1680 1114 1695 1127 ,

902 1141 953 1169 Ad
967 1141 1054 1177 sacra
1071 1141 1198 1172 altaria,
1224 1142 1373 1177 inquiens,
1405 1147 1552 1166 munerum
1572 1143 1692 1164 tantum

903 1180 1096 1219 afferendorum
1119 1182 1204 1218 causa
1221 1180 1377 1208 accedimus
1390 1192 1397 1206 ;
1421 1177 1550 1216 &quum
1573 1179 1692 1205 circum-

897 1222 1007 1258 septum
1020 1223 1164 1259 sacrorum
1181 1221 1299 1259 adytum
1318 1218 1421 1257 ingressi
1434 1219 1534 1256 sumus
1553 1239 1560 1250 ‚
1585 1217 1692 1254 statim

904 1263 1058 1299 egredimur
1067 1274 1078 1295 J
1102 1273 1150 1291 nec
1161 1262 1315 1301 quidquam
1335 1271 1368 1288 ex
1375 1262 1530 1298 propinqua
1538 1260 1694 1286 Divinita-

905 1304 1017 1331 tenebis
1026 1314 1202 1341 arrogamus.
1224 1300 1379 1331 Praxihuic
1397 1296 1530 1328 consonat
1549 1298 1695 1327 decretum

904 1343 1030 1372 concilii
1040 1344 1172 1372 Trullam'
1184 1365 1192 1376 ,
1204 1354 1227 1371 c.
1239 1349 1287 1379 ⁶9·
1299 1341 1377 1371 Nulli
1387 1343 1512 1369 omnium
1526 1339 1613 1368 liceat
1622 1361 1630 1372 ,
1641 1340 1693 1378 qui

905 1384 1060 1422 quidemfit
1068 1387 1099 1413 in
1109 1385 1245 1413 laicorum
1255 1393 1376 1414 numero,
1387 1384 1467 1409 intra
1473 1382 1555 1419 septa
1560 1381 1636 1418 sacri
1648 1379 1692 1407 al—

904 1429 976 1453 tara's
987 1426 1094 1463 ingredi
1104 1447 1112 1458 ,
1130 1435 1309 1464 nequaquam
1319 1432 1414 1451 tamen
1423 1422 1457 1450 ab
1468 1433 1495 1449 eo
1501 1421 1642 1459 prohibita
1647 1426 1695 1457 pot

905 1467 1003 1503 testate
1012 1474 1047 1500 (5⁸
1058 1467 1225 1494 auc‘ioritate
1235 1463 1375 1502 imperiali
1387 1484 1395 1496 ,
1408 1462 1630 1501 quandoquidem
1642 1471 1693 1489 vo-

907 1507 993 1535 luerit
1005 1510 1131 1535 Creatori
1141 1507 1213 1534 dona
1223 1506 1316 1543 offerre
1325 1526 1333 1538 ‚
1356 1515 1390 1532 ex
1399 1503 1591 1541 antiquiffima
1599 1501 1691 1529 tradi-

907 1550 980 1575 tione
989 1567 996 1574 .
1021 1549 1114 1585 Atque
1126 1546 1193 1575 hinc
1203 1546 1252 1575 ista
1262 1544 1387 1574 Ecclefiae
1408 1553 1468 1582 pers
1479 1541 1573 1579 ἄβατα
1594 1545 1617 1581 ⁷&
1628 1539 1693 1571 5⁴:5⁰-

908 1598 940 1616 τοι
961 1588 1168 1620 aTheodoreto,
1192 1588 1210 1615 1.
1233 1597 1257 1622 5.
1276 1597 1332 1624 cap.
1357 1589 1399 1613 18.
1424 1584 1554 1621 Eusebio,
1576 1581 1698 1622 aliisque

908 1629 949 1657 Gr
957 1638 1021 1656 aecis
1037 1628 1217 1666 Scriptoribus
1229 1648 1237 1660 ,
1259 1631 1287 1656 δε
1305 1625 1411 1655 Latinis
1429 1626 1535 1658 adyta,
1557 1622 1611 1650 hoc
1633 1622 1692 1656 est,

908 1669 1059 1705 inaccessa,
1080 1669 1151 1696 dieta
1162 1669 1199 1696 cst
1212 1690 1219 1700 ,
1243 1667 1305 1705 quia
1317 1666 1369 1694 huc
1379 1664 1506 1693 accedere
1517 1663 1622 1701 populo
1632 1673 1692 1692 non

908 1709 1005 1737 licebat
1020 1729 1027 1736 .
1050 1710 1222 1748 Quamquam
1252 1706 1405 1736 notandum
1433 1705 1489 1736 est,
1511 1714 1562 1742 pro
1581 1703 1694 1733 diversa

909 1759 1065 1788 temporum
1075 1760 1104 1778 ac
1113 1751 1238 1778 Iocorum
1248 1749 1357 1777 ratione
1377 1744 1498 1774 diversas
1514 1744 1693 1773 conditiones

909 1790 960 1819 hac
975 1791 1006 1819 in
1016 1801 1044 1819 re
1053 1788 1196 1819 obtinuisse
1208 1810 1215 1817 .
1238 1791 1312 1818 Nam
1322 1785 1508 1825 :rmiquiffima
1519 1783 1692 1814 consuetudo

910 1831 980 1863 suit,
1001 1841 1031 1860 ut
1048 1841 1104 1860 tam
1124 1831 1197 1863 viri,
1219 1840 1300 1870 quam
1321 1828 1448 1856 mulieres
1468 1827 1502 1855 ad
1518 1827 1602 1854 altare
1613 1826 1691 1854 veni-

912 1881 973 1900 rent
986 1893 994 1904 ,
1017 1873 1108 1910 ibique
1117 1879 1349 1900 communicarent
1359 1890 1366 1901 ‚
1387 1866 1618 1906 quemadmodum
1635 1868 1692 1895 83-

913 1912 974 1941 culo
995 1913 1078 1941 tertio
1098 1913 1182 1941 moris
1208 1910 1282 1940 fuiss‘e
1309 1910 1438 1941 videtur,
1461 1917 1586 1946 tempore
1605 1928 1613 1940 ,
1635 1917 1692 1946 quo

911 1953 982 1981 vixit
993 1953 1137 1990 Dionysius
1147 1953 1361 1982 Alexandrinus
1373 1971 1381 1982 ,
1404 1950 1451 1988 qui
1468 1949 1503 1977 de
1516 1947 1600 1980 viriS,
1621 1952 1692 1976 Dio-

909 1995 966 2031 nys.
984 1990 1170 2030 apud'Euseb.
1190 1993 1207 2021 1.
1229 2003 1256 2025 7·
1275 2002 1299 2019 c.
1319 1999 1347 2027 9'.
1370 1993 1398 2018 ὃ(
1418 1989 1592 2022 mulieribus,
1616 1989 1692 2017 idem

910 2042 947 2071 ep.
959 2034 996 2062 ad
1007 2033 1122 2071 Bastlid.
1141 2045 1201 2062 αι.
1221 2033 1255 2060 ad
1273 2030 1376 2059 sacram
1395 2029 1516 2059 mensam
1535 2028 1694 2062 accedentis

912 2074 956 2102 bus
981 2074 1123 2113 loquitur.
1153 2074 1234 2102 Idem
1261 2081 1369 2111 quoque
1387 2070 1567 2110 privilegium
1587 2070 1693 2109 populo

910 2115 1070 2143 Galliarum
1081 2114 1185 2143 Saeculo
1196 2112 1276 2141 sexto
1286 2113 1424 2140 indultum
1433 2122 1490 2140 erat
1500 2132 1507 2139 .
1529 2111 1698 2141 Concilium

910 2156 985 2183 enini
1005 2159 1174 2184 Turonicum
1197 2153 1361 2186 secundum,
1382 2164 1425 2182 an.
1450 2153 1601 2181 DLXVII.
1624 2153 1695 2184 Sane·

908 2197 950 2225 &a
959 2197 1118 2225 Sanctorum
1130 2217 1137 2227 ,
1161 2205 1184 2222 c.
1196 2206 1222 2223 2.
1240 2194 1313 2222 laicis
1325 2215 1333 2227 ‚
1352 2197 1381 2223 δε
1393 2193 1504 2222 feminis
1514 2193 1547 2221 ad
1556 2193 1693 2221 orandum

907 2241 936 2266 ὃ(
955 2236 1214 2265 communicandum
1232 2234 1378 2263 oblationis
1394 2244 1518 2272 tempore
1539 2243 1630 2271 patere
1647 2236 1690 2269 ju-

907 2278 951 2306 bet
962 2289 971 2308 ς
994 2286 1156 2316 quamquam
1167 2276 1225 2303 aliis
1236 2276 1402 2314 temporibus
1411 2296 1420 2308 ,
1443 2276 1462 2303 fi
1473 2275 1549 2313 quod
1565 2273 1641 2302 aliud
1648 2271 1692 2302 of.

910 2318 1001 2346 ficium
1012 2328 1111 2355 praeter
1122 2316 1348 2344 communionem
1369 2324 1546 2354 perageretur
1556 2335 1564 2346 ,
1582 2315 1612 2343 in
1622 2313 1691 2342 cho-

906 2369 968 2386 rum
986 2367 1147 2390 cantorum,
1167 2356 1213 2384 seu
1231 2357 1304 2386 intra
1324 2356 1460 2384 cancellos
1480 2355 1631 2384 §anstilam
1647 2353 1691 2385 in.

905 2398 985 2439 gredi
999 2399 1066 2437 ipsis
1083 2397 1156 2427 haud
1175 2397 1253 2427 licuit
1263 2417 1270 2426 .
1293 2401 1334 2427 Ex
1347 2397 1442 2436 quibus
1463 2395 1544 2424 etiam
1555 2392 1669 2424 discitur
1683 2421 1693 2437 ‚

1581 2445 1641 2474 ‘³¹²²
