1866 2526
147 69 225 120 278
482 69 527 110 D
559 62 579 110 Ϊ

133 134 281 167 ηυιπςμιξιιῖη
296 121 334 154 χ311
344 123 404 155 aliis
412 128 528 158 Gazula
538 128 595 166 legi
614 127 768 165 Holstenius
780 125 905 156 observat
916 144 923 152 .

132 180 159 200 7.
169 170 266 205 Zygris
277 187 286 194 .

167 203 270 237 Praeter
278 206 357 235 'hasce
367 209 462 237 Carolo
472 221 490 237 a
506 215 530 238 S.
543 211 628 238 Paulo
637 209 741 248 septem
750 210 797 238 alii
818 205 923 246 cpisco-'

127 259 204 288 patus
214 249 354 288 inAEgypto
362 248 631 288 iacet-repositionis
640 249 921 279 observantuerante.

128 301 176 324 na,
186 290 884 328 Gavoea‚Flagonita,Cotenopolis‚Gazula‚Elefma
894 293 920 317 ὅ(

978 126 1094 158 insulam
1104 149 1111 157 .
1120 126 1207 158 Trans
1219 139 1286 159 vero
1295 131 1466 168 Euphratem
1476 143 1484 159 :
1496 129 1656 167 Osrhoenum
1666 133 1694 160 ὃ(
1703 137 1763 164 Μεὲ

971 172 1153 208 sopotamiam
1163 190 1170 198 .
1181 171 1306 210 Singulas
1314 170 1540 199 considerabimus
1550 191 1559 204 ,
1569 170 1636 200 &in
1647 181 1763 214 unaqua-

976 221 1029 250 que
1040 210 1184 248 provincia
1192 211 1321 239 dioeceses
1329 210 1527 242 recensebimus
1536 232 1543 240 .

1156 273 1314 301 SYRIA
1352 275 1534 302 Pinus.

128 331 264 373 Psjrnchas
275 349 281 357 .
303 333 342 359 At
355 340 421 358 vero
430 341 463 359 ex
474 330 518 359 his
528 332 648 369 quinque
661 340 788 368 corrupta
800 339 919 358 tantuin·
934 334 1112 372 Syriaprima
1121 328 1270 371 antiquitus
1279 332 1325 361 sex
1336 333 1465 362 dioeceses
1474 334 1577 366 habuit,
1589 337 1617 362 ὅ(
1627 332 1657 363 in
1669 346 1760 364 recen-

128 371 213 400 modo
225 370 339 399 nomina
349 369 456 404 habere,
466 375 493 400 ὃ(
505 376 634 400 Pantena
644 382 693 409 pro
705 375 828 400 Antinoe
839 381 846 400 ς
859 371 919 399 Fla-

127 415 227 450 gonita
236 422 286 450 pro
295 415 446 449 Fragonita
457 425 468 445 ‚-
482 413 592 449 Elesma
603 423 653 450 pro
664 413 791 450 Clisma3
804 411 919 441 Gazula

128 463 179 491 pro
188 454 318 490 Zagula;
337 453 508 492 &Psynchus
520 463 571 490 pro
589 453 762 492 oxyrinchus
781 452 835 490 legi
849 474 856 485 ,
876 462 916 479 re-

130 495 172 522 &e
183 502 263 521 notat
274 494 428 529 Holstenius
437 514 444 520 .
456 494 592 521 Paralum
603 494 696 525 etiam,
707 497 734 522 ὅ(
745 503 829 522 unum
840 491 917 521 duas-

128 544 163 563 ve
172 533 247 562 sedes
259 534 323 562 alias
332 533 370 561 bis
381 533 523 561 nominata
535 533 643 567 videri,
664 533 834 564 observamus
843 554 850 561 .
873 534 917 562 Ut

128 574 167 603 ita
184 573 344 603 universum
361 574 519 602 dioecesium
537 585 680 603 numerum
699 577 729 604 in
750 575 793 604 his
814 584 915 603 novem

129 615 283 654 provinciis
294 625 352 642 non
360 615 431 642 ultra
441 624 553 643 centum
564 614 707 644 ascendere
720 637 727 649 ,
747 617 828 646 liceat
838 615 916 643 nobis

126 656 246 691 judicare
256 676 262 682 .
275 657 397 684 Demiim
408 665 484 687 extra
494 661 650 685 Romanum
659 657 809 696 Imperium
821 678 829 690 ,
849 656 915 685 Ale-

126 697 300 724 xandrinum
311 695 495 725 Patriarcliam
504 696 681 735 respiciebant
691 699 828 736 AEthc'opes
840 719 847 730 ,
870 696 916 725 sub

127 740 254 765 Primate
263 737 319 765 sive
331 737 473 769 Catholico
483 736 533 765 suo
544 760 551 771 ,
560 742 588 767 ὃ(
598 749 631 767 ex
642 748 717 776 parte
729 740 791 767 Indi
803 760 811 771 ‚
836 747 915 775 atque

127 778 235 807 Arabes
246 788 253 808 3
263 776 310 807 sed
320 778 353 806 de
365 776 408 806 his
417 777 472 805 alio
483 778 544 807 loco
553 799 559 806 .
574 780 658 807 Nunc
669 789 752 807 unum
764 790 811 817 par
821 778 858 807 est
869 778 914 805 ob-

126 817 264 846 servemus
275 840 281 851 ,
293 819 368 857 quod
379 818 601 856 magnitudinem
612 819 707 848 hai-um
717 819 875 848 dioecefium
887 818 915 845 in

126 869 180 886 una
190 868 265 897 parte
276 863 385 897 AEgypti
407 859 485 888 valde
498 860 644 888 imminuet
655 882 663 894 ‚
680 860 733 888 hoc
745 861 783 889 est
795 882 802 893 ,
821 859 895 898 quod
907 880 914 891 ,

126 899 193 927 ficut
202 900 232 927 in
243 899 303 928 :iliis
312 900 430 938 partibus
441 901 518 940 regio
528 901 652 929 omnium
671 901 701 929 in
714 901 819 929 mundo
830 910 915 939 popu-

125 938 264 972 losissima,
275 940 313 969 ita
324 942 353 969 in
362 940 422 969 aliis
434 941 540 979 prorsus
549 941 687 970 deserta&
700 943 804 970 inculta
817 941 896 969 fuerit
909 960 915 966 .

125 980 265 1009 Civitates
278 982 514 1020 geiiei-atiinjuxta
525 983 584 1011 Nili
596 982 717 1011 fluminis
727 983 797 1020 ripas
808 982 914 1020 positae,

124 1020 172 1049 sed
183 1021 213 1049 ab
234 1031 350 1060 utroque
361 1023 443 1050 latere
455 1032 530 1051 extra
541 1035 568 1051 x.
593 1024 637 1051 vel
649 1034 696 1052 xx.
718 1023 788 1051 mill.
799 1021 915 1060 pasl'uum

125 1060 244 1100 spatium
256 1062 324 1091 vasti
346 1073 442 1091 monte
453 1068 479 1092 ὅ(
490 1063 651 1092 solitudines
661 1073 738 1092 erant
749 1085 757 1096 ,
778 1074 841 1102 quas
852 1063 916 1092 nul-

122 1103 165 1131 lus
176 1103 333 1131 mortalium
344 1103 480 1132 incolebat
493 1127 500 1137 ‚
512 1105 601 1132 donec
613 1126 621 1137 ‚
639 1104 725 1141 Orofio
735 1111 748 1139 [
758 1103 821 1132 hist.
832 1104 877 1132 lib.
890 1116 916 1136 7.

125 1154 148 1171 c.
160 1146 230 1182 33.]
252 1143 414 1173 observante
424 1166 432 1177 ,
451 1144 527 1173 hasce
537 1145 620 1173 vastas
637 1145 802 1173 solitudines
812 1144 915 1172 arenas?

127 1194 180 1222 que
189 1184 294 1212 diffusas
304 1207 311 1218 ‚
321 1195 383 1223 quas
394 1195 507 1224 propter
517 1186 589 1214 sitim
600 1197 627 1214 :ic
638 1186 809 1214 sterilitatem
820 1206 826 1217 ‚
845 1186 914 1222 peri-

128 1224 302 1263 culosamque
311 1225 468 1264 serpentum
478 1226 671 1255 abundantiam
682 1226 857 1254 conversatio
867 1225 902 1253 1111

127 1276 206 1294 manet
218 1276 274 1293 non
283 1266 369 1295 noss'et
380 1289 388 1299 ,
408 1277 505 1306 inagna
516 1266 698 1295 habitantium
720 1265 914 1294 monachorum

126 1307 288 1339 multitudo,
298 1307 398 1335 relictis
409 1308 565 1336 civitatibus
574 1306 761 1345 complevisset
771 1327 777 1333 .
792 1308 861 1335 Haec
871 1305 913 1334 so-

126 1347 277 1375 litudinum
287 1352 394 1388 AEgyptc'
404 1348 554 1386 descriptio
563 1349 690 1385 :iJosepho
702 1353 713 1381 [
726 1347 854 1385 antiquit.
868 1347 913 1376 lib.

129 1400 156 1416 2.
168 1398 190 1415 c.
205 1398 228 1423 5.
241 1398 283 1426 p.5
293 1393 317 1416 8.
330 1399 354 1416 c.
365 1389 433 1416 edit.
444 1390 550 1417 Colon.
562 1389 731 1418 MDCXCI.
743 1391 754 1423 ]
767 1388 913 1416 confirma-

125 1438 171 1456 tur
181 1450 187 1457 .
208 1429 357 1467 Scriptores
375 1430 456 1457 etiam
466 1429 620 1458 Christiani
631 1451 638 1462 ‚
659 1429 705 1467 qui
715 1430 748 1457 de
767 1429 822 1456 vita
833 1439 916 1467 agunt

126 1469 273 1497 monastica
285 1490 293 1502 ‚
303 1469 466 1498 solitudines
477 1470 537 1498 istas
546 1470 662 1498 curatius
672 1469 828 1498 describunt
840 1490 846 1496 .
858 1471 915 1498 Sul-

122 1513 215 1547 picius
235 1515 351 1538 Severus
361 1511 447 1549 prima
467 1512 552 1539 eremi
574 1510 602 1538 in
623 1511 762 1539 Thebaide
789 1510 875 1544 [dial.
893 1522 913 1538 1.

975 372 1088 401 rioribus
1098 377 1210 402 notitiis
1220 374 1341 412 quinque
1352 383 1456 403 tantum
1464 373 1693 413 deprehendimus
1704 387 1710 404 ε
1737 388 1759 405 i.

974 414 1131 443 Antiochia
1139 414 1311 452 Metropolis.
1321 425 1348 442 2.
1358 415 1480 450 Seleucia
1488 419 1589 444 Pieria.
1600 426 1625 453 3.
1639 421 1758 449 Berroea,

975 455 1061 492 vulgo
1071 454 1171 492 Aleppo
1180 476 1186 483 .
1209 466 1236 490 4.
1248 454 1359 483 Chalcis
1373 475 1380 482 .
1405 464 1430 489 ς.
1441 457 1576 493 Onorsata
1586 477 1594 488 ,
1613 458 1657 485 vel
1670 458 1759 495 potius

974 496 1140 531 Anasarta.
1165 502 1192 524 6.
1213 496 1324 524 Gabba:
1335 515 1342 522 .
1362 495 1467 531 Quibus
1483 497 1514 524 ab
1532 496 1666 532 Holstenio
1675 497 1758 526 etiam

974 535 1025 564 alia
1035 534 1144 564 additur
1156 559 1163 569 ,
1174 536 1245 564 dista
1255 536 1355 564 Palms
1369 557 1377 568 ,
1400 546 1479 574 quam
1490 536 1538 564 ille
1547 537 1636 564 minus
1648 538 1718 566 recte
1729 538 1758 566 in

972 577 1156 606 Theodoriade
1166 576 1233 615 potii
1245 577 1382 605 existimat
1395 597 1401 604 .
1421 577 1578 606 Antiochia
1599 587 1654 606 erat
1663 589 1715 606 una
1724 589 1757 607 ex

973 617 1142 655 amplissimis
1151 618 1222 646 orbis
1232 627 1362 645 terrarum
1372 617 1536 646 civitatibus.
1549 617 1758 657 Chrysostomus,

973 658 1020 695 qui
1029 657 1140 686 idoneus
1151 658 1350 697 magnitudinis
1362 658 1435 686 illius
1444 658 1527 693 judex
1538 656 1630 685 haberi
1650 659 1738 696 potest
1749 680 1757 691 ‚

972 699 1116 736 aliquoties
1133 699 1227 727 deceni
1247 699 1291 727 vel
1310 698 1415 737 viginti
1434 698 1573 733 myriades
1594 697 1690 733 [hom.
1713 704 1758 727 86.

974 739 1003 766 in
1031 738 1132 768 Mattli.
1150 750 1208 768 tom
1243 750 1265 767 i.
1286 749 1347 777 pag.
1370 744 1434 777 893.
1465 750 1487 766 c.
1517 738 1584 767 edit.
1603 739 1724 767 Francos.
1744 740 1758 770 ]

973 778 1025 807 hoc
1045 780 1083 808 est
1093 790 1202 808 centum
1218 780 1263 808 vel
1280 779 1397 807 ducenta
1419 779 1565 808 hominum
1586 780 1673 808 millia
1691 779 1758 807 inea

972 820 1111 848 contineri
1121 821 1199 849 dicit.
1210 820 1391 849 Territor‘ium
1401 830 1477 849 extra
1487 821 1631 849 civitatem
1642 821 1759 848 interio-

971 861 995 888 ri
1004 863 1058 896 ejus
1075 861 1259 900 magnitudini
1272 860 1453 899 respondebat
1463 872 1471 891 ς
1491 871 1553 889 nam
1573 861 1602 890 ab
1620 872 1671 889 una
1683 870 1759 899 parte

972 901 1073 929 itinere
1084 903 1158 930 bidui
1170 902 1214 930 seu
1226 901 1426 940 quinquaginta
1437 902 1506 929 mill.
1519 900 1580 940 pass.
1600 902 1633 930 ad
1644 902 1759 929 territo-

972 941 1042 970 rium
1054 946 1118 980 Cyri
1129 965 1136 976 ‚
1158 943 1202 970 ubi
1212 943 1392 971 Theodorerus
1408 952 1466 970 erat
1489 942 1630 980 episcopus
1640 965 1647 976 ,
1669 942 1758 979 forri-

970 980 1090 1020 gebatur.
1100 984 1197 1012 Strabo
1208 983 1270 1017 [lib.
1285 989 1327 1011 16.
1338 992 1401 1020 p.75
1412 994 1433 1010 i.
1447 993 1472 1020 p.
1481 993 1564 1019 ¹090.
1573 983 1641 1011 edit.
1654 983 1756 1013 Amst.]

969 1024 1044 1051 enim
1056 1022 1114 1051 haec
1127 1024 1181 1051 duo
1192 1023 1333 1051 territoria
1342 1023 1388 1051 fibi
1398 1023 1528 1061 contigua
1539 1022 1613 1050 fuiss'e
1624 1023 1693 1051 dicit
1703 1043 1710 1050 .
1722 1019 1757 1051 Ε’-

970 1074 1031 1092 rant
1043 1064 1122 1092 multi
1141 1063 1256 1103 grandes
1266 1063 1321 1092 vici
1341 1064 1370 1091 in
1381 1063 1428 1091 hac
1440 1063 1553 1102 regione
1569 1062 1668 1092 similes
1687 1064 1760 1091 urbi-

971 1105 1034 1135 bus5
1047 1114 1075 1132 ut
1087 1107 1202 1142 Daphne
1213 1105 1241 1132 in
1252 1103 1406 1133 suburbanis
1415 1104 1568 1134 Antiochia
1579 1116 1590 1137 5
1601 1105 1737 1132 Sindarus
1748 1125 1756 1137 ,

971 1146 1000 1173 in
1010 1145 1108 1173 sinibus
1118 1144 1195 1177 huius
1205 1145 1326 1173 dioecesis
1337 1149 1439 1185 Cyrum
1448 1166 1456 1177 ,
1466 1143 1511 1172 seu
1522 1146 1687 1184 Cyresticam
1698 1143 1757 1183 spe-

971 1187 1043 1213 chiis
1055 1186 1214 1224 regionem.
1234 1191 1344 1214 Berroea
1355 1190 1382 1215 ὃς
1393 1186 1504 1213 Chalcis
1523 1186 1666 1223 perampla:
1678 1195 1756 1213 erant

972 1225 1097 1253 civitates
1108 1248 1115 1259 ‚
1135 1226 1242 1264 viginti
1252 1225 1370 1263 passuum
1389 1226 1508 1253 millibus
1527 1226 1610 1254 alters.
1632 1227 1664 1254 ab
1674 1228 1756 1255 altera

971 1265 1101 1294 distantes
1112 1287 1119 1294 .
1130 1267 1253 1294 Seleucia
1263 1269 1357 1295 Pieria
1366 1267 1414 1294 sita
1422 1275 1478 1294 emt
1488 1264 1608 1294 sedecim
1620 1268 1689 1295 mill.
1700 1265 1755 1304 pas-

971 1305 1030 1334 sum
1041 1307 1071 1334 ab
1090 1307 1245 1335 Antiochia
1255 1305 1381 1334 deorsum
1401 1305 1492 1334 versus
1505 1306 1537 1333 acl
1555 1312 1685 1335 Orontem
1704 1308 1756 1335 flu-

971 1347 1066 1379 vium,
1089 1351 1115 1375 &
1126 1347 1250 1385 quinque
1271 1347 1391 1375 millibus
1412 1357 1425 1374 a
1438 1346 1505 1374 mari
1517 1367 1524 1379 ‚
1542 1347 1616 1384 quod
1626 1346 1688 1375 satis
1700 1355 1755 1374 erat

968 1387 1138 1415 territorium
1149 1387 1181 1415 :id
1191 1386 1341 1416 faciendam
1350 1387 1468 1426 amplam
1476 1387 1677 1421 dioecesim‚etsi
1686 1397 1756 1425 prio.

973 1437 1001 1456 re
1013 1428 1102 1456 multo
1112 1427 1274 1456 inferiorem
1284 1448 1291 1455 .

1160 1490 1283 1518 SritiA
1311 1491 1523 1519 SecuNDA·

125 1551 184 1589 cap.
205 1562 231 1583 7.
249 1561 272 1578 c.
298 1561 340 1589 13.
362 1551 430 1579 edit.
450 1551 522 1590 Lips.
543 1552 715 1580 MDCCIII.
735 1561 794 1590 pag.
817 1556 883 1588 398.
902 1549 1214 1592 ]syriasecunda‚scu
1223 1551 1374 1584 Salutaris,
1387 1561 1444 1589 pars
1454 1551 1539 1579 Coeles
1552 1560 1581 1578 ut
1591 1551 1755 1587 ‹St-superior,

126 1591 273 1619 duodecim
284 1600 390 1619 tantum
401 1592 521 1620 millibus
532 1603 544 1620 a
554 1593 615 1621 Nilo
627 1591 715 1619 statuit
729 1603 734 1622 ι
758 1602 861 1620 eremus
871 1603 916 1620 riu-

125 1641 181 1660 tem
192 1631 247 1669 ipsa
261 1632 403 1661 vastissima
414 1642 471 1661 erat
482 1653 488 1660 .
499 1634 599 1671 Neque
609 1633 790 1669 improbabile
800 1632 838 1660 est
850 1654 857 1664 ,
879 1633 914 1660 fc⁴

124 1683 153 1700 re
164 1672 308 1700 dimidiam
329 1677 438 1711 AEgpyti
450 1683 550 1711 partem
574 1683 653 1701 :irena
670 1676 698 1700 δε
719 1673 832 1701 desertis
842 1672 916 1701 fuisl'e

128 1712 263 1742 abscisslim
276 1735 283 1746 ‚
294 1724 354 1751 qux
366 1710 422 1742 coli
434 1725 491 1742 non
501 1714 620 1752 potuerit
631 1735 638 1746 ,
654 1723 702 1741 nec
714 1713 829 1752 proinde
840 1712 913 1741 habi-

126 1763 179 1782 tata
188 1753 221 1782 sit
230 1776 238 1786 ‚
257 1754 346 1782 donec
357 1754 485 1782 monachi
498 1776 506 1786 ,
528 1756 644 1783 inventa
657 1764 728 1782 nova
747 1754 863 1782 vivendi
875 1765 915 1781 rci-

124 1795 204 1822 tione
215 1817 222 1827 ‚
233 1794 387 1822 civitatibus
398 1795 511 1827 reliFtis,
522 1794 567 1823 hic
578 1796 634 1823 illic
643 1793 724 1832 sparsi
733 1794 914 1822 solitudinum

125 1835 226 1863 incolae
237 1834 380 1863 evaserint.
392 1838 484 1874 Atque
493 1835 545 1864 hoc
559 1836 643 1864 inodo
653 1834 782 1863 dioeceses
795 1840 914 1874 AEgipm.

124 1875 143 1903 fi
156 1876 266 1913 proprie
286 1875 319 1904 de
337 1874 476 1904 habitabili
497 1887 587 1905 earum
606 1886 682 1914 parte
702 1876 843 1914 loquamur
854 1897 861 1908 ,
883 1877 915 1904 rid

123 1916 212 1944 multo
221 1916 405 1955 angustiorem
416 1916 544 1945 ambitum
560 1917 722 1945 reducendae
736 1938 743 1948 ‚
754 1919 780 1944 δι
793 1927 840 1943 xv.
853 1918 915 1944 mil-

125 1957 161 1984 lia
173 1956 291 1994 passiium
300 1957 619 1996 generaliamplitudinis
630 1967 720 1985 carum
731 1955 862 1984 mensurae
876 1979 882 1989 ,
896 1958 913 1985 fi

124 1996 254 2025 summam
263 1998 386 2026 omnium
406 1999 575 2037 aequaveris,
594 1998 647 2026 hoc
665 1996 914 2034 sensuadfignanda

120 2047 200 2065 erunt
212 2059 217 2065 .

165 2100 497 2129 PATRIARCHATUS
533 2097 832 2130 ANTIOCHENUS

233 2141 276 2167 ΙΝ
298 2140 499 2169 Βιοέιεει
529 2142 759 2170 0111111113.

83 2199 228 2228 Proximus
239 2200 439 2230 patriarchatus
449 2201 486 2229 est
496 2202 687 2230 Antiochenus
699 2222 707 2233 ‚
726 2200 772 2239 qui
787 2205 798 2234 [
811 2210 911 2238 praeter

124 2241 306 2279 Palastmas]
329 2242 357 2269 in
368 2243 508 2269 Ονίεηῐιιίι
520 2242 638 2270 Dioeccfi
656 2241 787 2270 tredecim
797 2250 910 2278 provin-

124 2281 176 2308 cias
188 2281 314 2309 habebat:
336 2287 444 2319 Syriam
460 2290 582 2318 prtum»)
595 2304 601 2310 .
621 2286 726 2319 Syriam
740 2282 909 2318 secundam.

122 2322 336 2350 Theodoriadem
347 2342 353 2348 .
373 2323 544 2350 Phoemctasn
559 2330 696 2360 propriam
707 2344 713 2350 .
741 2322 909 2350 Pha-niciam

123 2363 241 2390 Libani.
264 2363 482 2399 Euphrateasem
495 2383 501 2388 .
523 2364 662 2391 Arabiam
675 2383 681 2389 .
702 2363 835 2391 Ciliciam
852 2371 908 2399 pri<

123 2413 199 2431 mam
213 2422 219 2430 ·
244 2402 378 2431 Cilictam
390 2403 563 2440 secundam.
587 2404 724 2440 (lizanum
744 2407 771 2431 ὃ(
791 2407 904 2440 Cyprum

970 1591 1089 1630 antiquis
1109 1592 1276 1630 temporibus
1295 1590 1398 1630 septem
1408 1591 1502 1620 habuit
1520 1590 1687 1629 episcopatus
1700 1611 1706 1622 ,
1728 1595 1757 1618 δε

970 1633 1097 1661 eumdem.
1107 1642 1248 1662 numerum
1260 1632 1289 1660 iri
1298 1633 1493 1661 recentioribus
1503 1635 1614 1660 notitiis
1634 1631 1755 1659 ecclesia-

971 1673 1042 1701 stitis
1059 1673 1216 1701 invenimus
1228 1693 1235 1699 .
1253 1674 1370 1701 Fuerunt
1379 1693 1386 1700 .
1412 1683 1433 1700 1.
1445 1677 1572 1711 Apamea
1583 1672 1616 1700 nd
1626 1677 1754 1699 Orontem

970 1714 1087 1742 fluvium
1098 1735 1105 1746 ‚
1116 1713 1290 1751 Metropolis.
1305 1725 1329 1742 z..
1343 1714 1501 1750 Arethusa.
1513 1724 1539 1751 3.
1550 1712 1715 1750 Epiphania.
1729 1723 1754 1746 4.

970 1755 1077 1791 Lariffa
1089 1775 1095 1781 .
1112 1765 1135 1789 5.
1148 1758 1286 1783 Mariana
1298 1755 1341 1783 vel
1352 1757 1512 1782 Mariamne
1523 1773 1529 1780 .
1549 1759 1575 1781 6.
1585 1753 1737 1790 Raphanaea
1747 1773 1754 1779 .

972 1805 998 1825 7.
1017 1795 1141 1823 Seleucia
1158 1798 1234 1830 juxta
1254 1794 1353 1822 Belum
1373 1795 1406 1821 al.
1423 1793 1605 1822 Seleucobelus
1617 1812 1624 1819 .
1643 1793 1688 1821 Ad
1708 1792 1756 1820 lias

970 1845 1078 1873 quoque
1087 1835 1165 1863 aliam
1179 1834 1305 1863 transfert
1318 1835 1636 1870 Holslenius,l3.ilenaeam
1646 1834 1756 1865 diuam,

970 1885 1004 1903 ex
1017 1875 1161 1913 provincia
1171 1876 1355 1904 Theodoriade
1363 1896 1370 1907 ‚
1393 1876 1423 1902 in
1432 1885 1482 1912 qua
1492 1875 1560 1903 male
1571 1874 1698 1902 collocari
1710 1884 1755 1911 pu.

971 1925 1010 1943 trit
1021 1927 1029 1946 ς
1040 1915 1086 1944 sed
1096 1916 1201 1944 fallitur
1212 1936 1219 1943 .
1239 1919 1395 1953 Apameam
1415 1915 1558 1943 civitatem
1575 1915 1754 1943 Theodoretus

971 1956 1062 1994 [epist.
1077 1967 1086 1985 1
1098 1959 1155 1994 i3.]
1169 1967 1254 1985 Lxxv.
1266 1956 1336 1984 mill.
1347 1955 1463 1994 palliuim
1473 1956 1504 1984 ab
1514 1956 1667 1985 Antiochia
1675 1954 1756 1982 dista-

968 2007 996 2024 re
1008 2018 1014 2029 ,
1026 1996 1105 2029 dicit,
1116 1996 1231 2025 habuisse
1241 2006 1331 2025 autem
1341 1997 1418 2024 illam
1428 1997 1548 2035 amplum
1557 1995 1691 2034 quoddam
1702 2004 1757 2022 ter-

969 2037 1096 2065 ritorium
1106 2060 1114 2070 ,
1126 2037 1281 2076 multosque
1300 2037 1374 2065 vicos
1384 2058 1392 2070 ,
1411 2048 1425 2065 e
1438 2037 1569 2066 strabone
1588 2042 1600 2070 [
1612 2035 1658 2066 lib.
1675 2041 1717 2063 16.
1729 2046 1754 2073 p.

969 2088 1036 2113 752.
1048 2088 1073 2115 p.
1082 2089 1090 2106 i
1098 2090 1134 2114 09
1142 2089 1165 2105 1.
1175 2078 1355 2109 editaAmstJ
1368 2077 1481 2116 aliisque
1492 2074 1757 2115 antiquissci·iptor1-

969 2119 1013 2146 bus
1023 2118 1148 2146 discimus
1161 2142 1166 2147 .
1179 2119 1285 2155 Larzffa
1294 2140 1301 2151 ‚
1314 2122 1441 2147 Ferraria
1452 2140 1459 2150 ,
1470 2116 1675 2157 quatuordecim
1687 2116 1756 2143 mill.

969 2158 1029 2197 pasl'.
1041 2159 1071 2187 ab
1082 2164 1207 2196 Apamea
1219 2171 1225 2190 ;
1239 2160 1382 2196 Arethusa
1390 2158 1507 2187 sedecim
1519 2158 1587 2186 mill.
1599 2158 1628 2185 ab
1640 2158 1758 2199 Epipha-

969 2203 1037 2231 πίας
1051 2201 1207 2237 Epiphania
1219 2211 1232 2228 a
1243 2200 1348 2236 Lariffa
1359 2199 1553 2238 duodeviginti
1564 2198 1633 2226 mill.
1646 2197 1706 2235 pafl-
1715 2197 1757 2225 di-

968 2241 1033 2268 stare
1044 2241 1173 2268 dicuntur
1184 2261 1191 2268 .
1212 2241 1256 2269 Ut
1267 2241 1335 2269 :ideo
1346 2241 1379 2269 ad
1390 2240 1535 2268 minimum
1555 2237 1662 2277 viginti
1672 2237 1757 2265 millis

969 2280 1087 2319 passuum
1098 2281 1249 2319 unicuique
1259 2282 1369 2310 dioecesi
1380 2281 1411 2310 in
1421 2281 1469 2310 liac
1479 2279 1625 2320 provincia
1636 2277 1756 2316 adsigna-

969 2323 991 2350 ri
1003 2321 1075 2361 posse
1085 2343 1094 2355 ‚
1103 2322 1291 2361 intelligamus
1303 2341 1311 2350 ·

1617 2441 1713 2472 Tui-Lof
