1866 2526
484 43 590 86 ΑΡ

118 115 185 136 num
195 103 430 136 Alexandrinum
436 98 688 139 Constantinopoli
699 100 822 138 Dioscori
838 97 902 128 suis-

115 147 145 177 se
161 146 370 185 Apocnsarium
395 143 536 176 affirmat,
558 152 613 181 quo
633 142 712 180 pasto
728 141 901 170 commodam

110 187 284 217 occasionem
297 185 387 214 na&us
395 185 429 213 sit
438 206 446 218 ,
468 194 498 212 ut
509 204 516 215 ,
529 192 640 211 mortuo
651 182 792 211 Flaviano
803 202 811 214 ‚
823 182 903 210 Con-

116 226 314 266 stantinopolis
331 224 480 264 Episcopus
501 223 651 262 eligeretur
663 244 670 250 .
695 225 729 251 Et
743 225 882 260 evagrius
893 243 901 254 ‚
919 225 1096 254 Aponium
1116 243 1125 251 ·

1250 41 1355 84 ΑΡ
1638 49 1691 97 69

957 99 1092 131 secretum
1105 99 1256 139 improprie
1266 98 1467 130 assimilentur,
1491 110 1548 129 non
1567 110 1660 131 tamen
1680 102 1742 130 sum

958 140 1134 179 synonymtu
1158 151 1220 170 nam
1230 139 1366 170 secretum
1386 139 1476 178 potest
1493 142 1629 175 revelari,
1649 146 1677 172 δι
1698 154 1743 182 pt=

958 182 1047 213 tes-ieri
1058 205 1066 218 ‚
1088 191 1115 211 at
1124 180 1267 211 obscurum
1279 191 1335 211 non
1345 182 1380 211 sic
1391 201 1398 207 ·

1146 223 1220 252 Vide
1240 223 1380 252 Peribolus
1394 243 1401 250 .

113 269 138 297 J.
149 279 178 303 4.
188 278 211 296 c.
224 278 237 305 3
246 273 271 297 8.
289 266 363 295 idem
382 266 418 294 de
429 264 568 300 Eutychio·
581 263 708 292 observat
718 284 726 296 ,
749 262 823 301 quod
840 271 901 306 cum
919 267 1116 294 Anomnson..
1140 263 1214 292 Vide
1225 258 1437 301 Completon'utix
1446 283 1459 292 ⁴

115 307 248 347 Episcopi
268 307 470 344 Amasenorum
491 303 555 333 ess'et
575 305 768 341 Apocrisarius
780 325 788 337 ,
810 303 901 332 statlm
918 308 1170 335 APOLLINARISTAE
1182 324 1189 332 .
1213 304 1414 333 FR.Haeretici
1427 326 1433 336 ,
1457 304 1504 343 qui
1514 314 1618 334 nomen
1628 304 1745 334 trahunt

115 348 176 387 post
187 354 323 378 Meamam
343 347 378 376 ad
398 346 482 385 regia:
493 345 616 373 civitatis
626 345 820 383 Episcopatum
837 352 902 372 eve-

114 390 172 418 ἂιις
183 389 215 418 sit
225 409 232 416 .
256 388 340 424 Quod
350 396 443 426 aperte
455 386 577 414 indicare
599 385 711 413 videtur
721 406 730 418 ‚
751 383 828 413 fuisse
838 393 901 412 eum

115 439 197 458 antea
215 429 250 458 de
276 429 372 461 clero,
394 426 527 465 siquidem
550 436 598 464 per
617 424 716 454 saltum
736 433 899 463 promotum

114 480 178 498 eum
201 468 253 498 esse
275 479 332 498 non
353 468 459 497 constat
479 487 487 494 .

115 510 221 543 fuerit,
245 511 274 538 in
296 508 396 538 horum
417 507 654 545 Apocrisariomm
666 505 783 543 Ecclesia
806 505 901 534 simili-

113 551 241 580 tudinem
264 551 392 588 pleraque
412 546 578 577 Monasteria
595 545 656 574 suos
677 545 776 575 itidem
796 544 902 576 habuis—

115 591 145 621 se
154 593 340 629 Apoci·1sarios
356 612 362 622 ,
385 597 502 628 quorum
518 597 577 616 non
586 596 643 616 crat
664 586 696 615 in
716 587 832 616 civitate
854 597 897 615 re-

118 633 163 671 gia
185 631 305 659 habitere
324 636 335 664 (
347 627 641 668 quemadmodumiujs
651 630 665 659 )
679 625 732 656 4Γικί
743 628 776 656 ad
788 627 901 667 Episco-

117 682 182 711 pum
195 693 203 704 ‚
225 675 298 708 cujus
308 669 494 706 jurisdictioni
515 667 660 701 suberant,
682 670 829 702 accedere,
852 669 902 697 ibi-

114 723 169 751 que
189 721 282 740 coram
303 721 356 744 eo,
379 718 584 748 procuratorum
604 717 681 737 more
703 730 712 742 ‚
743 709 903 739 Monasterii

114 752 221 781 causam
230 761 310 791 agere
323 772 331 779 .
345 752 408 780 Hoc
418 760 452 778 cx
463 749 515 779 alia
522 750 678 786 Iustiniani
689 751 822 785 Novella,
835 763 899 779 nov.

117 804 165 831 79.
175 804 199 821 c.
217 803 240 821 i.
259 801 353 830 patet,
375 801 435 830 quae
458 791 488 819 in
497 788 686 828 hujuscemodi
707 791 807 821 casibus
818 792 902 822 Asce-

116 842 155 863 tas
178 843 227 872 pei·
238 833 426 872 Aporrisarios
437 854 445 865 ,
467 831 514 860 seu
525 832 699 870 Responsales
719 832 779 861 suos
788 832 903 874 respon-

115 874 183 903 dere
196 875 268 911 jubet
279 895 288 902 .
311 877 345 902 Et
363 873 394 901 hi
409 882 620 911 nonnumquam
640 874 721 902 etiam
732 874 766 902 de
776 875 904 903 clerico«

115 924 177 944 rum
188 924 395 944 erant-nurnero
405 936 414 947 ‚
424 914 655 952 quemadmodum
667 925 701 943 ex
713 915 840 944 Concilii
853 926 904 956 ge-

958 346 990 374 ab
1000 345 1165 385 Apollinare
1176 366 1184 378 ,
1207 344 1256 383 qui
1266 344 1380 373 docebat
1393 344 1542 374 Chi-istum
1562 355 1672 375 carnem
1685 368 1694 380 ,
1716 350 1743 376 6<

960 397 1019 416 non
1028 386 1147 416 animam
1158 385 1188 415 in
1202 386 1397 414 incarnatione
1406 384 1543 424 sumpsisse
1555 407 1561 414 .
1585 398 1634 423 24.
1653 397 1699 426 qu.
1719 397 1745 424 3.

958 437 1017 457 can.
1029 438 1077 466 39.
1089 427 1164 456 Vide
1174 429 1331 455 Dimoerita
1342 447 1351 454 .
1362 430 1526 455 oeconomia
1535 447 1542 455 .
1689 439 1692 442 ¹

517 468 605 495 Porro
632 465 679 493 hic
699 464 901 494 observwdum
915 469 1075 497 AnoiooiA
1085 488 1094 501 ‚
1104 463 1256 505 &vromyla
1267 488 1274 499 ,
1286 466 1425 496 defensiva
1434 466 1573 506 responsio
1591 489 1598 500 ,
1609 467 1675 497 inde
1688 475 1749 505 αρσ-

957 509 1085 546 logeticus
1099 508 1168 537 liber
1188 508 1290 537 dicitur
1311 508 1377 540 ille,
1401 507 1430 536 in
1440 518 1495 547 quo
1505 508 1607 537 Sanstae
1619 509 1745 538 Ecclesiae

957 549 1078 578 defensio
1088 548 1247 577 continetur
1257 568 1264 575 .
1287 549 1313 577 S.
1324 548 1476 587 Gregorius
1489 547 1518 578 in
1527 552 1582 586 ejus
1593 550 1750 578 Sacramen-

957 589 1029 618 tario
1042 590 1227 627 Apologets'cas
1239 598 1320 617 vocat
1332 590 1434 627 aliquas
1451 590 1609 623 orationes,
1632 590 1697 628 quia,
1718 590 1748 618 in

959 630 997 658 eis
1011 630 1132 669 precibus
1143 630 1261 670 propria:
1272 629 1360 668 culpae
1371 651 1379 663 ‚
1403 634 1430 659 δ(
1445 630 1664 668 imperfectiones
1681 641 1750 659 con-

960 670 1075 701 fitentur
1087 683 1100 703 ,-
1124 670 1152 697 in
1162 670 1262 699 divino
1273 671 1350 699 enim
1359 670 1489 701 tribunali
1510 671 1583 700 nulla
1603 672 1642 699 cst
1664 675 1750 707 major

960 710 1101 743 defensio,
1123 720 1203 749 quani
1215 712 1334 749 propriae
1345 710 1523 740 conscientia-³
1546 711 1680 740 accusatio
1691 733 1698 745 ,
1721 715 1749 740 ὅ(

961 762 1038 781 reum
1048 751 1075 780 se
1084 751 1212 781 confiteri
1223 772 1230 779 .
1242 752 1343 780 Eadem
1353 753 1460 780 ratione
1474 753 1512 781 D.
1524 753 1683 782 Ambrosius
1692 761 1733 780 tra
1745 771 1747 773 -

961 793 1044 822 &atui
1055 816 1063 826 ,
1086 793 1116 822 in
1125 803 1180 831 quo
1200 791 1348 830 Prophetae
1360 802 1500 832 peccatum
1511 792 1684 821 manifestat.
1708 798 1750 821 De

960 834 1091 873 Apologia
1107 835 1212 863 David
1227 834 1340 862 titulum
1356 833 1463 872 posuit.
1492 835 1547 863 FR-
1566 833 1600 862 fic
1619 833 1681 862 dist.
1700 839 1748 865 76.

961 885 1019 914 cap.
1031 874 1099 904 scire
1109 874 1188 904 debet
1198 895 1205 902 .
1227 875 1254 905 §-
1265 875 1338 903 Item
1349 875 1377 903 in
1396 874 1539 914 APologia
1547 874 1654 903 David.
1678 873 1753 902 Vide

959 919 1161 945 Antitimmon
1171 936 1178 943 .
1202 916 1366 953 Hoplotheca
1376 936 1383 943 .
1406 916 1530 954 Prologus
1544 916 1674 953 galeatus
1686 935 1694 942 .

114 956 216 984 neralis
237 955 329 994 quinti
348 955 426 984 Αᾶίς
448 955 538 993 liquet
549 977 556 988 ,
579 955 623 983 ubi
632 956 754 984 Theonas
767 977 774 989 ,
797 959 851 985 πᾶ.
878 967 900 983 i.
921 959 1123 985 Amineum
1135 977 1142 984 .
1155 959 1234 989 Arca,
1247 955 1357 985 fortasse
1367 967 1400 985 ex
1409 966 1500 995 graeco
1512 956 1596 985 verbo
1605 953 1731 994 :2onin
1742 976 1749 987 .

115 996 297 1034 semetipsum
315 997 510 1031 Presbyterum
527 1000 556 1025 ὃς
576 997 786 1033 Apocn’sarium
807 1002 905 1025 Mona-

111 1038 193 1074 sten'i'
204 1040 304 1064 montis
317 1039 395 1064 Sinai
407 1036 528 1074 appellat
537 1055 545 1062 .
568 1037 711 1073 Interpres
725 1036 824 1065 latinus
834 1041 906 1066 Am-

122 1076 286 1114 bafiatorem
297 1085 359 1104 cum
372 1086 450 1104 vocat
464 1097 472 1109 ‚
495 1076 570 1114 quod
580 1076 645 1103 licet
658 1087 715 1104 non
732 1077 764 1105 sit
775 1077 843 1105 adeo
865 1087 905 1105 ac-

120 1117 303 1146 commodum
315 1137 323 1148 ,
345 1117 465 1155 quodam
478 1125 573 1144 tamen
582 1116 667 1144 modo
685 1127 742 1146 rem
754 1118 887 1156 exprimit
898 1138 906 1145 .

118 1156 241 1187 Succeflii
261 1157 337 1184 enim
366 1156 498 1194 temporis
515 1157 700 1200 Imperatores
719 1159 906 1194 Apocrisario-

120 1209 186 1227 rum
196 1207 298 1227 nomen
308 1197 406 1235 legatis
416 1196 472 1225 suis
483 1196 641 1224 tribuerunt
651 1219 658 1230 ‚
680 1198 766 1226 immo
776 1198 905 1236 quemvis

118 1240 239 1278 legatum
248 1237 303 1266 hoc
313 1238 425 1265 nomine
438 1246 570 1265 vocarunt
581 1258 588 1265 .
611 1237 694 1272 Quod
705 1237 851 1266 neccflizrio
860 1238 905 1267 hic

116 1279 304 1309 adnotandum
316 1299 324 1310 ,
345 1281 374 1306 «Sc
385 1277 610 1316 distinguendum
621 1300 629 1311 ,
641 1289 688 1307 -ne
708 1277 800 1307 civilis
823 1283 850 1308 ὅ(
863 1290 906 1308 ec-

117 1320 264 1350 clesiastica
294 1318 416 1348 nominis
438 1320 613 1356 Apoorisart'i
644 1318 810 1359 significatio
841 1331 915 1351 cou-.

117 1360 248 1390 fundatur
258 1383 265 1389 .

75 1405 261 1432 APOCRYPHA
273 1403 370 1432 vinco
380 1422 387 1430 .
411 1402 483 1445 Ὶζίἀε
494 1404 665 1445 Apocryphus
677 1424 685 1431 .

76 1445 277 1473 Apocuvpuvs
289 1465 296 1476 ‚
319 1453 409 1483 graece
435 1440 588 1482 εἰπόκρυφσς
615 1444 736 1473 occultus
749 1467 755 1477 ,
778 1454 792 1472 a
824 1443 908 1472 verbo

122 1483 295 1522 οἱποκρυ’πτω
309 1507 317 1518 ‚
340 1485 420 1517 celo,
442 1486 571 1515 occulto;
593 1488 668 1521 cujus
686 1484 830 1513 antithesis
850 1489 909 1512 Ha.

116 1525 277 1562 giographus
286 1525 325 1553 est
336 1545 346 1552 .
366 1524 442 1553 Libri
452 1535 519 1564 ergo
531 1546 537 1557 ‚
561 1525 609 1563 qui
618 1525 745 1553 canonici
758 1536 814 1554 non
825 1524 887 1553 sunt
900 1546 908 1558 ,

117 1565 269 1602 Apacryphi
280 1586 288 1597 ,
309 1564 355 1593 seu
374 1566 473 1593 occulti
486 1566 615 1594 dicuntur
629 1586 636 1592 .
659 1568 732 1594 Nam
745 1587 752 1598 ‚
775 1575 805 1593 ut
825 1566 919 1594 docet·

120 1605 263 1643 Origenes
276 1605 305 1633 in
314 1605 429 1643 epistola
438 1606 471 1634 ad
482 1607 623 1644 Julianum
634 1605 795 1634 Africanum
806 1627 814 1638 ,
837 1606 910 1637 simi-

120 1646 159 1673 les
168 1646 382 1682 compositiones
390 1647 504 1674 occultae
518 1647 681 1675 tenebantur
694 1668 700 1679 ,
725 1656 759 1674 ne
765 1645 854 1675 essent
863 1657 910 1675 au-

124 1685 258 1714 thenticae
272 1707 279 1718 .
303 1687 337 1715 sic
347 1686 545 1722 Chrysostomi
557 1688 693 1725 interpres
714 1687 743 1714 in
753 1686 828 1715 hom.
839 1699 866 1722 4.
880 1687 919 1734 in¹

120 1725 225 1755 Matth.
234 1729 428 1755 Secretc‘oribus
445 1728 526 1756 libris
540 1728 633 1755 vertit
643 1749 650 1760 ,
673 1727 747 1765 quod
767 1729 805 1756 D.
816 1727 868 1757 Th.
881 1728 910 1756 in

120 1769 230 1796 eatena
240 1769 403 1806 Apocryphis
413 1768 493 1796 libris
505 1768 575 1806 legit
587 1788 593 1795 .
618 1769 674 1797 PR.
687 1768 774 1797 Unde
794 1772 911 1806 Apocry—

119 1808 173 1844 plia
185 1807 314 1836 dicuntur
324 1812 452 1847 Vargines,
462 1809 525 1847 quia
535 1809 565 1836 in
574 1809 686 1837 cameris
696 1807 788 1837 solent
801 1805 911 1839 absco'n—

121 1846 151 1875 di
162 1869 168 1879 ‚
191 1847 332 1878 &secreto
343 1850 460 1878 morari.
483 1850 528 1887 Jo.
551 1849 584 1877 de
598 1851 661 1877 Fan.
672 1849 742 1879 Inde
759 1850 797 1878 est
809 1872 816 1883 ,
836 1850 912 1888 quod

123 1888 216 1926 Virgo
225 1888 256 1916 in
264 1888 373 1919 hebraeo
384 1890 485 1918 dicitur
508 1890 649 1927 Ngalmtih
659 1911 666 1922 ,
689 1900 777 1929 graece
794 1895 911 1931 Apocry-

118 1930 174 1966 pha
187 1949 195 1960 ,
217 1929 301 1958 latine
311 1936 437 1959 Secreta.
459 1929 547 1960 Giossl
558 1931 588 1958 in
605 1941 663 1968 cap.
687 1943 712 1959 2.
729 1930 791 1959 dist.
817 1941 861 1966 ις.
873 1933 911 1966 :nt

127 1968 448 2008 Apocryhivocabulum
458 1971 609 2009 aliquando
626 1971 795 2010 intelligitur
816 1972 850 2000 de
860 1972 912 2000 illo

125 2010 197 2038 libro
209 2031 217 2043 ‚
240 2010 287 2047 qui
296 2011 468 2041 authenticus
484 2022 544 2040 non
553 2012 591 2040 est
602 2033 610 2045 ‚
633 2023 692 2040 non
711 2022 805 2041 tamen
816 2012 911 2051 prohi-

121 2049 254 2084 bitus‚sed
265 2050 299 2079 de
308 2050 483 2090 supposititio
497 2053 616 2082 Auc‘tore
625 2053 920 2092 dubitatunAliquan-'2

961 997 1036 1034 quod
1046 996 1115 1025 ferre
1125 1018 1132 1029 ,
1156 1000 1185 1025 δε
1194 1006 1304 1034 porte-re
1314 996 1449 1036 significat
1459 1017 1465 1024 .
1491 1003 1503 1032 [
1514 996 1586 1028 Ossa
1605 997 1727 1026 evellens
1737 1006 1753 1023 e

957 1037 1097 1065 cineribus
1108 1038 1265 1075 nuperrime
1274 1037 1467 1066 defunetomm
1476 1036 1622 1066 hominum
1634 1059 1641 1069 ,
1652 1037 1686 1066 sic
1702 1037 1752 1064 ini-

963 1077 1057 1116 positis
1068 1078 1097 1105 in
1107 1077 1220 1106 divertis
1230 1077 1409 1116 apophoretis
1420 1099 1428 1110 ‚
1440 1077 1599 1106 venditabat
1608 1077 1679 1116 apud
1693 1077 1753 1115 plu-

962 1118 1046 1146 rimos
1057 1128 1109 1155 pro
1129 1119 1288 1146 sanctorum
1311 1120 1466 1153 Martyrum
1479 1140 1485 1150 ‚
1507 1122 1535 1147 &
1558 1117 1754 1148 Confessbrum

963 1158 1087 1196 reliquiis
1097 1178 1104 1185 .
1127 1158 1267 1196 Radulph.
1279 1159 1325 1187 lib.
1337 1170 1365 1194 4.
1377 1169 1434 1196 cap.
1448 1160 1496 1196 3.]
1520 1160 1580 1188 PR.
1602 1162 1649 1188 An
1662 1158 1753 1196 potius

963 1200 1103 1227 feretrum
1113 1219 1121 1231 ‚
1143 1202 1172 1227 δ(
1182 1198 1357 1237 Sandapilam
1369 1199 1524 1238 significet?
1547 1201 1621 1229 Cum
1642 1210 1674 1227 ex
1687 1199 1755 1227 alle-

962 1240 1033 1278 gatis
1041 1238 1184 1277 Radulphi
1197 1240 1286 1268 verbis
1298 1261 1306 1272 ,
1331 1249 1389 1268 tum
1407 1240 1491 1268 etiam
1509 1251 1543 1269 ex
1561 1240 1639 1279 epist.
1652 1250 1700 1277 39.
1713 1241 1752 1268 D.

963 1280 1100 1309 Ambrosii
1113 1281 1167 1308 tale
1180 1281 1248 1319 quid
1266 1280 1432 1309 manifestari
1450 1280 1578 1309 videatur
1587 1303 1595 1314 ‚
1618 1291 1666 1319 qui
1687 1282 1753 1309 San-

961 1321 1017 1349 stus
1028 1320 1130 1350 Praesul
1143 1323 1269 1350 Bononia
1281 1321 1388 1350 rediens
1399 1323 1554 1357 Martyrum
1572 1331 1687 1361 corpora
1699 1322 1752 1349 Vi-

963 1361 1025 1391 talis
1045 1365 1072 1389 δ(
1092 1362 1234 1400 Agricolae
1255 1362 1418 1391 transferens
1427 1385 1434 1396 ‚
1458 1363 1496 1391 ait
1508 1375 1514 1391 :
1539 1370 1551 1399 [
1570 1364 1644 1391 Nam
1663 1361 1753 1391 secum

962 1402 1061 1431 referre
1069 1401 1324 1433 consueveruntma
1335 1414 1385 1432 nos
1395 1414 1428 1432 ex
1438 1403 1573 1432 convivio
1584 1403 1751 1432 Bononiensi

962 1442 1133 1482 apophoreta
1142 1445 1239 1483 gratiae
1252 1467 1260 1477 ,
1284 1449 1311 1473 ὃ(
1332 1444 1483 1473 sanctitatis
1493 1445 1572 1483 plena
1583 1444 1661 1472 nobis
1670 1442 1754 1472 reser-

964 1495 1028 1513 vare
1036 1485 1191 1513 curavimus
1200 1506 1207 1513 .
1230 1487 1242 1516 ]
1256 1486 1378 1514 Inducor
1399 1486 1490 1523 primo
1509 1486 1542 1514 ad
1561 1485 1755 1513 affirmandum

963 1523 1017 1554 hoc
1029 1537 1036 1556 3
1063 1536 1124 1554 nam
1134 1531 1280 1554 feretrum
1293 1527 1395 1555 nedum
1412 1527 1502 1555 baram
1514 1547 1522 1559 ,
1545 1526 1670 1564 capulum
1682 1547 1690 1558 ,
1712 1536 1755 1553 ca-

965 1566 1084 1594 taliriuiii
1097 1589 1105 1599 ,
1126 1565 1174 1594 seu
1183 1566 1355 1605 sandapilam
1365 1567 1500 1606 fignificat
1514 1588 1522 1599 ,
1544 1566 1590 1595 sed
1600 1567 1682 1594 etiam
1692 1587 1700 1599 ‚
1723 1575 1753 1594 uc

965 1607 1004 1634 ait
1014 1607 1165 1645 Calepinus
1177 1607 1206 1635 iii
1219 1607 1271 1635 hoc
1283 1608 1367 1635 verbo
1379 1630 1387 1640 ‚
1398 1614 1541 1636 Feretrum
1551 1607 1691 1635 dicebatur
1703 1628 1710 1639 ,
1723 1606 1754 1635 in

966 1647 1131 1685 quofercula
1142 1651 1193 1676 &a
1205 1648 1377 1687 gestabantur
1389 1663 1398 1676 .·
1420 1649 1518 1677 eodem
1537 1647 1622 1675 modo
1634 1647 1753 1676 Ambro-

965 1688 1015 1716 sius
1025 1686 1254 1723 synonymice:.d
1263 1688 1427 1716 convivium
1438 1711 1446 1722 ‚
1468 1693 1495 1717 δ(
1513 1688 1547 1716 ad
1566 1688 1695 1716 cadavera
1714 1687 1753 1717 fe-

967 1729 1051 1756 renda.
1060 1728 1195 1757 inservire
1206 1739 1307 1757 nomen
1326 1730 1497 1767 Apophoreta
1516 1728 1594 1766 supra
1613 1729 1735 1757 ostendit
1744 1750 1752 1757 .

966 1769 1088 1797 Inducor
1096 1768 1215 1798 secundo
1228 1791 1234 1801 ‚
1257 1770 1320 1808 quia
1340 1769 1423 1798 etiem
1440 1781 1473 1799 ex
1483 1770 1656 1809 etymologia
1673 1768 1752 1808 supra

965 1810 1081 1849 allegata
1092 1821 1105 1839 a
1116 1811 1200 1839 vcrbo
1209 1808 1355 1849 dwopye'pai
1365 1832 1372 1843 ,
1396 1811 1468 1839 tollo
1476 1833 1484 1843 ,
1502 1810 1594 1839 aufero
1605 1832 1612 1843 ‚
1625 1810 1754 1839 Libanius

965 1848 1094 1888 ‹ivopi‘pei
1115 1848 1146 1881 δὲ’
1158 1852 1170 1881 ἦ
1184 1847 1256 1885 νόσος
1273 1848 1449 1889 Τδνὲἶιθρωπον
1460 1873 1467 1884 ,
1478 1851 1556 1883 idest,
1566 1851 1695 1888 agritudo
1707 1851 1751 1880 ho-

966 1894 1069 1919 minem
1079 1891 1175 1929 aufert
1185 1913 1191 1918 .
1216 1892 1259 1920 Sic
1281 1892 1362 1925 etriaiii
1384 1891 1489 1920 dixerit
1508 1892 1616 1921 Piinius
1636 1892 1684 1920 lib.
1706 1903 1753 1926 24.

965 1941 1022 1969 cap.
1037 1941 1061 1966 ς.
1071 1932 1105 1960 de
1115 1932 1189 1960 cedri
1199 1931 1280 1960 succo
1289 1953 1296 1959 .
1322 1932 1479 1967 [Desunt-”ta
1487 1943 1602 1971 corpora
1621 1932 1687 1961 aevis
1698 1932 1753 1961 ser-

966 1981 1013 1999 vat
1025 1993 1032 2004 ,
1044 1972 1172 2001 viventia
1183 1973 1335 2009 corrumpit
1346 1984 1352 2002 2·
1365 1973 1434 2000 mira
1442 1972 1596 2002 differentia
1606 1996 1614 2007 ‚
1633 1984 1695 2003 cuin
1707 1974 1751 2001 vi-

965 2021 1020 2040 tam
1030 2012 1133 2041 auferat
1141 2012 1305 2051 spirantibus
1314 2035 1322 2045 ‚
1332 2013 1466 2041 defunctis
1476 2024 1527 2052 pro
1539 2014 1597 2043 vim
1607 2014 1639 2044 sit
1649 2034 1656 2042 .
1670 2016 1751 2046 ]1tr.-

965 2063 1017 2091 que
1026 2052 1080 2081 hoc
1090 2064 1193 2082 nomen
1206 2064 1220 2081 a
1230 2053 1342 2082 ferendo
1353 2063 1470 2089 etymon
1479 2054 1561 2085 habet
1572 2075 1580 2082 .

124 2092 162 2120 do
174 2101 241 2120 vero
252 2091 518 2131 rigoroseaccipitur
537 2103 588 2130 pro
607 2093 678 2121 libro
689 2115 696 2126 ,
717 2093 820 2123 scilicet
834 2115 842 2127 ,
864 2091 1042 2132 quilApoiua
1054 2116 1061 2126 ‚
1084 2098 1112 2122 ὃ(
1123 2098 1283 2132 Aperiatio.
1307 2094 1380 2122 Vide
1390 2099 1507 2132 Aporio.

124 2131 193 2160 falsa
204 2153 212 2165 ‚
234 2142 264 2159 ac
275 2132 374 2160 nostrae
386 2133 451 2162 fidei
459 2134 598 2162 contraria
607 2134 735 2162 continet
745 2154 753 2161 .
778 2137 835 2164 FR.
847 2135 912 2170 Quo
925 2137 1044 2163 Ai‘oiiio

123 2170 204 2200 sensu
224 2172 264 2200 ait
282 2172 368 2201 Glofll
388 2173 419 2201 in
435 2174 482 2202 cit.
503 2184 564 2213 cap.
577 2186 602 2203 z..
613 2174 676 2203 dist.
699 2184 742 2209 ις.
759 2175 911 2210 [Scilicet,

122 2215 201 2247 *cujus
210 2213 317 2241 Auc'kor
335 2213 478 2252 ignoratur
488 2226 495 2243 :
518 2226 579 2243 non
588 2225 682 2244 tamen
690 2215 721 2244 ab
732 2216 849 2244 Ecclesia
870 2227 911 2245 re-

125 2252 228 2290 cipitur
238 2275 245 2285 ,
267 2251 314 2282 sed
325 2255 484 2292 reprobatur
494 2276 503 2288 ,
525 2256 597 2294 quasi
607 2256 680 2284 dicat
699 2267 758 2285 non
776 2257 807 2284 in
819 2258 912 2286 Eccle-

125 2292 160 2321 sia
173 2314 180 2324 ,
199 2292 246 2321 sed
257 2303 362 2323 remote
372 2294 403 2323 ab
413 2306 443 2323 ea
453 2317 461 2328 ‚
473 2305 502 2323 ac
511 2294 614 2325 secrete
623 2297 660 2325 est
670 2297 817 2336 legenduS.
830 2299 842 2328 ]
854 2301 910 2327 Au-

123 2334 186 2361 ἀοι·
197 2334 358 2363 Vocabular.
369 2337 441 2364 Eccl.
451 2336 523 2364 male
541 2337 713 2375 excogitavit
723 2340 910 2377 Apocryphum

123 2373 278 2412 fignificaie
288 2376 450 2413 obscurum5
473 2377 598 2415 quamvis
607 2378 683 2406 enim
703 2377 846 2407 obscurum
862 2401 870 2413 ,
880 2383 918 2415 &i

165 2416 358 2446 Hiereia-icon
369 2421 462 2446 Macri
471 2438 477 2446 .
911 2417 918 2443 Β

1066 2156 1072 2166 ,
1103 2145 1192 2173 graece
1211 2130 1318 2172 impla,
1344 2156 1353 2168 ,
1392 2135 1567 2174 depauperat-i
1597 2136 1730 2176 fignificat
1742 2148 1749 2166 ς

965 2175 1036 2214 apud
1045 2185 1149 2214 graecos
1169 2184 1260 2203 ranicn
1280 2173 1384 2213 semper
1392 2175 1470 2204 estin
1489 2176 1566 2206 sensu
1585 2177 1750 2209 transitivo,

965 2219 993 2244 ὅ(
1006 2216 1086 2244 latini
1107 2226 1191 2244 etiam
1208 2216 1237 2243 in
1258 2214 1363 2252 passivo
1382 2226 1497 2245 utuntur
1514 2242 1520 2247 .
1545 2224 1556 2253 [
1579 2219 1615 2246 In
1625 2218 1750 2246 omnibus¹

966 2256 1175 2285 tribulationem
1186 2256 1306 2294 patimur
1318 2277 1325 2288 ,
1334 2255 1383 2284 sed
1395 2267 1449 2286 non
1461 2258 1644 2297 angustiamur
1657 2270 1662 2286 :
1686 2268 1750 2296 apo-

965 2297 1068 2325 riamur
1078 2318 1086 2329 ,
1108 2296 1220 2324 sednon
1232 2296 1409 2325 destituimur
1428 2310 1454 2326 2.
1466 2300 1535 2328 Cor.
1547 2310 1574 2334 4.
1588 2301 1600 2331 ]
1624 2302 1658 2327 Et
1680 2298 1710 2326 in
1719 2298 1752 2326 si·

963 2337 1147 2376 gnificatione
1158 2337 1246 2365 activa
1257 2357 1264 2364 .
1290 2340 1402 2376 [Lupus
1411 2348 1503 2367 autem
1514 2362 1522 2373 ‚
1545 2349 1574 2366 ut
1586 2348 1711 2367 amoveat
1725 2348 1753 2367 te

962 2389 976 2407 a
987 2377 1144 2408 defensioue
1159 2400 1166 2411 ‚
1190 2378 1270 2417 pedes
1280 2388 1341 2406 tuos
1351 2379 1500 2417 perforabit
1511 2401 1519 2414 ,
1543 2380 1611 2409 idest
1623 2401 1630 2413 ,
1652 2379 1750 2409 dome-

1345 2422 1367 2448 E
1411 2431 1423 2458 3
1630 2419 1711 2449 sticos
