1866 2526
473 32 522 75 N
551 32 594 74 O
789 65 802 68 -

118 95 244 135 chuille
258 93 287 124 in
298 92 376 123 rra&
386 91 422 121 de
431 93 505 121 Pam.
516 89 656 121 Austriaca
665 99 734 119 tom.
750 100 772 119 i.
784 85 915 132 dilemma

121 149 147 175 3.
158 147 186 166 n.
203 147 213 165 i
224 146 247 164 i.
266 134 349 164 refert
370 134 401 161 in
418 131 599 172 inscriptione
618 132 714 170 Magni
735 129 915 172 Constantini

121 179 167 207 has
178 185 272 206 notas:
295 181 308 211 [
321 178 355 203 Et
365 173 488 212 Julianus
498 171 691 202 Nobiliffimus
701 170 794 202 Caesar
803 171 833 201 .]
847 170 915 212 Qui-

121 218 198 248 nimo
209 215 255 244 hic
266 215 360 244 titulus
370 213 455 243 ctiam
464 213 589 242 foeminis
602 213 677 245 filiis,
686 223 714 240 ac
725 210 916 241 descendenti-

119 260 165 288 bus
174 268 208 286 ex
219 255 362 295 Imperiali
371 254 473 284 familia
484 254 657 287 tribuebatur,
671 257 698 282 δι
708 253 742 282 de
753 251 859 282 Marina
867 260 917 279 no-

119 296 246 328 bilissima
265 295 380 326 Arcadii
398 297 471 334 Imp.
491 295 549 324 filia
560 295 618 333 agit
636 294 780 323 Cedrenus
790 313 797 321 .
819 293 916 330 Itaque

120 336 330 368 Nobiliffimiim
348 346 483 375 purpurea
502 335 630 365 indutum
648 333 723 363 fuisse
742 343 807 372 toga
818 354 827 366 ,
845 342 917 368 cuius

120 379 233 407 limbum
254 378 468 407 auroinrextum
479 398 486 409 ‚
507 375 655 414 sediss'eque
665 374 742 412 supra
754 372 899 402 Praesectos
909 393 917 405 ‚

119 421 226 449 Zonara
237 418 284 448 lib.
298 430 324 447 2.
334 427 362 446 te
367 418 449 447 statur
458 438 466 445 .
477 416 552 446 Vide
562 416 800 454 Porphyrogenitus
809 434 817 441 .

77 460 259 490 Noc-neum
271 480 278 487 .
305 459 378 487 Vide
388 458 529 488 Noc'i‘iluca
540 477 547 485 .
743 493 749 498 ¹

78 503 260 530 Nocwiitycn
273 520 280 526 .
303 501 360 529 PR.
383 498 417 527 fic
439 498 586 537 appellatus
604 495 643 524 cst
661 495 765 523 lunaris
783 494 896 522 Planeta
909 500 920 526 ,'

118 550 201 579 quem
223 541 345 577 J023ines
366 538 552 567 Sariberiensis
569 542 676 565 Heram
697 537 825 564 Dianam
837 542 918 577 vocat

117 582 163 610 lib.
177 593 202 610 ι.
223 591 280 618 cap.
297 590 338 613 ¹7·
349 582 384 609 In
394 579 525 617 aliquibus
535 576 686 606 Codicibus
703 574 836 603 mendose
847 575 916 613 legi-

120 631 163 650 tur
174 643 181 654 ,
192 622 358 649 Herodiades
370 641 378 653 ‚
389 621 582 650 Homodiana,
591 616 724 645 Heroides
736 637 744 648 ,
754 619 782 644 &
793 618 918 645 Nofhcu-

119 663 149 691 la
161 683 168 689 .
179 660 252 689 Vide
262 664 390 698 Panagia
399 660 429 688 in
439 659 512 688 line.
735 697 740 700 Ι
835 695 841 700 .
917 662 919 664 “

78 705 266 732 Νοετυιικυς
278 722 286 734 ,
303 700 384 729 tertia
394 698 526 728 Matutiui
536 708 594 736 pars
606 708 615 728 ς
636 697 786 736 antiquitus
797 706 874 725 enim
885 696 917 724 ad

118 742 199 770 instar
218 741 337 769 militum
356 740 546 769 excubitorum
557 739 667 767 nostem
689 736 916 766 trifariedivide-

117 783 181 811 bant
193 781 368 811 Ecclesiastici
381 793 388 808 :
409 790 506 819 terque
514 779 548 808 ad
557 779 692 808 orandum
702 777 848 817 surgebant
859 798 868 810 ,
889 781 916 805 ὃ(

1266 26 1316 69 Ν
1345 28 1387 69 Ο
1645 39 1728 80 459

972 86 1067 118 tam,&
1079 93 1137 112 non
1146 81 1308 114 distinstam
1318 85 1489 114 Trinitatem
1497 85 1774 122 predicabantsynio«

970 128 1034 154 nire
1043 125 1178 163 appellati
1188 123 1266 159 sunt,
1278 124 1314 154 de
1324 124 1419 164 quibus
1429 126 1599 155 Prudentius
1610 136 1640 154 in
1651 126 1697 155 tit,
1707 136 1776 155 con-

970 174 1012 195 tra
1021 164 1179 195 Unionitas
1189 165 1295 194 cecinit
1304 185 1312 193 .

1011 206 1090 236 Cede
1110 205 1272 244 profanator
1293 204 1403 242 Christi
1416 227 1424 239 ‚
1444 208 1502 242 jam
1522 207 1594 236 oede·
1609 207 1714 237 Sabelle
1726 229 1733 241 ‚

1009 246 1218 286 Depofitorque
1238 247 1325 278 Patris
1344 268 1352 280 ‚
1377 248 1502 286 Natique
1524 247 1618 277 insane
1639 258 1755 287 negator
1765 268 1773 274 .

1011 289 1118 317 Nonne
1126 289 1234 316 Patrem
1247 288 1333 318 violas
1344 309 1351 320 ,
1373 288 1440 316 dum
1451 298 1546 317 natum
1563 287 1633 317 scire
1651 288 1754 317 recusas
1765 293 1774 315 ?

971 333 1080 357 Natum
1090 349 1100 362 ,
1109 328 1179 357 idest
1189 350 1198 362 ,
1208 329 1308 358 Filium
1318 329 1457 366 intelligit
1469 350 1477 361 ,
1499 333 1527 358 ὅ(
1538 340 1597 358 non
1606 331 1714 358 Patrem
1725 340 1775 358 na-

972 377 1050 400 tum5
1070 379 1100 398 ut
1108 369 1222 408 quidem
1233 369 1435 399 haereticaliter
1445 370 1593 399 Prudentii
1611 368 1719 399 sensum
1740 380 1776 399 ex

974 408 1135 449 ignorantia
1155 410 1312 439 construxit
1321 431 1329 438 .

930 449 1101 481 Notas-rari
1111 472 1119 484 ,
1131 449 1255 480 hebraica
1267 461 1332 484 vox,
1342 450 1416 489 quod
1426 460 1533 480 aeneum
1547 460 1614 489 opus
1625 450 1776 490 fignificat.

973 490 1048 518 unde
1059 492 1089 519 in
1099 491 1175 520 Sacra
1185 491 1322 530 Scriptura
1333 501 1370 519 ita
1383 501 1497 520 vocatur
1518 502 1612 521 :eneus
1627 490 1740 530 serpens
1760 503 1775 521 s

973 529 1071 565 Moyse
1081 531 1111 560 in
1121 531 1230 561 deserto
1245 533 1358 565 erectus,
1371 535 1398 560 ὅ(
1409 532 1513 561 deinde
1521 533 1554 562 ab
1565 531 1686 562 Ezechia
1695 535 1777 572 Rege

972 570 1126 600 consi-:icius
1137 593 1145 605 ‚
1169 582 1199 601 ut
1225 573 1345 602 aboleret
1363 573 1542 602 Hebraeorum
1567 573 1753 602 idololatriam
1763 594 1775 606 ,

972 621 1055 650 quem
1066 612 1111 640 illi
1120 611 1267 642 offerentes
1280 612 1453 646 sacrificia&
1463 613 1608 643 incensum
1617 614 1774 643 adorabant.

975 659 988 688 [
1002 652 1175 691 Vocavitqiie
1186 664 1289 682 nornen
1300 657 1354 690 ejus
1365 653 1521 683 Nohestan.
1532 666 1560 690 4.
1579 657 1651 693 Reg.
1662 665 1686 683 c.
1702 659 1744 683 18.
1758 656 1773 686 ]

974 693 1058 728 Quod
1075 703 1178 721 nomen
1200 705 1213 722 a
1225 696 1304 732 Rege
1325 705 1359 723 ex
1370 704 1533 734 contemptu
1554 696 1678 724 inditum
1698 694 1750 723 fuit
1763 714 1773 721 .

974 735 1032 763 PR.
1045 734 1104 762 Alii
1121 743 1213 762 :amen
1223 735 1257 763 ad
1266 734 1403 764 hebr-eum
1421 745 1532 764 textum
1551 737 1650 765 melius
1667 734 1695 765 se
1704 746 1773 765 con—

975 773 1142 807 formantes,
1162 776 1312 811 Nehustan
1333 775 1446 814 legunt.

119 822 150 850 in
168 822 287 860 qualibet
308 821 405 860 vigilia
425 821 512 850 noctis
529 829 615 849 unum
636 820 801 848 nosturnum
820 819 918 846 recita-
932 815 1018 843 ΝοιΑ
1030 835 1037 841 -
1062 815 1135 844 Vide
1158 819 1321 852 Campana.
1346 817 1586 860 Tintinnabulum
1600 838 1608 845 ,

116 863 178 891 bant
190 883 196 894 ,
207 873 235 890 :ic
247 863 368 890 diluculo
379 862 468 890 laudes
479 859 669 900 persolvebant
679 880 686 887 .
699 860 735 888 D.
749 860 917 894 Hieronyin.
930 855 1096 884 Nouatum
1111 876 1119 888 ‚
1128 865 1317 893 campanarum
1329 866 1411 885 turris
1421 879 1430 890 ‚
1448 857 1482 886 de
1493 868 1549 896 quo
1561 859 1692 887 vocabulo
1700 856 1773 895 [εἰπε

114 903 193 940 epist.
203 902 235 931 ad
246 901 374 931 Eustoch.
386 905 425 932 At
436 901 593 940 tepescente
605 899 851 930 aeclesiasticorum
864 899 916 943 ⁰²³⁵.

112 943 255 972 servantia
271 954 326 971 rres
345 944 422 972 fiinul
442 943 570 971 nocturni
592 951 652 969 ciun
675 940 796 969 laudibus
808 940 916 969 recitari

114 994 260 1021 coeperunt
270 1004 277 1011 .
299 987 365 1013 Tres
377 982 506 1012 nofkurni
523 981 664 1020 triplicem
677 981 800 1010 Ecclefiae
821 981 888 1010 statu

115 1025 252 1052 denotant
265 1045 272 1056 ‚
295 1025 444 1053 naturalem
455 1046 463 1057 ,
473 1022 578 1052 scilicet
590 1044 598 1055 ,
610 1023 725 1062 legalem
736 1025 780 1054 ,ἃ
789 1025 916 1060 Evange
928 1017 933 1023 “

117 1065 200 1093 licum
212 1086 219 1097 ,
242 1064 306 1092 idco
315 1064 344 1092 in
357 1065 442 1093 tertio
451 1064 552 1093 dicitur
573 1063 776 1102 Evangeliums
797 1062 852 1091 five
862 1071 916 1090 tres

117 1104 224 1133 (jliristi
239 1104 269 1133 iit
278 1104 363 1133 horto
373 1105 511 1134 orationes
521 1104 675 1142 significant
685 1124 692 1130 .
713 1102 836 1132 Mast.de
853 1101 915 1141 pals.

116 1144 312 1175 Chi-istilib.1.
324 1156 379 1184 cap.
392 1158 418 1181 4.
430 1146 484 1174 Hae
491 1154 611 1184 quatuor
620 1143 751 1172 matutini
762 1153 858 1181 partes,
870 1143 916 1172 in-

115 1185 192 1215 cliifis
212 1186 331 1214 laudibus
343 1207 351 1218 ,
372 1187 402 1215 :ib
414 1188 535 1225 Hugone
555 1186 588 1213 de
606 1186 631 1214 S.
653 1185 765 1213 Viftorc
786 1187 915 1213 Cantici-

115 1230 195 1255 nium
211 1251 217 1258 ,
227 1227 419 1264 Intempestum
430 1248 438 1259 ,
449 1226 647 1258 Canninium,
660 1228 688 1253 ὅ(
700 1225 914 1253 Antelucannm

115 1267 288 1306 appellantur
304 1269 383 1302 juxta
396 1266 482 1295 noetis
493 1265 657 1295 diviiionem
670 1285 676 1292 .
698 1265 772 1293 Vide
781 1270 839 1294 Nox
850 1285 856 1291 .
880 1267 916 1294 In

116 1308 209 1336 diebus
219 1316 308 1335 autem
321 1306 458 1335 ferialibus
467 1307 576 1335 unicum
586 1307 751 1335 ηοᾶυιΊιιωι
769 1305 916 1333 duodecim

117 1347 283 1387 psalmorum
293 1347 424 1376 recitatur
435 1369 443 1380 ,
461 1348 525 1386 quia
534 1346 620 1376 semel
637 1345 781 1375 Monachis
791 1346 914 1384 apparuit

115 1389 240 1427 Angelus
249 1388 394 1417 duodecim
415 1388 532 1426 psalmos
541 1398 640 1416 canens
651 1408 660 1420 ‚
677 1396 744 1425 quos
756 1386 918 1426 singillatim

115 1439 177 1458 cum
189 1428 354 1467 Antiphona
365 1429 493 1463 Alleluja
503 1428 665 1456 terminabat
678 1426 817 1459 ,Caffiam
830 1427 876 1456 lib.
891 1439 917 1456 2.

117 1470 212 1498 Iitstit.
223 1469 343 1498 Coenob.
353 1478 410 1506 cap.
423 1480 450 1503 4.
469 1470 512 1497 De
523 1479 574 1506 qua
586 1468 691 1496 visione
702 1468 787 1495 etiam
798 1467 919 1496 mentio-

120 1518 184 1537 nem
205 1508 271 1536 facit
279 1512 419 1537 Turonen.
439 1509 566 1543 Synodus
580 1529 588 1540 ,
612 1518 671 1546 quae
683 1507 746 1536 ideo
757 1507 898 1536 ordinavit
910 1530 918 1541 ‚

117 1558 147 1576 ut
157 1557 186 1576 in
203 1547 338 1576 ferialibus
348 1548 494 1576 duodecim
514 1549 666 1576 recitentur
677 1547 772 1585 psalmi
785 1569 792 1580 ,
813 1552 841 1577 ὃ(
852 1559 919 1577 eun-

117 1588 180 1617 dem
202 1587 287 1616 ritum
304 1587 502 1616 observandum
521 1589 672 1617 declaravit
692 1591 778 1627 Greg.
800 1590 869 1617 VII.
889 1589 917 1618 in

119 1639 179 1657 can.
202 1629 237 1656 In
247 1628 292 1656 die
303 1627 337 1656 de
347 1627 497 1657 consecrat.
506 1629 567 1658 dist.
581 1638 606 1664 5.
618 1631 674 1658 FR.
685 1627 850 1657 Monachale
869 1639 909 1658 ta-

117 1679 181 1698 men
201 1669 326 1697 officium
345 1678 463 1707 quatuor
481 1668 561 1698 habet
579 1669 744 1697 nocturnos.
765 1670 916 1699 Nocturna:

115 1711 333 1738 convocationes
345 1729 353 1737 .
376 1709 449 1737 Vide
468 1710 582 1747 Vigilta.
607 1710 718 1738 Caetera
729 1730 738 1737 .
762 1709 835 1738 Vide
851 1716 918 1740 Ma-

72 1778 77 1779 t
131 1759 247 1779 utinum
256 1770 266 1777 ,

70 1743 164 1819 ΞΗ.
175 1811 183 1823 ,
195 1788 254 1817 haec
264 1800 320 1820 vox
331 1790 433 1829 gallice
442 1790 573 1819 Natalem
586 1790 732 1829 fignificat,
744 1789 807 1819 ideo
818 1790 848 1820 in
858 1801 919 1819 can—

119 1829 215 1857 tilenis
237 1831 324 1859 noetis
343 1830 500 1859 nativitatis
509 1830 628 1859 Domini
649 1831 741 1859 iterari
759 1830 830 1860 solet
840 1843 849 1862 ς
872 1830 919 1860 scd

116 1871 187 1898 Nohe
199 1870 363 1907 proferendo
374 1890 382 1898 .
405 1871 466 1899 Alii
477 1880 565 1899 tamen
575 1881 590 1899 a
600 1873 707 1900 Neuma
727 1893 735 1906 ,
754 1881 784 1900 ut
793 1871 844 1901 suo
854 1873 916 1901 loco

125 1909 229 1937 dictum
241 1910 292 1938 suit
303 1933 311 1944 ‚
333 1910 431 1939 deduci
453 1920 568 1949 putant.

77 1951 161 1978 Noe]
171 1960 237 1979 taxi
249 1970 256 1978 .
270 1953 328 1980 PR.
340 1951 474 1979 eretici
486 1972 492 1978 .
517 1954 568 1987 [A
581 1950 698 1990 quodam
708 1953 805 1981 Noeto
814 1954 916 1986 vocati,

118 2000 166 2028 qui
177 1991 302 2019 dicebant
313 1990 456 2020 Christum
466 1992 583 2021 cundem
593 1991 647 2021 ess'e
655 2003 684 2020 ac
695 1995 845 2025 Patrem&
858 1995 916 2032 Spi-

119 2041 204 2058 ritum
215 2032 342 2059 Sant‘tum
354 2042 362 2062 ς
381 2031 519 2071 ipsamque
527 2032 698 2061 Trinitatem
709 2033 739 2061 in
758 2035 916 2063 officiorum

121 2071 280 2100 nominibus
290 2093 298 2105 ‚
310 2082 367 2100 non
379 2072 503 2109 pei-sonis
513 2073 651 2112 accipiunt
663 2093 670 2100 .
688 2073 813 2103 Unde&
828 2076 915 2104 Patri—

116 2110 230 2150 passiani
241 2122 384 2145 vocantur,
395 2113 458 2150 quia
467 2114 574 2142 Patrem
586 2112 689 2152 passum
700 2113 797 2142 dicunt
808 2136 817 2142 .
829 2116 915 2145 Sabel-

118 2152 186 2180 liani
197 2153 227 2181 ab
236 2152 332 2181 eodem
343 2154 438 2181 Noeto
447 2153 586 2191 pullulass'e
597 2153 737 2187 dicuntur,
745 2157 821 2188 cujus
829 2155 914 2185 disci-

116 2193 210 2230 pulum
231 2192 377 2231 perhibent
396 2193 471 2222 fuiisc
478 2194 625 2223 Sabenmm
636 2215 644 2226 ,
665 2205 699 2222 ex
709 2196 784 2229 cujus
795 2198 913 2226 nomine

116 2232 239 2261 maxime
252 2243 444 2267 innotuerunt,
455 2234 529 2263 unde
538 2238 566 2263 δ(
576 2234 721 2263 Sabelliani
731 2237 820 2264 vocati
830 2236 895 2266 sunt
905 2259 911 2266 .

114 2273 155 2301 Hi
165 2283 248 2302 unam
257 2273 399 2312 personam
410 2275 498 2303 Patris
508 2295 519 2311 ³
529 2279 556 2304 ὅ(
564 2275 627 2304 Filii
640 2297 648 2308 ,
658 2279 686 2304 δ(
696 2276 814 2313 Spiritus
820 2278 910 2307 Sancti

109 2313 324 2354 astruuiit,24.q.
335 2326 362 2353 3.
371 2326 431 2343 can.
443 2326 490 2354 39.
505 2317 555 2347 ]&
565 2326 624 2344 can.
638 2316 690 2344 His
701 2316 749 2354 qui
759 2317 889 2354 baptisma
901 2341 908 2352 ‚

112 2363 137 2382 ι.
147 2363 192 2393 qu⁴
207 2366 230 2384 ι.
252 2356 309 2392 Qu
332 2356 416 2385 etiam
435 2367 512 2386 exeo
530 2356 634 2396 quiain
641 2355 836 2398 personalitate
846 2360 908 2389 uni-

385 2473 392 2486 1

973 897 1118 924 Romanus
1131 897 1274 925 Vaticanae
1286 897 1407 926 Basilicze
1419 899 1590 932 Canonicus,
1603 899 1652 937 qui
1666 908 1776 937 tempo-

972 947 1001 964 re
1009 937 1118 965 calixti
1129 937 1224 966 III-de
1234 939 1430 977 praerogativis
1445 939 1569 975 ejusdem
1579 940 1698 968 Bafilicae
1709 938 1775 967 scri-

973 975 1078 1015 pserat.
1088 979 1145 1006 FR.
1156 977 1187 1006 in
1195 978 1315 1008 Ecclesia
1328 981 1353 1008 S.
1366 979 1461 1008 Μαι-ἰαὶ
1481 980 1514 1008 ad
1524 982 1660 1016 Martyres
1671 983 1772 1010 Rome

968 1018 1107 1056 reperitur
1117 1018 1178 1046 talis
1188 1019 1320 1047 memoria
1339 1020 1374 1048 de
1383 1031 1458 1049 anno
1475 1031 1558 1053 1270.
1578 1026 1594 1055 t
1608 1022 1694 1050 1²2&ae
1718 1020 1773 1049 fue-

971 1067 1035 1087 runt
1048 1059 1132 1087 Nolae
1145 1081 1153 1092 ‚
1174 1062 1203 1087 ὃ(
1214 1059 1360 1088 Nolarium
1373 1072 1378 1089 :
1401 1061 1472 1099 apud
1481 1060 1593 1099 Torrig.
1612 1061 1647 1090 dc
1664 1061 1775 1100 cryptis

972 1099 1056 1127 vatic.
1067 1097 1182 1128 secunda
1192 1099 1308 1138 imprcffi
1321 1111 1383 1140 pag.
1398 1108 1462 1136 561.
1476 1104 1487 1133 ]
1502 1101 1575 1129 Vide
1587 1101 1753 1139 Campanile
1765 1112 1772 1128 ε

973 1140 989 1173 ΙΙ
1001 1151 1008 1167 :
1029 1139 1220 1169 Maliometani
1234 1150 1326 1169 tamen
1339 1142 1399 1170 loco
1409 1152 1601 1180 campanarum
1623 1143 1654 1170 in
1673 1141 1773 1171 altiffi-

969 1180 1020 1208 mis
1030 1201 1040 1212 ,
1057 1191 1088 1208 ac
1098 1181 1282 1215 cyliitdraceis
1293 1183 1408 1212 turribus
1428 1184 1462 1212 ad
1474 1181 1621 1211 Meschitas
1632 1182 1775 1222 contiguis

970 1220 1062 1249 solent
1073 1219 1102 1249 in
1113 1231 1204 1250 earum
1218 1222 1382 1252 culminibus
1393 1223 1538 1262 quinquies
1556 1223 1586 1251 in
1606 1223 1651 1252 die
1662 1224 1774 1252 concla-

971 1261 1070 1289 mando
1089 1261 1121 1289 ad
1131 1260 1328 1300 superstitiosas
1340 1274 1432 1302 preces
1441 1263 1618 1302 deperditum
1640 1264 1773 1303 populum

973 1312 1135 1334 convocare,
1149 1306 1177 1332 ὅ(
1190 1302 1221 1331 in
1232 1303 1278 1331 die
1291 1305 1407 1333 Veneris
1417 1327 1425 1338 ‚
1434 1305 1482 1343 qui
1493 1303 1601 1343 semper
1611 1305 1649 1333 est
1663 1305 1774 1334 festivus

972 1352 1055 1380 penes
1062 1341 1147 1381 ipsos,
1157 1343 1360 1381 condtiplicatis
1375 1345 1621 1374 vociferationibus
1630 1345 1696 1374 dant
1708 1355 1774 1384 prg-

967 1383 1042 1412 dieta
1049 1382 1232 1422 figna.Parum
1243 1385 1356 1422 quidem
1368 1385 1547 1415 informatum
1559 1386 1588 1415 iu
1599 1385 1651 1415 hoc
1661 1385 1688 1415 se
1700 1396 1772 1424 prae—

971 1423 1030 1452 buit
1045 1424 1238 1460 Hieronymus
1256 1426 1406 1455 Dandinus
1436 1428 1465 1454 in
1483 1429 1538 1462 ejus
1558 1427 1710 1455 Itinerario
1737 1426 1773 1455 ad

971 1466 1100 1493 Mentem
1117 1465 1250 1494 Libanum
1262 1486 1270 1498 ,
1291 1467 1358 1495 dum
1376 1467 1482 1496 asseruit
1501 1465 1712 1496 Maliometanos
1731 1466 1774 1495 sc-

972 1505 1045 1543 pties
1055 1506 1086 1534 in
1095 1505 1141 1533 die
1152 1506 1185 1534 ad
1196 1507 1279 1534 instar
1288 1508 1535 1536 Ecclesiasticorum
1544 1507 1773 1537 Christianorum

971 1555 1050 1574 orare
1059 1567 1068 1579 ,
1079 1546 1154 1585 quod
1166 1546 1261 1577 salsum
1274 1548 1387 1585 quidem
1398 1548 1446 1579 ests
1460 1557 1520 1575 nam
1532 1548 1565 1575 sd
1576 1558 1672 1586 preces
1681 1548 1772 1577 solum

970 1586 1014 1614 illi
1025 1596 1216 1615 convocantur
1225 1588 1256 1615 ed
1269 1599 1403 1621 auroram,
1414 1589 1447 1617 ad
1457 1588 1612 1621 meridiem,
1622 1589 1655 1618 ad
1669 1587 1772 1627 Vespe-

973 1637 1013 1654 ras
1025 1647 1033 1659 ‚
1053 1628 1086 1656 :id
1095 1628 1165 1656 Solis
1175 1627 1298 1656 occasum
1310 1649 1318 1661 ‚
1336 1632 1362 1658 δε
1383 1629 1416 1658 :id
1427 1629 1543 1668 primam
1565 1629 1652 1658 noftis
1674 1628 1771 1658 horam

973 1667 1140 1696 transactam.
1152 1669 1230 1702 Quin
1241 1669 1324 1698 etiam
1336 1671 1406 1698 male
1415 1668 1541 1709 quasdam
1553 1680 1644 1708 preces
1655 1670 1771 1699 arabicas·

973 1707 1117 1746 descripsit
1137 1708 1236 1737 ibidem
1246 1710 1393 1739 Dandinus
1403 1732 1411 1743 ‚
1428 1721 1456 1739 ac
1475 1713 1551 1748 pejus
1572 1710 1770 1750 interpretatus

972 1748 1011 1778 est
1022 1769 1030 1776 .
1038 1750 1095 1778 FR-
1109 1750 1172 1784 Quo
1184 1750 1218 1778 ad
1229 1749 1429 1780 vicissitudines
1440 1750 1698 1780 Mahometanarum
1709 1761 1771 1791 pre-

973 1799 1036 1817 cum
1046 1788 1101 1818 fuse
1111 1788 1228 1818 habetur
1247 1801 1279 1818 ex
1290 1791 1381 1820 Glofl'a
1398 1794 1428 1820 in
1439 1792 1581 1820 Clement-
1600 1792 1635 1821 de
1648 1792 1751 1830 Judaeis
1761 1814 1770 1824 ,

972 1833 1000 1858 δε
1011 1830 1098 1858 Sarac.
1108 1829 1152 1858 his
1163 1830 1259 1858 verbis.-
1271 1837 1284 1866 [
1300 1833 1438 1869 Quaelibct
1451 1831 1584 1871 Mesquita
1594 1832 1673 1862 habet
1683 1842 1770 1862 unum

974 1871 1148 1899 Sacerdotem
1157 1871 1192 1899 de
1202 1871 1299 1909 primis
1309 1894 1317 1905 ‚
1335 1876 1361 1901 ὃ(
1373 1883 1457 1901 unum
1467 1873 1626 1901 Ministrtim
1637 1895 1645 1907 ‚
1654 1875 1701 1912 qui
1714 1884 1752 1903 vo
1761 1892 1767 1895 -

973 1921 1048 1939 catur
1055 1911 1200 1939 Muerdcm
1211 1933 1218 1943 ,
1229 1913 1304 1950 quod
1313 1912 1390 1941 sonat
1400 1923 1493 1952 praeco
1504 1934 1511 1945 ,
1524 1914 1571 1952 qui
1579 1913 1689 1953 supplet
1699 1914 1771 1943 dese.

973 1952 1046 1979 (tum
1054 1961 1243 1990 campanarum
1255 1973 1263 1984 ‚
1288 1963 1351 1991 quas
1361 1954 1425 1982 licet
1437 1954 1576 1982 Sarraceni
1595 1956 1712 1983 multum
1722 1965 1772 1983 co-

974 1992 1086 2020 medent
1097 2014 1104 2025 ‚
1127 1993 1189 2031 quia
1202 2003 1294 2021 tamen
1303 1993 1460 2023 Christiani
1471 1995 1501 2022 in
1511 1995 1549 2023 eis
1558 1993 1689 2024 habendis
1698 2006 1769 2034 prae-

974 2042 1115 2061 venerunt
1127 2054 1136 2065 ,
1158 2033 1258 2061 nolunt
1270 2034 1307 2062 eis
1317 2035 1397 2066 uti-1
1416 2035 1467 2064 Sed
1477 2035 1528 2064 alia
1539 2036 1649 2065 ratione
1658 2047 1688 2065 in
1698 2039 1768 2066 Tur·

971 2073 1032 2101 eico
1043 2074 1167 2111 Imperio
1183 2072 1336 2112 prohibitas
1345 2073 1396 2104 ess‘e
1405 2086 1546 2114 campanas
1557 2076 1588 2105 in
1606 2077 1671 2109 die}-
1684 2081 1770 2106 Cam-

966 2122 1047 2151 pana
1057 2135 1064 2146 ,
1084 2117 1137 2149 jam
1147 2114 1334 2143 ostendimus:
1354 2114 1479 2154 sequitur
1487 2117 1579 2155 itaque
1589 2117 1682 2146 Glossa
1692 2139 1700 2150 ‚
1722 2118 1768 2146 in—

969 2155 1077 2192 quiensi
1091 2160 1102 2189 [
1115 2154 1195 2184 Illius
1206 2156 1341 2192 praecont's
1351 2157 1475 2185 officium
1484 2157 1542 2186 est:
1554 2158 1619 2196 quia
1628 2158 1703 2187 horis
1715 2180 1722 2191 ,
1733 2159 1768 2187 de

970 2195 1067 2233 quibus
1079 2195 1150 2224 inst-a
1161 2195 1280 2229 dicetur,
1294 2195 1415 2226 ascendit
1426 2197 1524 2227 turrim
1536 2197 1692 2237 Mesquitae‚
1702 2209 1769 2237 qua-

969 2236 1074 2264 dratam
1087 2257 1095 2268 ‚
1114 2236 1144 2264 in
1154 2237 1273 2274 qualibet
1285 2246 1360 2275 parte
1369 2237 1410 2266 sui
1421 2237 1565 2267 fenestram
1574 2249 1699 2278 magnam
1719 2239 1768 2269 ha-

966 2277 1078 2305 bentem
1088 2297 1096 2309 ,
1107 2280 1135 2305 δε
1145 2277 1177 2304 ad
1188 2277 1298 2306 illarum
1307 2278 1458 2317 quamiibct
1467 2280 1566 2308 clamat
1578 2280 1712 2309 obturatis
1720 2290 1768 2309 au-

967 2316 1039 2345 ribus
1049 2327 1110 2345 cum
1121 2317 1219 2355 digitis
1230 2339 1239 2350 ,
1257 2327 1287 2346 ut
1300 2328 1355 2347 vox
1367 2319 1464 2348 fortius
1477 2319 1588 2348 resonet
1609 2321 1638 2349 in
1655 2319 1701 2349 sua
1712 2321 1766 2350 lin-

964 2367 1019 2397 gua
1032 2359 1113 2387 verba
1123 2357 1182 2387 hacc
1194 2356 1331 2393 sonantiaj
1341 2360 1382 2389 nil
1394 2360 1467 2390 aliud
1477 2360 1560 2400 poss'e,
1572 2360 1623 2391 uisi
1634 2361 1708 2390 Deus
1719 2382 1727 2394 ‚
1737 2367 1765 2393 ὅς

1664 2403 1722 2430 hia-
