1866 2526
0 1359 1 1386 l

0 1398 1 1430 i

0 1435 2 1456 ι

0 1472 2 1489 i

0 1509 2 1542 i

0 1550 2 1570 Ι

0 1602 2 1625 ι

0 1670 3 1693 i

747 65 816 109 Ex
849 64 1048 108 Zacharia
1061 93 1074 113 ,

111 128 262 164 hominum
271 127 454 170 frequentiam
463 138 496 157 eo
505 126 693 155 confluxuram
706 145 714 158 ,
726 134 756 154 ut
767 133 906 154 murorum

112 174 281 204 ambituve-os
291 180 387 209 capere
397 180 455 198 non
465 167 548 208 poslit
559 178 567 198 ς
588 169 616 195 δε
629 167 663 196 lic
683 165 806 195 ostendit
815 163 909 193 subur-

109 215 152 246 bia
161 211 339 244 construenda
349 209 401 240 ess‘e
413 236 418 245 ,
428 221 458 239 ac
469 209 550 239 villas
561 207 662 238 vicinas
672 205 826 246 erigendas,
835 206 910 244 quod

108 251 254 293 contigisse
273 251 321 281 suo
342 260 468 290 tempore
486 249 600 279 testatur
617 247 724 287 Joscph
744 247 790 276 lib.
810 257 837 279 7·
855 247 909 290 bel.

112 295 243 335 Jud.-cap.
255 300 282 322 6.
298 293 386 322 Unde
398 292 467 320 illud
477 291 589 330 Absque
600 300 688 322 muro,
701 296 815 317 vertunt
825 287 908 325 aliqui

111 341 204 366 Extra
216 344 306 362 muros
319 355 325 364 .
349 333 414 362 ficut
425 332 496 361 illud
516 329 598 368 josue
613 340 656 363 ¹7·
669 339 694 365 5.
715 327 910 364 [Ceciderunt

1626 72 1709 112 759

962 122 1113 153 Biennium
1123 143 1130 154 ,
1142 120 1176 150 de
1187 130 1242 160 quo
1251 118 1286 148 ibi
1297 118 1328 148 fit
1340 117 1446 148 mentio
1459 140 1465 150 .
1479 128 1535 146 non
1545 116 1658 146 sumitur
1669 118 1698 146 ab
1708 114 1763 144 ini-

963 164 1007 193 tio
1026 162 1224 203 profanationis
1233 159 1360 199 Templi:
1384 157 1432 188 sed
1444 160 1474 188 ab
1495 158 1579 187 initio
1590 157 1763 200 Principariis

963 204 1041 243 Judae
1057 229 1063 239 ,
1073 213 1101 231 ut
1112 203 1184 232 clare
1196 211 1270 241 patet
1282 222 1289 229 .
1305 200 1350 230 Ad
1360 198 1504 228 secundam
1516 200 1710 228 difficultatem
1721 197 1765 240 di-

964 255 996 274 co
1009 265 1018 273 .
1036 243 1208 275 Restauratio
1218 240 1325 280 Templi
1335 250 1458 270 narratur
1468 240 1527 279 post
1537 249 1654 268 mortem
1665 241 1766 269 Antio-

964 286 1010 314 chi
1022 298 1033 319 ,-
1050 284 1097 314 sed
1107 294 1200 313 tamen
1209 293 1270 311 ante
1279 284 1335 318 ejus
1353 281 1459 310 obitum
1469 281 1568 310 accidit
1581 302 1588 313 ,
1611 280 1659 320 qui
1670 278 1767 308 modus

966 326 1075 356 usitatus
1083 324 1121 354 est
1129 324 1202 364 saepe
1211 323 1242 352 in
1254 323 1334 352 sacris
1345 322 1446 351 litteris
1457 342 1464 350 .

111 375 226 406 funiculi
238 373 354 403 Mamm:
365 374 463 403 decem
472 371 570 411 absque
581 378 653 399 terra
662 369 766 400 Galaad
776 370 806 403 ‚]
818 367 885 398 idest
899 390 907 401 ,
925 369 996 407 Cap·
1007 378 1033 400 7·
1045 376 1071 395 v.
1084 377 1112 403 9.
1124 365 1201 402 [Sed
1209 367 1238 394 δι
1249 363 1391 393 Alcimum
1401 362 1518 402 impium
1528 359 1673 391 constituit
1682 359 1712 389 in
1723 359 1770 388 Sa-

77 436 80 438 —
111 426 187 446 extra
197 425 297 444 teri-am
307 415 409 445 Galaad
419 435 426 443 .

71 459 144 497 Cap.
161 468 169 486 i
179 469 204 486 2.
215 466 242 486 v.
256 468 282 486 2.
293 461 308 491 s
317 456 370 485 Sed
379 459 407 484 δε
417 453 487 494 Juda
497 452 552 482 erit
561 453 592 482 in
601 450 744 481 obsidione
756 459 855 479 contra
865 451 912 488 Je-

112 497 229 527 rusalem
239 499 270 529 .]
282 496 430 534 Quomodo
441 494 524 533 Judas
531 493 668 523 obsidebat
678 489 839 530 Jerusalem,
848 500 908 529 qux

113 548 172 568 erat
181 538 358 578 Metropolis,
367 547 396 566 ac
407 545 486 574 caput
497 534 582 563 totius
593 533 688 572 Judeae
701 536 711 562 Ξ
723 530 893 578 {Respondeo
903 550 911 558 .

113 579 205 619 Judaei
214 578 352 618 transfuga
363 576 447 616 Jason
456 597 464 609 ‚
476 575 617 604 Menelaus
628 595 635 607 ,
654 576 682 602 ὅ(
693 573 740 601 alii
749 573 913 608 adjuvarunt

114 619 293 650 Antiochum
313 620 343 648 in
359 616 544 657 oppugnanda
562 613 737 654 Jerosolyma
749 633 757 646 ,
776 622 806 641 ιιι
819 612 914 656 videre

113 660 153 689 est
165 661 196 690 in
214 659 339 689 Historia
349 657 568 689 Machabaeorum
580 677 588 689 ‚
611 659 639 684 ἀ
649 654 831 684 confirmatur
841 653 916 682 testi-

115 701 212 730 monio
223 699 339 739 Josephi
350 721 358 734 ,
370 699 416 727 lib.
433 709 477 727 iz.
487 696 576 736 antiq.
586 705 644 735 cap.
662 703 690 724 6.

155 782 220 811 EX
262 779 456 810 LIBRO
498 779 523 807 1.
567 776 833 806 MACHAB.

72 861 163 892 CAP.
180 873 203 890 i.
222 860 290 891 vers.
308 872 330 890 i.
355 867 368 896 t
384 859 541 890 Alexander
561 857 686 897 Philippi
707 857 844 890 Macedo,
865 854 915 895 qui

114 902 217 941 primus
239 902 368 941 regnavit
391 901 421 930 in
439 899 587 932 Graecia.]
613 901 653 928 At
673 908 789 938 regnum
801 900 916 927 Graeco-

113 953 172 971 ruiti
187 943 293 972 constat
313 944 397 982 longe
407 941 544 980 antiquius
564 938 639 969 fuiffe
649 950 681 969 ex
702 941 773 969 Dan.
791 949 832 967 ii.
846 948 872 966 v.
891 948 916 966 2.

114 982 288 1021 Respondeo
300 1004 306 1011 .
329 983 490 1012 Alexander
501 981 602 1020 primus
612 980 741 1020 regnavit
752 981 781 1009 in
789 980 897 1009 Graecia
907 1000 914 1010 ‚

114 1024 287 1063 intelligitur
300 1023 471 1052 nimirumin
482 1032 540 1051 tota
551 1023 663 1051 Graecia
676 1043 683 1055 ‚
705 1032 734 1050 ut
745 1021 861 1061 exponit
871 1021 917 1049 Se-

113 1075 174 1093 rar.
198 1066 252 1094 Vel
263 1066 349 1094 dicas:
370 1064 492 1095 Primum
503 1063 634 1103 regnavit
644 1063 674 1091 iii
684 1063 794 1092 Graecia
807 1084 814 1095 ,
837 1061 916 1089 dein-

114 1105 149 1133 de
162 1106 191 1133 in
201 1106 262 1134 aliis
275 1105 385 1145 regnis,
407 1115 467 1144 quae
481 1106 564 1134 arinis
576 1104 679 1142 accepit
695 1127 701 1133 .
724 1105 797 1133 Nam
807 1102 836 1130 in
846 1105 917 1131 Tex-

114 1155 145 1174 tu
165 1148 265 1175 Graeco
284 1157 344 1176 non
355 1146 557 1176 dicitur-Primo
570 1166 577 1177 ,
596 1143 645 1173 sed
664 1141 808 1183 πρότερος,
828 1143 916 1176 idest,

113 1193 186 1223 prmr
198 1208 204 1214 .

115 1267 256 1306 telligitur
266 1268 366 1298 Italia.
390 1269 432 1297 Ita
443 1270 528 1297 Num.
542 1278 587 1302 24.
607 1277 634 1294 v.
648 1277 673 1294 2·
683 1265 718 1294 fic
738 1265 807 1303 legit
826 1265 916 1294 nostra

115 1308 253 1347 Vulgata:
279 1315 292 1344 [
308 1309 432 1338 Venient
452 1309 482 1337 in
499 1307 655 1336 triremibus
674 1306 707 1334 de
719 1307 815 1335 Italia.
829 1308 841 1338 ]
865 1306 917 1335 Sed

114 1348 274 1378 Alexander
282 1360 341 1378 non
351 1350 431 1378 venit
443 1359 476 1377 ex
487 1347 569 1377 Italia
580 1368 588 1380 ‚
599 1347 646 1376 sed
657 1356 691 1375 ex
702 1347 810 1375 Graecia
821 1367 828 1374 .
848 1345 916 1376 Res-

116 1389 228 1427 pondeo
242 1411 249 1422 ‚
268 1393 343 1424 juxta
353 1391 378 1418 S.
389 1391 469 1417 Hier.
481 1388 594 1416 Hebraei
615 1397 710 1416 omnes
724 1388 839 1426 populos
850 1387 916 1416 inari

114 1429 318 1458 mediterraneo
335 1440 350 1458 a
366 1429 393 1457 se
403 1429 554 1464 disjunftos
571 1428 703 1456 vocabant
713 1428 829 1456 Cethini
839 1450 847 1462 ‚
870 1427 916 1456 seu

119 1468 259 1498 insulanos
271 1490 280 1501 ,
292 1481 325 1499 eo
335 1469 410 1509 quod
421 1469 532 1497 navibus
542 1468 575 1496 ad
587 1478 632 1496 eos
641 1468 798 1497 accederent
808 1489 814 1496 .
837 1469 916 1498 Idem

115 1509 201 1538 sentit
210 1509 315 1578 Joselph
327 1533 334 1543 ,
357 1510 404 1539 lib.
421 1521 444 1537 i.
456 1509 583 1548 antiquit.
593 1519 616 1537 c.
628 1515 656 1538 6.
669 1512 696 1537 δε
712 1519 720 1536 i
732 1519 754 1537 i.
767 1508 874 1538 Theod.
887 1510 916 1538 in

115 1561 158 1580 αι
163 1562 190 1584 7.
199 1553 271 1580 Ezec
296 1551 364 1580 ielis:
375 1551 442 1580 ficut
450 1560 521 1579 nunc
533 1550 567 1578 de
579 1549 649 1578 sacto
658 1549 724 1578 Itali
737 1559 837 1579 vocant
846 1553 916 1580 Ger-

968 408 1111 437 cerdotem
1122 408 1154 439 .]
1172 408 1212 436 At
1223 404 1272 434 istc
1283 403 1407 435 Alcimus
1426 413 1482 432 erat
1494 413 1548 439 jam
1557 401 1686 432 Sacerdos
1705 408 1771 428 ante

965 449 1117 478 adventum
1129 445 1267 477 Demetrii
1280 445 1367 485 Regis
1376 466 1383 479 ,
1391 452 1422 474 ut
1432 443 1545 473 habetur
1558 455 1584 473 2.
1596 441 1733 472 Machala-1
1741 451 1769 475 4.

967 488 1137 528 Respondeo
1148 510 1155 521 ,
1167 486 1276 517 etiamsi
1284 495 1361 516 antea
1370 485 1534 515 constitutus
1546 482 1634 527 fuiss'et
1645 483 1771 527 Summus

967 530 1097 559 Sacerdos
1108 530 1139 558 ab
1153 526 1300 559 Antiocho
1310 527 1371 567 post
1379 526 1483 556 caedem
1495 524 1617 554 Menelai
1628 535 1634 551 ι
1658 532 1720 562 quia
1730 531 1772 549 ta-

967 581 1032 599 men
1054 571 1110 599 ιᾶιι
1121 567 1278 601 Antiochi,
1297 577 1394 607 utpote
1414 566 1546 602 tyranni,
1565 564 1706 594 annullata
1715 561 1772 590 fue-

970 621 1031 640 rant
1058 611 1160 640 iterum
1178 620 1192 639 a
1202 609 1349 639 Demetrio
1361 608 1493 649 legitimo
1505 610 1585 647 Rege
1596 628 1605 640 ,
1624 615 1639 636 a
1648 613 1704 645 quo
1713 601 1773 631 haec

969 651 1092 691 dignitas
1105 650 1227 680 conferri
1237 650 1366 680 debebat.

931 693 1002 731 Cap.
1016 696 1041 721 8.
1053 702 1080 720 v.
1096 699 1140 721 16.
1166 691 1382 727 [Commirtunt
1391 714 1399 726 ,
1410 692 1543 730 (scilieet
1554 695 1693 727 Romani,
1703 694 1717 724 )
1727 689 1777 720 uni

971 733 1082 762 homini
1099 732 1287 771 magistratum
1295 731 1373 762 suum
1392 743 1440 772 per
1450 734 1572 774 singulos
1583 745 1670 764 annos
1686 733 1779 763 domi-

973 773 1032 803 nari
1042 772 1179 803 universae
1192 782 1274 802 terrae
1287 794 1294 802 .
1306 775 1319 805 ]
1331 775 1449 804 Certum
1461 775 1603 804 ramenest
1615 797 1623 808 ‚
1632 775 1700 804 duos
1709 785 1778 803 con-

971 813 1041 844 sules
1052 813 1202 856 quotannis
1223 815 1308 843 creari
1318 813 1416 844 solitos
1426 814 1494 845 effe.-
1516 827 1565 846 cur
1575 815 1665 856 igitur
1675 815 1779 844 dicitur

972 855 1018 885 hic
1029 865 1078 885 uni
1098 865 1208 884 tanturn
1218 855 1304 885 totius
1315 855 1426 895 imperii
1445 858 1588 886 committi
1597 856 1778 898 gubernatio-

972 906 1036 926 nem
1048 901 1058 926 ?
1078 895 1249 935 Respondeo
1257 917 1265 925 .
1289 898 1394 926 verum
1405 897 1444 927 est
1455 899 1524 927 duos
1534 900 1621 929 creari
1630 897 1758 928 consules
1769 907 1776 928 5

971 937 1018 967 sed
1029 938 1107 967 ambo
1127 948 1185 966 non
1206 938 1376 976 imperabant
1389 949 1444 968 uno
1455 961 1463 973 ‚
1482 940 1636 979 eodemque
1656 939 1689 969 in
1697 940 1761 968 loco
1772 957 1778 964 .

971 979 1058 1008 Unus
1078 978 1154 1009 enim
1166 978 1197 1007 in
1210 979 1291 1008 Urbe
1301 1000 1309 1012 ,
1331 979 1400 1010 alter·
1410 990 1476 1009 vero
1488 980 1518 1010 in
1529 981 1652 1010 exercitu
1664 1001 1672 1009 .
1695 980 1751 1008 Vel
1761 978 1782 1008 fi

974 1029 1050 1049 erant
1061 1020 1090 1048 iri
1100 1019 1198 1048 eodein
1209 1020 1273 1049 loco
1287 1020 1366 1050 simul
1379 1031 1445 1050 tunc
1455 1021 1568 1051 alternis
1577 1022 1670 1052 diebus
1689 1021 1780 1060 impe-

974 1061 1068 1090 rabant
1076 1082 1084 1095 ,
1098 1064 1126 1090 &
1137 1060 1185 1089 uni
1196 1059 1248 1089 soli
1261 1059 1341 1090 fasces
1350 1061 1563 1100 praeferebantur
1574 1085 1583 1098 ,
1597 1063 1664 1092 teste
1675 1061 1760 1093 Livio
1771 1083 1780 1096 ‚

974 1102 1023 1141 qui
1033 1102 1072 1130 ait
1084 1122 1092 1134 ‚
1111 1111 1173 1130 cum
1184 1102 1217 1130 ad
1227 1102 1336 1131 Cannas
1346 1112 1500 1142 pugnaturn
1515 1104 1566 1133 fuit
1575 1126 1584 1138 ,
1606 1103 1710 1133 sortem
1721 1105 1780 1133 Im-

974 1142 1045 1181 perii
1057 1152 1087 1171 ea
1106 1142 1152 1171 die
1163 1152 1246 1181 penes
1266 1144 1421 1173 Varronem
1431 1143 1522 1174 fuiss‘e:
1546 1145 1623 1176 idem
1633 1145 1780 1175 confirmat

974 1183 1115 1212 Halicarn.
1123 1187 1152 1213 ὃς
1163 1182 1293 1223 Sigonius
1303 1205 1310 1212 .

73 1226 146 1256 Ibid.
157 1232 170 1262 t
182 1227 306 1266 Egressus
317 1228 352 1256 de
361 1235 432 1256 terra
442 1225 567 1255 Cethiin.
581 1227 593 1258 ]
609 1215 733 1254 Nomine
745 1223 864 1254 cethim
875 1223 917 1254 in—
933 1225 1004 1263 Cap.
1020 1235 1063 1252 ii.
1074 1234 1100 1252 v.
1113 1234 1161 1263 34.
1183 1224 1353 1260 [Statuimus
1372 1235 1439 1266 ergo
1457 1225 1514 1255 illis
1534 1237 1631 1257 omnes
1651 1228 1719 1258 fines
1729 1229 1777 1266 Ju—

973 1266 1040 1294 ‹1aeae
1051 1286 1058 1298 ,
1068 1268 1095 1293 δε
1108 1274 1163 1293 tres
1174 1265 1316 1295 Civitates
1326 1288 1333 1299 ‚
1346 1267 1444 1302 Lydan
1455 1289 1463 1300 ,
1473 1271 1502 1297 8(
1514 1268 1681 1298 Ramathan.
1693 1272 1704 1302 ]
1718 1270 1779 1298 Cur

973 1307 1036 1334 duas
1046 1314 1155 1335 tantum
1173 1315 1314 1336 enumerat
1325 1307 1453 1337 civitates
1465 1330 1473 1341 ‚
1492 1308 1511 1337 si
1521 1319 1599 1338 erant
1611 1314 1684 1340 tres?
1708 1309 1779 1340 Res-

974 1346 1085 1386 pondeo
1096 1367 1104 1379 ‚
1126 1347 1274 1386 legendum
1285 1346 1336 1377 ess‘e
1347 1357 1400 1377 tres
1420 1349 1593 1388 praesesturas
1603 1372 1612 1384 ‚
1633 1350 1679 1380 seu
1688 1351 1779 1380 Satra-

973 1387 1030 1426 pias
1041 1408 1049 1420 ‚
1072 1396 1102 1416 ut
1114 1388 1182 1426 legit
1191 1388 1327 1426 Josephus
1337 1400 1347 1420 ς
1366 1390 1432 1418 dein
1449 1390 1512 1419 duas
1523 1391 1653 1423 civitates
1671 1390 1778 1430 separa-

974 1429 1024 1457 tim
1036 1429 1191 1457 nominatas
1211 1428 1327 1469 assignat
1341 1439 1391 1468 pro
1401 1431 1513 1470 Templi
1532 1430 1669 1461 sacrificiis
1679 1453 1686 1460 .
1709 1433 1779 1462 Sen-

971 1468 1015 1497 sus
1026 1468 1112 1508 igitur
1121 1469 1161 1498 est
1170 1491 1179 1502 ‚
1198 1480 1299 1508 praeter
1309 1471 1370 1499 illas
1379 1471 1442 1501 duas
1454 1471 1626 1511 praefecturas
1637 1471 1778 1512 affignass'e

971 1510 1056 1538 etiam
1075 1510 1140 1538 duas
1152 1510 1217 1539 alias
1225 1511 1426 1551 Civitates·pro
1436 1512 1592 1542 sacrificiis.
1616 1513 1689 1544 Vide
1701 1514 1778 1544 Tex-

971 1559 1031 1579 tum
1039 1552 1168 1580 Graecum
1181 1571 1189 1579 .
1348 1547 1356 1557 ²

115 1601 212 1620 manos
223 1613 232 1624 ,
250 1591 347 1621 Gallos
357 1613 365 1624 ,
383 1592 480 1630 Belgas
491 1612 499 1624 ‚
511 1591 619 1629 Anglos
634 1612 641 1622 ,
663 1589 832 1630 caeterosque
843 1601 917 1620 trans
931 1592 1002 1630 Cap.
1018 1602 1062 1626 ¹4·
1074 1602 1101 1620 v.
1114 1601 1161 1628 ις.
1175 1597 1188 1627 [
1200 1593 1274 1622 Cum
1284 1603 1373 1622 aurem
1386 1593 1499 1624 audifl'ct
1509 1595 1625 1633 populns
1634 1597 1775 1625 Romanus

117 1633 191 1670 alpes
201 1631 354 1661 habitantes
366 1641 421 1659 uno
432 1631 546 1660 nomine
556 1631 808 1660 Ultramoiitanos.
827 1632 915 1662 Unde
972 1631 1112 1661 sermones
1132 1632 1196 1661 istos
1208 1635 1237 1665 .]
1262 1635 1364 1663 Narrat
1383 1635 1450 1664 dein
1467 1636 1598 1664 beneficia
1617 1637 1793 1671 maximam,

116 1671 164 1701 hic
174 1682 223 1711 per
232 1672 348 1702 Cethim
360 1671 529 1711 intelligitur
540 1671 698 1700 Macedonia
707 1692 715 1699 .

76 1714 149 1751 Cap.
160 1725 187 1748 4.
201 1719 257 1743 ιγ’-6.
269 1713 339 1750 [Qui
354 1721 522 1752 tegumenta,
533 1715 561 1740 ὁ(
571 1712 678 1750 gladios
688 1723 746 1742 non
756 1712 912 1745 habebant]

115 1755 211 1782 Sermo
223 1753 260 1782 est
272 1755 306 1782 de
314 1753 418 1792 Judaeis
428 1774 436 1786 ,
449 1752 495 1792 qui
507 1752 599 1781 loricis
611 1773 619 1785 ,
641 1756 668 1781 ὃ(
678 1754 777 1792 gladiis
788 1753 917 1783 dicuntur

119 1793 248 1829 earuiffe5
271 1798 298 1824 ὅ(
309 1804 402 1823 tamen
413 1805 439 1821 v.
456 1805 464 1822 i
475 1804 499 1829 5.
511 1794 624 1831 legimus
633 1791 704 1832 ipsos
719 1794 849 1824 occidissc
858 1795 916 1834 gla-

115 1834 165 1862 dio
174 1833 227 1862 tria
237 1835 326 1864 millia
339 1836 461 1864 vii-orum
474 1855 479 1861 .
503 1832 671 1872 Respondeo
680 1855 687 1862 .
699 1835 790 1873 Judaei
802 1846 860 1864 non
869 1835 917 1864 ha-

116 1875 214 1903 bebant
224 1874 319 1903 loricas
329 1898 337 1908 ‚
349 1879 376 1904 &
387 1875 495 1914 gladios
506 1896 514 1907 ‚
526 1872 835 1914 subintelligitur,ficut
844 1878 916 1905 ‘vole—

115 1916 186 1943 bant
197 1935 206 1947 ,
224 1924 253 1943 ut
265 1915 294 1944 in
303 1918 393 1945 Textu
401 1918 500 1944 Graeco
511 1913 619 1943 additur
637 1914 917 1954 πλᾶόκαλὺμματα

116 1951 298 1994 ἴθμαχαίρας
314 1955 348 1986 ἐκ
357 1956 427 1994 εἶχον
446 1954 529 1990 καθὼς
550 1953 698 1990 ν’βιέλοντο.
718 1957 780 1986 Imo
791 1958 819 1986 iri
832 1958 917 1996 pluri-

115 1995 162 2023 bus
173 1995 311 2025 codicibus
322 1996 416 2025 latinis
428 2018 435 2029 ,
444 1995 489 2025 seu
498 1994 689 2035 manuscriptis
699 2018 707 2030 ‚
717 1995 762 2026 seu
771 1998 852 2027 editis
862 1997 916 2027 hoc

117 2036 262 2064 invenitur
282 2036 432 2075 expressiim
442 2057 449 2065 .
473 2035 567 2066 Sensus
588 2036 675 2075 igitur
683 2037 721 2066 est
733 2050 738 2066 :
762 2038 851 2076 Judaei
862 2048 917 2077 quo

975 1673 1116 1702 Simonem
1125 1674 1223 1703 collata
1234 1698 1241 1708 Ι
1251 1685 1310 1714 quae
1321 1675 1449 1704 beneficia
1459 1686 1564 1704 certum
1573 1676 1611 1705 est
1622 1687 1678 1705 non
1689 1688 1703 1706 a
1715 1680 1775 1707 Ro-

972 1714 1060 1742 manis
1070 1736 1078 1747 ‚
1095 1712 1142 1743 sed
1153 1725 1166 1743 a
1177 1715 1282 1753 Judaeis
1292 1714 1366 1744 suisse
1377 1716 1476 1745 collata
1488 1737 1495 1744 .
1515 1715 1683 1756 Respondeo
1694 1740 1703 1752 ‚
1727 1729 1776 1747 ve-

978 1764 1038 1782 rum
1048 1754 1077 1783 id
1088 1756 1150 1788 efle,
1160 1755 1279 1795 ideoque
1289 1755 1319 1785 in
1329 1756 1425 1786 Textu
1436 1759 1537 1786 Graeco
1547 1768 1604 1786 non
1613 1759 1718 1798 legitur
1727 1764 1775 1788 Po-

966 1795 1051 1841 paflus
1061 1801 1200 1826 Romanus
1211 1818 1219 1830 ‚
1241 1795 1290 1825 sed
1307 1796 1339 1831 ὥς
1358 1795 1388 1828 83
1402 1796 1492 1828 ἵκεο-εν
1502 1809 1515 1828 0
1523 1797 1609 1834 Σῗιμυς
1621 1802 1670 1829 τών
1686 1798 1776 1838 λόγων

973 1847 1054 1865 wrm
1064 1857 1072 1868 ,
1101 1837 1170 1865 idest
1179 1858 1188 1870 ‚
1209 1843 1221 1872 [
1241 1838 1314 1866 Cum
1341 1837 1453 1867 audisset
1475 1840 1592 1877 populus
1618 1838 1776 1870 sermonem

972 1875 1054 1905 istum
1063 1897 1070 1903 .
1084 1879 1096 1909 ]
1122 1879 1202 1906 Patet
1211 1887 1300 1906 autem
1310 1878 1381 1907 clare
1390 1890 1423 1908 ex
1436 1878 1495 1918 ipso
1504 1880 1601 1909 Textu
1618 1880 1657 1910 ibi
1668 1879 1773 1911 sermo-

973 1926 1036 1945 nem
1045 1917 1096 1960 efle
1106 1917 1140 1946 de
1151 1919 1255 1957 populo
1264 1919 1381 1956 Judaico
1390 1942 1398 1953 ‚
1418 1929 1465 1959 qui
1477 1920 1575 1949 auditis
1587 1920 1621 1950 iis
1632 1943 1641 1955 ‚
1660 1932 1721 1961 quae
1732 1923 1775 1952 Si—

971 1967 1039 1986 mon
1049 1962 1150 1987 iecerat
1159 1959 1230 1998 apud
1249 1962 1392 1989 Romanos
1403 1971 1452 1999 pro
1462 1962 1566 1999 populo
1574 1984 1583 1995 ,
1599 1963 1702 2002 gratias
1712 1963 1737 1992 ei
1746 1975 1774 1993 a-

972 2008 1060 2037 gunt.
1081 1999 1174 2038 Igitur
1193 2000 1228 2029 de
1249 2001 1354 2039 populo
1371 2001 1489 2041 Judaico
1507 2002 1692 2043 intelligenda
1709 2002 1773 2034 sunt

971 2049 1031 2077 quae
1040 2038 1189 2079 sequuntur
1201 2061 1208 2068 .

118 2076 151 2104 ad
161 2086 233 2105 arma
243 2087 302 2105 non
320 2087 398 2106 erant
410 2088 461 2116 pro
471 2087 541 2106 voto
549 2077 598 2106 suo
607 2075 668 2106 satis
679 2077 804 2109 instrusti
815 2101 823 2113 ‚
843 2089 917 2109 certe
932 2080 1003 2118 Cap.
1019 2086 1062 2108 16.
1076 2091 1102 2108 v.
1114 2092 1140 2118 3.
1163 2081 1280 2117 [Estote
1300 2082 1362 2111 loco
1383 2092 1445 2112 meo
1456 2104 1465 2116 ,
1486 2086 1516 2112 δε
1533 2082 1627 2113 fratres
1646 2085 1700 2114 mei
1713 2107 1720 2118 ‚
1743 2088 1773 2115 δι

113 2116 235 2146 hostibus
246 2118 321 2146 nulla
333 2128 366 2146 cx
378 2128 457 2156 parte
467 2118 594 2157 aequandi
606 2138 613 2145 .

73 2157 149 2186 ibid.
168 2167 196 2186 v.
215 2167 261 2193 52.
286 2159 465 2193 [Centefimi
487 2157 683 2197 quadragesimi
700 2159 791 2189 ostavi
808 2159 874 2189 anni
885 2162 916 2193 .]

115 2199 213 2226 Sermo
223 2198 261 2226 est
272 2198 306 2227 de
319 2198 515 2228 restauratione
524 2198 623 2238 templi
635 2199 702 2229 faeta
713 2200 839 2229 triennio
857 2201 917 2240 post

114 2241 172 2273 ejus
201 2238 440 2277 profanationem.
462 2241 536 2269 Nam
554 2250 629 2268 anno
650 2251 715 2277 ¹45·
736 2243 916 2276 Onetor-um,

112 2278 288 2317 profanatum
298 2279 350 2309 fuit
359 2281 505 2320 templum.
514 2281 574 2310 Cur
584 2281 668 2319 igitur
681 2293 706 2311 2.
717 2281 918 2312 Machalacao.

112 2320 216 2348 dicitur
235 2320 295 2359 post
305 2321 448 2351 biennium
464 2322 642 2351 restauratum
663 2321 739 2352 fuiss'e
749 2324 916 2363 Templum?

110 2360 195 2390 Idem
207 2370 333 2390 narratur
352 2362 413 2400 post
431 2372 550 2392 mortem
569 2362 728 2397 Antiochi,
745 2374 805 2403 quae
817 2364 918 2394 accidit

107 2411 188 2434 mo
210 2411 275 2442 149-
295 2401 486 2446 Respondeo,
515 2403 549 2434 ad
569 2403 688 2447 primam
706 2404 919 2436 difficultatem.

972 2119 1070 2159 egrcffi
1081 2131 1202 2160 pugnate
1214 2132 1265 2161 pro
1276 2133 1359 2161 gente
1371 2123 1502 2156 nostra-J
1528 2126 1664 2164 Loquitur
1673 2127 1773 2155 Simon

973 2171 1035 2189 cum
1047 2162 1149 2192 duobus
1160 2162 1224 2192 filiis
1235 2163 1305 2195 suis5
1319 2163 1367 2193 sed
1376 2175 1424 2194 cur
1434 2175 1478 2194 eos
1489 2175 1569 2194 vocat
1580 2166 1672 2195 tratres
1682 2171 1691 2196 ἓ
1703 2165 1773 2196 Res-

973 2202 1084 2240 pondeo
1103 2213 1137 2232 ex
1155 2205 1246 2234 Tex‘tu
1267 2206 1368 2235 Graeco
1385 2205 1467 2234 aliter
1486 2206 1635 2244 legendum
1644 2207 1683 2236 est
1701 2205 1776 2237 A'vr’

973 2242 1029 2286 ἰμέ
1037 2264 1048 2282 ,
1064 2245 1131 2288 53⁷3
1139 2244 1290 2285 αἱδέλφέμκ
1301 2257 1307 2276 :
1330 2245 1464 2276 nimirum
1474 2253 1487 2284 [
1498 2248 1572 2277 Loco
1581 2257 1643 2278 meo
1651 2269 1662 2283 ,
1680 2251 1709 2279 6<
1720 2247 1772 2277 sra-

972 2293 1023 2313 tris
1040 2295 1114 2314 mei.

1380 2450 1457 2480 Bbb
1500 2461 1518 2486 4
1682 2452 1739 2482 EX
