1866 2526
145 94 208 126 Cal.
216 92 346 124 Decemb-
368 97 496 124 &tamen
514 94 627 132 cle-Papa
639 95 748 132 joanne
765 93 841 124 XIX.
861 94 931 122 2132-

145 135 226 164 ronio
234 138 306 173 Sicco
314 135 450 174 appellato
462 156 469 167 ,
493 146 550 164 non
563 134 642 163 faciat
659 135 706 163 illc
717 134 801 163 ullam
812 135 933 163 mentio-

144 176 209 205 nem
217 195 225 203 .
235 175 328 214 Igitur
335 175 368 204 ad
378 175 557 214 questionem
570 175 690 204 nominis
702 175 844 204 redeundo
855 197 863 208 ‚
873 177 932 204 nul-

144 216 174 245 l'o
181 215 265 244 modo
277 216 374 244 relatio
383 216 484 245 Blondi
495 238 502 249 ,
514 220 542 245 δε
554 219 608 251 ejus
618 215 784 245 Ass‘eclarum
796 215 932 245 verificari

142 255 239 295 potest.
252 256 323 290 Quia
332 256 474 285 Ditmarus
485 259 598 286 Buccam
608 256 684 296 porci
696 259 750 292 ejus
759 266 933 285 cooetaneum

141 297 264 324 affirmat,
278 295 352 325 fuiss'e
370 297 493 336 Sergium
505 299 556 326 1V.
577 296 703 327 Secundo
721 297 783 336 quia
793 307 856 325 ante
868 298 934 325 Buc-

142 346 199 365 cam
208 337 283 376 porci
294 359 302 370 ‚
312 338 381 366 idest
390 339 443 366 IV.
452 339 588 384 Sergium,
597 338 644 367 alii
655 337 804 366 Pontifices
815 337 932 375 primuni

141 387 245 406 nomen
254 387 432 410 mutaverunt
444 400 451 410 ,
469 382 496 408 ὅ(
507 378 557 407 iste
568 378 676 416 Sergius
686 379 738 406 IV.
750 377 934 421 appellabatur

141 419 236 447 Petrus
248 419 407 448 Albanensis
419 417 566 457 Episcopus
578 441 585 451 ,
606 419 642 447 ita
653 418 784 447 Batonius
794 438 802 445 .
816 419 890 446 Item
900 419 933 445 il-

139 458 191 487 lius
203 458 379 498 prmdeccssbr
388 459 513 488 Silvestri
525 460 565 489 11.
579 460 607 487 in
619 459 768 501 minoribus
776 458 911 502 Gubertus
923 480 929 491 ,

139 502 167 528 ὃ(
177 499 256 535 liujus
268 499 429 528 Antecess'or
439 502 532 528 Biuno
553 510 631 528 antea
642 521 650 532 ‚
672 503 700 527 δε
723 508 753 526 in
762 500 930 544 Pontincaui

137 541 290 578 Gregorius
303 542 338 569 V.
360 550 440 579 :itque
459 542 579 578 Joannes
589 542 628 568 XI
635 542 668 568 V.
687 540 781 566 Petrus
792 541 930 576 Papienlis

139 579 286 619 Episcopus
295 581 369 620 prius
380 580 893 623 vocnbrintunQuareBaronius:in-1195
904 590 928 623 5?

137 630 214 648 num.
227 633 254 656 4.
264 621 401 649 existimat
412 621 549 658 joannem
557 621 626 649 XII.
635 620 754 658 primum
764 619 838 647 iuisse
849 641 857 652 ‚
881 630 926 658 qui

138 665 210 690 nilis.
221 662 262 689 idi
282 662 394 690 nomina
412 659 487 688 usum
497 661 690 690 introduxisset
700 681 707 693 ‚
726 669 788 688 cum
799 669 876 688 antei
885 661 927 689 O-

135 702 233 730 Raviai
263 711 274 729 s
282 702 463 740 appellaretur
473 721 480 728 .
500 700 676 737 Symmachus
695 711 786 730 tamen
797 702 868 740 Papa
879 701 927 728 du-

137 742 200 779 plex
210 750 313 774 nomen
322 742 443 771 habebat.
456 742 676 777 [Admonitione
685 740 834 771 Benisfimi
845 743 925 778 Sym-

135 781 224 810 machi
233 776 370 820 Siiiiplicii
380 792 472 822 ‚quem
482 793 546 811 ante
555 783 648 812 oculos
657 782 761 822 semper
775 782 871 812 habere
882 784 924 811 de.

133 821 225 851 bemus
235 845 243 856 ,
255 827 307 851 διε.
317 834 377 852 cau.
387 826 463 853 Bene
474 824 584 862 quidem
594 823 656 852 dist.
667 830 716 859 9⁶·
728 826 739 854 ]
753 824 768 857 Η
780 824 922 852 Honorius

134 871 227 891 nmen
237 864 429 893 IV.Adrianus
440 866 491 894 VI.
504 868 531 893 δε
543 864 687 892 Marcellus
698 865 738 892 11.
749 864 867 902 primum
876 875 921 892 eo—

132 913 192 931 rum
203 914 304 933 nomen
313 915 342 933 in
351 905 518 934 Pontificatu
530 905 675 933 retinuere.
686 906 861 933 Caeremonia
872 906 923 933 im-

131 944 255 982 ponendi
268 956 368 974 nomen
382 946 411 974 in
422 947 560 974 creatione
570 945 710 974 Pontificis
722 955 778 973 non
793 946 823 988 ab
835 946 923 974 elefto

134 984 222 1018 fiebat,
231 984 278 1014 sed
288 986 476 1024 imponebatur
487 986 511 1014 ei
522 998 528 1013 :
539 996 621 1025 quare
630 986 664 1014 de
674 985 820 1014 Deliclerio
831 987 922 1015 §.Cx-

135 1025 205 1053 cili'ae
224 1026 368 1055 Cardinali
379 1049 386 1060 ‚
406 1031 433 1056 ὅ(
452 1026 591 1062 Caiinenfi
610 1027 715 1056 Abbate
735 1027 823 1055 eiecto
835 1029 906 1065 Papa
916 1051 921 1059 7.

130 1064 255 1098 hnberur,
266 1068 349 1106 quod.-
362 1068 498 1102 [Viftoris
507 1067 531 1095 ci
542 1077 644 1096 nomen
654 1069 922 1106 imponunt.Chron.

133 1107 224 1135 Cafin.
236 1108 281 1135 lib.
292 1119 318 1146 3.
329 1119 352 1136 c.
367 1116 414 1138 66.
427 1111 439 1140 ]
450 1112 477 1137 ὅ(
491 1133 496 1143 ,
509 1118 537 1136 ut
548 1108 655 1137 Platina
664 1109 792 1142 affirmat,
802 1109 925 1138 api-imi-

132 1145 244 1176 scriniis
255 1169 263 1180 ‚
275 1149 343 1177 idest
354 1171 361 1182 ,
371 1150 574 1178 Protonotariis
586 1149 773 1188 imponebatur
784 1162 795 1184 ,-
807 1150 840 1179 sic
850 1150 923 1177 enini

134 1188 163 1215 in
174 1188 296 1217 paschali
308 1191 349 1218 Π.
361 1190 460 1229 inquit:
475 1190 550 1225 [Cui
564 1189 657 1227 postca
667 1190 850 1219 primiscrinii
860 1189 924 1218 scri—

132 1230 170 1256 bae
185 1230 335 1269 regionarii
345 1230 479 1258 Paschalis
498 1240 601 1259 nomen
622 1230 747 1259 indidere
757 1233 786 1262 .]
808 1233 925 1261 Patriar-

131 1268 189 1298 chae
210 1270 516 1309 Constantinopolitani
536 1271 566 1299 in
585 1281 680 1299 eorum
699 1273 833 1301 elet‘tione
853 1272 924 1301 huuc

130 1310 230 1345 hylum
243 1312 325 1340 etiam
335 1309 443 1350 sequuti
454 1311 517 1341 sunt
528 1322 535 1342 3
547 1311 593 1340 sed
605 1311 708 1351 semper
720 1313 754 1341 ob
763 1313 924 1341 memoriam

129 1351 211 1388 primi
224 1353 344 1381 nominis
352 1353 424 1381 aliud
435 1353 465 1380 in
474 1354 560 1391 prima
569 1354 662 1381 littera
679 1353 766 1382 limile
775 1355 821 1383 libi
832 1354 925 1382 assum-

132 1391 210 1429 psere
221 1414 229 1426 ‚
250 1393 284 1422 fic
293 1394 413 1430 exempli
423 1404 464 1432 gr.
475 1394 628 1432 Gregorius
637 1393 859 1430 Protosyncellus
868 1397 924 1424 cle—

130 1434 186 1460 &us
198 1434 349 1462 Patriarcha
358 1435 520 1462 Gennadius
539 1436 688 1473 appellatus
707 1436 745 1464 est
757 1457 765 1468 ,
786 1437 923 1466 cumdem-

128 1483 180 1509 (με
191 1474 275 1501 ritum
287 1477 380 1503 Graeci
389 1475 418 1502 iu
430 1474 610 1512 allumptiune
628 1475 796 1504 monachalis
816 1476 922 1506 habitus

130 1513 273 1542 observant
284 1535 290 1542 .
312 1516 368 1543 PR.
382 1517 421 1542 At
432 1515 627 1544 Antiochenus
637 1515 791 1545 Patriarchti
801 1519 921 1546 Maroni-

130 1563 218 1582 tarum
229 1553 352 1592 semper,
371 1555 404 1582 ob
415 1556 574 1584 memoriam
593 1556 758 1595 primiillius
771 1558 844 1586 Sedis
864 1558 921 1587 fun-

130 1595 233 1624 datoris
243 1617 251 1628 ,
263 1601 360 1624 Petrus
370 1596 521 1633 appellatur
539 1599 555 1632 Η
573 1600 655 1626 Erant
665 1607 754 1626 autem
767 1598 843 1627 valde
854 1601 920 1628 caia-

130 1635 228 1664 mitosa
239 1658 246 1668 ,
257 1647 285 1664 ac
299 1636 416 1664 Iiberrim
428 1637 617 1666 Ecclefiasticae
633 1639 714 1666 nimis
724 1637 817 1666 odiosa
827 1638 921 1668 saecuia

128 1676 194 1709 ilia,
217 1677 328 1715 quando
345 1688 358 1704 a
377 1676 463 1705 clero
475 1679 603 1707 Romtino
622 1680 721 1707 elec-”tus
742 1680 771 1707 iu
782 1680 920 1710 Summum

128 1717 292 1746 Pontificem
303 1740 310 1751 ‚
322 1729 379 1746 non
390 1717 596 1755 permittebatur
606 1719 649 1748 illi
667 1721 696 1748 ab
707 1722 920 1759 Imperatoribus

129 1767 241 1786 munera
260 1760 362 1796 papalia
381 1768 508 1786 exercere
527 1770 590 1787 anre
602 1760 714 1788 illorum
731 1761 920 1790 confirmatio-

131 1809 194 1827 nem
205 1811 212 1830 5
235 1799 326 1827 abusus
344 1799 478 1838 siquidem
498 1811 511 1828 a
522 1801 662 1839 Gregorio
673 1803 776 1840 Magno
797 1803 920 1841 deplora-

129 1849 170 1866 tus
182 1860 189 1871 ‚
213 1849 259 1877 qui
268 1840 368 1868 elec'tus
378 1862 386 1873 ,
406 1841 532 1869 Mauritii
544 1841 660 1880 Augusti
682 1842 918 1872 confirmutioncu]

128 1880 270 1917 cxpec'lzire
281 1882 388 1908 coactus
399 1879 483 1908 fuerat
495 1903 502 1913 ‚
516 1891 574 1920 qux·
585 1883 733 1918 tyrannica
741 1882 870 1920 subjectio
890 1885 920 1913 ab

127 1920 234 1949 Arianis
244 1920 346 1948 Gothis
358 1920 527 1955 inoleverat,
539 1932 589 1960 pro
600 1934 654 1962 quo
664 1924 777 1952 interim
786 1925 817 1953 ab
826 1926 919 1954 Electo

127 1971 187 1989 sum
208 1960 466 1999 Archipresbyterio
476 1984 484 1995 ‚
503 1964 664 1992 Primiccrio
674 1985 682 1997 ,
701 1975 730 1992 ac
750 1965 920 1994 Confiliario

127 2001 202 2030 Sedis
222 2002 390 2039 Apostolicae
401 2023 409 2034 ,
431 2003 573 2041 regebatur
590 2007 714 2034 Romana
732 2006 847 2034 Eccleiia
860 2017 866 2037 ς
887 2007 919 2035 iic

127 2043 202 2071 enim
211 2042 355 2081 colligitur
375 2053 407 2070 ex
420 2044 535 2081 quadam
544 2046 658 2083 epistola
678 2046 708 2073 in
719 2046 787 2075 Sede
801 2048 920 2075 Vacante

127 2083 252 2111 Severini
266 2105 273 2116 ,
286 2083 328 2110 ubi
339 2084 437 2112 electus
449 2084 538 2121 postea
548 2085 600 2114 suit
610 2087 727 2124 Joannes
739 2088 791 2115 lv.
804 2087 838 2115 de
848 2098 921 2116 :inno

125 2132 158 2161 ⁶3
165 2134 192 2159 9.
204 2124 237 2152 de
253 2134 303 2162 qua
312 2123 381 2161 epist
399 2134 459 2152 cum
470 2125 644 2165 infrascripto
654 2127 754 2155 ordine
765 2127 794 2154 in
804 2126 848 2156 sua
857 2127 920 2157 hist.

123 2164 238 2202 Anglic.
251 2165 328 2193 lib-2.
341 2176 414 2200 c.i9.
424 2166 596 2195 mentionem
609 2167 674 2195 facit
686 2167 757 2195 Beda
768 2167 811 2196 his
822 2170 918 2197 verbis:

125 2204 340 2239 [Dileftiffimis
357 2205 534 2242 Thomajono
543 2211 595 2236 διε.
614 2208 736 2237 Hilarius
756 2207 919 2248 Archipres-

124 2245 206 2278 bytcr
215 2267 223 2278 ‚
233 2249 260 2274 ἃ
271 2244 381 2274 servans
394 2247 483 2275 locum
495 2249 520 2276 S.
533 2248 608 2277 Sedis
621 2248 790 2287 Apostolicae
800 2250 919 2287 Joannes

121 2285 261 2314 Diaconus
273 2307 280 2319 ,
301 2290 328 2314 δε
340 2288 372 2315 in
382 2288 436 2316 Dei
447 2289 560 2317 nomine
579 2289 679 2318 eiectus
689 2310 695 2317 .
718 2291 790 2318 Item
800 2291 919 2328 Joannes

124 2325 296 2363 primicerius
305 2349 314 2360 ‚
337 2332 365 2356 ὅ(
374 2327 485 2357 servans
495 2329 586 2358 locum
596 2330 670 2358 Sedis
680 2330 848 2369 Apostolicae
861 2353 869 2366 ‚
892 2337 918 2361 ἃ

122 2366 246 2404 joannes
252 2366 346 2397 servus
362 2370 420 2398 Dei
431 2370 614 2404 Confiiiasius
623 2370 698 2402 Sedis
709 2372 895 2411 Apollolicae»
907 2375 918 2405 ]

160 2409 354 2440 Hurolexicon
375 2414 468 2441 Macri
482 2432 489 2440 .

374 2462 381 2476 Ο

1292 33 1326 78 P
1359 37 1395 79 Α
1654 54 1735 95 497

990 90 1152 121 Benedictus
1164 102 1231 122 reto
1241 95 1283 123 11.
1293 94 1413 123 obtinuit
1422 114 1431 127 ‚
1450 104 1484 124 ne
1502 94 1531 123 in
1543 95 1678 134 posterum
1689 101 1781 139 Impe-

989 132 1088 161 ratoris
1098 132 1272 163 confirmatio
1281 135 1469 173 expectaretur
1478 137 1594 174 amplius
1602 158 1609 166 .
1630 141 1730 175 Baton.
1738 152 1782 170 an.

991 177 1059 208 684.
1071 183 1116 201 nu.
1128 185 1153 202 2.
1163 177 1190 203 δι
1202 185 1230 212 3.
1250 176 1305 205 FR.
1320 176 1384 212 Quo
1407 185 1497 204 autem
1517 186 1654 215 pretextu
1672 182 1781 210 Baiilius

990 213 1125 242 Odoacris
1135 215 1238 244 Prorex
1248 215 1295 244 sibi
1306 226 1432 256 arrogare
1446 217 1536 246 voluit
1545 219 1782 250 eleffioneinl‘on-

990 253 1070 283 tificis
1080 274 1088 281 .
1099 254 1173 284 Vide
1181 256 1355 292 Mausoleum
1366 277 1372 284 .
1387 257 1493 286 Electus
1503 258 1534 286 in
1545 260 1711 290 Pontificem
1732 273 1782 300 pro

989 294 1040 323 illo
1049 295 1162 323 interim
1171 293 1302 324 scribebat
1313 297 1343 324 in
1356 297 1457 326 litteris
1471 299 1645 336 Apostolicis:
1659 304 1784 338 [Nu-,ie-

990 335 1046 362 (tus
1064 333 1157 364 servus
1175 334 1315 365 servorum
1327 338 1400 366 Dei.
1413 341 1425 370 ]
1450 341 1542 377 Atque
1562 341 1591 369 iu
1601 342 1714 381 plumbo
1725 355 1783 374 non

989 374 1196 414 imprimebatur
1205 387 1260 413 eius
1270 387 1372 406 nornen
1384 401 1392 412 ,
1414 378 1462 408 sed
1472 378 1560 408 solum
1577 383 1667 422 capita
1679 386 1722 414 SS.
1733 388 1785 416 Pe-

989 416 1026 444 tri
1039 437 1047 449 ‚
1059 419 1087 444 δε
1097 417 1172 445 Pauli
1185 439 1193 451 ,
1204 421 1231 446 δε
1241 417 1271 446 in
1283 419 1346 447 data
1355 420 1522 458 ponebatur:
1537 423 1549 452 ]
1573 422 1696 464 Suscepti
1707 436 1720 454 a
1730 437 1781 455 no-

987 456 1026 484 bis
1038 457 1213 494 Apostolatus
1224 458 1323 487 Officii
1337 470 1411 488 anno
1419 464 1472 490 &c.
1486 463 1693 495 CerennRom.
1705 467 1751 497 lib.
1761 478 1783 495 i.

989 495 1052 524 sect.
1066 508 1092 525 ι.
1104 508 1127 525 c.
1142 509 1165 526 i.
1177 500 1188 529 ]
1210 499 1333 528 Blondus
1343 501 1418 529 enim
1438 502 1468 530 in
1477 505 1532 539 ejus
1543 503 1638 534 decad.
1652 518 1679 535 2.
1697 508 1743 538 lib.
1757 519 1785 536 2.

987 537 1026 564 ait
1037 558 1044 569 ,
1055 538 1128 575 quod
1140 549 1146 566 :
1161 544 1172 573 [
1184 538 1316 568 Pusclmlis
1328 543 1351 569 1.
1363 542 1434 580 quia
1445 543 1543 578 Clero,
1554 547 1712 587 populoque
1724 551 1783 579 Ro-

986 586 1066 605 mano
1077 577 1174 617 absque
1183 580 1362 617 Imperatoris
1371 583 1533 612 auctoritate
1544 596 1646 624 praeter
1655 588 1782 618 observa—

985 626 1039 645 tam
1059 618 1107 646 diu
1124 619 1352 649 cousuetudinem
1369 632 1430 651 cuni
1443 625 1542 653 eiectus
1561 626 1623 656 eflet
1634 650 1641 661 ,
1659 630 1693 658 ad
1704 630 1785 659 illum

987 656 1104 687 scribens
1123 658 1196 687 suani
1205 660 1394 691 innocentiam
1413 674 1426 692 a
1439 665 1535 699 Cleri,
1554 670 1705 709 populique
1723 673 1783 701 Ro-

984 698 1057 726 mani
1080 700 1217 728 violentia
1238 703 1366 741 purgavit
1375 725 1383 736 ,
1407 705 1521 744 egitque
1539 717 1601 737 cum
1620 711 1669 739 illo
1688 711 1783 741 mitius

987 740 1112 767 omnium
1122 741 1258 779 opinione
1268 743 1425 773 Ludovicus
1436 767 1444 778 ,
1468 747 1514 784 qui
1528 758 1585 776 non
1596 749 1684 779 solum
1695 753 1726 781 in
1735 753 1781 782 bo-

988 789 1049 807 nam
1059 790 1164 818 partem
1175 782 1318 811 Pontificis
1327 783 1427 823 scripta
1438 788 1540 825 accepit
1551 811 1558 821 ,
1572 789 1618 818 sed
1629 794 1703 829 pasta
1712 802 1783 831 qno-

981 830 1033 859 que
1046 821 1117 850 inter
1127 822 1268 861 utriusque
1279 825 1484 861 praedeceflores
1493 827 1595 859 sei-vari
1609 830 1688 861 solita
1698 833 1784 872 spon-

983 871 1009 889 te
1021 862 1230 895 confirmavit-J
1245 867 1278 892 Et
1291 865 1411 894 inferius:
1425 869 1571 902 [Tradunt
1579 874 1654 901 enim
1665 875 1780 913 Eginar-

979 901 1027 929 dus
1040 923 1047 934 ‚
1059 903 1209 941 Paulusque
1221 908 1247 933 δ(
1259 906 1393 935 Ricardus
1404 908 1555 947 Scriptores
1566 913 1739 943 Ludovicum
1750 916 1781 944 in

982 941 1117 971 Paschalis
1135 946 1218 974 Rom.
1239 946 1344 974 Pontif.
1365 949 1486 978 inanibus
1510 954 1675 984 renuntiasse
1704 957 1757 991 juri
1771 979 1778 988 ,

981 983 1055 1021 quod
1066 984 1204 1013 Adrianus
1215 987 1239 1014 1.
1254 988 1335 1015 Pont-
1348 990 1540 1021 Rom-Carolo
1553 995 1657 1033 Magno
1666 998 1781 1035 genito-

982 1033 1004 1050 ri
1014 1022 1061 1051 suo
1071 1024 1282 1056 concesserat-Id
1293 1038 1354 1056 euin
1367 1030 1456 1059 nullus
1465 1032 1601 1062 diciorum
1612 1035 1781 1075 scriptorum

982 1065 1058 1102 quod
1069 1064 1148 1093 fuerit
1158 1065 1266 1100 scribit,
1280 1067 1353 1097 suits:
1366 1079 1499 1106 tenemus,
1510 1075 1584 1112 quod
1595 1075 1674 1115 supra
1686 1079 1716 1106 in
1725 1080 1782 1108 Ca-

984 1105 1037 1132 roli
1053 1107 1135 1144 gellis
1146 1108 1221 1136 relius
1235 1109 1381 1138 vcrifimile
1398 1113 1475 1141 nobis
1498 1116 1587 1144 vxdcri
1598 1119 1760 1156 negavimus
1771 1141 1779 1153 ,

982 1155 1027 1174 :tut
1038 1169 1044 1179 ,
1055 1145 1159 1176 scilicet
1171 1171 1179 1182 ,
1189 1147 1299 1178 summu:
1312 1151 1452 1181 modestia:
1466 1156 1666 1193 Imperatorem
1678 1159 1783 1189 voluis-

981 1185 1008 1214 se
1020 1208 1028 1219 ,
1038 1198 1082 1216 aut
1094 1191 1255 1218 excellentis
1267 1193 1353 1220 ammi
1362 1214 1369 1224 ‚
1381 1196 1407 1221 ἃ
1419 1195 1524 1234 ingenii
1536 1198 1700 1228 Pontificem
1711 1211 1781 1230 con-

984 1227 1083 1257 ccffiizc
1093 1231 1135 1265 jus
1147 1231 1318 1260 Suminorum
1329 1234 1506 1270 Pontificum,
1517 1241 1544 1266 ὅ(
1554 1239 1680 1269 omnium
1691 1242 1777 1272 Orbis

981 1267 1139 1298 Christiani
1161 1271 1359 1311 Episcoporum
1378 1275 1411 1303 ad
1421 1276 1529 1306 libitum
1541 1280 1760 1311 ordinandorum
1772 1305 1781 1311 .

983 1309 1048 1338 Sive
1057 1311 1143 1349 igitur
1155 1313 1291 1341 Adrianus
1304 1316 1408 1344 Caroio
1422 1318 1552 1347 conccffit
1567 1343 1574 1357 ‚
1586 1324 1613 1349 δι
1626 1323 1782 1352 Ludovicus

981 1348 1284 1392 seipfiim,posterosque
1296 1354 1498 1393 spoliavit:five
1508 1360 1580 1389 nihil
1591 1361 1691 1391 horum
1702 1364 1780 1397 fuir-1

981 1391 1024 1419 De
1035 1390 1084 1420 hac
1097 1393 1212 1431 epistola
1224 1395 1368 1425 Ludovico
1379 1398 1479 1427 directa
1498 1412 1511 1429 a
1522 1401 1644 1431 Pascliali
1663 1405 1692 1432 in
1702 1406 1783 1443 priu-

980 1432 1054 1470 cipio
1064 1433 1104 1462 sui
1114 1435 1293 1464 pontificatus
1306 1447 1410 1466 tantum
1429 1443 1601 1471 mentionem
1624 1443 1686 1473 ficit
1699 1448 1780 1474 Baro-

981 1473 1039 1500 nius
1052 1484 1059 1504 3
1072 1473 1119 1502 sed
1130 1476 1164 1504 de
1174 1479 1229 1511 ejus
1240 1487 1336 1505 tenore
1347 1479 1387 1507 nil
1398 1483 1514 1518 exponit
1526 1493 1533 1512 ς
1555 1485 1675 1513 remittit
1688 1495 1781 1514 tamen

983 1515 1124 1543 Lectorem
1147 1517 1223 1544 illam
1234 1518 1345 1557 legendi
1355 1521 1426 1558 apud
1436 1520 1581 1561 scriptores
1601 1525 1634 1553 de
1644 1526 1725 1565 gestis
1737 1537 1779 1564 ip-

980 1554 1028 1583 sius
1040 1556 1174 1585 ludovici
1187 1558 1248 1586 Pii.
1271 1560 1396 1588 Dicimus
1411 1562 1497 1600 igitur
1507 1585 1514 1596 ,
1532 1566 1606 1602 quod
1618 1566 1650 1594 sit
1662 1567 1780 1596 manife-

980 1595 1123 1625 stiffiinum
1134 1599 1433 1631 n1cnd2„1'u1nhiuoria
1443 1605 1635 1639 Ecclefiastica,
1647 1617 1727 1644 quam
1738 1607 1776 1636 af-

980 1635 1031 1665 fert
1041 1640 1119 1666 Grnt.
1130 1639 1160 1666 in
1171 1650 1227 1667 can.
1239 1641 1378 1670 Adrianus
1392 1645 1462 1682 Papa
1475 1666 1482 1672 .
1505 1646 1565 1673 dist.
1582 1653 1628 1684 ⁶3·
1652 1649 1671 1675 il
1682 1647 1778 1676 seton-

978 1677 1014 1705 do
1024 1698 1031 1704 .
1045 1679 1128 1714 Quod
1141 1690 1241 1718 nempe
1253 1682 1390 1710 Adrianus
1400 1685 1423 1712 Ι.
1435 1687 1540 1714 Cat-olo
1552 1689 1658 1726 Magno
1668 1687 1779 1717 conces-

976 1716 1094 1754 seratjus
1104 1721 1227 1758 eligendi
1238 1723 1403 1752 Pontificem
1414 1747 1422 1758 ‚
1446 1730 1474 1755 ὅ(
1492 1727 1645 1756 ordinandi
1659 1729 1779 1767 Aposto-

978 1758 1057 1787 licaiu
1068 1761 1163 1789 Sedem
1175 1782 1182 1788 .
1195 1762 1310 1802 Insuper
1322 1765 1551 1806 Archiepiscopos
1562 1790 1569 1801 ,
1586 1773 1613 1797 ἃ
1628 1769 1778 1809 Epil'copos

979 1809 1027 1837 per
1047 1801 1165 1840 lingulas
1177 1805 1332 1840 provincias
1349 1807 1379 1834 ab
1390 1809 1558 1845 Imperatore
1584 1809 1778 1840 investituram

979 1841 1100 1879 accipere
1110 1843 1208 1872 debere
1217 1865 1224 1871 .
1246 1847 1315 1879 Quia
1328 1851 1433 1876 Auctor
1445 1849 1518 1877 istius
1529 1850 1716 1880 Eccleliasticae
1735 1853 1778 1882 hi<

979 1880 1069 1911 ssoriae
1089 1884 1125 1917 est
1143 1886 1309 1923 Sigibertus‚
1329 1888 1374 1925 qui
1396 1888 1479 1916 suerat
1493 1891 1520 1917 i'n
1541 1890 1599 1918 furis
1611 1901 1675 1919 aiiii.
1692 1903 1776 1922 iiiz.

979 1933 1078 1962 nempe
1088 1925 1168 1952 annis
1178 1936 1212 1963 43
1221 1932 1245 1954 8.
1265 1927 1326 1965 post
1344 1929 1430 1956 dictos
1441 1930 1596 1960 Adrianuin
1607 1933 1706 1971 Papam
1718 1955 1726 1967 ,
1748 1939 1778 1964 ὃς

979 1965 1113 1993 Carolum
1124 1967 1255 2004 Magnum
1266 1989 1274 2001 ‚
1295 1972 1323 1996 δ(
1334 1979 1395 1996 cum
1405 1980 1488 1998 nemo
1507 1982 1538 1999 ex
1555 1973 1667 2001 illorum
1676 1984 1776 2003 coaeta-

979 2014 1037 2032 neis
1050 2003 1230 2043 scriptoribus
1239 2030 1247 2040 ‚
1267 2008 1382 2048 utsupra
1393 2011 1515 2040 Blondus
1533 2013 1688 2043 adverterat
1698 2036 1707 2047 ‚
1732 2026 1777 2044 ne·

979 2055 1030 2083 que
1049 2047 1119 2084 apud
1138 2049 1271 2078 Auctores
1288 2051 1427 2088 gestorum
1451 2053 1576 2090 praedicti
1593 2055 1688 2083 zai-oli
1700 2077 1707 2088 ‚
1729 2056 1776 2095 qui

978 2096 1071 2115 omnia
1090 2089 1146 2122 ejus
1155 2089 1228 2126 gesta
1239 2090 1451 2129 diligentiffime
1460 2093 1635 2132 collegerunt
1647 2117 1655 2128 ,
1675 2096 1709 2124 de
1730 2097 1777 2124 tali

977 2126 1130 2164 praeasserto
1142 2131 1294 2169 privilegio
1303 2133 1385 2160 ullam
1397 2135 1570 2163 mentionem
1581 2135 1675 2164 fecerit
1688 2147 1695 2167 3
1719 2147 1776 2165 tum

979 2169 1059 2197 etiam
1072 2169 1135 2207 quia
1145 2170 1293 2208 sigibertus
1306 2173 1335 2200 iii
1347 2172 1396 2201 hac
1415 2184 1443 2201 rc
1453 2175 1536 2203 nimis
1547 2176 1672 2205 redditur
1687 2175 1777 2216 susp&

978 2215 1034 2237 ctus
1045 2231 1053 2242 ‚
1071 2211 1145 2248 quod
1157 2211 1186 2238 in
1196 2213 1285 2249 gratia
1298 2214 1415 2242 Henrici
1425 2215 1603 2253 Imperatoris
1623 2215 1777 2246 schismati-

977 2250 1001 2278 ci
1014 2271 1021 2282 ,
1034 2250 1224 2279 investituram
1236 2253 1412 2283 Ecclcfiarum
1421 2254 1587 2294 usurpatoris
1597 2279 1605 2290 ‚
1615 2258 1700 2286 multa
1709 2269 1776 2287 cou-

979 2301 1019 2319 tra
1028 2293 1198 2330 Gregorium
1211 2294 1279 2321 VlI.
1300 2294 1445 2324 Urbanum
1456 2298 1497 2325 11.
1517 2302 1544 2326 δ(
1562 2297 1718 2327 Paschalem
1733 2301 1773 2329 ΙΙ.

978 2331 1097 2370 aliasque
1106 2333 1267 2370 imposturas
1285 2345 1381 2364 conti-a
1393 2338 1537 2365 Eccleiiam
1548 2341 1701 2368 Romanam
1714 2360 1722 2372 ,
1744 2351 1774 2369 ut

978 2373 1010 2402 dc
1021 2371 1197 2411 scriptoribus
1210 2375 1399 2407 Ecclesiastici‘s
1409 2378 1589 2408 bellarminus
1602 2401 1609 2413 ,
1622 2383 1649 2409 δε
1661 2379 1775 2418 ptaeser-

1439 2420 1452 2447 Ι
1464 2419 1473 2448 i
1680 2420 1732 2449 tim
