1866 2526
432 57 548 105 TH

94 119 227 162 gnificare
237 117 353 148 uicimus
365 140 375 152 ‚
393 119 436 148 cui
447 119 529 148 etiam
538 119 672 147 humanus
682 116 790 158 sanguis
799 116 899 162 sacrifi-

93 163 216 193 cabatur,
224 169 255 189 ut
266 169 299 188 ex
310 159 486 189 Tertulliano
495 169 554 197 cap.
565 170 594 196 9.
607 159 730 198 Apolog.
743 160 899 198 colligitur,

94 201 184 231 ubisit
193 201 240 229 ait.-
256 204 269 236 [
279 203 347 230 Ecce
360 200 389 229 in
400 200 447 228 illa
459 197 659 239 religiosissima
669 199 748 229 Urbe
758 200 901 230 AEneada-

94 251 154 271 rum
163 240 271 280 piorum
283 241 321 270 est
333 241 462 279 Juppiter
470 241 581 278 quidam
591 261 600 273 ‚
619 249 699 277 quem
710 241 782 270 ludis
791 240 844 269 suis
853 240 903 269 hu-

96 290 178 311 mano
191 282 325 319 proluunt
336 280 478 320 sanguine.
492 281 601 316 [Quare
611 279 687 309 diem
707 280 884 310 hebdomadis
894 301 902 313 ,

93 331 176 361 quern
183 322 263 360 Jovis
273 322 348 350 diem
359 322 485 354 dicimus
495 322 638 360 Thursday
649 323 790 360 appellant
803 322 902 361 Angli,

97 363 171 392 Dani
182 384 190 396 ‚
204 365 232 391 &
242 362 397 392 Germani.

56 407 233 434 Tuunanrus
248 424 254 434 ,
275 403 322 440 qui
342 401 422 432 thura
439 402 527 432 Idolis
547 401 628 431 offert
645 422 651 429 .
675 402 747 432 Vide
757 402 884 442 Exfiafflo
895 424 902 432 .

94 446 245 483 Suffinatus
258 465 265 472 .
276 444 416 480 Thurifico
425 463 434 471 .
445 443 635 479 Thurificarus
645 463 652 470 .

54 486 253 514 Tutiam-tum
267 506 274 517 ‚
293 484 328 512 de
349 494 403 522 quo
413 484 516 513 dictum
526 483 564 512 est
577 483 606 511 in
616 483 682 511 di&-
692 485 885 520 Incensarium
894 505 902 517 ,

96 535 147 563 pro
157 528 232 560 cujus
244 523 396 564 significatu
406 524 465 554 haec
475 523 618 552 habentur:
631 522 826 559 [Thuribulum
836 534 902 553 nan-

96 576 150 604 que
162 565 296 604 significat
306 566 415 603 Corpus
422 563 604 594 Dominicurn
616 584 624 596 ‚
636 563 777 592 incensum
787 568 845 599 ejus
856 565 901 593 di—

98 606 333 644 vinitatem‚ignis
343 605 476 644 Spiritum
487 605 758 633 Sanctumfiemdib.
767 616 773 633 ι
782 615 848 643 .cap.
857 616 864 633 ι
875 617 900 634 2.

98 648 206 682 [Quare
219 656 311 675 autem
317 645 448 674 referatur
458 655 521 674 ante
534 644 728 683 Evangefium,
739 645 774 674 sic
783 646 902 684 explicat

95 688 265 717 Amalarius:
276 693 291 722 t
299 685 480 715 Thuribulurn
490 693 554 714 ante
565 685 747 724 Evangelium
759 696 900 724 portatur,-

96 728 160 766 quia
179 727 306 756 Christus
315 726 386 755 odor
404 725 546 755 suavitatis
563 727 594 754 in
613 725 678 765 igne
698 725 827 765 passionis
849 738 901 766 pro

98 767 173 796 nobis
183 766 343 796 sacrificatus
353 767 517 806 praedicatur
526 788 534 799 ,
545 767 591 796 lib.
602 777 629 805 3.
641 777 698 804 cap.
713 779 722 795 i
732 772 756 796 8.

57 809 286 836 Tnunricn-ro
294 807 376 836 debet
387 806 438 836 esi'e
448 807 596 837 secundum
606 811 739 844 majorem
752 818 856 847 partem
867 818 898 836 ex

96 846 209 878 incenso
218 867 225 875 .
240 848 384 884 [Materies
395 857 496 881 autem,
511 857 570 885 quae
580 847 726 877 adhibetur
735 870 744 881 ,
756 850 800 878 vel
811 848 897 877 solum

94 891 124 916 δε
137 897 236 926 purum
245 887 309 916 rhus
321 887 371 918 esse
381 889 462 920 debet
473 888 539 917 boni
550 889 653 922 odoris,
667 890 710 918 vel
723 890 741 918 si
753 891 841 929 aliqua
852 890 897 917 ad-

97 929 206 961 dantur,
215 929 384 961 advertatur,
397 938 428 957 ut
438 929 574 968 quantitas
583 928 671 958 thuris
682 931 768 969 longe
779 930 896 969 superet.

94 969 216 998 Caercm.
227 968 317 1008 Episc.
328 970 404 998 lib-i.
415 980 522 1008 cap-23·
535 972 547 1002 ]
562 971 637 999 Nam
649 971 784 1000 verificari
795 972 895 1000 debent

1249 60 1289 102 T
1321 60 1368 105 H
1622 68 1703 122 673

957 116 1064 156 semper
1071 126 1132 146 cum
1144 115 1284 146 thuribulo
1295 118 1415 147 formant
1426 118 1446 147 fi
1467 129 1532 149 num
1543 121 1641 151 Crucis
1652 144 1659 151 .
1672 122 1754 154 Anti-

958 158 1051 198 quitus
1061 167 1152 187 tamen
1163 157 1192 186 in
1201 157 1319 187 Ecclesia
1328 158 1413 186 latina
1421 157 1504 188 semel
1527 162 1554 189 in
1565 173 1638 192 anno
1648 185 1656 197 ,
1677 161 1753 194 scili-

958 209 1002 228 cet
1012 220 1020 232 ‚
1039 198 1070 226 in
1080 198 1144 227 feria
1155 207 1250 237 quarta
1268 197 1327 237 post
1338 199 1518 228 Dominicam
1529 203 1586 231 111.
1606 204 1753 233 Adventus

958 241 1099 269 Diaconus
1119 238 1148 268 in
1159 248 1284 277 ternpore
1292 239 1422 268 matutini
1435 240 1574 270 incensare
1591 242 1693 273 solebat
1705 244 1755 274 Al-

960 290 1015 308 ta1·e
1025 301 1033 313 ,
1044 280 1157 319 quando
1166 290 1180 308 a
1191 279 1371 312 Subdiacono,
1380 279 1495 319 aliisque
1507 282 1636 318 Acolytis
1647 282 1755 322 proces-

959 320 1097 350 sionaliter
1109 320 1280 349 consociatus
1297 321 1442 349 ambonem
1462 319 1623 352 ascendebat
1633 345 1640 357 ‚
1663 325 1705 353 ubi
1719 328 1752 354 E-

962 361 1120 399 vangelium
1132 361 1204 389 illius
1213 360 1269 389 diei
1291 370 1399 399 nempe,
1413 363 1511 399 Miffus
1521 364 1556 400 est
1567 365 1689 402 Angelus
1699 370 1755 394 Ga-

959 402 1029 429 bne!
1038 401 1096 435 (ἂψ.
1106 411 1168 430 cum
1177 403 1235 437 ejus
1243 400 1362 430 homelia
1372 402 1483 430 canebat
1494 424 1502 436 ,
1520 413 1572 442 qua
1583 406 1689 443 γει-κᾶε
1709 405 1757 435 de-

959 440 1101 470 scendebat
1121 442 1155 471 ad
1166 441 1364 471 incensandum
1374 442 1471 471 Altare
1486 464 1491 477 ,
1512 454 1571 482 quae
1591 446 1755 476 caetemonia

958 482 1105 511 denotabat
1121 482 1367 511 annunciationem
1387 483 1417 511 ab
1427 484 1538 523 Angelo
1550 486 1663 524 Virgini
1674 486 1755 516 exlu-

958 522 1044 551 bitam
1055 533 1062 554 5
1073 523 1192 551 Diaconi
1202 523 1277 551 enim
1287 522 1411 552 officium
1422 524 1577 563 angelicum
1588 527 1626 555 est
1636 547 1643 554 .
1654 528 1754 556 Incen·

956 561 1027 591 satio
1036 573 1127 591 autem
1139 564 1244 592 Altaris
1255 564 1388 592 virtutem
1401 563 1534 594 Altiffimi
1552 565 1752 605 supervenien-

959 612 1014 631 tcm
1038 602 1066 631 in
1080 603 1201 642 Virgine
1211 603 1378 642 significabat
1389 626 1396 633 .
1416 605 1540 634 Dur-and.
1551 607 1597 636 lib.
1610 615 1637 638 6.
1656 619 1714 647 cap.
1729 614 1754 638 8.

957 643 1117 673 Incensatio
1127 644 1224 673 oblatae
1236 645 1352 673 denotat
1362 646 1522 675 unftionem
1540 647 1638 686 capitis
1646 648 1756 678 Christi

956 694 970 711 a
981 685 1145 723 Magdalena
1153 694 1218 713 ante
1229 695 1260 723 pa
1266 684 1383 714 ffionem
1393 686 1488 716 fastam
1500 709 1506 715 .
1529 688 1676 718 Innocent.
1684 692 1755 729 Papa

957 725 1017 753 111.
1029 725 1106 754 iiim.
1119 726 1152 754 de
1165 726 1245 761 myst.
1257 725 1352 759 Missas,
1362 737 1420 765 cap.
1434 738 1479 762 57.
1489 729 1572 758 Trina
1584 740 1651 759 vero
1662 730 1753 760 incen.

954 763 1025 793 satio
1034 766 1081 794 uni
1092 776 1200 794 tantum
1214 767 1334 805 praessari
1354 767 1434 796 debet
1442 791 1450 802 ‚
1475 779 1571 808 nempe
1580 792 1587 803 ‚
1607 770 1753 810 digniori.

955 805 1012 834 Sac.
1023 807 1082 835 Rit.
1093 808 1268 846 Congregat.
1284 818 1292 835 i
1305 818 1328 835 i.
1339 808 1581 846 Deccmbr.x1604.
1593 814 1620 839 δε
1638 823 1644 839 i
1658 822 1679 839 r.
1696 813 1754 841 De-

954 847 1052 874 ccmbr.
1060 858 1069 875 1
1077 854 1092 876 6
1103 859 1144 883 ¹4·
1157 849 1269 887 quando
1281 849 1437 878 incensatur
1448 850 1553 884 Aimre,
1565 852 1755 890 incipiendum

953 887 991 914 est
1003 898 1016 915 a
1027 897 1114 917 cornu
1125 888 1249 918 sinistro.
1264 889 1337 918 Vide
1345 890 1432 919 Bulla
1443 910 1450 918 .
1464 891 1576 920 Dicitur
1586 892 1668 921 etiam
1677 893 1754 922 Thu-

953 927 1071 956 ribulum
1093 931 1284 967 Incensarium
1294 951 1302 962 ,
1324 931 1598 967 Thymiamaterium
1613 955 1621 966 ,
1649 935 1752 972 Suffita-

951 970 1026 1005 rium
1034 989 1042 996 .
1068 969 1141 997 Vide
1163 971 1301 1007 Thurifico
1310 990 1318 999 .

99 1010 178 1038 verba
188 1009 218 1037 jn
228 1009 420 1039 benedietjone
429 1011 514 1049 posim
526 1013 671 1048 Jncmsum
682 1013 755 1048 ,stud
764 1012 822 1046 &a
834 1022 895 1042 ver-
911 1008 1153 1039 Triuninumuuixi
1162 1011 1417 1044 Fzsi‘ivnnsaerat
1426 1015 1523 1052 quaed}
1538 1014 1744 1054 festivitas‚quae

96 1051 127 1078 ba
138 1049 166 1077 in
178 1049 366 1079 incensatione
375 1051 478 1090 prolata
488 1072 496 1079 .
517 1056 668 1090 Dtrigatur
679 1056 768 1081 oratio
780 1063 842 1081 mea
854 1053 895 1090 st-

97 1099 144 1118 cut
157 1093 302 1128 incensum
313 1090 473 1129 &c.praercr
482 1093 533 1120 alia
544 1093 674 1127 mysteria
686 1093 714 1121 in
724 1093 827 1122 incensi
837 1102 894 1121 ma—

0 1136 58 1149 -
77 1165 88 1174 ³
96 1131 166 1159 teria
177 1131 327 1170 significata
337 1153 344 1161 .
357 1133 477 1168 Quando
488 1133 570 1162 debet
579 1132 779 1162 sanetiffimum
790 1133 894 1163 Eucha-

97 1171 178 1200 ristiae
191 1172 391 1202 Sacramentum
401 1172 534 1202 incensari
546 1195 554 1207 ‚
578 1184 643 1202 tunc
656 1185 713 1203 non
722 1175 896 1203 benedicitur

98 1210 254 1244 incensnm5
273 1213 346 1242 secus
359 1224 426 1243 vero
448 1214 466 1243 si
476 1214 618 1244 occasione
627 1215 762 1244 misi-‘arum
772 1216 829 1245 cele
835 1216 892 1244 bra—

97 1253 185 1281 tionis
196 1273 204 1285 ‚
216 1263 261 1281 aut
272 1253 440 1292 vesperarum
452 1253 648 1284 incensandum
661 1256 692 1285 sit
703 1257 804 1287 altare‚-
829 1266 894 1285 runc

95 1294 170 1322 enim
181 1293 248 1322 licet
264 1294 297 1323 fit
310 1295 464 1333 expositum
479 1297 680 1325 Sacramentum
693 1322 698 1328 ,
721 1297 895 1326 benedicitur

100 1332 286 1363 nihilominus
305 1334 445 1363 incensum
455 1356 464 1363 .
483 1337 520 1364 In
530 1335 618 1364 Missis
627 1337 826 1366 Defiinftorum
839 1359 845 1370 ‚
866 1341 893 1366 ὅ(

95 1374 209 1412 quando
218 1375 371 1413 expositum
384 1375 421 1404 est
431 1377 636 1405 Sacramentum
647 1399 655 1410 ‚
671 1379 700 1406 in
713 1378 895 1407 ministrando

96 1414 268 1443 thuribulum
278 1427 334 1444 non
345 1416 483 1445 osculatur
494 1438 502 1449 ,
520 1427 609 1455 neque
619 1427 712 1446 manus
721 1420 873 1448 Sacerdotis
886 1440 894 1451 ,

98 1465 148 1483 nec
160 1456 274 1484 ulterius
285 1456 441 1484 incensatur
450 1458 580 1494 Superior
597 1459 656 1496 post
667 1458 794 1488 osculum
805 1464 894 1489 Evan-

98 1494 167 1532 gelii
180 1516 188 1527 ‚
206 1505 236 1523 ut
245 1495 275 1523 in
284 1495 343 1524 aliis
354 1495 444 1525 Miffis
454 1495 620 1526 solemnibus
643 1498 701 1527 ficri
712 1500 800 1532 solem
822 1499 894 1529 secus

100 1544 169 1562 vero
187 1534 206 1563 si
224 1535 336 1564 indutus
357 1535 394 1564 est
404 1535 483 1565 sacris
495 1547 673 1575 paramentis:
692 1539 753 1569 laaec
764 1541 838 1569 enim
856 1539 893 1569 est

97 1584 207 1603 romana
219 1576 309 1613 praxis
320 1597 328 1608 ‚
349 1586 427 1614 quam
438 1587 491 1616 ego
501 1578 603 1616 pluries
611 1579 772 1609 observavi.
793 1581 893 1610 Cardi-

97 1615 208 1647 dinalis,
218 1617 327 1653 quando
337 1617 368 1644 in
379 1617 463 1646 titulo
471 1617 523 1646 suae
535 1619 660 1648 Eccleliae
672 1620 705 1649 ad
715 1621 823 1651 Miflam
832 1633 893 1650 can-

99 1665 181 1684 tatam
197 1656 290 1685 affisti'r
302 1679 308 1689 ‚
329 1657 393 1685 dum
403 1657 460 1695 ipse
470 1657 606 1688 osculatur
617 1660 714 1690 librum
725 1663 895 1701 Evangelio-

99 1706 159 1724 rum
170 1717 178 1729 ‚
189 1705 254 1725 tunc
264 1699 413 1726 Celebrans
425 1698 586 1728 incensatur.
598 1702 694 1740 Itaque
705 1703 797 1741 regula
807 1714 893 1741 gene-

98 1737 162 1765 ralis
173 1737 234 1766 talis
244 1738 281 1766 est
294 1760 301 1770 ,
313 1739 382 1766 utin
394 1739 531 1777 principio
540 1740 625 1770 :cliniae
638 1763 645 1774 ‚
658 1746 685 1772 δ(
696 1744 755 1780 post
766 1747 892 1783 Evange—

101 1777 169 1804 lium
178 1787 315 1815 nunqucm
324 1778 451 1815 superior
460 1790 521 1808 non
531 1780 641 1810 indutus
651 1781 731 1812 sacris
754 1792 892 1821 paramen-

949 1049 1133 1079 celebrabatur
1152 1061 1166 1079 a
1176 1052 1263 1080 Clero
1274 1051 1303 1080 in
1314 1052 1403 1092 aliqua
1414 1054 1530 1084 Ecclesia
1541 1078 1548 1088 ,
1562 1056 1670 1094 quando
1682 1057 1753 1084 acci-

950 1090 1094 1128 piebantur
1113 1102 1126 1120 a
1136 1093 1207 1130 Papa
1225 1093 1351 1131 quasdam
1371 1103 1544 1124 monetarum
1564 1106 1675 1125 munera
1687 1102 1753 1126 Pre-

951 1131 1102 1170 sbyterium
1112 1133 1248 1171 appellata
1258 1155 1266 1167 ,
1278 1133 1312 1162 de
1323 1144 1374 1173 qua
1383 1137 1548 1165 caeremonia
1560 1136 1592 1165 fit
1603 1138 1710 1166 mentio
1723 1138 1753 1166 in

950 1171 1107 1210 quibusdam
1120 1173 1264 1212 Scripturis
1275 1173 1304 1202 in
1315 1174 1444 1204 Archivo
1463 1178 1488 1206 S.
1503 1177 1607 1216 Angeli
1618 1179 1651 1206 ad
1664 1178 1755 1206 forum

950 1210 1127 1250 piscatorium
1147 1217 1280 1244 Romanae
1303 1216 1390 1245 Urbis
1401 1217 1569 1256 conservatis
1584 1240 1590 1251 ‚
1612 1218 1641 1246 in
1660 1220 1754 1257 quibua

950 1253 1073 1291 loquitur
1085 1255 1118 1283 de
1129 1255 1218 1284 Clcro
1230 1256 1354 1285 Ecclesia:
1365 1257 1530 1295 parochialis
1542 1260 1567 1288 S.
1579 1261 1754 1291 Patermutii,

952 1294 996 1321 ubi
1008 1295 1108 1323 Clerus
1117 1295 1280 1335 suscipiebat
1301 1308 1315 1325 a
1324 1297 1462 1326 Pontifice
1482 1300 1683 1338 presbyterium
1705 1299 1752 1329 sex

950 1335 1126 1364 denariorum
1136 1357 1143 1363 .
1165 1338 1223 1371 [In
1234 1337 1450 1367 Thuribulorum
1461 1339 1608 1368 festivitate
1620 1362 1626 1368 .
1640 1344 1652 1373 ]
1677 1341 1750 1370 Vide

952 1376 1156 1416 presbyterium
1168 1396 1174 1404 .
1186 1373 1222 1406 In
1232 1377 1280 1406 har
1291 1379 1493 1417 significatione
1505 1401 1511 1408 .
1537 1381 1609 1410 Vide
1619 1387 1691 1419 Roga
1701 1402 1708 1409 .

910 1419 951 1446 Tu
959 1427 1137 1446 υκιειεΑτιο
1148 1439 1156 1450 ,
1167 1417 1320 1447 incensatio
1331 1440 1339 1447 .
1361 1424 1420 1455 [Et
1432 1420 1519 1450 facitis
1538 1431 1588 1449 vos
1596 1421 1682 1450 hodie
1692 1421 1752 1460 post

950 1457 1084 1486 unitatem
1097 1479 1104 1490 ,
1123 1458 1219 1497 quoda
1229 1460 1307 1487 nullo
1320 1458 1419 1488 sactum
1430 1460 1468 1488 est
1489 1461 1547 1499 post
1565 1460 1752 1490 thurificatio-

952 1499 1130 1537 nem.Optat.
1141 1498 1265 1527 Milevit.
1277 1499 1355 1528 lib.2.
1365 1499 1471 1529 advers.
1486 1503 1672 1534 Parmenian.]
1686 1503 1753 1532 Cae-

950 1540 1088 1607 Zerlnonias
1098 1562 1106 1572 ,
1129 1543 1157 1568 δε
1167 1539 1297 1574 mysteria
1307 1540 1521 1570 thurificationis
1532 1562 1540 1569 .
1565 1543 1638 1572 Vide
1648 1544 1753 1572 Thuri-

967 1590 986 1607 ιι
998 1591 1046 1608 um
1057 1601 1066 1608 .

909 1621 1137 1649 ΤιῑυκηιςΑτυς
1150 1643 1157 1653 ,
1169 1621 1215 1660 qui
1225 1622 1307 1651 idolis
1317 1623 1361 1652 dat
1376 1622 1467 1656 thura,
1477 1627 1504 1652 ὃ(
1517 1623 1649 1652 incensat.
1662 1625 1750 1659 [Cor-

953 1660 1041 1689 nelius
1051 1672 1101 1699 qua
1112 1663 1219 1691 ratione
1232 1663 1386 1702 Trophimo
1399 1686 1405 1697 ,
1417 1668 1444 1693 ὅ(
1457 1663 1620 1693 thurificatis
1629 1675 1751 1693 commu-

954 1700 1028 1729 nicat
1037 1721 1045 1728 .
1057 1703 1081 1730 S.
1093 1702 1230 1741 Cyprian.
1241 1704 1317 1741 epist.
1334 1707 1394 1742 53]
1408 1705 1454 1743 qui
1466 1716 1479 1733 a
1490 1706 1664 1733 Tertulliano
1675 1706 1753 1734 Thu-

952 1742 1059 1776 rzficuli
1068 1742 1207 1772 dicuntur.
1220 1745 1292 1773 Vide
1302 1750 1478 1774 Caremom'or
1488 1765 1495 1772 .
1508 1746 1645 1774 Crucula.
1657 1747 1746 1775 Libe!—

947 1782 1030 1809 latici
1041 1802 1048 1810 .
1060 1785 1217 1812 Thurartus
1225 1805 1234 1811 .
1243 1786 1380 1823 Tburtfico
1388 1806 1395 1813 .

99 1817 135 1844 tis
145 1818 304 1848 'incensetur
315 1841 323 1852 ‚
337 1819 386 1848 mii
400 1829 505 1848 tantum
516 1829 641 1860 tempore
649 1822 782 1852 offertorii
793 1836 801 1855 ς
813 1836 839 1852 ac
853 1835 893 1853 rc-
910 1825 1076 1851 Tuuumco
1088 1845 1096 1856 ‚
1108 1823 1186 1852 thura
1199 1825 1245 1857 do,
1259 1826 1389 1854 incenso.
1412 1833 1426 1862 t
1438 1830 1472 1855 Et
1487 1827 1629 1855 Menelaus
1640 1848 1647 1859 ,
1658 1828 1705 1865 qui
1720 1838 1752 1855 ne

98 1867 195 1885 center
212 1859 241 1886 in
251 1860 437 1889 caercmoniali
448 1861 609 1890 Innocentii
619 1865 697 1901 Papae
714 1863 783 1900 junii
803 1875 892 1893 coire-

100 1898 145 1925 c‘to
158 1919 166 1930 ,
185 1899 233 1927 lib.
248 1909 271 1927 1.
280 1910 339 1938 cap.
351 1911 397 1938 23.
416 1900 446 1929 id
456 1902 597 1931 manifeste
607 1903 755 1933 declaratur
768 1926 776 1937 ‚
795 1906 840 1934 ubi
857 1906 891 1935 sic

100 1938 213 1967 habetur
224 1951 230 1968 ι
245 1945 257 1974 [
270 1942 370 1971 Nullus
380 1951 446 1969 vero
455 1952 544 1980 neque
553 1943 700 1982 Episcopus
713 1966 720 1977 ,
739 1945 759 1973 si
769 1955 827 1974 non
840 1945 892 1974 sint

102 1980 206 2007 mitrati
219 2002 226 2012 ,
237 1980 391 2010 incensatur
401 1982 429 2010 in
440 1982 527 2016 Mina,
539 1984 587 2012 nili
597 1983 679 2013 semel
690 2006 698 2017 ,
708 1984 822 2019 scilicet,
833 1987 891 2024 post

99 2019 197 2048 oblata:
208 2022 220 2051 ]
233 2021 296 2050 ideo
307 2021 436 2050 Pontifex
447 2023 556 2060 quando
566 2024 595 2052 in
607 2025 742 2063 (Iappclla
752 2027 840 2064 papali
851 2026 890 2055 as-

99 2060 167 2088 iistit
177 2060 211 2088 ad
221 2061 326 2090 Maiiam
335 2084 344 2095 ,
353 2062 460 2101 semper
471 2064 510 2092 est
519 2066 645 2093 mitratus
657 2087 666 2098 ‚
675 2069 702 2094 ὅ(
715 2067 834 2103 pluviali
848 2078 891 2096 in-

99 2100 180 2129 dutus
188 2123 197 2134 ‚
207 2112 252 2140 qui
265 2103 375 2141 quando
386 2103 465 2132 debet
474 2103 596 2133 sedendo
607 2104 741 2134 incensari
753 2128 761 2139 ,
783 2117 848 2136 tunc
858 2109 892 2137 ob

99 2143 282 2171 reverentiam
293 2144 446 2173 cathedrae
457 2165 467 2176 ‚
476 2155 535 2183 quae
547 2146 586 2174 est
601 2147 690 2183 prima
698 2145 772 2176 sedes
785 2169 791 2179 ‚
803 2147 890 2177 thuri—

99 2181 194 2210 ficatur
212 2193 227 2211 a
236 2184 380 2214 Cardinali
389 2183 525 2214 affisteme
546 2187 696 2224 genuflexo
705 2209 713 2220 ,
733 2191 762 2216 δι
780 2189 890 2227 quando

95 2223 199 2251 erectus
211 2224 368 2253 incensatur
377 2246 384 2258 ,
394 2234 458 2253 tunc
468 2226 542 2254 idcm
550 2227 710 2256 cardinalis
721 2228 890 2258 funftionem

94 2262 170 2291 illam
180 2273 291 2293 exercet
302 2266 404 2294 erectus
411 2285 419 2293 .
440 2267 476 2294 In
484 2267 600 2295 Ecclesia
610 2277 698 2306 graeca
706 2268 890 2307 quotiescum-

95 2313 147 2340 que
157 2314 292 2342 repentur
301 2306 440 2335 Diaconus
453 2306 570 2345 praesens
582 2329 590 2340 ,
612 2309 645 2336 ad
655 2319 717 2337 curn
726 2307 828 2347 speciat
841 2312 888 2340 Al-

93 2344 157 2372 tatis
167 2345 360 2378 thurificatio,>
383 2347 414 2375 in
423 2347 510 2376 latina
527 2357 616 2377 autem
626 2349 741 2379 Ecclesia
752 2350 789 2378 est
802 2351 889 2380 Sacer-

92 2383 165 2412 dotis
183 2396 280 2415 munus
298 2408 305 2415 .
326 2386 442 2426 Insuper
453 2389 547 2429 Qraeci
568 2389 598 2419 in
616 2390 674 2419 adu
693 2389 888 2422 incensationis

127 2428 320 2459 Hierolexicon
341 2433 435 2460 Macri
446 2450 452 2459 .

952 1862 1115 1892 tliurisicasse
1132 1876 1142 1891 a
1157 1864 1208 1892 suis
1218 1866 1336 1894 Civibm
1347 1868 1503 1904 probaretur
1517 1889 1523 1899 ‚
1545 1878 1570 1895 οι
1581 1869 1687 1897 illorum
1699 1868 1751 1897 du-

948 1903 1035 1931 lorem
1047 1904 1155 1942 fingens
1167 1927 1174 1937 ,
1197 1906 1230 1934 ad
1239 1906 1389 1934 confestum
1410 1908 1524 1935 suorum
1535 1908 1682 1943 procedere
1696 1918 1752 1938 trc-

948 1944 1055 1981 pidavit
1070 1965 1076 1971 .
1088 1946 1189 1982 Optat.
1200 1946 1325 1975 Milevit.
1337 1948 1383 1975 lib.
1396 1958 1422 1979 7.
1435 1947 1541 1976 advers·
1554 1949 1749 1981 Parmenian.]

949 1986 1004 2012 Ηζ.
1016 1985 1123 2013 Omnes
1133 1984 1176 2013 sua
1190 1996 1318 2024 quaerunt
1330 2009 1337 2019 ,
1361 1998 1418 2015 non
1430 1998 1489 2025 qua:
1500 1987 1563 2026 Jcsu
1576 1990 1595 2015 (
1605 1988 1683 2018 liristi
1696 1994 1748 2019 δςς.

949 2036 980 2053 ex
993 2035 1047 2063 quo
1059 2035 1158 2064 genere
1168 2025 1231 2054 sunt
1243 2048 1250 2060 ‚
1261 2027 1307 2064 qui
1321 2028 1364 2055 vel
1377 2027 1534 2056 thurificare
1547 2029 1638 2061 idolis,
1651 2031 1694 2058 vel
1706 2042 1752 2058 co-

947 2065 1020 2094 dices
1031 2066 1144 2094 divinos
1154 2066 1270 2098 tradere,
1283 2077 1363 2106 quani
1375 2069 1456 2101 mori,
1470 2069 1751 2109 inaluerunt.D.Aug.

949 2107 982 2134 de
995 2105 1139 2134 schismate
1150 2107 1325 2146 Donatist.cp
1344 2109 1514 2147 164.Julian.
1525 2111 1620 2138 extitit
1632 2111 1749 2139 infidelia

947 2148 1188 2184 Impei·.ir.;nonne
1198 2148 1293 2176 extitit
1307 2148 1437 2187 Apostata
1448 2150 1557 2189 iniquus
1567 2151 1749 2180 idolatrauiii-

948 2187 1008 2215 lites
1020 2187 1172 2216 Christiani
1184 2187 1338 2217 servierunt
1349 2191 1512 2228 Imperatori
1526 2191 1692 2224 infideiuubi
1705 2202 1750 2219 ve-

946 2229 1069 2255 niebatur
1079 2228 1111 2255 ad
1120 2227 1225 2256 causam
1237 2228 1416 2263 Christi‚non
1425 2231 1518 2270 agnos}
1527 2233 1607 2259 ebant
1617 2232 1667 2260 nni
1676 2232 1729 2260 illi'i
1741 2255 1749 2266 ,

947 2269 993 2306 qui
1006 2268 1121 2297 inCcelo
1131 2278 1196 2296 erat:
1208 2270 1319 2308 quando
1332 2271 1443 2300 volebat
1453 2282 1480 2299 ut
1493 2272 1565 2299 idola
1575 2272 1709 2304 colerent,
1719 2283 1749 2301 ut

945 2308 1346 2347 thurificarent‚pr.r:ponebant
1358 2312 1398 2339 illi
1411 2313 1547 2344 Deu,can.
1560 2313 1753 2350 Imperatores,

945 2349 1105 2386 §.Julianus
1122 2360 1165 2377 11.
1178 2350 1274 2387 quxst.
1285 2353 1326 2389 3.]
1340 2353 1520 2391 Cogebantur
1530 2353 1604 2380 enim
1615 2352 1751 2382 Christia-

946 2390 975 2420 ni
985 2390 1171 2428 aOcntilibus
1182 2400 1212 2419 in
1224 2390 1437 2421 detestationem
1449 2392 1515 2427 fidei
1523 2392 1680 2423 christiana:
1693 2415 1701 2426 ,
1721 2405 1751 2424 ut

1395 2434 1418 2461 V
1431 2443 1447 2462 u
1640 2434 1706 2464 Ido-
