1830 2490
185 149 246 182 diis
275 150 373 182 adhuc
403 147 537 181 minime
557 148 710 189 perfidiis,
739 157 805 181 non
836 147 962 181 modice
983 148 1143 191 indignati
1173 148 1262 183 <Erant
1284 150 1349 194 eju-s
1379 152 1546 193 parentes3
1576 158 1656 197 <1110ss

178 202 249 224 rum
278 192 531 234 exprobrationes
551 189 590 223 eo
611 191 712 232 magis
733 191 767 223 in
796 202 868 223 eum
899 192 1092 233 augebantur
1113 191 1255 233 quotidie
1272 216 1283 231 ,
1313 195 1476 236 praesertim
1505 196 1579 239 quia
1607 209 1657 231 ra-

178 234 302 268 tionem
332 234 420 276 hujus
449 233 608 266 immaturi
639 236 790 267 adventus
819 233 1003 275 investigare
1034 234 1242 276 nequiverant
1266 248 1276 269 ε
1316 236 1466 280 quinimo
1495 241 1656 281 torquebat

177 288 232 310 eos
262 288 330 309 non
353 276 479 309 modica
509 276 648 318 ingentis
671 276 749 309 mali
778 276 908 317 suspicio
926 298 935 312 ,
965 275 1039 318 quia
1061 287 1112 318 per
1133 286 1235 312 totum
1264 277 1345 313 illud
1374 287 1495 321 tempus
1525 282 1656 321 nonnisi

177 330 251 352 cum
281 318 516 353 Mahumctanis
545 320 583 351 de
613 321 702 352 rebus
719 341 729 354 ‚
760 318 999 361 regionibusque
1028 318 1246 353 OrientaIIum
1274 321 1430 355 continuo
1457 321 1656 356 confabulati

177 361 411 402 reperiebatur3
441 373 479 394 ex
500 361 545 394 cis
574 361 661 394 enim
683 361 839 403 Agarenis
869 360 993 394 itineris
1021 362 1166 395 ordinem
1185 384 1196 399 ‚
1223 362 1365 397 locorum
1395 364 1532 397 nomina
1560 364 1658 397 inter-

176 403 304 436 noscere
323 426 333 440 ,
361 415 396 436 ac
424 403 540 437 turcica
569 404 754 437 vestimenta
772 414 874 436 emere
904 414 979 445 opus
999 403 1131 437 habebat
1150 405 1342 440 Dominicus
1359 429 1371 444 ,
1400 408 1439 439 de
1467 406 1579 447 quibus
1610 406 1658 440 la-

177 445 273 479 tebris
295 445 378 479 male
399 447 589 488 apprehensis
611 447 795 479 incessanter
815 448 891 478 dum
918 446 1153 480 conviciabatur
1182 447 1238 479 ille
1257 470 1268 484 ,
1298 448 1418 481 summa
1444 448 1656 483 nihilominus

176 488 328 529 patientia
347 511 358 525 ‚
396 501 432 521 ac
461 488 618 521 hilaritate
651 490 767 523 cuneta
800 488 979 522 sustinendo
998 510 1009 526 ‚
1043 489 1139 523 variis
1176 489 1342 532 aequivocis
1380 499 1540 531 parentum
1571 490 1657 523 indi-

175 531 360 573 gnationem
391 531 536 572 mitigare
568 532 749 573 satagebat.
788 532 830 565 At
857 533 988 574 quando
1014 533 1053 564 de
1082 532 1212 565 tranfitu
1249 531 1373 575 navigii
1411 534 1451 564 ad
1485 533 1655 567 Oriente-in

179 574 293 606 certior
323 572 424 607 faetus
454 574 524 610 est,
552 574 654 606 statim
684 574 807 606 Patrem
838 574 988 615 rogavit,
1027 584 1060 606 ut
1089 574 1193 608 secum
1223 584 1309 607 extra
1338 577 1469 614 domum
1502 574 1561 608 iret
1579 598 1590 613 ‚
1619 580 1656 611 δε

177 615 213 647 in
248 616 301 650 via
329 615 458 649 veniam
481 638 492 653 ,
521 620 555 651 &
588 616 847 649 benedietionem
874 615 1032 657 postulans
1049 639 1059 654 ,
1097 616 1219 649 causam
1249 616 1295 649 sui
1318 616 1457 650 discessus
1485 616 1515 649 ei
1543 617 1659 659 patefe-

177 658 244 695 cit,
276 669 370 700 quem
401 659 497 691 etiam
525 668 662 700 precatus
691 658 760 695 est,
793 668 826 691 ut
857 669 950 699 penes
980 658 1204 694 Genitricem,
1243 662 1278 694 δε
1307 658 1494 692 domesticos
1534 660 1656 693 excusa·

175 709 223 733 ret
241 723 251 737 ‚
279 702 302 733 fi
325 703 363 734 ad
383 700 551 733 evitandos
569 700 757 734 ⁴foeminiles
787 699 921 742 ejulatus
937 722 948 737 ,
979 700 1143 733 licentiam
1175 701 1221 733 sui
1249 700 1390 735 disceffus
1416 711 1485 734 non
1514 702 1656 743 poposce-

175 752 221 776 rat
238 765 249 780 ‚
285 743 319 775 in
349 753 483 785 quorum
513 743 610 786 igitur
637 742 698 784 piis
727 742 957 784 precationibus
986 753 1038 785 per
1066 743 1189 776 Patrem
1227 743 1256 775 se
1286 745 1514 776 commendans
1537 765 1548 781 ,
1587 744 1657 777 vale

176 785 257 818 dixit
273 809 283 818 .
313 785 378 818 Vix
408 794 516 818 tamen
546 785 581 818 in
612 785 801 818 orientalem
829 794 941 818 terram
970 783 988 818 ἐ
1009 785 1084 818 navi
1106 785 1332 824 descenderat,
1359 795 1393 818 ut
1421 785 1523 818 statim
1551 785 1586 818 in
1608 786 1656 820 sui

175 828 267 861 necis
288 827 501 861 infortunium
522 827 674 861 inciderit
690 850 700 865 ,
729 829 804 860 dum
824 827 913 859 enim
934 829 1034 862 noe‘lu
1054 827 1221 869 campestre
1240 829 1351 869 agebat
1375 827 1433 860 iter
1450 849 1460 864 ,
1492 828 1525 859 in
1548 838 1657 870 quem-

177 872 252 903 dam
280 870 462 913 AEthiopum
491 870 630 903 militem
658 878 831 903 occurrerat
849 891 861 906 ‚
889 869 943 912 qui
973 869 1021 903 ira
1052 879 1155 902 motus
1171 891 1183 906 2
1212 869 1354 912 gladium
1382 869 1564 911 evaginavit
1580 893 1589 906 ,
1621 880 1657 904 ut

177 912 390 948 Dominicurn
417 912 601 950 occiderem
631 913 682 945 sed
712 912 868 945 innocens
900 914 938 944 de
958 912 1048 945 causa
1074 912 1156 945 tanti
1176 922 1281 946 motus
1310 914 1510 955 aggressorem
1541 911 1657 946 blande

176 955 411 997 interrogavit:
439 955 515 998 quia
544 966 613 989 non
644 953 743 988 fuisset
772 956 809 987 ab
838 965 877 986 eo
908 954 1082 991 salutatus,
1113 953 1298 996 respondit:
1329 955 1469 996 protinus
1501 954 1532 987 sc
1563 965 1656 987 excu-

174 997 255 1031 savit
283 996 476 1033 Dominicus
493 1019 504 1034 ‚
538 998 568 1030 se
597 1007 664 1030 non
696 995 803 1038 parum
824 996 964 1030 caecutire
983 995 1145 1038 praesertim
1174 995 1208 1028 in
1230 996 1336 1030 noetis
1364 996 1531 1038 caligine3
1563 996 1659 1029 intel·

173 1039 297 1082 ligebat
324 1050 463 1080 namque
494 1041 532 1072 de
561 1039 709 1073 caecitatis
730 1039 912 1081 ignorantia
939 1038 972 1070 in
995 1038 1133 1072 moribus
1163 1038 1304 1080 regionis
1323 1060 1332 1076 ‚
1365 1042 1402 1071 de
1430 1049 1494 1080 quo
1521 1037 1576 1072 usu
1604 1040 1658 1070 de-

176 1081 255 1116 inde
284 1082 451 1115 instructus
468 1103 478 1118 ‚
509 1080 594 1123 quod
615 1103 625 1117 ,
661 1081 778 1115 scilicet
796 1103 807 1117 ‚
845 1080 961 1112 ssmiles
991 1080 1108 1113 milites
1127 1102 1137 1117 ,
1178 1081 1200 1112 ss
1238 1080 1274 1113 in
1304 1080 1467 1121 campestri
1494 1080 1547 1114 via
1573 1079 1658 1125 prius

176 1136 247 1158 non
269 1124 439 1157 salutentur
457 1146 468 1161 ,
497 1123 601 1156 statim
622 1125 662 1155 de
682 1121 854 1155 inimicitia
883 1121 1100 1162 suspicantut3
1132 1121 1236 1162 itaque
1265 1121 1464 1155 excusatione
1494 1122 1658 1164 mitigatus

177 1167 272 1200 miles
290 1166 347 1199 ille
367 1188 379 1203 ,
409 1170 443 1201 &
467 1169 505 1198 de
535 1165 588 1198 via
609 1165 817 1207 interrogatus
835 1186 846 1201 ‚
875 1163 903 1195 se
924 1163 1101 1196 humaniter
1121 1162 1247 1205 praebuit
1264 1188 1273 1196 .
1302 1162 1377 1196 Alia
1405 1164 1474 1196 vice
1503 1165 1544 1197 ob
1575 1164 1660 1197 fimi-

175 1209 242 1242 lem
279 1219 404 1242 morum
433 1207 573 1250 regionis
610 1206 825 1251 ignorantiam
854 1205 1042 1248 periclitatus
1080 1205 1124 1238 est
1162 1214 1333 1242 mortem·,
1381 1215 1466 1238 extat
1503 1206 1657 1248 siquidem

176 1262 246 1285 non
277 1250 447 1286 mediocris
474 1249 632 1293 zelotypia
659 1249 876 1284 Orientalium
909 1258 982 1290 erga
1010 1257 1120 1280 eorum
1149 1246 1321 1283 mulieres,
1364 1256 1399 1280 ut
1437 1258 1496 1280 nec
1527 1248 1658 1290 propriis

174 1293 322 1327 fratribus
345 1305 397 1327 eas
417 1295 580 1327 confident
597 1314 608 1329 ‚
640 1293 718 1334 quin
747 1296 783 1327 ὃς
805 1290 982 1333 nuptiarum
1014 1289 1193 1323 festivitates
1210 1312 1221 1327 ,
1249 1300 1284 1322 ac
1313 1289 1549 1322 comessationes
1577 1300 1659 1323 uter-

179 1348 240 1379 que
269 1336 356 1369 sexus
386 1336 547 1378 separatim
578 1335 738 1368 celebrat:
768 1336 852 1376 quod
883 1333 1024 1366 nesciens
1054 1331 1271 1368 Dominicus‚
1308 1331 1359 1364 die
1392 1334 1528 1374 quadam
1556 1332 1659 1366 curio-

176 1379 276 1413 sitatis
305 1378 405 1421 gratia
434 1378 583 1420 inspicere
613 1377 715 1411 voluit
733 1398 745 1413 ‚
781 1376 851 1409 casu
886 1375 921 1408 in
952 1374 1120 1407 mulierum
1158 1374 1356 1406 mansionem
1384 1374 1533 1416 ingressus
1562 1384 1658 1412 crat,

178 1423 266 1465 quod
295 1419 374 1460 aare
405 1420 539 1454 ferentes
568 1419 658 1456 viri,
686 1418 780 1453 armis
797 1441 808 1455 ,
847 1422 882 1453 &
910 1417 1039 1450 fustibus
1065 1416 1158 1449 illum
1196 1417 1324 1458 aggressi
1362 1415 1434 1449 sunt
1451 1429 1461 1448 ε
1500 1427 1594 1458 quare
1622 1425 1659 1450 ut

176 1457 353 1506 periculum
389 1463 548 1499 evitaret,
588 1462 691 1495 statim
721 1463 875 1495 advenam
904 1461 963 1492 csse
990 1481 1000 1496 ‚
1040 1469 1075 1492 ac
1109 1457 1240 1500 proinde
1278 1457 1366 1490 illius
1403 1457 1481 1490 ritus
1509 1459 1656 1506 ignarum

178 1505 270 1540 faffus
301 1506 376 1542 cst3
407 1510 441 1541 &
473 1508 511 1538 ad
541 1507 793 1539 Gubernatorem
824 1502 887 1536 loci
918 1502 1109 1535 continebam
1129 1523 1140 1536 ‚
1179 1499 1396 1533 accusaverunt
1423 1500 1479 1531 effe
1507 1500 1658 1534 Chnstia-

177 1559 257 1583 num
285 1548 421 1582 latinum
440 1570 451 1584 ,
484 1557 576 1590 atque
597 1547 801 1580 Turcicarum
831 1544 997 1585 regionum
1028 1543 1247 1585 speculatorem
1266 1566 1273 1573 .
1305 1543 1516 1587 Interrogatus
1543 1541 1619 1575 verb
1638 1540 1658 1575 ὲ

179 1593 398 1626 Gubernatore
417 1612 427 1627 ‚
461 1601 523 1632 qua
553 1591 591 1622 dc
620 1589 709 1622 causa
740 1589 779 1619 ad
801 1586 971 1621 Tutcicum
1000 1586 1165 1627 imperium
1195 1585 1382 1617 accesserat?
1421 1584 1599 1625 Respondit
1627 1583 1658 1617 se

181 1635 239 1667 esse
271 1632 457 1668 medicum,
491 1642 527 1664 ac
558 1630 690 1673 proinde
719 1629 867 1662 medendi
897 1628 1115 1663 Orientalium
1153 1628 1284 1660 modum
1321 1625 1475 1658 addiscere
1511 1625 1661 1667 cupidum*

182 1676 329 1709 accersisse
360 1678 370 1716 (
403 1675 518 1707 sciebat
537 1674 626 1708 enim
648 1672 760 1715 quanti
789 1672 979 1704 aestimantur
998 1669 1117 1713 Phyfici
1144 1669 1179 1701 in
1210 1668 1276 1700 illis
1304 1667 1453 1709 partibus.
1478 1667 1491 1709 )
1519 1669 1592 1703 Nec
1611 1679 1659 1701 rc-

178 1717 251 1752 vera
281 1718 338 1750 ille
367 1716 520 1750 mentitus
542 1725 632 1751 erat,
663 1713 822 1757 quiajam
844 1715 959 1748 Romae
989 1713 1113 1755 physieae
1144 1711 1298 1744 studuerat
1317 1735 1326 1743 .
1355 1712 1456 1745 Unus
1484 1719 1587 1743 autem
1636 1722 1657 1744 x

180 1760 405 1802 principalibus
442 1758 488 1792 ibi
516 1758 720 1792 assistentibus
750 1756 871 1798 rogavit
899 1754 1023 1792 illum,
1054 1764 1088 1787 ut
1107 1754 1202 1788 vellet
1223 1752 1289 1794 ejus
1309 1761 1425 1800 ’natam
1452 1751 1539 1799 febre
1567 1751 1599 1785 la
1621 1763 1658 1785 o-

147 1832 151 1836 .
179 1812 303 1835 mntem
334 1812 438 1835 curare
456 1822 468 1838 ,
498 1803 623 1834 acceffis
651 1802 689 1832 ad
719 1808 922 1840 aegrotantem
952 1795 1171 1832 Dominkus,
1206 1804 1236 1828 at
1265 1805 1338 1836 quia
1376 1795 1423 1842 ¹b¹.
1450 1793 1504 1835 ipsi
1533 1794 1657 1828 Medici

184 1844 316 1887 propriis
348 1844 494 1876 manibus
523 1843 686 1885 pharmaca
724 1849 948 1881 componunt,
977 1839 1039 1880 ipse
1068 1839 1228 1881 quandam
1258 1836 1383 1868 herbam
1414 1846 1448 1867 m
1481 1845 1556 1877 agro
1585 1836 1659 1884 casu

181 1896 336 1928 repertam
375 1885 500 1919 miscuit
527 1895 598 1918 cum
625 1893 706 1916 terra
734 1885 767 1917 S.
799 1883 918 1919 Pauli,
958 1892 1051 1924 quam
1083 1881 1186 1913 secum
1215 1878 1330 1912 ferebat
1358 1887 1396 1910 ex
1434 1879 1552 1927 §rypta
1580 1878 1658 1920 ejus·
1698 1919 1702 1921 ἢ

182 1932 254 1961 dem
286 1929 397 1963 SanAEH
416 1951 426 1965 ,
464 1939 531 1970 quae
551 1927 585 1959 in
616 1925 734 1960 Melita
763 1925 900 1958 maxima
927 1923 1133 1957 veneratione
1168 1921 1311 1969 colitur,
1351 1923 1467 1953 Gratza
1495 1923 1530 1968 S.
1559 1919 1660 1953 Pauli

182 1970 352 2011 vulgariter
385 1978 564 2011 nuncupata
584 1990 595 2004 2
622 1972 656 2003 δε
696 1967 859 2009 aegrotanti
888 1968 928 1999 ad
960 1966 1131 2000 bibendum
1160 1972 1321 2010 porrexit?
1355 1972 1390 1995 ac
1408 1965 1483 2011 Deo
1512 1964 1657 2001 iubente,

183 2013 288 2056 suella
316 2012 417 2044 statim
447 2011 639 2048 convaluit,
670 2014 703 2045 δε
734 2010 780 2042 ita
810 2011 902 2043 fietus
930 2008 1076 2042 Medicus
1103 2004 1524 2054 persecutionis-periculum
1553 2004 1658 2038 evase-

182 2066 231 2088 rat
248 2080 256 2091 ,
294 2054 442 2088 Similem
472 2055 618 2087 effectum
649 2051 738 2093 hujus
765 2053 879 2085 Gratiae
909 2055 943 2084 S.
972 2050 1071 2083 Pauli
1086 2072 1096 2086 ‚
1126 2051 1201 2082 dum
1229 2059 1265 2079 m
1294 2046 1361 2080 illis
1391 2048 1526 2095 partibus
1554 2057 1657 2094 mora-

183 2100 296 2134 batur,
334 2107 474 2139 expertus
511 2097 553 2128 cst
573 2121 581 2128 .
620 2097 725 2129 Mater
762 2095 850 2126 enim
881 2094 947 2136 ejus
966 2115 977 2130 ‚
1013 2103 1081 2135 qua:
1119 2092 1153 2124 in
1193 2089 1308 2125 Melita
1346 2099 1401 2137 pro
1438 2088 1657 2137 mqolurmtate

182 2140 246 2173 filii
275 2142 380 2174 Deum
411 2149 516 2181 rogare
547 2148 710 2179 nunquam
741 2138 894 2172 cessabat,
934 2137 1009 2169 dum
1048 2136 1191 2184 quadam*
1222 2132 1319 2180 nqtste
1351 2142 1386 2163 m
1415 2141 1558 2180 oratione
1586 2132 1657 2162 dor-

181 2182 308 2215 mitaret
327 2203 338 2218 ,
373 2180 475 2213 filium
513 2182 625 2213 morbo
652 2179 791 2212 laborare
828 2178 1064 2214 somniaverat,
1101 2179 1136 2211 &
1177 2187 1195 2207 a
1229 2176 1317 2209 Divo
1352 2172 1657 2222 Apostolonnterea

183 2224 311 2258 curari:
349 2225 479 2265 quando
507 2221 583 2256 vcro
611 2222 646 2254 in
677 2220 825 2256 Melitam
855 2220 949 2252 rediit
981 2219 1201 2255 Dominicns,
1229 2218 1336 2251 Mater
1364 2226 1394 2248 ei
1422 2215 1580 2248 sommum
1611 2224 1658 2262 re-

183 2267 326 2302 tulerat,
371 2267 455 2307 quod
485 2264 556 2298 vere
585 2263 717 2297 evenisse
746 2262 948 2296 confirmavit
977 2262 1060 2297 filius
1077 2283 1090 2300 ‚
1118 2259 1267 2302 inquiens
1285 2281 1295 2296 ‚
1330 2257 1360 2290 se
1389 2256 1472 2289 febre
1500 2255 1658 2304 decubms-

182 2308 244 2345 se',
280 2319 342 2350 qua
371 2308 473 2349 postea
505 2307 539 2340 in
571 2317 756 2348 quartanam
787 2304 962 2341 conversa,
993 2315 1063 2337 non
1092 2302 1158 2336 alio
1186 2301 1358 2351 antidoto,
1395 2309 1489 2348 quam
1509 2298 1658 2347 ‘ejusdem

181 2354 216 2386 S.
237 2351 330 2395 Pauli
357 2359 438 2393 terra
467 2350 687 2397 convaluisse!
716 2348 824 2394 Multa
852 2346 981 2391 quidem
1001 2347 1037 2391 in
1064 2347 1121 2388 hae
1139 2343 1301 2389 Οεῳπὲᾏι
1329 2340 1660 2418 Ρεκςῐιῃηιιῐῖιηὲἰΐα-
