1866 2526
162 31 235 73 188
524 31 629 74 CL
1261 31 1367 75 CL

143 89 310 128 appellatum
321 89 461 128 propiet-ea
469 99 604 119 vocamur
613 89 717 119 Clerici
728 111 736 123 ‚
757 92 801 122 vel
810 88 872 129 quia
883 87 915 117 de
975 86 1031 126 ipse
1040 85 1121 117 etiam
1129 88 1226 128 ubique
1231 89 1363 119 discurrit
1373 112 1381 125 ,
1393 95 1422 120 δε
1433 89 1481 129 qui
1489 100 1569 120 antea
1578 89 1689 131 pedibus
1699 112 1708 126 ‚
1718 100 1764 122 aut

144 130 217 158 sorte
226 129 290 159 sunt
298 130 416 159 Domini
427 151 435 162 ‚
453 130 499 158 vel
508 131 571 169 quia
581 132 718 160 Dominus
736 131 791 161 sors
802 154 809 164 ‚
831 130 898 159 idest
908 149 916 161 2
977 127 1060 156 asello
1068 129 1109 157 ire
1119 129 1307 164 consueverat,
1317 131 1459 170 spumante
1468 143 1539 171 equo
1548 131 1674 171 superbus
1684 133 1765 163 inve-

105 186 108 188 ·
142 180 200 212 pars
208 171 383 200 Clericorum
391 171 428 199 est
439 191 446 199 .
458 171 622 210 Hieron.ep.
637 184 662 200 2.
673 176 700 200 ὅ(
713 183 770 202 can.
783 172 919 201 Clericus,
977 168 1054 196 hitur
1064 180 1071 200 i
1082 179 1164 207 parva
1175 171 1248 208 prius
1259 193 1267 204 ,
1278 181 1324 200 aut
1334 174 1385 202 vili
1395 173 1492 202 cellula
1501 183 1646 202 contentus
1656 173 1748 202 habita
1758 191 1766 195 -

151 222 193 243 ιι.
204 222 248 250 qu.
256 223 264 240 i
272 232 279 239 .
291 214 302 244 ]
314 213 418 241 Verum
428 212 490 249 quia
501 222 558 240 non
570 213 646 250 pauci
657 223 689 240 eo
699 212 753 242 fine
764 214 920 241 clericatum
979 219 1007 237 re
1018 230 1025 241 ‚
1037 209 1119 247 erigit
1130 210 1199 238 celsa
1208 212 1342 253 laquearia
1352 235 1360 246 ‚
1371 213 1504 242 construit
1515 215 1599 242 multa
1612 213 1765 246 conclavia,

143 255 276 291 exoptant
285 273 293 285 ‚
305 262 333 280 ut
345 263 358 281 a
367 253 456 280 laicali
467 252 600 290 potestate
609 252 636 281 se
646 254 768 282 eximant
778 275 785 285 ,
799 253 882 281 velut
893 250 921 278 in
979 248 1079 287 sculpit
1089 249 1165 282 ostia,
1175 250 1267 290 pingit
1277 255 1400 287 armaria,
1412 256 1514 283 vestem
1523 254 1624 292 respuit
1632 253 1767 293 grossior&

142 293 378 322 criminaliutibus
388 293 417 321 ab
427 293 463 320 eis
474 293 584 331 patratis
595 304 651 321 non
662 292 892 332 recognoscantur
910 300 923 317 a
982 290 1173 318 indumentum
1183 292 1267 319 molle
1276 293 1417 326 desiderat3
1427 304 1507 335 atque
1517 294 1576 323 haec
1587 296 1653 323 caris
1666 294 1767 326 viduis,

144 334 241 375 Judice
249 335 319 363 laico
329 346 339 367 ;
352 333 414 361 ideo
425 342 529 360 tantum
540 332 618 361 estin
626 334 741 368 Synodo
755 333 894 362 Aurelian.
902 342 923 358 1·
982 334 1010 359 ὃ(
1022 329 1194 358 familiaribus
1203 332 1312 360 mandat
1324 335 1422 363 tributa
1434 336 1597 374 virginibiis3
1609 335 1655 363 illa
1665 345 1694 363 ut
1704 336 1770 369 byr-

146 386 168 403 c.
180 382 207 404 6.
218 374 253 403 de
271 373 490 402 ordinationibus
507 374 668 402 clericorum
682 384 687 400 :
712 381 724 409 [
737 374 771 402 Id
783 372 926 401 observan-
983 381 1041 399 rum
1052 371 1188 409 rigantem
1199 393 1206 404 ,
1217 370 1275 400 haec
1286 382 1315 401 ut
1323 375 1455 403 fluentem
1469 386 1545 404 texat
1555 377 1713 406 lacernam]
1727 376 1764 409 εΙίτ

145 415 210 444 dum
220 414 269 443 effe
279 415 448 443 decernimus
459 435 467 446 ,
485 423 514 441 ut
528 415 615 442 nullus
626 413 793 442 saecularium
804 413 837 441 ad
846 412 926 440 cleri-
983 412 1028 441 De
1039 411 1152 440 Clerico
1165 413 1337 450 negotiatore
1346 414 1446 443 deinde
1457 416 1491 444 sic
1503 417 1677 455 Augustinus5
1694 417 1769 450 [Ne-

145 466 216 485 catus
225 456 348 484 officium
358 453 500 493 praesumat
509 454 642 486 accedere,
655 454 704 482 nisi
716 465 760 482 aut
770 464 830 482 cuin
841 453 927 490 Regis
984 451 1102 491 gotiatio
1115 451 1151 480 ita
1163 452 1324 482 damnabilis
1334 454 1372 482 est
1382 455 1574 489 Ciei-ic0‚ficut
1583 456 1660 485 usura
1671 457 1768 486 laica]

144 496 272 534 jussione,
283 505 328 524 aut
338 505 397 523 cuni
409 495 513 532 Judicis
525 495 677 523 voluntate.
689 497 700 525 ]
715 498 755 523 Ac
766 492 926 522 fiziffliffime
986 496 1078 530 Atque
1098 493 1246 531 Apostolus
1264 504 1361 524 monet
1371 517 1379 527 ‚
1402 496 1492 534 quod:
1518 498 1631 531 [Nemo
1650 496 1770 525 militans

145 537 310 567 Tridentina
319 536 456 570 synodus,
466 534 522 563 scis,
536 546 582 570 24.
594 546 651 573 cap.
665 546 691 570 4.
702 534 887 563 admittendos
896 533 928 561 ad
984 534 1046 561 Deo
1057 555 1065 565 ,
1086 534 1209 572 implicet
1229 532 1255 562 se
1274 536 1394 573 negotiis
1409 536 1577 564 Iaecularibus
1589 558 1597 570 ,
1622 549 1648 566 2.
1665 537 1698 565 ad
1717 536 1769 565 Ti-

144 579 305 607 cleric-,itum
317 577 377 604 illos
389 584 494 602 tantum
504 574 669 607 decreverit,
682 575 716 603 de
728 575 822 613 quibus
832 574 928 613 proba·
985 583 1054 602 mot.
1067 584 1089 603 c,
1102 585 1127 602 2.
1140 575 1151 604 ]
1166 576 1221 602 FR.
1232 575 1325 604 Glossh
1336 586 1426 605 tamen
1439 577 1469 604 in
1477 587 1500 604 c.
1511 578 1647 614 pervenit,
1662 589 1676 605 z
1686 586 1769 615 xxj-3·

149 620 209 648 bilis
219 618 373 654 conjectura
384 615 416 643 sit
426 637 434 648 ,
457 625 502 643 eos
512 626 569 643 non
579 615 713 645 saecuiaris
723 615 818 648 judicii
829 614 928 646 fraude,
987 615 1039 643 tria
1049 624 1147 652 genera
1160 613 1330 644 saeculaiiiun
1351 617 1529 656 negotiorum
1540 617 1658 645 Clericis
1677 616 1771 655 prohi-

145 659 192 687 sed
201 669 229 686 ut
240 660 303 686 Deo
314 657 424 685 fidelem
434 657 538 684 cultum
549 656 678 694 praestent
689 678 696 689 ,
708 656 759 684 hoc
773 656 837 684 vitae
848 664 931 694 genus
987 655 1042 683 bita
1053 652 1174 682 recenset
1187 676 1194 687 ,
1206 666 1306 694 nempe
1315 679 1323 690 ,
1334 658 1442 696 emptio
1455 659 1494 686 rei
1504 668 1517 685 a
1527 658 1639 686 Clerico
1652 657 1727 690 faeta,
1738 665 1769 684 ut

148 698 258 737 elegisse
269 718 275 725 .
287 697 300 729 ]
325 701 365 725 Ex
383 696 476 735 quibus
495 697 581 725 verbis
593 696 722 726 Ledesina
732 718 740 729 ‚
762 706 833 724 toni.
855 708 880 724 2.
897 695 929 723 dc
987 695 1070 724 carius
1079 705 1137 723 eam
1150 696 1260 724 vendat.
1272 700 1311 726 Π.
1331 697 1498 726 saecularium
1517 696 1606 726 causas
1628 706 1754 726 exercere
1764 717 1772 729 ,

147 741 261 769 Sacram.
279 738 352 767 Ord.
364 747 421 775 cap.
432 749 459 769 7.
478 737 597 765 conclus.
608 748 635 775 3.
659 747 769 775 peccare
782 736 933 765 mortaliter
991 736 1039 764 uisi
1051 737 1131 764 certis
1143 735 1264 773 personis
1275 739 1396 776 exceptis
1408 759 1415 766 .
1436 740 1493 768 ΙΙΙ.
1514 749 1571 767 non
1592 739 1672 767 licei-e
1682 737 1773 766 Cleri-

146 780 231 809 infert
248 789 329 810 eum,
353 779 399 816 qui
415 778 508 806 :inimo
530 789 588 806 non
608 778 772 816 suscipiendi
791 777 878 806 sacros
889 787 933 804 or-
990 787 1050 804 cum
1060 786 1262 814 procuratorem
1275 800 1281 811 ‚
1293 777 1337 807 seu
1347 779 1593 808 administratorem
1603 778 1652 807 elle
1664 777 1773 806 saecula·

147 821 226 849 dines
237 832 244 851 5
255 819 302 847 sed
311 818 400 847 solum
412 818 562 847 minoribus
573 819 677 846 initiari
692 840 698 850 ,
717 828 747 846 ut
757 817 934 846 ecclesiastico
990 826 1060 845 rium
1070 827 1157 845 rerum
1168 838 1175 845 .
1186 818 1279 847 Licere
1289 829 1390 851 tamen,
1403 820 1451 851 ait,
1464 819 1605 848 Clericum
1616 817 1773 848 necessitate

148 861 210 889 soro
223 860 325 889 fruatur
340 880 346 886 .
362 859 470 887 Imitari
482 860 520 887 D.
532 860 705 888 Ambrosium
722 859 851 887 deberent
872 857 935 895 Epi-
991 858 1113 885 coastuin
1122 858 1274 888 conducere
1283 871 1296 888 a
1307 860 1379 888 laicis
1391 858 1561 899 poii'effiones
1573 882 1580 893 ‚
1602 870 1661 888 cum
1673 863 1701 888 ὃ(
1712 861 1774 886 Mo-

146 901 244 941 scopi,
268 900 413 939 quii-enuit
429 900 565 937 quendam
583 901 712 928 ordinare
723 921 730 932 ‚
754 900 818 927 licet
842 898 934 926 favore
992 897 1084 926 nacliis
1096 899 1202 928 licitum
1214 900 1282 933 sit‚c.
1292 901 1386 929 dilecli
1398 923 1406 934 ‚
1416 910 1521 929 extrav.
1533 901 1566 929 de
1577 900 1698 929 decimis.
1709 899 1773 927 Cle-

147 944 296 971 multorum
305 941 543 969 commendaretur
554 962 562 973 ,
586 951 642 968 non
655 941 706 968 alia
726 940 759 968 de
769 939 842 967 causa
852 961 860 972 ,
882 938 933 967 nisi
991 939 1088 971 ricum,
1102 943 1130 968 ὅ(
1142 940 1278 979 praecipue
1288 941 1461 969 Sacerdotem
1472 951 1531 969 non
1551 941 1639 970 solum
1650 949 1774 979 percute<

992 989 1031 1012 rc,
1043 990 1075 1007 ex
1086 990 1145 1008 can.
1156 980 1280 1009 Trident.
1292 981 1318 1009 Si
1330 982 1389 1019 quis
1399 981 1526 1010 suadente
1538 980 1697 1013 diabolo,est
1709 989 1773 1017 pro-

992 1019 1121 1051 hibitum5
1132 1021 1180 1049 sed
1190 1021 1271 1049 etiam
1282 1022 1367 1049 verbis
1376 1021 1512 1050 offendere
1523 1042 1530 1049 .
1551 1021 1624 1050 Vide
1633 1019 1755 1058 Defendo
1765 1040 1773 1048 .

994 1061 1119 1089 Clericus
1138 1062 1239 1090 dicitur
1258 1061 1436 1090 sacrosanctis
1467 1061 1608 1091 catholicae
1628 1059 1775 1099 religionis

993 1102 1109 1130 imbutus
1121 1102 1327 1138 mysteriis,can.
1339 1113 1430 1135 nemo,
1441 1103 1474 1131 de
1486 1104 1586 1141 poenit.
1600 1103 1661 1131 dist.
1676 1113 1684 1129 1
1694 1121 1700 1128 .
1712 1102 1774 1129 No-

993 1142 1107 1170 tandum
1117 1165 1124 1176 ,
1137 1143 1211 1181 quod
1223 1144 1347 1172 Clericus
1356 1147 1517 1183 conjugatus
1528 1166 1536 1178 ,
1549 1144 1648 1172 nedum
1658 1141 1754 1171 debere
1765 1162 1774 1173 5

992 1181 1039 1210 sed
1049 1193 1097 1210 nec
1108 1183 1133 1211 ei
1143 1184 1223 1211 licere
1233 1183 1371 1214 tonsiir.un
1390 1185 1497 1214 deferre
1510 1206 1517 1217 ‚
1540 1195 1562 1212 c.
1573 1196 1599 1217 7.
1610 1184 1644 1213 de
1654 1182 1775 1212 Clericis

995 1224 1148 1261 conjugatis
1168 1225 1207 1257 :llt
1219 1224 1344 1252 Clericus
1355 1225 1455 1253 dicitur
1468 1226 1605 1254 litteratus
1618 1246 1624 1253 .
1646 1223 1721 1253 Vide
1730 1225 1775 1250 Li-

993 1272 1101 1292 teratus
1113 1284 1120 1291 .
1139 1266 1205 1293 Non
1217 1264 1295 1292 decet
1306 1265 1347 1293 uti
1369 1275 1425 1303 cap.
1436 1265 1584 1294 Odoardus
1595 1287 1603 1297 ‚
1626 1265 1697 1292 utin
1707 1263 1774 1290 dift.

995 1305 1285 1333 ChrenecrudaDebet
1296 1306 1452 1334 incumbere
1461 1306 1494 1334 :id
1510 1304 1673 1337 studia,hinc
1684 1302 1774 1330 scien-

995 1345 1031 1372 tia
1041 1346 1191 1383 antiquitus
1202 1345 1380 1375 clericatum
1393 1347 1536 1375 vocabatur
1548 1367 1556 1379 ,
1575 1349 1602 1374 δ(
1612 1343 1720 1373 Clerici
1732 1343 1775 1371 di-

993 1386 1121 1413 cebantur
1132 1389 1265 1418 Dastares,
1276 1390 1303 1415 δ(
1313 1397 1327 1415 e
1338 1397 1433 1415 contra
1443 1387 1548 1416 Clerici
1560 1385 1704 1423 Gyrovtigi
1717 1405 1724 1415 ,
1736 1386 1774 1411 A-

992 1425 1110 1464 cephali,
1122 1429 1246 1458 Errones,
1259 1427 1487 1465 Hippocenmuri,
1499 1426 1646 1456 Vacantivi
1658 1447 1664 1457 ,
1676 1421 1776 1453 Trans-

994 1466 1064 1505 fuga?
1075 1488 1083 1498 ,
1096 1467 1233 1504 Vagivzigi
1245 1468 1454 1504 appellabantur,
1465 1467 1511 1506 qui
1523 1467 1637 1494 minime
1647 1465 1680 1492 :id
1690 1463 1775 1491 studia

993 1507 1182 1535 incumbebant
1194 1526 1200 1533 .
1212 1506 1319 1545 Absque
1333 1507 1550 1537 dimissbrialibus
1563 1506 1662 1534 litteris
1674 1514 1725 1542 pro
1735 1513 1776 1531 at-

994 1548 1141 1575 testatione
1154 1557 1259 1575 morum
1272 1570 1279 1580 ‚
1302 1551 1328 1576 ὃ(
1340 1547 1460 1577 scientiae
1479 1549 1597 1589 aliquem
1609 1545 1775 1585 Episcopum

995 1588 1060 1616 tales
1070 1587 1312 1626 Clericidecipere
1325 1589 1492 1626 quaerebant,
1504 1598 1533 1616 ut
1546 1587 1683 1616 mediante
1695 1595 1775 1624 pecu-

996 1629 1040 1656 nia
1052 1651 1058 1661 ,
1078 1629 1122 1657 vel
1141 1628 1232 1657 favore
1251 1639 1296 1657 eos
1314 1629 1454 1657 ordinaret
1465 1651 1472 1662 ‚
1496 1629 1721 1665 recurrebantque
1742 1626 1776 1653 ad

995 1669 1336 1707 constantinopolitanum
1346 1669 1528 1698 Pati-iarcham
1541 1691 1548 1702 ‚
1560 1669 1603 1697 vei
1615 1669 1647 1696 ad
1657 1665 1776 1696 Cartha-

994 1710 1068 1748 ginis
1080 1710 1287 1748 Primitteimqui
1300 1710 1450 1738 facultatem
1461 1710 1589 1738 habebant
1598 1708 1722 1737 Clericos
1732 1707 1778 1734 ab—

994 1750 1058 1788 sque
1068 1750 1285 1779 dini'iss‘orialibus
1295 1751 1438 1779 instituere
1449 1762 1455 1778 :
1467 1749 1609 1779 Balsamon
1619 1749 1648 1776 in
1656 1759 1715 1776 can.
1732 1758 1740 1774 i
1749 1753 1777 1774 6.

999 1792 1124 1829 Apostol.
1137 1792 1301 1829 Antiquitas
1313 1792 1418 1819 Clerici
1442 1790 1561 1819 ferebant
1580 1789 1680 1817 vestem
1691 1787 1776 1816 viola-

995 1842 1034 1859 cei
1047 1831 1147 1859 coloris
1158 1853 1165 1863 ,
1188 1832 1284 1859 eodem
1295 1832 1378 1859 modo
1389 1853 1397 1864 ‚
1408 1841 1463 1869 quo
1482 1830 1566 1858 hodie
1585 1828 1727 1858 Pontificis
1739 1827 1778 1855 fa-

998 1872 1074 1900 milia
1083 1894 1091 1904 ,
1113 1875 1139 1899 ὅ(
1160 1871 1269 1899 Ρτ.εΙαῑί
1290 1881 1404 1899 utuntur
1415 1893 1422 1904 ‚
1445 1871 1478 1900 de
1500 1881 1551 1909 qua
1560 1880 1588 1899 re
1609 1870 1729 1899 diximus
1747 1868 1777 1896 in

997 1914 1060 1942 dist.
1073 1916 1170 1941 Birrus
1181 1932 1188 1938 .
1200 1912 1274 1940 Hinc
1286 1914 1475 1947 Hieronymus
1485 1933 1492 1944 ,
1504 1913 1534 1940 in
1548 1911 1624 1949 epist.
1640 1921 1667 1948 3.
1677 1910 1709 1937 ad
1719 1910 1776 1937 Ne-

997 1954 1141 1993 potianum
1152 1973 1160 1984 ‚
1181 1953 1302 1980 colorem
1314 1954 1422 1991 nigrum
1436 1974 1442 1985 ,
1452 1951 1496 1980 seu
1509 1952 1595 1980 album
1606 1951 1636 1979 in
1647 1948 1778 1978 clericali-

996 1996 1041 2023 bus
1053 1993 1167 2022 vestibus
1176 1992 1285 2021 damnat
1298 2014 1305 2020 .
1315 1995 1375 2021 Fuit
1386 1994 1464 2021 color
1477 1990 1557 2031 niger
1567 2002 1614 2030 pei·
1625 1988 1776 2018 Monachos

998 2036 1026 2064 in
1036 2034 1148 2062 clericos
1159 2031 1298 2062 saeculares
1307 2034 1476 2062 introduetus
1486 2055 1493 2065 ,
1512 2034 1543 2060 in
1554 2033 1608 2061 illis
1620 2053 1628 2064 ,
1652 2040 1748 2068 nempe
1769 2050 1777 2062 ,

996 2075 1100 2103 saeculis
1109 2095 1117 2106 ,
1127 2074 1156 2101 in
1167 2074 1261 2111 quibus
1271 2076 1423 2113 Nigrorum
1434 2074 1503 2102 ordo
1515 2072 1681 2102 Catliedram
1694 2072 1717 2099 S.
1729 2072 1779 2098 Pe-

998 2116 1033 2143 tri
1045 2114 1202 2145 obtinebat>¹
1216 2125 1296 2153 quare
1308 2126 1339 2143 ex
1352 2116 1447 2143 eodem
1458 2114 1557 2142 ordine
1567 2112 1779 2141 innumerabiles

998 2166 1044 2195 per
1053 2156 1146 2183 orbem
1155 2155 1189 2182 ad
1209 2155 1384 2194 Episcopatus
1405 2154 1528 2193 assumpti
1539 2176 1547 2187 ‚
1570 2163 1648 2192 atque
1670 2151 1780 2190 nigrum

998 2196 1120 2224 habitum
1129 2205 1222 2223 eorum
1233 2197 1376 2235 religionis
1387 2196 1538 2224 retinentes
1549 2217 1556 2228 ‚
1568 2194 1633 2222 hinc
1643 2192 1779 2220 saecuiares

997 2237 1089 2265 clerici
1099 2246 1191 2264 eorum
1203 2235 1303 2264 subditi
1315 2259 1321 2269 ‚
1343 2237 1375 2265 ad
1391 2236 1560 2275 superiorum
1571 2233 1779 2264 similitudinem

148 984 211 1022 quia
230 985 284 1018 ejus
305 981 423 1010 ustiones
440 981 585 1019 aliqualem
616 981 798 1009 indecentiam
819 980 935 1008 ostenta-

147 1025 268 1056 bant,ut
278 1020 390 1060 ipsemet
402 1023 427 1050 S.
439 1023 563 1055 Doftor,
584 1022 630 1050 lib.
647 1032 669 1050 i.
687 1022 721 1050 de
731 1020 776 1050 off.
794 1032 816 1049 c.
833 1025 875 1049 18.
895 1030 935 1048 re-

151 1064 220 1093 fert:
243 1074 271 1092 ac
291 1062 374 1092 alium
386 1062 458 1090 idem
467 1061 611 1100 probibuit
621 1085 629 1096 ,
653 1073 686 1091 ne
706 1072 796 1091 coram
811 1061 870 1101 ipso
880 1072 935 1090 am-

146 1106 216 1144 plius
228 1104 337 1133 veniret
348 1125 354 1137 ,
375 1103 437 1141 quia
447 1104 476 1131 in
487 1106 543 1139 ejus
556 1103 653 1132 incessu
666 1103 816 1132 vanitatem
835 1102 938 1131 affecta-

146 1147 208 1175 bat.
232 1145 323 1181 Quare
334 1145 456 1172 locorum
465 1144 613 1173 Ordinarii
625 1144 768 1172 observare
777 1144 876 1172 debent
891 1145 930 1171 SJ.»

148 1197 201 1214 (τῖε
213 1184 450 1223 Congregationis
468 1183 594 1222 Episcop.
615 1188 642 1213 δ(
654 1185 755 1223 Regul.
777 1184 917 1211 decretum
929 1204 935 1215 ,

150 1226 196 1256 sub
206 1225 250 1254 die
262 1237 307 1255 20.
317 1226 372 1263 Jul.
390 1235 397 1252 i
409 1234 475 1260 592.
486 1234 639 1253 emanarunt
651 1246 658 1257 ,
669 1235 718 1263 per
726 1225 799 1263 quod
812 1223 937 1262 prohibe-

149 1277 192 1295 tur
203 1289 210 1300 ,
233 1277 267 1294 ne
280 1265 468 1304 praejudicium
478 1265 550 1293 laicis
561 1265 607 1293 fiat
619 1287 626 1297 ‚
636 1275 666 1292 ut
678 1265 707 1292 in
718 1265 835 1303 qualibet
847 1264 937 1293 Eccle-

147 1308 183 1336 fia
196 1307 294 1336 Clerus
314 1304 484 1334 necellhrium
504 1316 645 1333 numerum
656 1306 689 1334 ad
700 1306 773 1333 illius
793 1305 937 1333 servitium

150 1359 208 1376 non
217 1347 331 1376 excedat
342 1367 348 1374 .
360 1347 425 1374 Alia
437 1344 535 1375 vitiosa
545 1347 668 1376 intentio
680 1368 688 1378 ,
702 1347 781 1374 etiam
792 1357 839 1384 per
851 1349 937 1374 Euro-

149 1399 211 1428 pam
222 1389 252 1416 in
259 1387 431 1425 susceptione
440 1387 581 1414 clericatus
599 1387 752 1425 reperitur:
778 1385 839 1415 sunt
861 1387 935 1414 enim

149 1430 197 1467 qui
207 1428 315 1457 Sichem
325 1428 473 1460 imitantes,
483 1427 593 1465 quaudo
607 1427 756 1456 hebraicam
770 1428 934 1466 religionem

151 1470 199 1497 ille
209 1469 336 1507 amplecti
348 1467 437 1497 voluit
447 1490 455 1500 ‚
480 1478 536 1495 non
545 1468 656 1506 quidem
667 1469 827 1498 devotionis
836 1466 910 1495 causa
929 1489 937 1500 ‚

148 1509 197 1538 sed
214 1510 246 1538 ad
256 1510 339 1538 Dinae
360 1507 596 1546 pulchritudinem
618 1508 776 1543 fruendam,
800 1507 882 1547 palliis
900 1508 937 1536 est

150 1550 326 1578 circumcidi:
352 1550 386 1578 sic
396 1549 520 1588 plerique
530 1548 683 1577 Christiani
693 1550 835 1578 clericatus
845 1547 938 1576 tonsu-

150 1601 206 1620 ram
217 1591 280 1619 idco
290 1590 445 1628 recipiunt,
464 1599 493 1617 ut
502 1590 574 1617 bona
584 1590 760 1619 ecclesiastica
769 1589 925 1627 consequnn

148 1641 192 1659 tur
203 1653 211 1664 ‚
233 1631 267 1659 de
279 1630 374 1669 quibus
384 1630 422 1658 D.
436 1630 626 1664 Hieronymus
637 1652 645 1663 ‚
668 1631 744 1669 epist.
757 1643 782 1660 2.
804 1631 933 1659 lamenta-

149 1682 192 1701 tur
202 1693 210 1705 ‚
233 1672 374 1710 inquiens:
400 1671 466 1705 [Ut
478 1670 624 1708 susciperet
634 1681 678 1698 eos
689 1672 805 1700 Ecclesia
816 1670 918 1699 divites
932 1692 938 1702 ‚

149 1723 217 1751 quos
229 1713 344 1740 mundus
356 1712 445 1740 tenuit
454 1721 517 1739 ante
527 1712 666 1739 mendicos
676 1732 682 1739 .
694 1714 706 1743 ]
721 1713 758 1740 Hi
770 1734 777 1745 ,
790 1711 921 1739 nimirum
933 1733 938 1742 ,

149 1753 223 1781 inter
242 1753 347 1782 turbam
356 1762 470 1791 propter
487 1752 747 1790 multiplicationem
769 1752 845 1790 panis
857 1751 939 1780 Chi-i-

152 1794 222 1823 stum
232 1793 390 1836 sequentem
401 1803 414 1820 :i
425 1794 463 1821 D.
477 1795 616 1831 Gregorio
627 1803 859 1821 connumerantur
870 1814 877 1824 ,
901 1802 926 1820 at

151 1845 203 1872 que
225 1835 258 1863 fic
269 1835 416 1863 exclamat:
444 1835 517 1867 [Per
533 1833 632 1860 horum
651 1833 794 1871 personam
803 1833 940 1862 Dominus

151 1875 214 1903 illos
225 1875 297 1903 intra
307 1876 430 1904 SanRam
442 1874 586 1902 Ecclesiam
597 1873 764 1906 detestatur,
788 1874 835 1912 qui
845 1884 892 1911 pet
904 1873 939 1901 sa>

152 1926 209 1943 tros
220 1916 329 1944 ordines
339 1915 371 1944 :id
383 1914 535 1943 Dominum
546 1914 829 1953 propinquantes,n0n
841 1914 939 1942 eisdem

153 1956 292 1984 ordinibus
303 1957 436 1986 virtutum
449 1955 556 1987 merita,
565 1954 613 1983 sed
623 1954 737 1983 subsidia
747 1956 811 1983 vita:
824 1954 939 1993 praesen-

153 1996 187 2024 tis
198 1997 361 2033 exquirunt:
388 2007 436 2024 nec
447 1996 573 2034 cogitant
584 2017 592 2029 ,
615 1996 682 2034 quid
695 1996 819 2023 vivendo
839 1995 940 2023 imitari

154 2035 270 2064 deberint
281 2048 288 2067 5
299 2037 345 2066 scd
355 2048 414 2075 qux
426 2036 589 2075 compendia
600 2036 779 2075 percipiendo
790 2035 922 2064 satientur
935 2057 940 2062 .

152 2076 267 2105 satiatos
280 2098 286 2109 ,
310 2078 411 2115 quippe
423 2100 429 2110 ‚
453 2078 486 2105 de
498 2077 609 2115 panibus
620 2078 773 2106 Dominum
785 2076 859 2114 sequi
872 2097 880 2108 ‚
904 2078 940 2104 est

151 2117 185 2145 de
195 2118 289 2146 Sanssta
301 2119 415 2146 Ecclesia
427 2119 587 2156 temporalia
596 2118 724 2146 alimenta
735 2115 869 2154 sumpsisle
881 2137 887 2143 .
908 2118 940 2145 In

150 2158 213 2196 Job,
223 2168 262 2195 c.3
270 2170 294 2185 o.
308 2160 319 2189 ]
334 2159 437 2186 Clerici
448 2159 673 2197 superpelliceum
686 2168 736 2195 qua
748 2157 834 2186 forma
843 2157 941 2185 debent

151 2198 220 2229 ferre
232 2218 239 2225 .
252 2199 323 2226 Vide
334 2200 559 2236 Superpellicewn
569 2219 575 2225 .
588 2201 644 2228 PR.
655 2198 804 2227 Ncrvofius
815 2198 940 2236 equidem

154 2238 309 2267 beneficiati
322 2239 428 2267 Clerici
440 2238 551 2267 vitiosas
570 2240 683 2267 divitias
700 2248 846 2277 exaggerat
859 2240 940 2266 Seve-

153 2289 197 2307 rus
206 2279 338 2317 Sulpitius
348 2301 355 2311 ,
368 2279 480 2317 Dialog.
497 2291 519 2307 1.
530 2289 586 2317 cap.
604 2291 646 2315 ¹4-
660 2279 784 2318 inquiens
797 2291 802 2306 :
821 2279 940 2316 [Siquis
997 2278 1113 2306 eundem
1122 2276 1243 2305 colorem
1254 2278 1363 2316 nigrum
1374 2277 1585 2305 introduxerunt
1604 2275 1634 2303 in
1645 2273 1758 2301 vestibus
1770 2291 1777 2298 .

152 2320 277 2348 Clericus
295 2319 376 2348 fuerit
396 2319 501 2347 esttftus
512 2341 519 2351 ,
543 2321 640 2348 dilatat
667 2319 801 2348 continuo
824 2319 940 2347 fimbrias
998 2319 1070 2346 Vide
1080 2321 1223 2355 Nigrorum
1232 2319 1302 2346 Ordo
1312 2339 1318 2345 .
1335 2320 1390 2347 PR.
1403 2317 1496 2346 Glossssq,
1506 2340 1512 2350 ‚
1524 2328 1546 2344 c.
1563 2327 1585 2344 ι,
1595 2315 1733 2343 Clement·
1745 2311 1779 2354 de

151 2359 207 2388 suas
217 2382 224 2393 ,
247 2359 559 2400 gaudetsai'utationibus
572 2382 580 2392 ‚
604 2362 712 2389 inflatur
720 2359 919 2389 occursionibus
931 2369 950 2414 ,ξ
994 2360 1072 2389 ςὶεξῐ.
1086 2357 1205 2387 Clericis
1215 2379 1223 2390 ,
1247 2359 1354 2398 inquit:
1370 2357 1567 2395 [Saecularibus
1586 2354 1688 2385 habitus
1699 2360 1779 2421 lcerti

944 2416 948 2426 i
1663 2402 1695 2421 co
1708 2402 1739 2421 0-
