1866 2526
65 389 190 417 Titusris
213 407 220 418 ,

452 42 565 86 TU

105 113 204 145 gantur
214 124 224 137 ,
233 110 312 142 quam
324 99 450 130 vultuum
458 99 595 140 elegantia
608 121 616 134 ‚
625 99 690 140 quia
701 99 730 130 in
741 100 817 130 omni
829 100 904 134 sexu,

106 150 136 176 ἀ
147 154 227 176 τηις
236 151 428 172 truncatorum
439 147 554 181 corpora
564 141 688 170 violenta
707 141 836 180 pudicitia
847 143 903 172 ani-

107 186 147 216 mi
159 182 348 214 considerandi
357 180 419 210 sunt
432 204 439 215 ,
462 184 509 220 qui
522 192 654 220 amputati
677 182 728 212 nifi
739 181 849 212 Christi
868 183 902 211 ti-

106 235 183 259 more
200 234 259 252 non
278 222 386 262 possiint
398 243 405 250 .
428 224 466 253 D.
479 223 648 258 Hieronym.
659 222 694 252 ad
703 223 900 254 Dementiam]

106 267 160 304 Qui
171 265 281 294 sinens
292 264 399 293 Doc'tor
418 263 492 292 idem
513 263 709 292 documentum
726 265 809 292 [κα
830 274 899 302 prx-

105 306 162 336 buit
174 326 182 338 ‚
195 304 321 344 inquiens
333 315 339 331 :
360 309 371 339 [
383 304 427 332 Ne
438 305 519 343 virgo
529 303 635 332 Christi
646 313 707 332 cum
717 303 853 334 Eunuchis
867 306 902 333 la-

105 357 152 376 ves
163 367 171 378 ,
191 355 253 385 quia
264 355 320 373 non
331 344 473 381 deponunt
485 345 591 372 :iniiiios
602 344 726 373 virorum
734 365 742 372 .

242 385 358 413 fidelitas
380 405 388 416 ,
410 387 439 413 δι
460 383 646 422 vaffiillagium
664 394 726 412 cum
742 387 899 420 juramento

104 425 263 466 promissiim
277 424 412 464 fignificat
426 443 434 452 .
451 425 524 454 Vide
543 429 713 454 ΔΝΜ-νεα.
735 425 809 454 Vide
819 426 899 454 etiam

105 469 251 504 Anstmtio
260 485 268 492 .

63 511 205 539 TiiuiixA
217 529 225 539 ‚
243 502 372 542 rpv'ruvn,
391 504 502 538 stitera,
523 503 561 532 ita
579 503 650 534 dista
671 515 686 534 a
706 505 788 535 verbo
807 514 900 543 graeco

105 560 173 585 πρυω
182 569 189 580 ‚
203 556 275 575 vexo
285 567 293 579 ‚
303 545 428 584 defatigo
439 567 446 578 ,
457 544 592 574 exhiurio
601 566 609 578 ‚
620 549 674 574 ὄιε-
688 546 798 583 Nempe
808 546 901 573 statera

101 599 142 617 res
152 586 354 626 quodammodo
366 595 445 614 vexat
454 607 462 619 ‚
471 585 536 615 duni
546 585 578 613 ad
587 595 701 614 examen
713 596 792 616 vocat
802 607 809 619 ‚
822 588 849 614 ὅ(
859 595 899 614 ei-

102 639 163 657 rum
172 627 279 666 pondus
289 625 415 656 exhaurit
424 645 432 653 .
454 625 598 663 Aliquibus
608 626 715 655 trutina
728 626 765 654 est
779 626 899 655 foramen

106 670 177 698 illud
190 690 198 701 ‚
221 669 250 696 in
271 677 326 705 quo
336 666 428 704 lingua
437 666 548 694 bilancis
568 669 597 694 δε
615 667 785 695 examinatio
795 679 801 694 .·
825 667 900 707 quod

101 709 251 748 appellatur
259 706 442 745 aequilibrium
453 727 460 739 ,
470 716 516 734 aut
526 707 720 736 libramentum
730 728 738 736 .
758 708 831 736 Hinc
845 717 900 735 tru-

101 760 159 778 tina
169 759 220 786 pro
231 747 358 776 examine
377 745 504 784 rigoroso
515 768 523 779 ‚
543 757 588 775 aut
606 748 710 783 judicio
729 749 826 777 exitio
838 769 846 781 ‚
867 748 899 776 ad

103 791 178 828 quod
200 796 345 816 revocetur
364 786 434 814 aftio
444 806 451 814 .

68 832 117 860 Tu
129 833 238 859 Auum
249 828 369 856 Deum
382 847 390 859 ‚
412 830 465 855 &c.
489 827 562 856 Vide
582 831 670 857 Lec'lio
680 848 688 856 .

63 871 219 900 Tuneiius
233 891 240 902 ‚
263 869 368 897 tubulus
380 888 389 899 ,
413 877 509 904 parvus
520 869 596 898 tubus
606 891 613 901 ,
623 867 788 899 camliculus
800 891 807 902 ‚
826 869 898 898 fistu-

103 912 127 939 la
141 931 147 937 .
170 913 224 939 Pro
235 907 410 946 Reliquiario
421 907 561 946 usurpavit
571 909 624 938 hoc
635 910 796 939 vocabulum
809 911 898 940 D.P.i-

102 952 192 980 ulinus
211 951 240 978 in
251 950 328 987 epist.
344 959 387 977 ii·
408 947 441 976 :id
452 949 546 978 Sever.
558 950 702 988 inquiens:
728 956 739 985 [
753 952 796 981 Ut
809 951 897 979 imite-

102 992 172 1020 mini
182 990 412 1028 compoiitionem
422 988 497 1017 istam
510 1011 518 1023 ‚
541 1001 592 1029 qua
602 990 707 1019 tubello
715 993 830 1020 aureolo
839 1002 896 1020 rem

105 1041 187 1060 tantae
197 1030 395 1062 bencdifikionis
405 1029 561 1060 inclusimus
571 1033 583 1062 ]
595 1031 705 1070 lignum
712 1032 814 1061 sanctae
825 1033 896 1061 Cru—

102 1072 141 1100 cis
162 1072 298 1111 intelligit
310 1090 317 1098 .

103 1153 144 1181 uti
155 1175 164 1186 ,
183 1154 265 1192 super
277 1162 340 1191 quas
349 1151 502 1190 equitantes
513 1156 633 1183 tubricos
643 1155 729 1183 'oiri-os
738 1155 892 1183 mittebant.

101 1196 175 1223 Paul.
187 1196 307 1224 Diacon.
318 1193 352 1220 de
361 1193 428 1232 gest.
439 1195 577 1233 Longobr.v
588 1196 635 1224 lib.
647 1206 673 1230 4.
693 1205 750 1234 cap.
763 1205 810 1233 23.
823 1197 834 1226 ]
860 1198 894 1223 Et

101 1233 140 1263 ibi
150 1238 208 1271 ejus
217 1239 379 1265 Annotator
389 1253 397 1262 .
415 1234 512 1273 Aliqui
525 1245 615 1265 tamen
625 1235 744 1265 Codices
755 1236 894 1273 Tubrugos

103 1275 203 1304 habent
213 1296 220 1303 .
241 1275 313 1304 Vide
331 1275 463 1303 Tibracia
474 1295 482 1302 .

101 1356 223 1395 salpinos
233 1355 328 1386 bubula
339 1366 402 1384 cai-o
410 1355 465 1385 sale
473 1358 586 1386 condita
595 1356 650 1386 dici
662 1367 670 1387 3
689 1355 735 1385 sed
746 1357 824 1386 :iliter
835 1357 897 1386 Ful-

100 1398 210 1436 gentius
228 1398 310 1427 docet
319 1417 328 1429 ‚
348 1406 443 1434 nempe
454 1408 460 1424 :
487 1402 611 1433 [Tuceta
630 1398 758 1427 dicuntur
770 1397 834 1427 escae
853 1409 895 1426 rc-

101 1439 155 1476 giae
167 1459 175 1470 ‚
197 1439 263 1467 ficut
273 1436 460 1466 Callimachus
470 1437 500 1466 in
511 1437 617 1476 pisi-'155

141 1477 288 1506 Ambrosio
309 1476 436 1506 redolent
459 1487 549 1506 tuceta
570 1477 696 1516 saporem
706 1499 714 1506 .

103 1517 148 1546 De
158 1518 270 1546 vocibus
279 1516 397 1554 antiquis
406 1536 413 1544 .
425 1519 436 1548 ]
458 1519 548 1554 Quare
560 1517 650 1546 versus
659 1518 743 1549 Persii
760 1529 774 1548 a
785 1519 898 1558 Calepi-

105 1568 142 1586 no
152 1557 260 1586 adduc'ti
271 1557 352 1585 aliter
362 1557 536 1596 interpretari
546 1559 676 1588 deberent
687 1578 694 1586 .

62 1601 202 1631 Tuniivci
213 1618 220 1626 .
244 1597 318 1627 Vide
339 1599 483 1628 Tabracas
492 1620 500 1627 .

63 1641 144 1668 'Iun
156 1660 165 1672 ‚
189 1638 323 1667 vexillum
337 1658 343 1665 .
369 1644 380 1673 [
394 1640 454 1668 Nec
465 1642 560 1669 non&
570 1639 738 1669 incendente
759 1639 811 1669 illo
819 1640 898 1670 ubili-

108 1680 153 1708 bet
165 1689 214 1717 per
225 1679 325 1718 plateas
337 1678 407 1707 illud
416 1690 501 1718 genus
513 1681 631 1714 vexilli,
641 1681 716 1719 quod
724 1682 846 1710 Rotnani
856 1691 898 1709 tu·

1255 46 1295 86 T
1325 47 1366 88 U
1622 55 1698 104 691

959 109 1002 129 ma
1011 99 1052 129 uti
1064 108 1210 140 coeperunt
1221 123 1229 135 ‚
1251 102 1317 132 ideo
1327 103 1461 141 appellata
1477 104 1541 135 sunt
1552 105 1635 137 latina
1645 129 1654 142 ‚
1678 106 1752 148 quod

957 141 1031 171 Beda
1051 141 1186 171 inlinuarc
1207 142 1319 172 videtur
1338 143 1415 182 supra
1426 166 1434 176 ,
1452 145 1518 174 duni
1540 149 1633 186 inquit
1641 170 1650 182 ‚
1671 147 1756 190 Quod

956 185 1076 212 Romani
1088 181 1184 220 tufam
1192 184 1340 221 appellant:
1349 183 1505 219 hujusmodi
1517 188 1682 218 vexillorum
1693 199 1754 228 par-

959 231 1055 250 vorum
1068 221 1182 251 sormam
1194 233 1299 261 equites
1310 225 1378 253 levis
1388 235 1528 255 armaturae
1541 229 1692 262 Pontifitis,
1703 227 1751 268 qui

959 262 1114 302 vulgariter
1125 264 1242 292 Cavalls'
1259 265 1367 302 leggieri
1390 265 1520 296 dicuntur
1531 288 1539 301 ‚
1561 268 1592 296 in
1603 268 1754 307 cuspidibus

956 312 1052 331 eorum
1062 301 1196 332 hastarum
1205 303 1332 333 deferunt
1343 327 1351 338 ‚
1376 306 1477 335 variata
1497 317 1589 337 tamen
1600 310 1734 338 coloribus
1743 328 1753 340 ‚

957 345 1033 378 juxta
1043 343 1148 371 colores
1157 343 1294 382 gentilitii
1303 345 1417 384 insignis
1438 349 1577 386 regnantis
1586 349 1732 378 Pontificis
1744 359 1750 375 ἔ

957 383 1051 422 itaque
1062 382 1115 411 hoc
1129 384 1225 413 vexilli
1234 395 1320 424 genus
1328 385 1495 424 cuspidatuin
1505 399 1519 417 a
1529 390 1634 418 Graecis
1645 412 1651 423 ,
1663 393 1691 419 δι
1702 391 1756 418 La-

958 423 1024 452 tinis
1041 424 1246 453 flammulares
1257 446 1266 458 ‚
1285 429 1313 455 &
1333 436 1347 454 :i
1364 427 1452 455 nautis
1460 432 1593 458 Fiamma
1609 429 1695 459 hodie
1704 440 1754 468 :ip-

955 464 1072 502 pellatur
1083 485 1091 496 ,
1113 464 1176 503 quia
1185 463 1323 504 cuspidata
1332 466 1365 495 ad
1376 467 1487 496 modum
1498 470 1613 500 flamniae
1628 492 1636 503 ‚
1659 475 1687 500 &
1699 479 1753 508 py-

956 504 1067 533 ramidis
1078 504 1210 534 formatur
1219 527 1228 538 ‚
1250 516 1332 545 atque
1341 505 1499 543 hujusmodi
1519 509 1643 549 signiferi
1655 511 1751 540 Flam-

957 545 1077 573 mulares
1088 545 1249 574 dicebantur
1259 567 1266 574 .
1279 548 1422 576 Caeterum
1433 549 1620 580 inverefimile
1633 551 1752 583 videtur,

957 584 1070 623 quodin
1081 586 1169 623 capite
1180 586 1242 624 equi
1254 587 1306 616 tale
1318 589 1452 617 vexillum
1463 590 1674 630 imponeretur,·
1689 600 1751 620 nam

960 625 1153 663 impedimenti
1166 627 1230 655 esset
1240 637 1294 656 tam
1303 639 1374 666 equo
1384 651 1391 661 ,
1413 640 1493 668 quarn
1503 633 1639 670 equitanti
1648 643 1657 664 ς
1682 641 1752 671 prae-

956 674 1078 703 tei‘quain
1096 666 1170 704 quod
1189 667 1252 696 esset
1262 668 1386 706 ineptuiii
1395 680 1587 701 ornamentum
1600 693 1608 701 .
1629 673 1682 702 Sed
1701 683 1752 710 po-

958 705 1012 733 tius
1021 706 1190 735 credendum
1205 729 1212 740 ‚
1236 709 1311 746 quod
1323 709 1455 748 Despotx
1466 723 1548 751 equus
1561 713 1661 742 fei-ebat
1672 713 1703 742 in
1711 723 1753 741 ca-

956 745 1012 784 pite
1023 747 1136 786 aliquod
1146 747 1315 786 cuspidatum
1328 761 1522 781 ornamentum
1533 775 1540 787 ,
1565 754 1630 783 ficut
1647 754 1678 782 in
1694 763 1752 783 tor-

955 788 1108 816 neamentis
1118 809 1127 820 ‚
1146 790 1240 817 floccis
1250 790 1281 818 in
1290 790 1429 829 cuspidem
1441 793 1628 823 desinentibus
1645 805 1678 823 ex
1689 794 1753 833 pin-

954 828 996 855 nis
1006 828 1099 857 ornari
1118 827 1206 857 solent
1215 831 1278 869 equi
1290 851 1297 858 .
1320 832 1363 860 Sic
1384 833 1468 862 etiam
1485 844 1542 863 erat
1550 835 1658 863 Thiara
1678 837 1751 863 resta

955 869 1133 906 Imperatoris
1142 871 1302 899 Graecorum
1312 871 1390 910 supra
1401 874 1572 904 mentionata
1582 897 1590 908 ‚
1607 885 1667 914 quae
1680 876 1752 904 reeta

954 908 1093 937 dicebatur
1102 931 1110 942 ‚
1134 908 1239 939 scilicet
1259 911 1398 952 cuspidata
1408 935 1416 947 ‚
1437 918 1511 950 cujus
1521 915 1636 955 figuram
1648 935 1656 943 .
1679 916 1754 944 Vide

955 949 986 976 in
993 949 1062 978 ἀίᾶ.
1073 951 1207 988 Calyptra
1219 972 1224 978 .
1248 955 1290 981 Ac
1300 953 1354 982 :ilio
1363 956 1478 984 nomine
1488 960 1614 997 Pyramis
1624 978 1633 990 ,
1658 957 1693 990 ὠ»
1704 961 1753 984 Pi-

954 989 1012 1018 leus
1024 991 1187 1019 turbinatus
1198 991 1338 1022 dicebatur
1349 1017 1357 1027 ,
1374 1006 1405 1024 ut
1418 996 1447 1024 in
1456 996 1522 1025 dist.
1531 998 1624 1025 Pileus
1635 1017 1643 1029 ,
1663 1000 1692 1026 δε
1701 1002 1755 1036 Py—

956 1034 1042 1058 ramis
1053 1031 1130 1059 dixi.
1154 1033 1375 1069 Vexillisynon.
1394 1037 1638 1101 Videum.
1662 1042 1753 1066 Bane-

956 1074 1032 1098 νίκης
1044 1091 1051 1098 .

62 1113 224 1142 ΤυΒκΑευς
237 1133 244 1140 .
257 1114 312 1142 i-R.
323 1110 428 1140 tibialia
439 1131 446 1139 -
469 1113 584 1148 [Postea
594 1123 662 1143 vero
671 1122 816 1151 coeperunt
825 1112 894 1143 hosis
915 1113 1049 1141 Turnum
1059 1133 1067 1144 ‚
1079 1113 1178 1143 τέλδὸν
1187 1136 1195 1146 ,
1207 1113 1406 1153 impedimenta
1418 1139 1425 1150 ,
1436 1122 1464 1147 ὅ(
1472 1117 1583 1147 sarcinae
1597 1117 1732 1147 militares
1743 1141 1752 1151 ‚

952 1160 982 1180 ut
993 1153 1050 1180 Leo
1062 1154 1218 1192 Imperator
1234 1156 1263 1183 in
1274 1157 1385 1186 constit.
1398 1168 1424 1196 3.
1443 1159 1572 1187 declarat.
1592 1160 1637 1187 De
1654 1159 1755 1194 eodem

952 1193 1084 1223 vocabulo
1093 1196 1176 1223 etiam
1184 1195 1327 1225 Cedrenus
1337 1197 1371 1226 sic
1382 1198 1474 1238 inquit
1486 1210 1492 1227 :
1505 1199 1674 1238 [Ceperunt
1693 1202 1754 1229 Ro-

951 1233 1025 1276 mani
1036 1239 1047 1267 (
1058 1236 1125 1272 idest
1134 1239 1218 1265 Graeci
1230 1240 1242 1269 )
1262 1238 1342 1266 etiam
1351 1238 1489 1269 Persarum
1498 1240 1607 1269 tuldum
1620 1261 1629 1273 ,
1650 1243 1679 1268 δι
1696 1242 1755 1270 Re-

953 1283 995 1312 gis
1019 1276 1169 1304 tentorium
1180 1296 1187 1304 .

61 1317 190 1346 Τυςετᾼ
201 1337 208 1343 .
221 1319 276 1346 FR-
290 1315 440 1353 Calepinus
453 1326 488 1344 ex
497 1318 628 1346 Cornuto
651 1315 744 1353 inquit
764 1317 833 1355 apud
845 1316 895 1346 Ci-
911 1317 1030 1344 Tuirus
1043 1338 1050 1349 ,
1061 1327 1074 1344 a
1085 1317 1157 1345 tollo
1169 1317 1281 1346 verbum
1291 1339 1299 1346 .
1311 1325 1322 1355 [
1335 1320 1402 1356 Quae
1413 1321 1433 1350 fi
1443 1320 1589 1350 manifeste
1600 1322 1666 1350 tulta
1675 1319 1752 1353 sunt,

954 1358 981 1383 ὅ(
992 1355 1050 1394 ipsa
1073 1357 1129 1385 fine
1139 1359 1316 1397 ambiguitate
1325 1362 1414 1399 aliqua
1430 1363 1556 1390 volumus
1568 1361 1690 1391 restitui.
1714 1361 1753 1390 D.

953 1397 1073 1435 Gregor.
1084 1400 1154 1437 Papa
1164 1399 1194 1426 in
1203 1400 1309 1438 Regist.
1321 1401 1368 1429 lib.
1380 1414 1406 1436 7.
1416 1413 1472 1441 cap.
1487 1407 1532 1438 58.

912 1439 1017 1466 TumiiA
1030 1459 1037 1466 .
1060 1439 1133 1467 Vide
1156 1444 1350 1469 Coemeterium
1361 1462 1369 1470 .

913 1480 1057 1507 TUMBULA
1068 1500 1076 1512 ,
1097 1479 1299 1509 diminutivum
1316 1492 1420 1511 nomen
1437 1483 1582 1513 aTumba:
1610 1480 1753 1512 Aldelmus

957 1517 992 1547 de
1001 1519 1045 1547 Ss.
1055 1520 1173 1555 Mai-tyr.
1183 1521 1317 1550 Gervafio
1329 1546 1335 1557 ‚
1347 1527 1375 1552 δι
1385 1524 1507 1552 Protafio
1517 1524 1554 1551 ita
1563 1523 1664 1552 cecinit
1675 1535 1682 1550 :

994 1559 1077 1588 Saxea
1087 1561 1227 1599 quadratis
1235 1583 1244 1594 ‚
1255 1572 1319 1600 quas
1329 1564 1427 1592 condit
1438 1564 1557 1593 tumbula
1568 1562 1642 1592 foffis
1651 1583 1660 1591 .

912 1601 1140 1629 Timuiruuiiu
1152 1624 1159 1634 ,
1180 1602 1344 1632 tumultuose
1353 1624 1360 1631 .
1373 1609 1385 1639 [
1398 1605 1465 1640 Quae
1476 1605 1571 1633 cunda
1581 1603 1701 1642 virgulta
1712 1612 1756 1632 tu-

954 1640 1111 1669 multuatim
1131 1641 1211 1681 super
1229 1645 1350 1673 amnicos
1368 1655 1504 1684 margines
1523 1644 1575 1673 soli
1593 1644 1677 1673 bibuli
1697 1643 1754 1672 sora

953 1679 1185 1712 fructificaverant
1196 1704 1203 1711 .
1225 1683 1320 1713 Sidon.
1331 1686 1376 1714 lib.
1392 1686 1501 1725 i.epist.
1517 1697 1539 1713 1.

105 1720 160 1748 sam
171 1741 179 1753 ,
191 1720 280 1758 Angli
291 1719 431 1758 appellant
442 1721 526 1750 Tunf
534 1742 542 1754 ,
564 1731 627 1749 :inte
638 1731 700 1750 eum
709 1721 775 1750 ferri
785 1721 1053 1751 solebat.··rumu1.us
1065 1742 1073 1750 .
1097 1724 1172 1753 Vide
1182 1726 1309 1761 Castrum
1321 1726 1418 1755 doloris
1428 1747 1435 1753 .
1457 1726 1633 1764 Sepulchrum
1644 1745 1653 1753 .

104 1760 176 1789 Beda
187 1782 196 1793 ,
218 1760 264 1789 lib.
276 1760 443 1798 2.hist.c:ip.
459 1763 525 1792 16.]
547 1761 607 1790 Ubi
629 1762 752 1800 loquitur
770 1763 804 1791 de
814 1763 897 1792 Edui-
911 1765 1029 1791 ‘rumen
1042 1784 1050 1796 ‚
1071 1762 1117 1792 seu
1137 1766 1291 1794 Dalmatica
1307 1776 1359 1804 pro
1385 1766 1534 1804 praelatitio
1553 1765 1734 1795 Mantelletto
1746 1785 1755 1792 .

105 1810 144 1829 no
154 1803 234 1839 Rege
243 1820 250 1828 .
260 1801 305 1829 De
314 1799 387 1838 νέφα
399 1801 473 1830 inter
481 1804 592 1831 Graecos
604 1803 632 1831 C
633 1803 771 1840 uropalata
783 1803 898 1833 mentio.

106 1850 172 1869 nem
183 1840 246 1870 facit
259 1862 267 1873 ,
289 1851 349 1879 quae
368 1842 502 1870 flammula
512 1864 521 1875 ,
542 1845 570 1870 ἃ
581 1842 719 1873 vexillum
726 1843 897 1883 cuspidatum

953 1803 1028 1831 Vide
1038 1806 1139 1833 Rirrus
1151 1825 1158 1833 .
1169 1806 1309 1834 Colobium
1320 1826 1327 1833 .
1340 1808 1514 1836 Dalmatica.
1522 1807 1671 1836 Tuniceua
1681 1826 1688 1835 .
1699 1809 1754 1836 Tu-

953 1842 1139 1874 nicainterior
1149 1865 1156 1873 .
1169 1847 1241 1874 Vide
1252 1848 1354 1886 Polyris
1363 1867 1371 1875 .

106 1891 166 1910 erat
175 1902 184 1914 ,
194 1881 268 1920 quod
280 1892 310 1910 in
318 1882 407 1919 capite
417 1885 474 1918 ejus
482 1884 544 1921 equi
555 1882 654 1912 serebat
663 1884 698 1913 ob
705 1894 898 1914 ornamentum
911 1887 1083 1914 ΪυΝιεειιΑ
1096 1907 1104 1919 ,
1127 1887 1261 1924 peculiare
1270 1887 1432 1916 Subdiaconi
1443 1888 1640 1916 indumentum
1651 1909 1659 1921 ‚
1676 1887 1754 1926 quod

102 1920 227 1960 Despota
238 1941 246 1949 .
268 1922 313 1951 Ab
321 1922 455 1961 aliquibus
467 1924 652 1962 scriptoribus
661 1925 771 1962 Tuphia
779 1925 898 1964 appella-

106 1972 149 1990 tur
158 1982 165 1989 .
188 1962 286 1999 Tupha
303 1960 596 2002 insuper-imperialem
608 1963 725 1994 thiaram
736 1966 898 1995 Constanti-

104 2001 331 2040 nopolitanorum
350 2005 553 2042 Imperatorum
571 2005 717 2035 denotabat
729 2028 736 2035 .
761 2007 899 2041 [Trium-

107 2043 192 2081 phum
210 2042 291 2071 duxit
309 2043 395 2072 thiara
408 2046 478 2073 recta
490 2067 497 2078 ‚
520 2056 600 2084 quam
622 2047 666 2074 illi
676 2046 789 2084 tupham
806 2048 899 2086 appel-

108 2085 186 2112 lant.
209 2085 246 2113 In
266 2083 323 2112 vita
333 2084 425 2114 Basilii
434 2086 634 2125 Porphyrog.]
661 2087 801 2117 Htssrufa
810 2089 899 2117 vexil-

104 2126 161 2153 lum
172 2123 360 2163 pyramidum
382 2135 413 2154 ut
423 2124 514 2155 solent
533 2126 602 2155 serre
612 2137 694 2156 naves
706 2148 714 2160 ,
736 2138 795 2167 quae
814 2130 901 2168 vulgo

103 2167 209 2195 Latina
228 2165 380 2199 dicuntur,
402 2177 519 2206 quorum
539 2168 642 2196 vexilla
655 2189 662 2200 ,
685 2178 713 2196 ac
736 2169 796 2198 vela
814 2170 902 2199 latina

103 2216 213 2245 quoque
222 2216 434 2245 nuncupantur,
455 2207 682 2237 addifferentiam
703 2210 833 2244 navium,
855 2221 902 2240 ve-

106 2247 196 2275 lorum
215 2268 224 2280 ‚
247 2250 276 2276 ὁ(
294 2249 464 2278 vexillorum
482 2271 490 2282 ‚
513 2259 572 2288 quae
593 2260 607 2278 a
624 2251 714 2278 nautis
731 2251 903 2289 appellantur

106 2289 217 2328 ,Quam
231 2308 240 2319 ,
251 2287 321 2317 idest
331 2310 340 2323 ‚
352 2290 462 2329 quadr:
473 2312 481 2323 ,
504 2294 531 2319 δε
541 2290 636 2318 eadem
646 2292 732 2319 latina
743 2291 830 2320 forma
839 2291 903 2321 sunt

103 2329 167 2357 vela
177 2349 186 2361 ,
209 2331 238 2358 ὃ(
249 2330 354 2360 vexilla
366 2341 552 2360 recentiorum
564 2332 720 2360 triremium
730 2353 739 2365 ‚
756 2332 823 2361 idest
833 2354 842 2366 ,
859 2344 905 2362 cu-

99 2367 210 2408 ‘spidata
217 2391 226 2405 ‚
246 2368 353 2401 fortafl‘e
363 2393 374 2407 ,
395 2382 458 2412 quia
469 2372 591 2406 Romani
601 2371 651 2401 hac
663 2372 831 2405 vexillorum
849 2373 905 2413 for-

953 1926 1053 1954 eratin
1064 1925 1110 1955 usu
1125 1936 1249 1965 tempore
1258 1927 1283 1955 S.
1295 1929 1427 1967 Gregorii
1438 1931 1516 1967 Papae
1529 1950 1536 1962 ‚
1560 1939 1591 1957 ut
1602 1928 1667 1957 alibi
1678 1928 1755 1957 dixi-

953 1975 1029 1997 mus5
1053 1977 1115 1995 nam
1126 1977 1206 1995 antea
1224 1977 1330 1996 tantum
1340 1970 1425 1997 albam
1445 1969 1595 1997 induebant
1605 1968 1754 1999 subdiaco-

955 2007 984 2034 rii
995 2028 1002 2039 ‚
1026 2006 1092 2035 licut
1104 2008 1194 2037 Grzci
1206 2007 1292 2036 hodie
1305 2008 1408 2038 faciunt
1418 2031 1425 2037 .
1448 2010 1568 2039 Deberet
1579 2010 1693 2051 longior
1703 2031 1710 2042 ,
1725 2013 1754 2039 δε

954 2047 1075 2076 Ιὶῐὶᾶιοι·
1087 2072 1093 2081 ,
1117 2059 1195 2087 quam
1203 2049 1361 2078 Diaconalis
1371 2051 1526 2079 Dalmatica
1537 2072 1546 2084 ‚
1556 2050 1666 2079 formari
1677 2052 1754 2080 tuni-

954 2088 1023 2116 cella
1034 2109 1042 2121 ,
1061 2099 1120 2127 quae
1133 2090 1195 2118 ideo
1204 2090 1235 2118 ab
1243 2090 1375 2128 aliquibus
1384 2092 1550 2120 Dalmatica
1561 2096 1650 2120 minor
1660 2092 1754 2130 appel-

956 2129 1028 2156 latur
1039 2140 1046 2160 ς
1057 2139 1204 2168 eapropter
1213 2134 1268 2166 ejus
1280 2131 1474 2160 arftitudinem
1484 2133 1591 2161 Subtile
1599 2142 1680 2160 vocat
1692 2134 1753 2160 Ho-

955 2179 1048 2198 norius
1058 2191 1064 2197 .
1083 2171 1195 2199 Dicitur
1205 2181 1287 2200 etiam
1297 2173 1438 2202 subucula
1449 2195 1455 2206 ‚
1466 2183 1494 2201 ut
1509 2174 1537 2201 in
1545 2172 1593 2201 suo
1603 2173 1667 2200 loco
1676 2173 1750 2201 dixi-

957 2220 1016 2238 mus
1025 2229 1032 2237 .
1056 2212 1091 2239 In
1100 2212 1213 2240 Ordine
1234 2215 1318 2242 Rom.
1336 2214 1544 2243 subdiaconalis
1558 2213 1660 2241 dicitur
1669 2233 1676 2240 .
1700 2213 1752 2243 Rj-

958 2261 998 2279 tus
1009 2261 1099 2279 tamen
1110 2252 1213 2281 ferendi
1225 2254 1384 2283 tunicellam
1394 2265 1450 2283 non
1467 2255 1504 2283 est
1517 2254 1596 2282 valde
1607 2254 1733 2292 antiquus
1742 2265 1753 2287 i

958 2292 988 2320 in
998 2292 1112 2321 Ordine
1121 2303 1196 2321 enim
1207 2296 1337 2323 Romano
1346 2317 1354 2328 ‚
1364 2295 1428 2324 dum
1438 2305 1529 2333 :gitur
1537 2295 1570 2323 de
1580 2294 1754 2323 Pontificali-

959 2333 1004 2361 bus
1026 2333 1192 2362 indumentis
1205 2355 1214 2368 ,
1231 2335 1265 2364 de
1283 2334 1340 2364 sola
1358 2337 1510 2365 Dalmatica
1529 2335 1560 2364 fit
1578 2336 1703 2367 menti05
1725 2339 1755 2366 ὅς

961 2373 1037 2413 quod
1047 2384 1106 2404 non
1117 2374 1202 2405 suerat
1212 2385 1243 2405 in
1254 2374 1301 2406 ussi
1310 2377 1381 2416 apud
1390 2377 1517 2415 antiquos
1526 2398 1536 2411 ,
1558 2376 1700 2406 manil'este
1721 2386 1756 2406 ex

1375 2419 1399 2447 X
1410 2427 1427 2446 x
1471 2429 1486 2447 z
1671 2426 1719 2447 an·
