1866 2526
424 36 555 81 fF'1

1274 33 1308 76 F
1338 33 1376 76 L
1638 49 1713 92 333

117 96 323 128 Castum-'tom
334 89 480 128 2..conffit.
493 105 540 132 5²·
551 100 600 129 7⁶·
616 104 679 133 ¹37·
691 97 718 122 δι
729 92 794 122 alibi
817 91 910 132 paffim
929 92 1093 122 ptumo.
1116 88 1191 120 Vide
1212 91 1380 128 Conflabello
1392 111 1400 119 .

118 138 219 168 ibidem
228 159 236 166 .
247 139 307 168 Ubi
315 138 398 168 etiam
407 136 569 174 Festuchnm
580 134 682 174 legitur
701 135 774 164 unde
786 133 911 172 E.vfistu-
924 133 1095 178 Fanum·
1105 152 1116 165 ‚
1136 130 1182 160 seu
1194 132 1329 160 Flabrum
1340 153 1348 164 ‚
1361 132 1505 160 ventulum
1516 131 1675 162 muscarium
1688 156 1695 166 ,
1707 143 1774 162 ven-

117 190 145 208 co
154 200 163 213 ‚
172 183 200 208 ὁ(
210 178 361 217 Inftstutbo
369 199 377 207 .
398 178 473 207 Vide
480 176 534 206 suis
545 176 611 206 locis
621 196 630 204 .
653 175 728 204 Vide
749 184 831 204 etiam
842 178 910 203 Gur-

111 222 174 256 pt'o.
196 220 276 248 Varii
285 219 361 248 enim
370 217 515 251 terminis,
536 216 746 247 &caeremoniis
770 215 910 244 ren-„incia-

115 259 180 288 bant
190 281 198 293 ,
210 260 352 290 tradebant
361 281 369 293 ‚
379 270 409 289 ac
420 259 573 288 vendebant
582 267 676 287 eorum
685 257 756 285 bona
767 277 774 284 .
787 256 900 294 [Tedga

116 299 171 328 rius
179 301 332 330 Castaldius
349 301 384 329 de
397 302 519 329 Furcone
529 309 589 327 cum
599 297 688 329 Odila
707 300 762 332 ejus
771 306 855 325 uxore
866 297 911 325 bo-

115 350 149 368 na
159 338 204 369 sua
225 341 341 370 tradidit
353 342 522 369 Monallerio
536 339 651 368 farfensi
662 337 809 366 secundum
823 337 910 375 legem

115 378 224 410 salicam
235 392 283 420 per
294 381 420 410 festucam
431 403 438 414 ‚
459 385 485 409 ὅ(
496 381 682 419 andilaginem
693 399 700 411 ,
718 382 746 407 ὅ(
761 388 809 416 per
818 377 910 416 guaso-

115 430 179 449 nem
191 444 198 456 ‚
212 426 239 451 6<
251 433 299 462 per
323 423 471 461 leulangon
481 443 488 454 ,
510 425 537 450 ὃ(
551 431 599 460 per
607 419 750 449 cultellum
759 439 768 450 ,
777 422 805 461 6<
815 427 863 456 per
871 429 910 447 ra-

115 470 174 490 mos
183 463 306 492 arborum
319 485 327 496 ‚
345 473 378 492 ex
387 465 460 501 Reg.
469 461 536 490 Farf-
548 473 576 490 n.
587 472 600 499 3
610 471 656 496 52.
666 459 843 497 Helperimus
853 479 860 490 ‚
884 463 910 487 6<

114 501 214 542 Drogo
223 504 275 533 filii
288 504 422 534 Hac'tonis
443 513 477 531 ex
490 503 602 531 natione
620 503 786 529 Francorum
798 521 806 532 ,
829 498 909 527 tradi·

113 541 214 572 derunt
225 546 361 574 Ratfredo
385 544 451 573 Abb.
462 543 568 572 Farfen.
578 543 648 570 bona
658 550 752 569 eorum
764 561 772 572 ‚
795 543 822 568 δε
833 540 910 568 inve-

112 582 232 614 stierunt
243 596 292 624 per
302 586 439 617 festucrun,
449 588 476 613 ὃ(
487 583 683 621 andilaginem,
696 591 743 619 per
752 579 909 619 guasonem,

112 628 140 653 6<
149 635 183 652 an
193 626 306 666 dilagon
318 649 326 660 ‚
340 631 368 656 6<
379 636 427 664 per
437 634 539 654 terram
551 646 557 656 ,
567 627 595 652 6<
603 622 746 650 cultellum
755 642 764 653 ‚
786 624 813 649 ἃ
826 631 912 648 ramos

112 665 242 694 arborum
255 689 263 700 ‚
285 672 313 696 6<
325 678 373 706 per
383 666 482 695 ostium
498 665 643 694 domorum
651 665 728 697 juxta
750 662 840 701 legem
851 660 912 689 sali-

113 715 172 733 cam
186 727 193 734 -
213 709 313 737 Afrum
324 709 354 736 in
363 707 513 736 Amiterno
522 715 586 732 ann.
596 705 681 733 Dom.
692 713 728 740 93
735 714 762 738 4.
775 704 805 731 in
815 702 910 731 eodem

109 746 231 785 Registr.
245 758 342 783 ¹¹·375-
355 746 516 786 Ingebaldus
526 744 597 773 lilius
607 743 770 782 Ingel'oerti,
783 746 810 771 δε
820 743 898 773 Theu

112 787 239 816 duranda
248 782 375 818 Romana
385 788 442 816 fllia
451 785 581 815 Gratiani
590 787 730 824 conjuges,
742 784 802 823 lege
814 785 912 812 viven-

109 836 150 855 tes
160 827 240 856 salica
253 828 392 858 donarunt
403 827 572 857 Monasterio
581 826 685 854 Farsen.
697 824 846 855 Castellum
858 828 911 854 Bu-

108 867 249 898 cinianum
261 879 308 908 per
318 869 444 898 festucam
455 868 592 900 nodatam,
603 870 631 896 6<
641 876 689 904 per
700 867 844 895 cultellum
857 866 909 904 pli-

108 917 198 937 catum
213 931 221 943 ,
231 909 276 938 seu
287 909 434 949 guasonem
445 933 452 943 ‚
463 919 544 947 atque
554 908 777 946 guandilaginem
792 928 800 939 ,
823 910 851 934 6<
862 917 910 944 per

106 959 195 981 ramos
205 951 330 980 arborum
340 972 348 984 ‚
371 954 398 979 6<
420 950 537 979 sustuum
545 949 579 977 de
599 948 660 986 ipsis
670 947 794 975 domibus
805 967 812 974 .
835 946 909 975 Ibid.

111 1001 138 1018 n.
150 994 216 1025 400.
239 991 402 1020 Benedictus
412 1013 420 1024 ,
441 991 488 1029 qui
498 989 666 1028 pronomine
683 989 769 1016 Nitto
779 989 909 1025 Sproccus

110 1028 206 1062 vocor,
217 1031 333 1060 refutari
344 1042 391 1070 per
402 1031 538 1069 virgulam
547 1034 599 1058 &a
610 1029 681 1058 Ibid.
693 1039 718 1055 n.
733 1032 827 1066 503.&
843 1038 908 1064 509.

108 1072 208 1104 Bucco,
222 1076 250 1100 ὃ(
262 1073 340 1101 Cava
354 1073 377 1101 la
390 1071 451 1099 foffi
461 1070 666 1109 apprenderunt
678 1079 783 1107 partem
796 1068 870 1096 fustis
880 1079 909 1096 in

107 1112 228 1140 manibus
241 1134 248 1144 ,
267 1116 294 1141 ὃς
307 1111 497 1140 refutaverunt
506 1112 576 1140 bona
587 1110 754 1139 Monasterio
765 1109 869 1143 Farfen.
879 1120 906 1137 n.

111 1161 176 1186 527.
192 1152 324 1181 Refutare
335 1163 382 1191 per
392 1152 500 1185 fustem,
513 1163 540 1180 n.
552 1163 621 1188 499.
636 1156 700 1186 804.
714 1161 796 1182 1027.
809 1152 820 1181 ]
834 1152 906 1179 Item

107 1192 249 1221 dicebatur
258 1194 364 1221 tradere
375 1191 563 1232 poss‘effionem
573 1201 622 1230 per
632 1190 709 1219 assem
719 1201 807 1229 porta>
820 1212 827 1223 ,
840 1191 906 1219 ibid.

107 1243 136 1260 n.
148 1244 183 1261 22
191 1243 216 1269 5.
229 1235 302 1262 Item
312 1234 422 1262 dabatur
433 1233 596 1261 investitura
607 1242 655 1270 per
665 1233 798 1260 vexillum
810 1242 817 1258 .·
832 1232 907 1266 [Hm

105 1273 198 1301 norius
208 1275 278 1312 Papa
288 1275 345 1302 III.
357 1273 501 1302 investivit
513 1272 703 1301 Marchioncm
716 1272 855 1301 astensem
873 1272 907 1299 de

106 1312 227 1342 Marchia
238 1315 426 1347 Anconimna,
437 1314 571 1342 tradendo
582 1313 610 1341 in
620 1316 675 1348 ejus
685 1313 806 1341 manibus
817 1312 907 1340 vexil-

107 1354 176 1386 lum,
187 1365 254 1383 ann.
270 1366 279 1383 1
288 1366 355 1384 222.
368 1357 441 1384 Febr.
457 1359 499 1383 18.
509 1354 631 1383 Cencius
640 1355 780 1382 Camerar.
795 1353 843 1382 sol.
855 1354 906 1380 mi-

106 1393 136 1422 hi
150 1404 213 1429 5¹7·
226 1398 237 1427 ]
263 1397 335 1424 Item
347 1406 394 1434 per
415 1405 530 1435 cuppam
540 1404 697 1433 argenteam
710 1406 716 1422 :
743 1400 755 1429 [
767 1396 903 1423 Innocen

105 1435 158 1463 tius
167 1437 236 1473 Papa
249 1437 307 1465 111.
317 1437 462 1465 investivit
474 1436 619 1464 Comitem
631 1435 860 1464 Ildebrandinum
871 1434 905 1462 de

104 1475 204 1504 Castro
216 1477 322 1504 Montis
333 1478 404 1509 Ain,
415 1480 442 1505 &-
454 1477 596 1504 Comitatu
605 1476 640 1504 de
650 1474 770 1504 Rosellis
783 1485 830 1513 per
840 1485 905 1513 cup-

107 1524 168 1552 pam
178 1526 335 1553 argenteam
346 1538 352 1548 ,
371 1527 445 1544 aurio
459 1527 541 1548 1207.
554 1516 620 1553 Julii
632 1527 645 1553 3
657 1526 680 1543 1.
691 1516 811 1544 Cencius
823 1537 831 1549 ‚
854 1516 904 1543 fol.

82 1577 88 1583 ,
110 1565 175 1592 503.
198 1555 278 1583 Idem
289 1557 470 1585 Innocentius
487 1556 633 1585 investivit
646 1556 788 1585 Comitem
807 1556 902 1585 Ricar-

106 1595 170 1623 dum
190 1596 224 1624 de
236 1597 301 1625 Sora
318 1597 352 1625 de
362 1598 510 1626 Comitatu
530 1597 635 1625 Sorano
653 1606 701 1635 per
723 1597 903 1625 traditionem

105 1646 199 1674 cuppae
208 1647 346 1675 argentee
358 1638 488 1666 dezuruae
499 1658 507 1669 ,
519 1648 562 1665 an.
579 1641 661 1666 1208.
670 1638 772 1666 Ostob.
787 1644 812 1666 6.
824 1638 903 1666 Idem

107 1678 248 1705 Camerar.
270 1677 316 1705 fol.
331 1681 417 1712 507.]
443 1678 563 1706 Dabatur
581 1678 662 1706 etiam
675 1678 834 1706 investitura
856 1688 903 1716 per

105 1716 215 1750 ostium,
227 1722 254 1746 ὅ(
266 1719 382 1751 clavem,
395 1717 558 1754 [Raiuerius
570 1718 751 1747 Verceilcnfis
761 1717 849 1757 Episc.
860 1719 904 1747 in-

108 1758 220 1786 vestivit
231 1759 398 1788 &mar-ium
411 1759 478 1787 Abb.
486 1757 590 1786 Farscn.
601 1759 635 1786 de
647 1759 764 1787 Eccieiia
773 1760 904 1788 S-Valen—

109 1797 163 1825 tini
174 1798 203 1825 in
217 1801 307 1838 Burgo
318 1799 490 1828 svslenrini
502 1809 550 1836 per
559 1799 670 1832 ostium,
681 1803 709 1828 6<
721 1801 834 1828 clavem.
848 1802 904 1829 Re-

107 1837 183 1876 gistr.
194 1839 298 1867 Fari'en.
310 1849 400 1867 numa
413 1851 444 1867 10
453 1842 490 1871 1.]
505 1841 578 1868 Item
589 1850 636 1878 per
644 1841 774 1868 annulum
784 1850 904 1874 aureum,

106 1878 226 1906 cencius
245 1881 357 1908 Camcr.
369 1879 416 1907 fol.
432 1890 498 1915 549.
518 1881 591 1908 Item
605 1890 652 1917 per
670 1880 790 1909 Insulam
809 1882 905 1919 capitis

110 1918 238 1958 Episcopi
250 1942 257 1952 ‚
276 1921 317 1948 cui
339 1920 455 1948 traditur
473 1919 597 1958 posl'effio
607 1942 615 1953 ,
637 1924 665 1949 6<
674 1932 688 1950 a
707 1931 762 1959 quo
774 1922 906 1960 recipitur

108 1969 181 1987 nora
191 1959 317 1998 pofleffio
328 1981 334 1988 .
355 1962 427 1989 Item
437 1961 575 1990 Camerar.
595 1960 643 1990 fol.
657 1966 690 1997 58
699 1973 720 1989 1.
733 1963 807 1990 Item
819 1962 905 1991 Refu-

108 2009 166 2029 tare
176 2021 184 2032 ,
209 2001 277 2028 idest
288 2023 296 2033 ,
319 2001 417 2030 cedere
425 2001 496 2029 bom
509 2012 557 2040 per
564 2011 711 2030 camanum
721 2023 728 2029 .
753 2003 905 2038 [Nicolaus

88 2061 93 2064 >
106 2041 245 2079 quondam
256 2043 300 2080 Jo.
319 2041 354 2070 de
364 2042 562 2071 Gualtalbruno
580 2041 764 2081 apprehendit
775 2053 905 2072 <ammat-

107 2091 167 2109 tum
177 2081 206 2109 in
215 2092 294 2110 manu
307 2081 390 2114 suff&
401 2081 530 2111 refutavit
541 2086 594 2112 &c.
605 2083 828 2122 1nReg-Farfin.i
840 2095 849 2112 1
857 2096 904 2120 42.

65 2122 198 2151 Pis-run
211 2143 218 2149 .
242 2123 315 2151 Vide
338 2123 433 2159 Siphon
443 2143 450 2149 .
787 2132 791 2136 ¹

65 2162 212 2191 Fivvnmi
224 2183 231 2189 .
253 2163 309 2192 FR.
322 2162 415 2201 pascua
425 2162 580 2191 communia
591 2183 598 2191 .
621 2165 656 2193 In
665 2163 787 2203 Regiltr.
799 2164 905 2194 Farfen.

108 2213 135 2230 n.
148 2207 215 2241 318.
227 2204 301 2232 Vide
312 2204 435 2233 Finalda
446 2224 454 2231 .

69 2244 140 2271 Fixit
151 2263 158 2270 .
182 2242 257 2272 Vide
276 2246 355 2273 Fic‘ta
364 2264 372 2271 .

63 2284 230 2313 ‘Pinianus
240 2304 248 2312 .
270 2285 378 2313 Suarius
389 2306 396 2317 ‚
409 2285 546 2323 porcarius
555 2307 564 2319 ‚
576 2295 723 2324 porcorum
732 2285 821 2315 custos
831 2306 838 2314 .
857 2286 906 2315 ffi-

106 2323 189 2351 dorus
199 2325 228 2352 in
238 2327 295 2362 ejus
304 2326 362 2355 Glo
368 2324 446 2354 llario
457 2337 464 2356 3
487 2326 534 2366 qui
544 2336 635 2356 tamen
656 2325 816 2364 hujusmodi
828 2338 907 2356 voca—

106 2363 164 2398 buli
173 2374 290 2402 etymon
300 2377 359 2397 non
371 2366 464 2398 reddit
472 2385 480 2394 .

355 2489 362 2501 D

967 172 1095 202 tilabrurn
1107 193 1115 205 ‚
1127 171 1340 201 instrumentum
1350 195 1357 206 ‚
1369 183 1425 212 quo
1437 173 1600 202 ventilando
1610 173 1717 206 musae,
1727 184 1770 201 ca-

964 211 1091 252 lidusque
1111 211 1338 241 circumambiens
1367 224 1412 242 aer
1433 213 1583 252 expellitur
1594 235 1601 241 .
1623 215 1772 242 flabellum

967 262 1058 283 autem
1069 253 1276 282 eccleliasticum
1287 264 1320 282 ex
1333 263 1471 292 pavonum
1483 254 1578 291 pennis
1589 255 1771 286 &Scitin-,eo-

969 304 1022 332 que
1040 294 1178 323 Diaeoncs
1189 304 1313 333 tempore
1330 294 1455 324 sacrificii
1470 295 1501 323 ab
1523 295 1606 323 altare
1617 293 1717 323 muscas
1730 304 1773 322 re-

969 335 1084 373 pellunt.
1093 335 1160 363 Duo
1170 335 1287 364 Disconi
1301 345 1334 364 ex
1345 346 1460 375 utraque
1472 345 1548 374 parte
1557 335 1646 364 altaris
1655 344 1772 363 teneant

969 375 1105 404 flabellum
1121 385 1156 404 ex
1169 377 1295 404 tenuibus
1312 377 1474 406 membranis
1487 398 1494 409 ‚
1518 377 1563 405 vel
1583 387 1618 405 ex
1630 386 1771 414 pavonum

969 415 1068 453 pennis
1077 437 1085 449 ‚
1107 417 1195 445 velex
1209 417 1272 446 velo
1283 438 1291 449 ,
1311 418 1405 455 quibus
1416 417 1516 446 leniter
1527 417 1640 456 abig-mt
1653 426 1771 454 preter-

970 457 1094 485 volantes
1103 456 1228 486 bestiolas
1239 479 1246 489 ,
1259 467 1292 485 ne
1302 459 1332 486 in
1345 459 1441 496 pocula
1451 458 1574 488 incidant
1585 480 1592 491 ,
1606 459 1651 486 lib.
1667 462 1691 485 8.
1702 467 1770 485 con-

969 495 1025 524 stit.
1038 497 1167 535 Apostol.
1179 509 1201 526 c.
1218 509 1261 534 ¹9·
1274 500 1285 529 ]
1311 500 1385 527 Hinc
1398 499 1428 527 in
1437 500 1590 527 collatione
1608 499 1771 527 diaconatus

969 538 1063 566 Graeci
1074 538 1147 565 inter
1157 539 1218 571 alia,
1230 549 1289 576 quae
1301 539 1430 568 Diacono
1440 539 1593 572 traduntur,
1603 539 1768 576 confignant

969 578 1000 605 in
1009 580 1064 613 ejus
1074 578 1195 607 manibus
1215 579 1298 608 etiam
1308 579 1360 608 hoc
1371 580 1583 609 instrumentum
1596 601 1604 613 ‚
1625 580 1700 619 quod
1717 579 1769 617 ipsi

970 617 1087 655 ρίπὶδὶσν
1097 628 1215 650 vocant5
1236 623 1263 648 6<
1275 620 1336 649 ideo
1346 620 1375 649 in
1389 621 1444 649 vita
1462 622 1486 649 S.
1498 621 1606 650 Nicet.e
1617 620 1677 650 haec
1689 620 1768 648 verba

969 658 1119 687 habentur.-
1146 665 1157 694 [
1170 660 1279 688 Sam-‘tus
1291 671 1356 689 vero
1369 661 1528 690 Athanalius
1547 661 1678 690 affluebat
1689 660 1768 698 cogi-

969 699 1074 728 tatione
1087 721 1094 732 ,
1105 703 1134 727 δε
1144 710 1236 730 mente
1246 710 1303 729 tota
1313 701 1437 730 intentus
1448 724 1456 735 ‚
1473 702 1618 731 ministerii
1630 701 1767 730 flabellum

970 749 1067 768 tenens
1079 751 1086 771 5
1111 749 1167 768 erat
1178 742 1252 769 enim
1264 741 1402 771 Diaconus
1413 763 1420 770 .
1443 743 1526 781 Apud
1536 743 1644 771 Surium
1654 764 1662 776 ,
1687 752 1713 780 3.
1727 743 1768 770 A-

968 780 1055 818 pril.]
1077 781 1200 810 Notatur
1209 783 1367 820 ignorantia
1379 783 1516 812 Robertus
1526 786 1677 822 Grcygtou
1696 781 1767 810 circa

967 822 1019 849 hoc
1030 831 1149 860 graecum
1160 822 1322 850 vocabulum
1330 821 1376 850 hic
1391 823 1422 851 in
1429 823 1494 851 dist.
1506 824 1747 859 Monobambylum
1757 841 1767 849 .

965 862 1072 891 Allulio
1081 872 1171 890 autem
1180 862 1261 898 hujus
1269 863 1442 892 instrumenti
1452 864 1483 892 ad
1493 862 1647 901 seraphicos
1655 863 1767 902 spiritus

964 912 1027 930 ante
1046 903 1182 932 Divinam
1194 904 1364 939 Majestatcm
1381 914 1442 932 cum
1462 905 1563 937 timore
1576 926 1584 937 ‚
1608 909 1766 934 &tremore

965 941 1115 972 affistentes
1124 943 1258 983 dirigitur
1267 955 1276 974 ς
1286 954 1430 983 propterea
1442 956 1475 973 ex
1487 946 1602 974 oculatis
1625 953 1767 983 pavonum

963 984 1060 1022 pennis
1072 984 1204 1012 formatur
1215 1005 1222 1012 .
1231 986 1324 1014 Graeci
1334 986 1365 1013 in
1374 986 1468 1013 medio
1486 989 1540 1021 ejus
1553 985 1696 1024 Seraphim
1717 985 1766 1012 de-

965 1024 1086 1063 pingunt
1097 1045 1105 1052 .
1130 1031 1142 1060 [
1157 1025 1272 1054 Flsbella
1283 1036 1349 1054 vero
1359 1047 1366 1058 ,
1388 1030 1415 1054 δ(
1426 1026 1545 1054 Diaconi
1556 1026 1679 1055 indicant
1690 1027 1765 1054 Seta—

964 1064 1043 1102 phim
1053 1064 1100 1093 sex
1111 1066 1159 1093 :ilis
1169 1066 1285 1104 predita
1295 1087 1303 1098 ‚
1326 1070 1354 1095 ἀ
1366 1067 1445 1094 multi
1455 1067 1598 1096 oculorum
1610 1066 1766 1096 Cherubim

963 1105 1084 1144 effigiem
1095 1127 1101 1132 .
1113 1107 1136 1134 3.
1149 1108 1282 1135 German.
1293 1107 1323 1134 in
1336 1106 1425 1135 theor.
1438 1117 1489 1136 rer.
1500 1107 1651 1136 Ecclesiast.
1664 1109 1676 1138 ]
1688 1106 1764 1145 quod

961 1147 1044 1174 ctiam
1055 1147 1147 1175 Latini
1162 1147 1278 1175 formare
1287 1146 1488 1176 consueverant
1498 1168 1505 1175 .
1520 1148 1593 1176 Vide
1602 1148 1763 1176 Cherubim.

962 1187 1059 1215 Alium
1078 1187 1258 1225 lignificatum
1269 1188 1294 1216 S.
1307 1188 1484 1216 Hidelbertus
1502 1186 1579 1216 affert
1587 1210 1594 1221 ‚
1616 1188 1743 1226 inquiens
1755 1198 1762 1214 ε

965 1228 1062 1262 [Dum
1074 1228 1158 1266 igitur
1169 1229 1304 1256 destinato
1316 1229 1364 1256 tibi
1376 1229 1483 1257 flabello
1493 1250 1501 1262 ‚
1514 1227 1710 1257 descendentes
1721 1227 1766 1256 su-

962 1277 1010 1305 per
1022 1267 1150 1296 sacrificia
1159 1268 1259 1296 muscas
1269 1269 1394 1307 affigeris,
1406 1280 1419 1296 a
1428 1268 1606 1298 sacrificantis
1615 1279 1709 1298 mente
1719 1268 1764 1296 su*

962 1310 1186 1345 perveniennum
1199 1308 1318 1337 incursus
1337 1310 1523 1339 tentationum
1532 1310 1677 1338 catholicae
1696 1309 1763 1338 fidei

962 1349 1116 1378 ventilabro
1127 1350 1264 1378 exturbari
1281 1351 1423 1388 oportebit
1434 1372 1441 1383 ,
1453 1351 1530 1389 epist.
1542 1363 1568 1382 7.
1582 1354 1593 1383 ]
1616 1351 1764 1379 Maronitae

960 1399 1027 1418 vero
1037 1391 1194 1419 orbiculatis
1202 1391 1317 1419 flabellis
1328 1402 1359 1419 ex
1372 1392 1509 1430 argenteis
1518 1413 1526 1424 ,
1541 1391 1586 1420 seu
1599 1393 1704 1430 cupreis
1723 1392 1762 1419 la·

961 1431 1078 1459 minibus
1090 1441 1215 1464 utuntur,
1225 1443 1254 1460 ac
1264 1432 1438 1460 circumcirca
1450 1432 1635 1460 tintinnabula
1645 1432 1765 1464 addunss·

959 1481 1018 1509 quze
1032 1482 1046 1500 a
1064 1472 1168 1500 duobus
1185 1473 1294 1501 clericis
1314 1472 1379 1500 liin<
1400 1473 1464 1501 inde
1486 1473 1545 1510 post
1563 1473 1762 1501 Celebrantem

958 1514 1078 1540 tremulo
1098 1521 1175 1541 1110111
1186 1514 1325 1551 agitantur
1337 1523 1343 1543 ;
1368 1514 1424 1541 imo
1435 1517 1462 1542 ἃ.
1483 1512 1540 1551 ipse
1559 1513 1686 1541 Sacerdos
1697 1522 1762 1550 pro-

961 1553 1119 1582 nuutiando
1138 1554 1185 1581 illa
1197 1555 1274 1582 verba
1292 1555 1407 1581 sanstus
1419 1553 1476 1586 &a
1500 1563 1648 1582 tremorem
1660 1555 1762 1582 Beato-

958 1603 1018 1620 rum
1029 1594 1179 1632 Spirituum
1189 1595 1310 1622 manibus
1319 1593 1495 1630 repraesentat
1505 1615 1512 1625 ‚
1527 1595 1574 1632 qui
1585 1603 1688 1623 tremor
1697 1603 1764 1623 tunc

960 1634 989 1661 in
1000 1635 1095 1672 organi
1108 1633 1262 1672 pulsatione
1272 1634 1340 1662 solet
1353 1635 1435 1662 etiam
1445 1644 1526 1672 penes
1539 1635 1624 1662 varias
1633 1634 1762 1663 Ecclcfias

959 1673 1072 1702 formari
1082 1695 1089 1701 .
1114 1676 1193 1703 Prior
1203 1675 1407 1704 Conventualis
1417 1675 1547 1713 Equitum
1559 1675 1760 1708 Melitenstum,

959 1718 986 1743 ὅ(
998 1714 1229 1753 Αῑεὴίςριίῖοριις
1243 1714 1414 1744 Meil'anenfis
1445 1724 1475 1743 ut
1487 1715 1557 1743 mihi
1570 1715 1686 1743 relatum
1696 1715 1761 1748 suit,

958 1754 1051 1783 solent
1059 1754 1217 1792 hujusmodi
1226 1755 1339 1784 flabellis
1350 1757 1389 1783 uri
1401 1776 1408 1783 .
1422 1755 1569 1794 Episcopus
1578 1759 1668 1791 Trojx
1679 1756 1710 1784 in
1719 1758 1760 1785 A-

960 1796 1033 1833 pulia
1043 1806 1128 1824 utitur
1140 1796 1242 1825 eisdem
1253 1798 1283 1824 in
1295 1795 1464 1834 processione
1474 1795 1760 1834 festiCorporisChri-

960 1837 993 1864 sti
1003 1856 1011 1863 .
1031 1837 1123 1865 Etiam
1133 1838 1382 1865 Dominicanorum
1399 1837 1591 1865 caeremoniale
1612 1848 1640 1865 n.
1651 1843 1678 1866 6.
1687 1836 1759 1865 hanc

957 1878 1151 1906 caeremoniam
1160 1879 1191 1906 in
1201 1877 1319 1906 solemni
1330 1877 1466 1906 sacrificio
1475 1877 1533 1906 fieri
1545 1878 1671 1915 praecipit
1681 1898 1688 1910 ,
1712 1876 1759 1906 ubi

959 1917 994 1946 sic
1006 1917 1120 1946 habetur
1135 1931 1140 1946 :
1164 1924 1175 1953 [
1186 1922 1322 1956 Tempore
1332 1928 1440 1956 quoque
1457 1917 1606 1946 muscarum
1616 1918 1696 1946 debet
1714 1927 1758 1946 eas

958 1959 1098 1986 Diaconus
1107 1960 1214 1987 flabello
1224 1969 1362 1991 amovere,
1374 1970 1407 1986 ne
1416 1958 1563 1987 molestent
1573 1958 1758 1990 Sacerdotem,

960 2003 987 2026 &
998 2000 1105 2037 abigere
1122 2010 1136 2027 a
1145 1999 1181 2027 sa<
1187 1999 1276 2028 rificio
1287 2019 1293 2025 .
1306 2002 1316 2030 ]
1338 2002 1389 2028 Per
1400 1998 1447 2027 has
1456 1999 1575 2028 oculatas
1595 2009 1698 2038 pennas
1710 1999 1760 2027 ad-

960 2049 1090 2067 monetur
1099 2041 1230 2068 Praelatus
1240 2062 1247 2073 ,
1270 2040 1345 2079 quod
1355 2040 1385 2068 in
1401 2038 1455 2067 suis
1475 2040 1624 2069 actionibus
1637 2038 1759 2069 summo-

960 2090 1023 2118 pere
1035 2079 1241 2118 circumspestus
1260 2081 1388 2109 incedere
1398 2080 1492 2109 debeat
1501 2102 1510 2114 ,
1532 2081 1562 2108 in
1571 2090 1652 2120 quem
1662 2091 1758 2111 nume-

959 2120 1085 2149 roliffimi
1095 2121 1258 2159 populorum
1275 2122 1347 2149 oculi
1359 2120 1460 2150 affidue
1475 2121 1638 2154 collimanu
1652 2121 1686 2150 oh
1696 2132 1758 2150 ean-

959 2162 1022 2190 dem
1031 2162 1107 2189 enim
1117 2160 1220 2189 causam
1241 2165 1381 2191 Romanus
1391 2161 1524 2191 Pontifex
1535 2182 1545 2198 ,
1566 2163 1677 2200 quando
1686 2165 1760 2191 Pon-

959 2202 1098 2230 tificaliter
1107 2203 1137 2230 in
1147 2200 1213 2230 sella
1222 2202 1344 2231 desert-11
1356 2225 1363 2235 ,
1386 2213 1420 2231 ex
1431 2212 1549 2241 utroque
1561 2203 1647 2231 latere
1662 2203 1760 2233 simili-

961 2243 1007 2272 bus
1017 2243 1128 2272 flabellis
1138 2243 1312 2272 obumbratur
1323 2263 1331 2272 .
1353 2243 1475 2273 Tandem
1485 2243 1538 2272 hoc
1547 2244 1756 2272 instrumentum

962 2283 991 2312 in
1001 2285 1037 2312 D.
1050 2283 1197 2321 rip-*pimini
1210 2284 1268 2312 vita
1278 2284 1470 2313 Ventilabrum
1480 2285 1695 2313 ministeriorum
1707 2293 1758 2311 vo-

961 2334 1038 2353 catur
1049 2324 1091 2351 his
1102 2324 1189 2352 verbis
1200 2335 1207 2351 ε
1233 2330 1244 2359 [
1257 2325 1362 2353 Primus
1380 2324 1504 2354 observat
1513 2325 1686 2356 Diaconum,
1709 2323 1758 2363 qui

962 2376 977 2395 a
986 2364 1100 2396 sinistris
1110 2365 1218 2394 tenebat
1230 2366 1415 2395 ventilabrum
1423 2365 1638 2396 ministeriorum
1650 2384 1659 2392 .

1254 2411 1258 2415 ·
1653 2405 1727 2439 Fu-
