1866 2526
107 51 299 85 [Auxuma
317 54 453 83 Linum
465 73 473 80 .
496 52 570 82 Vide
588 55 704 82 Litaniae
726 53 754 82 in
773 51 844 82 fine.

109 93 187 124 Laus
196 99 263 125 'riu
272 95 407 124 eamr:
416 113 426 126 ,
448 92 530 122 verba
541 114 552 137 ’.
567 93 664 132 quibus
681 94 710 122 in
720 93 776 122 fine
796 91 940 132 Evangelii

998 50 1030 81 in
1040 53 1184 83 Clement.
1201 54 1236 83 de
1245 53 1316 84 statu
1327 55 1528 84 monachorum
1538 66 1595 94 cap.
1611 67 1634 85 i.
1654 12 1742 86 333²
1749 61 1798 86 Le-

997 95 1166 130 c‘ffisternium
1177 94 1296 124 dicitur.
1321 94 1394 124 Vide
1412 97 1639 125 stratilec‘hlmm
1649 119 1657 126 .

147 134 346 175 respondetur,
373 135 490 173 qu'oniru
507 143 554 172 qui
577 134 680 172 prii-nus
707 135 781 163 inter
798 133 943 172 scriptores
959 134 1167 164 Ltcricnius
1179 156 1187 168 ,
1208 135 1512 169 libitinariusclericus‚
1529 137 1664 166 aserenda
1684 137 1797 171 lectica,

147 176 318 204 mentionem
329 174 407 204 §aciat
416 196 425 208 ‚
442 174 481 203 est
492 174 663 203 Burchardus
674 187 680 203 :
691 174 842 213 antiquitus
852 183 943 203 tamen

996 172 1042 202 seu
1059 173 1199 214 sandapila
1215 177 1255 206 ita
1280 175 1384 206 distus.
1404 176 1479 205 Vide
1495 175 1652 213 synonyma
1678 179 1711 206 in
1730 177 1799 206 diet.

148 216 223 246 varie
233 214 443 254 respondebatur
453 236 461 248 ‚
480 213 526 253 qui
539 225 615 243 enim
626 220 717 244 Amen
731 237 739 248 ‚
756 215 804 253 qui
826 220 943 253 Deogm-
997 215 1133 252 Foffan'us
1143 236 1150 244 .
1632 256 1638 261 .

146 260 205 285 tias
215 278 222 288 ,
245 257 291 294 qui
305 257 467 285 Benedic‘lus
478 278 485 289 ,
508 267 555 294 qm
568 260 649 284 venit
659 267 689 284 m
707 259 816 284 nomine
824 258 942 283 Domini
959 255 1087 289 Lecrio,
1098 265 1154 285 tam
1165 256 1194 286 in
1204 255 1281 287 Miss'a
1291 262 1304 292 (
1313 267 1376 296 quae
1385 258 1448 287 :ilias
1458 256 1574 297 epistola
1581 257 1685 286 dicitur
1694 260 1707 290 )
1716 267 1799 296 quam

145 297 270 325 dicebant
281 318 287 324 .
310 297 437 325 Duraiid.
449 296 495 325 lib.
508 307 536 330 4.
545 306 602 334 cap.
617 307 663 331 24.
686 298 722 325 In
732 295 797 324 feria
810 294 886 323 sexta
897 297 944 324 P:-

143 335 253 366 rasceve
274 347 334 365 non
351 336 454 366 dicitur
473 336 509 365 ob
530 337 691 365 memoriam
711 335 943 375 improperiorum

143 376 253 407 Christi
263 397 271 406 .

102 418 182 447 Ltus
193 421 260 448 Tim
271 418 393 447 Domus
404 423 456 448 ἃς.
477 417 616 447 Dicuntur
626 418 685 447 haec
697 417 777 446 verba
788 415 818 444 iri
839 415 942 454 princi-

144 459 192 497 pio
202 458 329 487 horarum
340 460 402 487 loco
414 459 543 494 Allelgaia
550 469 564 486 a
573 459 719 487 Doniinica
731 457 938 495 septuagesima.-

143 499 226 537 usque
236 500 270 527 :d
290 498 388 528 Pascha
399 510 433 528 ex
443 500 554 528 decreto
570 499 724 528 Alexandri
744 499 821 535 Papae
833 498 874 540 II.
885 499 942 526 Ge-

144 542 212 568 min.
223 540 272 568 lib.
286 551 313 574 4.
325 550 383 577 cap.
398 551 460 572 ii7.
474 541 573 568 Bai-on.
583 549 646 568 ann.
663 537 941 577 1073.&fignificant

144 581 219 608 idem
233 602 240 613 ‚
251 581 325 618 quod
334 581 462 616 Alleluia
472 591 483 613 ς
507 578 692 608 nihilominus
704 580 735 607 in
755 578 862 616 lignum
872 588 937 606 inoe-

142 620 224 648 stitia:
237 619 550 658 pronuncianturlatiua
560 619 653 659 lingua
666 641 674 653 ‚
686 630 745 658 quae
757 618 872 646 inferior
882 639 890 651 ‚
913 622 937 647 ὃς

141 659 275 689 humilior
284 661 322 690 est
331 660 454 689 hebraica
464 679 472 686 .
493 659 606 688 Alcuin.
616 671 674 699 cap.
683 661 716 689 de
726 658 924 697 Septuagefima
932 679 939 686 .

97 701 257 730 lAusiacA
267 721 275 728 .
297 699 457 733 Antoniniani,
477 699 512 728 fic
521 701 689 738 appellatum
709 700 761 728 suit
783 700 900 728 Palladii
910 710 939 727 o-

673 742 735 780 quia
745 752 759 769 a
769 739 856 769 Lauso
865 741 937 768 I’rae—

139 781 230 819 posito
252 780 350 818 scripta
370 780 477 808 fucrant
492 802 500 813 ‚
523 779 680 820 solebatque
695 782 726 810 in
747 781 938 810 determinatis

139 750 189 779 pus
199 763 208 774 ‚
220 741 294 779 quod
303 742 411 769 Parrum
421 740 494 779 gest:
505 741 632 769 continet
641 762 650 774 ‚

140 822 304 860 temporibus
316 821 372 860 legi
386 843 393 853 ‚
406 830 436 850 ut
445 831 479 849 ex
489 821 607 850 Triodio
617 821 731 851 habetur
741 843 748 850 .

95 863 160 892 Lau
170 873 218 892 HA
228 882 236 889 .
259 864 317 891 FR.
331 872 380 901 pro
390 862 525 897 azymelis
535 861 704 892 hebr-:eorum
715 882 722 889 .
747 862 866 901 [Siquis
875 863 939 900 Epi-

141 902 236 941 scopus
245 907 298 931 ἃς.
315 912 376 930 cum
387 903 492 939 Judaeis
500 904 668 937 jejunaverit
679 925 686 936 ,
709 914 754 931 aut
765 903 849 931 lautia
860 902 918 932 festi
928 925 935 936 ,

140 953 240 981 nempe
251 953 347 978 azyma
356 946 408 971 διε.
431 944 458 972 S.
471 943 626 971 Clementis
637 944 664 971 in
675 954 734 972 can.
753 944 867 981 apostol.
879 953 937 972 can.

139 986 210 1019 69.]
234 983 399 1021 Antiquitus
409 982 492 1011 eriam
511 987 645 1012 lautitia
655 984 792 1012 dicebatur
811 983 894 1012 farina
904 995 935 1012 ex

137 1023 232 1052 tritico
242 1034 309 1061 aqua
319 1021 462 1061 conspersa
472 1043 479 1050 .
506 1024 593 1053 Festus
607 1045 613 1052 .
637 1026 672 1053 In
682 1025 737 1053 alio
749 1023 902 1063 iignificatu
911 1037 935 1053 a-

137 1064 190 1103 pud
201 1064 310 1092 Latinos
319 1084 326 1090 .
350 1063 423 1091 Vide
433 1065 637 1101 Xenoparochus
648 1085 656 1092 .

94 1105 233 1134 LA‘LAiws
246 1125 253 1131 .
276 1106 334 1133 PR.
346 1103 449 1131 dicitur
458 1106 560 1141 primus
570 1104 672 1134 inferni
691 1105 844 1143 proditora
854 1106 935 1135 Glos-

135 1144 266 1174 saincan.
287 1144 482 1183 quantuslibet.
503 1146 536 1174 de
555 1146 655 1183 poenit.
674 1146 736 1174 dist.
751 1157 774 1175 1.
797 1147 870 1175 vide
887 1153 935 1176 Lo-

134 1179 245 1214 cula⁶tus
255 1206 263 1213 .

101 1227 200 1256 Lan-i.
211 1249 219 1259 ‚
231 1224 392 1255 Armeniam
404 1248 413 1260 ‚
423 1229 450 1255 ὅ(
463 1226 582 1265 lapidem
591 1227 726 1267 fignificat
735 1247 743 1255 .
767 1228 840 1256 Vide
851 1229 935 1264 Chry-

129 1268 229 1304 socolla
239 1288 246 1295 .

92 1308 210 1336 hzzus
223 1328 229 1334 .
253 1308 327 1337 Vide
342 1309 428 1337 Lidus
438 1330 445 1337 .

92 1348 318 1378 Ltisiromnmii
329 1371 336 1382 ‚
358 1353 386 1378 ὅ(
396 1352 509 1379 Lebiton
520 1372 528 1383 ,
539 1350 583 1379 seu
593 1353 711 1380 Leviton
723 1372 732 1384 ‚
749 1354 777 1379 ἃ
785 1353 934 1379 Levitona-

133 1392 207 1417 rium
216 1410 226 1422 ,
248 1400 338 1429 graecc
351 1387 530 1428 Mssirom'piov
541 1413 548 1423 ‚
559 1395 586 1420 ἃ
595 1391 715 1426 λεβητών
725 1413 733 1423 ,
743 1391 810 1419 idest
823 1413 830 1423 ,
844 1392 933 1419 tunica

132 1429 189 1458 fine
198 1431 312 1458 manicis
321 1452 328 1463 ,
348 1441 399 1468 qna
409 1430 537 1459 monachi
549 1432 689 1469 AEgyptii
700 1440 814 1459 utuntur
826 1451 833 1458 .
858 1433 931 1467 [Ni-

133 1467 177 1497 hil
185 1468 286 1498 habent
295 1470 326 1498 in
334 1471 410 1499 cellis
421 1480 520 1508 pra-ter
531 1472 687 1510 psiathium,
697 1475 724 1499 ὃ(
734 1471 790 1499 duo
801 1472 932 1500 lebitona-

130 1508 170 1536 ria
182 1529 190 1540 ‚
212 1510 286 1547 quod
298 1510 449 1548 AEgyptiis
459 1512 600 1539 monachis
617 1521 702 1550 genus
724 1511 882 1541 vestimenti
894 1513 930 1542 est

133 1548 188 1577 fine
202 1550 325 1578 manicis.
336 1551 506 1585 Hieronym.
517 1552 546 1580 in
556 1552 660 1590 praefat.
672 1551 706 1580 ad
715 1552 836 1591 regulam
845 1554 870 1582 S.
881 1555 930 1582 Pa-

130 1587 238 1618 chomii
250 1609 257 1616 .
279 1591 490 1620 levitonarium
507 1592 544 1620 cst
563 1593 699 1620 colobium
722 1592 778 1620 sine
798 1594 912 1623 manicis
922 1618 929 1628 ‚

129 1630 204 1667 quali
217 1630 346 1659 Monachi
355 1631 494 1670 AEgyptii
504 1642 620 1661 utuntur
630 1654 638 1660 .
649 1633 745 1661 Isidor.
756 1633 928 1670 lib-19.c.2z.

126 1670 284 1699 Induuntur
304 1680 394 1699 autem
407 1673 528 1701 noftibus
540 1673 672 1702 [evitonis
685 1673 767 1701 lineis
789 1675 929 1712 praecineti

622 1714 652 1741 iu
672 1715 747 1741 Vitis
767 1716 875 1743 Pati-um
886 1737 893 1744 .
916 1718 927 1747 ]

128 1710 250 1739 lumbos.
273 1711 424 1747 Dionysius
443 1713 564 1752 Exiguus
585 1735 593 1747 ‚

127 1752 185 1780 PR.
196 1753 266 1780 Puto
286 1751 356 1780 hanc
366 1753 486 1781 tunicam
504 1757 718 1782 Levitonan‘um
736 1753 780 1782 seu
788 1760 904 1785 Leviron
916 1767 930 1785 a

126 1790 241 1820 levitica
260 1792 392 1821 tunicella
403 1793 502 1822 dictam
513 1793 607 1824 fuistin
629 1795 780 1832 antiquitus
790 1796 864 1824 enim
887 1807 930 1826 tu-

127 1831 231 1859 nicella
249 1832 305 1861 fine
315 1833 427 1861 manicis
449 1844 503 1862 erat
516 1856 524 1867 ‚
542 1844 572 1863 ut
582 1835 686 1863 dietum
702 1836 740 1862 est
750 1835 781 1864 in
800 1836 866 1865 dict.
878 1843 928 1867 Co-

128 1871 231 1900 lobmm
240 1893 247 1900 .

84 1912 248 1942 LELCATOR
258 1933 271 1956 '.
290 1915 346 1943 PR.
357 1914 467 1953 gulosus
481 1919 579 1951 [Ante
589 1917 798 1946 conversionem
810 1918 927 1948 leccafor

128 1963 210 1990 opere
221 1975 228 1985 ‚
245 1963 314 1982 vino
324 1975 332 1987 ,
343 1958 371 1984 ὃ(
384 1955 518 1985 tess‘eribus
530 1958 668 1986 dedicatus
680 1968 753 1986 totus
765 1979 772 1985 .
792 1959 928 1988 Caesarius

124 1993 373 2024 Heistcrbachenlis
384 1996 430 2024 lib.
441 2009 468 2032 4.
481 1997 604 2026 miracul.
614 2001 718 2037 cap.6.]
731 2000 926 2038 corrigendum

124 2042 215 2062 tamen
226 2034 264 2062 est
275 2036 402 2072 Teffen‘s‚
413 2038 475 2065 loco
485 2039 645 2075 Teſjeribus.
655 2045 739 2068 Lecta
751 2039 787 2068 est
800 2043 924 2079 proprie-

79 2106 83 2107 ⁷
123 2084 163 2101 tas
175 2074 301 2112 lingendi
312 2087 320 2106 5
333 2076 398 2104 inde
407 2082 583 2107 Leccaciatas
593 2101 601 2112 ‚
621 2085 751 2108 Leccator
760 2101 768 2112 ‚
789 2083 817 2108 δε
827 2086 923 2110 Lecca-

122 2118 183 2142 rn'x
196 2134 203 2141 .
225 2116 356 2144 Leccator·
366 2118 501 2154 reperitur
509 2119 591 2147 etiam
601 2119 629 2147 in
639 2119 731 2148 Gloss‘a
746 2120 844 2148 Ilidori
856 2142 864 2149 .

79 2155 280 2188 Laenium,
308 2156 523 2192 ledfflernium,
545 2159 610 2188 lech
632 2159 774 2188 utensilia.
798 2166 810 2195 [
831 2163 922 2191 Lecta-

121 2195 160 2222 rin
172 2205 239 2223 vero
250 2195 306 2234 ipsa
316 2196 449 2235 simplicia
459 2199 555 2232 sint‚in
563 2210 623 2239 reg.
633 2200 658 2228 S.
671 2199 800 2229 Caesitiae
813 2202 893 2242 Virg.
906 2206 918 2236 ]

119 2234 234 2264 Dicitur
245 2246 326 2264 etiam
335 2240 460 2268 Lea‘t‘uale
473 2261 482 2272 ,
500 2240 545 2269 vel
555 2242 762 2277 Lec'listemium
776 2240 807 2269 in
823 2243 918 2272 Chro-

114 2275 179 2304 nica
189 2275 354 2306 Cistercien.
380 2285 390 2313 [
402 2277 537 2310 Lektuaha
547 2302 555 2314 ,
579 2282 624 2310 vel
645 2280 812 2310 leffium-nia
823 2285 918 2313 mode-

113 2325 170 2344 rata
182 2315 387 2354 dispensatione
397 2320 523 2359 Magistri
533 2321 715 2363 unusquisque
723 2321 827 2354 habeat.
834 2326 849 2357 J
859 2327 916 2357 PR.

152 2358 344 2392 flii-retexam
369 2365 461 2392 Macri
473 2381 483 2392 .

1000 295 1030 323 in
1037 296 1134 325 officio
1142 297 1244 326 divino
1254 298 1292 327 ita
1300 299 1452 336 appellatur
1463 320 1470 332 ,
1482 297 1546 337 quia
1556 298 1659 337 legitur
1669 319 1677 331 ,
1699 302 1728 327 ὅ(
1739 308 1797 326 non

997 336 1121 365 canitur.
1138 338 1264 367 Durand.
1275 339 1323 368 lib.
1336 348 1362 374 5.
1383 349 1440 378 cap.
1453 351 1479 368 ι.
1499 339 1644 368 Lectiones
1662 339 1798 367 Breviarii

996 377 1118 406 collectae
1128 376 1191 407 sunt
1200 389 1214 407 a
1224 379 1262 407 D.
1272 380 1449 415 Hieronymo
1458 401 1466 412 ,
1478 380 1524 418 qui
1535 379 1634 408 librum
1642 378 1799 417 composuit

998 417 1214 455 actionarium,
1225 419 1280 449 five
1289 421 1391 449 Comes
1400 421 1425 450 S.
1436 421 1608 455 Hieronymi
1618 421 1799 457 appellatum.

996 458 1134 496 Legendae
1155 459 1203 488 seu
1213 460 1278 488 vita:
1288 461 1447 490 Sanc'toium
1457 482 1466 494 ,
1487 470 1548 500 quae
1559 469 1703 499 ponuntur
1715 461 1746 488 in
1756 458 1799 488 se-

994 499 1086 527 cundo
1097 501 1244 529 Noflurno
1255 511 1268 529 :i
1276 503 1358 530 Paulo
1370 502 1496 531 Diacono
1508 522 1516 534 ‚
1525 503 1555 529 δε
1564 501 1596 529 ab
1606 499 1736 530 Usuardo
1741 499 1799 536 jus-

995 537 1025 566 su
1039 540 1136 568 Caroli
1145 541 1241 580 Magni
1263 542 1421 580 compofitae
1433 543 1541 571 fuerunt
1553 552 1561 571 5
1583 540 1630 572 sed
1639 551 1699 579 quae
1712 541 1799 572 hodie

995 578 1130 609 habentur
1139 603 1148 614 ‚
1165 581 1232 617 jussu
1242 582 1397 611 Clementis
1409 584 1494 612 VIII.
1513 593 1527 610 a
1535 583 1658 610 Baronio
1667 603 1675 614 ,
1695 586 1722 611 ὃ(
1733 583 1796 613 Bel-

994 620 1111 648 larmino
1119 622 1248 650 coi-renftae
1257 621 1322 651 sunt
1333 644 1339 650 .
1363 624 1508 652 Lectiones
1516 643 1524 655 ,
1535 631 1596 660 quae
1607 632 1755 652 recitantur
1766 622 1798 653 in

998 660 1090 689 triduo
1100 660 1278 691 hebdomadae
1288 663 1390 691 Sanftae
1401 685 1409 696 ,
1421 675 1477 692 iion
1485 663 1587 692 habent
1597 663 1721 696 titulum,
1731 664 1796 702 quia.

994 701 1109 729 Ecclefia
1122 702 1150 730 in
1162 702 1211 731 illo
1223 703 1316 731 triduo
1326 704 1418 732 orbata
1430 705 1539 733 videtur
1547 705 1604 738 ejus
1613 704 1720 732 titulari
1731 726 1741 737 ‚
1763 708 1794 735 δε

993 740 1083 778 capite
1105 741 1220 771 christo
1230 743 1292 780 Jesu
1302 762 1310 770 .
1332 746 1415 773 Gem.
1426 745 1473 773 lib.
1483 755 1510 782 3.
1527 753 1586 781 cap.
1607 747 1653 780 89.
1676 746 1797 783 Rupert-

992 791 1048 818 cap.
1060 793 1093 817 9.
1108 783 1156 811 lib.
1166 795 1193 816 7.
1216 786 1250 811 Et
1261 784 1367 812 sabbati
1385 785 1476 813 SanCti
1488 784 1621 815 lectiones
1642 784 1727 812 etiam
1736 795 1795 815 uon

994 820 1091 851 habere
1101 822 1216 852 titulum
1226 824 1361 854 Alcuinus
1373 824 1410 853 :iit
1420 848 1428 858 ,
1450 826 1514 864 quia
1524 825 1553 852 iii
1563 823 1615 852 itio
1625 824 1670 855 die
1682 826 1796 855 coecitas

992 862 1249 893 catechumenorum
1260 887 1268 897 ‚
1289 866 1337 903 qui
1350 867 1472 894 nondum
1482 864 1633 894 illuminati
1643 864 1707 893 sunt
1718 886 1727 898 ‚
1748 865 1795 895 de-

992 913 1104 932 notatur
1113 925 1120 932 .
1142 906 1201 934 Nec
1213 906 1315 934 dicitur
1325 928 1333 939 ‚
1359 910 1420 942 [Tu
1430 916 1519 936 autem
1530 906 1655 934 Domine
1665 906 1796 936 miserere

992 944 1068 973 nobis
1077 965 1085 977 ‚
1096 947 1109 976 ]
1131 956 1191 983 quae
1205 947 1284 975 verba
1294 947 1325 975 in
1335 947 1390 976 fine
1400 947 1549 976 lectionum
1561 946 1644 974 totius
1653 947 1719 975 anni
1728 947 1792 977 ideo

991 984 1122 1014 dicuntur
1132 1007 1140 1018 ‚
1163 997 1192 1014 ut
1204 997 1218 1015 a
1227 987 1353 1016 Domino
1364 987 1444 1016 venia
1455 987 1580 1025 poscatur
1597 987 1632 1015 dc
1644 986 1794 1017 dcfeftlbus

991 1025 1022 1053 in
1032 1026 1152 1064 legendo
1173 1027 1321 1056 commistis
1332 1049 1338 1056 .
1361 1031 1500 1066 Rupertus
1517 1027 1566 1055 lib.
1583 1036 1674 1064 μίτῳ.
1691 1038 1734 1066 ¹3·
1757 1032 1793 1057 E:

992 1065 1056 1094 ideo
1067 1068 1145 1095 flexis
1161 1068 1275 1107 genibus
1284 1069 1412 1097 dicuntur
1422 1090 1429 1097 .
1452 1070 1573 1098 Caerem.
1594 1066 1685 1106 Epist.
1705 1068 1752 1096 lib.
1763 1081 1793 1098 2..

991 1117 1048 1144 cap.
1062 1118 1086 1142 5.
1108 1109 1144 1136 In
1155 1119 1272 1147 quorum
1281 1109 1336 1138 fine
1348 1109 1486 1138 osculatur
1497 1107 1627 1145 Episcopi
1638 1119 1730 1138 manus
1742 1130 1750 1142 ,
1774 1110 1794 1139 ii

991 1148 1078 1176 aderit
1089 1159 1097 1179 5
1107 1150 1228 1187 exceptis
1239 1160 1329 1178 tamen
1342 1151 1492 1179 Canonic.s
1503 1172 1512 1183 ,
1524 1159 1569 1187 qui
1581 1152 1649 1177 hanc
1660 1160 1697 1180 εκ
1703 1160 1794 1180 remo-

990 1188 1064 1216 niam
1073 1199 1131 1217 non
1144 1199 1273 1219 tenentur
1281 1191 1407 1220 adhibere
1416 1212 1423 1218 .
1436 1192 1471 1219 In
1480 1190 1645 1219 ledionibus
1654 1190 1738 1219 etiam
1749 1190 1793 1219 of-

991 1228 1046 1257 ficii
1057 1229 1261 1259 Defunctorum
1280 1242 1335 1260 non
1347 1232 1448 1260 dicitur
1461 1232 1531 1267 Jube
1543 1229 1601 1263 (ἂψ.
1623 1240 1673 1259 nec
1684 1237 1728 1260 Tu
1739 1243 1791 1262 au-

990 1278 1046 1297 tem
1057 1270 1115 1303 (γε.
1139 1270 1168 1299 in
1179 1272 1313 1309 aliquibus
1323 1282 1414 1301 tamen
1425 1272 1550 1301 Ecclesiis
1558 1270 1651 1300 solent
1661 1273 1792 1302 termina-

990 1310 1012 1338 ri
1023 1309 1066 1338 his
1079 1311 1165 1339 verbis
1187 1314 1286 1347 [Beati
1298 1313 1400 1341 mortui
1417 1314 1503 1351 quiin
1520 1312 1648 1340 Domino
1668 1315 1790 1342 moriun-

990 1360 1035 1379 tur
1044 1371 1051 1378 .
1063 1352 1076 1381 ]
1099 1352 1224 1380 Duraiid.
1234 1353 1281 1381 lib.
1293 1365 1319 1385 7.
1332 1363 1390 1391 cap.
1402 1364 1416 1391 3
1426 1365 1450 1388 5.
1469 1353 1634 1391 Antiquitus
1646 1364 1791 1393 antequam

988 1391 1044 1430 legi
1066 1391 1205 1430 incepisset
1214 1394 1296 1422 lectio
1305 1415 1313 1426 ‚
1335 1395 1478 1423 Diaconus
1496 1393 1634 1422 silentium
1652 1393 1791 1423 observari

987 1432 1116 1460 monebat
1129 1453 1136 1460 .
1162 1438 1174 1468 [
1186 1434 1266 1462 Ιῑειᾶο
1275 1444 1362 1464 autem
1374 1435 1442 1464 filcn
1448 1435 1489 1464 tio
1500 1456 1508 1467 ‚
1520 1432 1714 1470 scripturarum
1725 1434 1790 1464 sunt

987 1472 1056 1500 ieffl
1069 1473 1164 1502 divina
1173 1473 1304 1503 solemnia
1317 1498 1323 1504 .
1344 1475 1460 1514 August.
1469 1475 1503 1503 de
1514 1475 1605 1503 Civit.
1615 1475 1727 1505 Deilib.
1740 1487 1788 1507 ιι.

987 1523 1043 1550 cap.
1057 1516 1103 1544 8.]
1128 1518 1162 1542 Et
1174 1514 1239 1543 Ifid.
1258 1516 1302 1543 lib.
1320 1527 1342 1543 1.
1352 1516 1386 1544 de
1407 1515 1511 1545 Eccles.
1531 1516 1609 1544 offic.
1628 1514 1769 1556 subiungit
1779 1528 1787 1544 :

989 1559 1002 1588 [
1015 1554 1082 1581 Ideo
1091 1557 1119 1582 ὅ(
1137 1555 1276 1584 Βίηεοηυς
1286 1557 1356 1584 clara
1369 1567 1437 1585 voce
1447 1556 1585 1584 silentium
1606 1556 1739 1587 admonet
1751 1578 1758 1585 .
1772 1559 1785 1589 1

987 1594 1070 1630 Quod
1081 1591 1167 1622 adhuc
1179 1596 1207 1624 in
1220 1597 1335 1624 Ecclesm
1343 1607 1434 1635 giurca
1442 1596 1601 1625 observatur
1609 1617 1618 1629 ,
1628 1596 1674 1625 ubi
1684 1598 1787 1626 Diaco-

987 1645 1034 1662 iiiis
1044 1645 1106 1663 ante
1116 1635 1265 1664 lectionem
1274 1637 1326 1664 alta
1338 1648 1404 1666 voce
1415 1640 1520 1677 profert
1532 1648 1605 1674 προσ
1616 1635 1706 1674 'xus-cir
1716 1660 1725 1671 ‚
1745 1638 1788 1667 id-

984 1675 1023 1703 est
1033 1697 1041 1708 ‚
1062 1678 1256 1706 mandamus
1267 1698 1276 1709 ,
1288 1678 1363 1715 quod
1373 1678 1473 1717 abipso
1483 1678 1627 1707 Sacerdote
1638 1677 1786 1707 indefecta

983 1715 1233 1749 Diaconidicitur,
1253 1721 1281 1746 ὅ(
1300 1719 1330 1746 in
1341 1719 1458 1748 Eccleiia
1477 1717 1655 1747 Ambrosiam
1672 1728 1735 1748 ante
1747 1721 1786 1748 lc-

984 1756 1105 1785 &ionem
1118 1758 1185 1786 elata
1198 1767 1266 1786 voce
1277 1758 1380 1787 dicitur
1391 1781 1399 1792 ,
1419 1760 1588 1795 [Silentium
1599 1759 1692 1793 iubete
1703 1781 1712 1793 ,
1736 1761 1784 1788 lia-

983 1797 1043 1825 bete
1053 1798 1190 1826 silentium
1201 1819 1207 1825 .
1219 1800 1230 1829 ]
1243 1799 1407 1837 Antiquitus
1418 1810 1480 1828 :inte
1491 1800 1639 1829 lectionem
1647 1800 1784 1829 auditores

982 1837 1122 1875 signabant
1144 1837 1172 1867 se
1183 1839 1268 1867 crucis
1280 1839 1375 1878 signo:
1402 1847 1413 1876 [
1423 1841 1497 1870 Cum
1507 1841 1590 1869 lec'tio
1602 1840 1705 1878 legitur
1714 1863 1722 1874 ‚
1747 1841 1784 1870 fa-

980 1878 1024 1906 ἂυ
1037 1879 1146 1907 mentio
1157 1901 1166 1912 ,
1187 1890 1262 1918 aeque
1273 1881 1396 1909 audiatur
1405 1892 1419 1909 a
1429 1881 1532 1910 cunstis
1545 1891 1552 1910 ,⁴
1576 1889 1638 1909 nam
1650 1884 1678 1910 6(
1689 1882 1708 1910 si
1719 1892 1784 1911 tunc

982 1917 1160 1956 superveniat
1178 1919 1292 1958 quisque
1303 1943 1311 1954 ‚
1331 1923 1485 1951 minleeno
1494 1921 1644 1950 celebratur
1656 1942 1665 1954 ‚
1688 1923 1784 1951 adoret·

981 1960 1073 1988 Deum
1087 1982 1094 1993 ‚
1106 1964 1134 1989 δε
1146 1961 1307 1999 praefignata
1320 1962 1414 1990 fronte
1424 1984 1432 1995 ‚
1446 1961 1536 1991 aui-exii
1546 1961 1669 1991 sollicite
1678 1973 1784 1991 accom-

981 2000 1075 2028 iizodct
1086 2022 1092 2027 .
1116 2001 1213 2030 Isidor.
1224 2001 1271 2029 lib.
1289 2013 1311 2029 i.
1321 2003 1355 2031 de
1365 2003 1456 2032 divin.
1466 2002 1511 2032 off.
1521 2012 1579 2040 cap.
1593 2013 1636 2031 io.
1649 2004 1661 2034 ]
1685 2005 1782 2033 1,εάἰο

979 2041 1135 2069 audiebatur
1144 2040 1266 2070 sedendo
1276 2063 1284 2074 ,
1294 2043 1359 2071 ficut
1371 2044 1454 2072 etiam
1464 2054 1535 2072 nunc
1546 2044 1577 2072 fit
1589 2063 1597 2071 .
1607 2045 1728 2073 Amal-zi·-
1748 2046 1783 2074 de

978 2080 1080 2110 hcc-les.
1093 2080 1139 2110 off.
1159 2082 1206 2110 lib.
1217 2093 1243 2119 3.
1253 2092 1310 2120 cap.
1328 2094 1369 2112 io.
1380 2084 1474 2123 Gratti
1493 2084 1586 2116 camai
1605 2084 1678 2113 stant
1687 2106 1696 2118 ‚
1715 2086 1782 2114 dum

979 2122 1112 2150 lectiones
1131 2123 1199 2151 novi
1212 2122 1369 2152 testamenti
1380 2125 1526 2164 leguntur,
1550 2129 1577 2154 δ(
1588 2123 1685 2154 sedent
1702 2126 1734 2153 in
1744 2126 1781 2154 le-

975 2162 1110 2191 &ionibus
1135 2172 1236 2191 veteris
1246 2163 1402 2193 testamenti
1415 2185 1422 2193 .
1443 2166 1480 2194 In
1489 2166 1627 2194 Matutino
1636 2166 1782 2194 Nativita-

975 2204 1010 2231 tis
1019 2203 1137 2232 Domini
1149 2225 1155 2235 ,
1177 2204 1287 2241 quando
1298 2206 1416 2234 occurrit
1425 2206 1550 2244 gladium
1559 2217 1574 2234 a
1582 2206 1719 2234 Pontifice
1736 2207 1782 2234 be-

974 2243 1066 2272 nedici
1078 2254 1129 2273 una
1139 2254 1200 2272 curn
1211 2247 1267 2280 ejus
1276 2246 1350 2284 pileo
1360 2267 1369 2279 ‚
1386 2246 1452 2275 Dux
1464 2247 1483 2275 fi
1495 2245 1613 2285 praesens
1623 2246 1703 2274 fucrit
1715 2267 1724 2278 ,
1733 2247 1782 2275 de-

973 2281 1017 2313 bet
1027 2294 1122 2314 canere
1135 2285 1257 2322 quintam
1277 2286 1425 2315 lectionem
1435 2285 1628 2326 superpellicio
1647 2286 1760 2315 indutus
1770 2310 1779 2322 ,

973 2323 1056 2365 super
1065 2325 1139 2365 quod
1149 2325 1238 2365 cingit
1247 2326 1368 2366 gladium
1380 2348 1389 2362 ,
1412 2331 1440 2357 6<
1451 2327 1655 2366 superinduitur
1662 2327 1780 2395 plulviali

1417 2369 1444 2399 C
1453 2378 1466 2397 c
1509 2378 1524 2405 3
1694 2377 1708 2395 a
1721 2384 1734 2390 ἢ
