1866 2526
113 100 212 130 fei-ius:
225 107 240 138 t
249 93 470 138 Oimjncidiflet
478 93 631 135 psachnion
644 91 719 123 Beati
730 91 794 122 Viri
804 89 915 121 excubi-

115 150 163 170 tor
172 161 181 174 ‚
191 145 220 172 δε
229 151 264 171 co
296 139 303 144 '
375 136 587 176 compagionim
597 136 654 171 ejus
662 155 671 167 .
697 134 787 163 statim
800 132 915 162 tradidit

118 191 182 210 eum
191 181 349 211 Sacellum
357 176 494 209 Praefeflo
501 176 589 207 Urbis
599 195 610 213 ‚
629 175 723 204 dicens
732 195 740 208 ,
761 174 844 204 Tolle
853 182 915 202 eum

117 222 242 251 Domine
250 221 381 250 Praefeee
390 241 399 252 ,
409 222 437 248 δι
447 222 583 247 continuo
594 215 769 245 membratim
779 213 873 243 incide
883 213 916 242 il-

119 262 175 290 lum
185 282 192 289 .
204 263 216 294 ]
235 263 293 292 FR.
304 261 397 290 Aliter
408 269 497 288 tamen
517 257 588 296 apud
600 257 749 286 Bai-onium
761 254 808 283 hic
826 263 915 283 textus

117 293 221 340 legitur
233 302 262 330 in
273 311 346 330 anno
359 308 394 336 ⁶5
406 311 427 327 i.
439 310 466 327 n.
482 310 524 328 io.
535 297 579 327 ubi
589 298 624 326 fic
634 297 765 326 habetur:
779 301 791 330 [
803 299 838 324 Et
849 305 914 323 con-

115 342 197 370 tinuo
207 343 360 371 exclamans
371 339 527 370 sacellarius
547 337 692 378 quemdam
711 336 855 365 astantium
867 345 914 362 ex—

121 383 277 411 cubitorum
298 382 456 411 consortem
479 376 607 418 praecipit
637 378 694 407 fine
714 386 789 405 mora
810 375 914 404 auferre

122 421 275 452 Psachinon
295 435 301 450 :
328 425 340 454 J
365 426 398 451 Et
422 420 538 449 inferius
555 432 562 447 :
588 425 600 455 [
618 420 691 448 Cum
713 427 779 455 ergo
800 414 913 445 incidis-

116 462 158 491 set
181 462 329 501 psachnion
352 463 427 492 Beati
450 461 512 490 Viri
533 459 676 489 excubitor
696 461 750 486 διε.
761 458 773 488 ]
796 460 831 499 Et
853 455 912 494 post

117 513 201 542 pauca
225 504 304 532 verba
326 503 403 532 idem
424 502 553 532 Batonius
584 500 618 529 iic
646 496 801 534 hujusmodi
833 506 912 525 voca—

117 544 210 572 bulum
234 544 429 582 interpretatur
447 563 455 574 ,
477 542 605 581 inquiens
614 551 622 567 .·
647 546 659 575 [
679 538 776 575 Quoad
798 536 832 564 ad
853 536 910 575 psa-

117 584 222 613 cliiiioii
244 583 345 622 spectat
358 607 367 618 ‚
389 586 536 623 depravate
558 582 597 610 ita
621 580 677 619 legi
699 587 821 618 putamus
835 598 843 609 ‚
866 587 914 615 per

118 635 198 662 quam
221 635 319 654 vocem
341 625 382 653 nil
403 625 440 654 est
452 644 460 655 ‚
483 633 513 650 ut
524 623 718 650 indumentum
727 617 841 656 aliquod
852 617 912 655 pos-

118 666 151 693 sst
172 666 297 704 intelligi
310 685 318 693 .
341 665 480 703 Siquidem
503 661 647 700 pontificia
669 661 736 689 stola
745 681 753 692 ‚
775 668 835 697 quae
857 659 914 696 pal-

119 705 187 733 lium
208 705 310 734 dicitur
319 726 327 737 ,
349 709 378 733 ὁ(
399 703 504 733 caeteris
527 702 653 730 omnibus
664 700 860 739 superponitur
870 700 912 727 in-

115 745 253 774 dumentis
265 767 271 777 ,
294 745 385 783 postea
406 744 507 773 sublata
528 744 579 771 nait
591 762 598 769 .
621 743 682 770 Nec
694 741 731 770 est
741 763 749 773 ,
772 749 802 768 ut
813 741 913 775 conjici

114 785 197 822 poliit
207 784 358 823 psaclimon
371 808 376 817 ,
387 785 460 824 quafi
471 783 655 822 perisagmum
666 805 674 816 ‚
684 781 813 810 sarcinam
827 781 914 809 viato-

119 826 186 853 riain
199 824 274 854 suiss'e
284 826 411 864 corrigiae
432 831 483 859 (ut
504 833 595 853 textus
614 823 718 855 habet)
738 821 915 859 compagibus

115 876 213 894 nexam
224 877 230 893 :
241 866 374 903 liquidem
388 877 445 895 non
455 866 493 894 est
506 865 653 893 verisimile
661 865 686 892 ei
698 863 821 892 relictam
833 883 839 893 ,
849 871 913 889 eum

114 916 130 934 e
140 908 203 935 navi
215 906 253 935 est
265 907 357 935 ductus
368 908 395 935 iii
405 908 578 937 ‹arcerem‚&
589 915 603 932 e
615 912 719 933 carcere
729 902 912 938 adjudicium.

116 947 204 976 Unde
213 947 262 975 ista
273 948 433 982 conjunctio
445 946 577 985 psachmi,
589 955 670 984 atque
680 944 807 982 corrigiae
817 944 914 981 opina-

116 987 140 1014 ri
151 986 244 1016 suadet
257 986 333 1016 suiss'c
343 987 455 1026 cingulo
474 987 594 1022 junctam
612 985 785 1024 compagibus
803 993 894 1021 peram
903 1005 911 1015 ‚

116 1037 176 1065 quae
198 1037 286 1066 graece
302 1028 402 1056 dicitur
421 1028 506 1064 σκγὶς
518 1049 527 1060 ,
550 1037 630 1065 quam
641 1028 675 1055 ad
685 1025 790 1055 libellos
808 1024 912 1052 oblatos

115 1068 304 1096 recondendos
316 1066 406 1106 potiffi
412 1077 484 1096 mum
493 1068 595 1106 gestare
605 1066 751 1096 Pontifices
759 1064 908 1096 solebam]

116 1109 170 1137 Sed
185 1107 244 1136 hzec
255 1108 353 1147 opinio
363 1110 434 1136 tanti
446 1111 506 1138 Viri
518 1118 576 1136 non
585 1107 649 1142 sstis
659 1107 762 1136 arridet
770 1127 778 1134 .
799 1105 894 1133 Primo
903 1127 910 1137 ‚

115 1149 180 1186 quia
192 1159 254 1188 pem
264 1170 272 1182 ‚
283 1159 362 1187 quam
371 1150 508 1188 gestabant
519 1148 737 1181 Pontifices,non
748 1157 797 1186 pro
807 1144 908 1185 suppli-

115 1189 255 1218 cationum
266 1190 367 1218 libellis
376 1190 472 1218 oblatis
481 1201 493 1218 a
503 1189 640 1220 Pontifice
652 1189 792 1220 terebatur,
800 1186 849 1214 sed
861 1196 911 1224 pro

118 1229 259 1268 largienda
269 1231 428 1268 pauperibus
437 1230 468 1258 in
478 1231 577 1258 itinere
586 1228 772 1263 eleemosyna,
783 1228 846 1266 quia
855 1237 910 1254 me-

114 1270 240 1298 morialia
249 1271 338 1298 oblata
351 1281 406 1298 non
418 1280 499 1308 penes
510 1270 537 1299 se
546 1291 554 1302 ‚
565 1269 612 1299 sed
623 1280 704 1307 penes
717 1268 908 1299 §ceretii-ium,

115 1311 161 1338 vel
171 1311 254 1340 alium
265 1310 394 1339 famulum
403 1310 730 1339 deferebantur-Secundo
739 1319 800 1337 cum
811 1309 910 1337 S.Mar-

113 1350 188 1378 tinus
206 1352 278 1380 ultra
299 1353 450 1391 nonaginta
472 1351 529 1380 dies
546 1351 578 1379 in
594 1350 910 1387 Constantinopolitano

112 1401 218 1420 carcere
226 1402 287 1420 :inte
295 1391 331 1420 hu
332 1394 374 1427 jus
385 1392 520 1422 Sacellarii
531 1392 706 1420 temerarium
717 1391 804 1419 :icium
816 1389 911 1417 deten-

113 1439 156 1459 tus
169 1431 257 1461 fuifl'et
267 1454 275 1465 ‚
296 1443 325 1460 iit
339 1433 368 1461 in
377 1432 528 1470 supradicka
538 1432 620 1460 citata
630 1431 764 1468 Anastafii
775 1430 908 1459 narratio-

115 1481 151 1499 ne
161 1471 273 1502 habetur
285 1484 291 1499 ε
303 1483 360 1501 non
371 1476 408 1501 est
421 1475 505 1508 major
515 1473 584 1500 ratio
594 1493 603 1504 ,
615 1483 661 1501 cur
672 1473 794 1510 pallium,
803 1475 831 1499 ὃ(
844 1470 911 1498 stola

116 1512 244 1540 Pontifici
258 1522 306 1551 per
315 1513 384 1540 illud
395 1513 530 1542 trimestre
548 1513 633 1540 ablata
654 1511 739 1541 essent
749 1511 780 1539 in
788 1520 892 1539 carcere
901 1531 910 1542 ‚

116 1553 145 1578 ὅ(
156 1561 212 1579 ηοη
223 1551 324 1580 sarcina
334 1563 442 1591 quoque
462 1553 577 1582 viatoria
586 1573 593 1580 .
611 1555 684 1582 Item
695 1551 855 1582 Sirmondus
865 1550 910 1578 ubi

117 1589 196 1629 supra
208 1593 363 1630 psachnion
373 1592 468 1621 scribit
479 1616 487 1626 ‚
499 1594 533 1622 fic
543 1594 626 1622 etiam
634 1594 778 1631 Tonsorem
789 1613 796 1624 ,
815 1595 842 1620 ὁ(
853 1601 910 1620 non

118 1633 275 1669 Consortem
286 1631 365 1661 habet
377 1654 384 1661 .
396 1636 488 1671 Atque
498 1635 588 1663 Surius
597 1636 740 1672 Tonsorem
751 1655 759 1666 ‚
771 1635 798 1660 ὅ(
809 1633 910 1669 Psach-

116 1683 177 1700 mon
190 1694 199 1706 2
210 1683 276 1703 tom.
288 1684 313 1705 7·
325 1674 358 1701 :id
369 1673 442 1702 diem
457 1685 499 1703 iz.
510 1676 676 1704 Novembris
686 1697 694 1708 ‚
704 1686 727 1703 c.
743 1685 787 1710 19·
798 1672 894 1700 scribit
905 1693 912 1700 .

117 1712 204 1742 Unde
215 1725 282 1753 puto
294 1715 339 1741 litt
347 1725 413 1743 :ram
425 1736 433 1746 ,
452 1718 481 1747 i,
492 1725 540 1754 per
549 1726 668 1744 errorem
679 1715 820 1753 scriptoris
828 1723 911 1751 appo-

118 1754 196 1782 sitam
208 1754 283 1783 suiss'e
294 1775 300 1786 ,
313 1755 378 1783 duni
388 1756 497 1783 deberet
509 1755 560 1784 efl'e
570 1757 665 1785 tertius
677 1766 722 1795 pes
730 1757 832 1784 littei-³:
843 1775 851 1786 ‚
862 1765 889 1782 m
902 1775 910 1787 ‚

116 1795 155 1823 ita
166 1805 195 1822 ut
206 1817 214 1828 ‚
225 1807 243 1824 n
253 1818 260 1828 ‚
273 1798 300 1823 ὃ(
311 1816 318 1827 ,
332 1808 341 1823 ι
354 1817 362 1828 ,
374 1796 474 1824 saciant
484 1797 623 1836 integrum
635 1819 643 1829 ‚
662 1809 688 1826 m
700 1819 708 1830 ‚
727 1795 912 1835 &legendum

116 1835 189 1863 recte
200 1836 351 1872 Psachmon
362 1858 369 1868 ,
381 1847 430 1874 qur.
437 1837 507 1866 nivis
518 1838 648 1866 Batonius
657 1838 832 1876 depravatam
843 1835 911 1864 hanc

121 1874 351 1914 orthographiam
361 1878 519 1908 existimem
537 1888 566 1906 ac
576 1888 719 1916 propterea
737 1877 817 1906 aliter
826 1875 912 1904 senti-

117 1925 175 1944 rem
187 1937 194 1947 ,
215 1925 314 1955 nempe
333 1927 394 1946 cum
404 1918 540 1947 Sacellarii
556 1920 680 1947 officium
699 1917 910 1947 aeclesiasticum

115 1966 199 1984 etiam
211 1956 298 1984 fiiiffet
308 1977 315 1988 ‚
328 1967 358 1985 ut
367 1960 397 1986 in
406 1958 471 1986 ἀὶᾶ.
481 1960 648 1988 Sacellanus
657 1960 756 1988 dicitur
767 1979 775 1991 ‚
794 1957 868 1995 quod
878 1959 911 1985 ad

115 1996 188 2026 hunc
200 1997 371 2026 sacellarium
381 1999 527 2037 degradare
537 2021 544 2032 ‚
555 2004 584 2029 δι
593 2010 718 2028 execrare
728 1997 870 2037 spectabat,
882 1999 910 2025 in

116 2040 191 2072 cujus
200 2037 305 2076 lignum
318 2048 456 2076 paecepit,
467 2050 496 2068 ut
506 2041 598 2069 omnia
610 2040 780 2079 pontificalia
792 2038 911 2076 insignia

115 2088 130 2106 a
143 2078 238 2106 Sanno
249 2078 384 2108 Pontifice
404 2080 578 2112 auferantur-5
600 2082 674 2109 unde
692 2081 730 2109 :iit
744 2079 910 2111 Anastalius,

114 2118 190 2156 quod
201 2117 317 2153 jussione
328 2118 405 2154 hujus
414 2119 545 2149 sacellarii
556 2120 724 2160 nequissimi:
735 2122 747 2152 ]
759 2118 911 2157 Suscipien-

114 2168 154 2188 tes
164 2168 230 2196 ergo
240 2169 301 2187 cuni
311 2160 594 2194 ‹arnifices,exucrunt
603 2163 722 2191 exterius
733 2171 789 2196 εμε
800 2160 912 2198 pallium

113 2201 288 2242 sacerdotalis
298 2200 548 2233 llolx,scindentes
556 2203 608 2230 alas
621 2202 792 2240 tunicae,qu:e
804 2210 860 2229 erat
869 2200 911 2228 in-

114 2248 199 2271 «τως
209 2262 217 2273 ‚
229 2251 243 2268 a
252 2241 360 2270 summo
369 2242 452 2280 usque
460 2242 588 2271 deorsum
599 2263 607 2270 .
618 2245 632 2274 ]
647 2241 764 2280 Insuper
774 2251 912 2280 praeepe—

112 2291 153 2312 rat
172 2281 332 2311 sacellarius
341 2303 349 2315 ,
371 2294 400 2312 ut
420 2283 554 2312 anferatur
571 2283 692 2322 corrigia
706 2282 912 2321 compagiorum

112 2327 170 2366 ejus
181 2333 188 2352 5
201 2323 339 2362 Compagi
350 2324 425 2353 enim
437 2334 512 2352 erant
521 2324 669 2354 Pontificis
677 2322 762 2352 solius
773 2323 889 2362 inlignia
900 2344 909 2356 ,

112 2375 143 2394 ut
152 2363 226 2393 idem
237 2363 390 2395 Anastasius
400 2365 491 2405 inquit
513 2370 526 2402 [
536 2364 677 2396 accedens
687 2363 834 2395 Mauritius
844 2364 921 2441 sub-l

913 1701 921 2173 *Ψ-

1262 32 1296 74 Ρ
1325 32 1372 74 R
1630 43 1710 85 557

967 89 1099 121 diaconus
1108 87 1230 120 orarium
1239 89 1339 126 deejus
1350 87 1424 119 collo
1433 87 1543 119 abstulit
1553 112 1562 123 ‚
1573 93 1603 121 ὃς
1613 99 1677 120 ante

970 134 1026 168 ejus
1036 131 1163 176 proiecit,
1173 133 1201 158 δε
1211 130 1370 175 compagioa
1379 131 1459 166 ejus]
1471 133 1500 158 δι
1507 130 1572 168 alibi
1581 142 1595 159 a
1605 130 1767 162 Theodoro,

960 172 1044 203 ‚idem
1054 172 1146 210 inq'uit
1156 181 1272 215 receptis
1282 170 1405 209 reliquiis
1415 168 1533 206 ejusdem
1545 171 1570 200 S.
1581 172 1702 204 Martini,
1714 176 1727 206 [
1737 173 1768 198 δι’.

968 223 1026 242 uno
1035 214 1070 242 de
1082 213 1233 251 compagiis
1244 211 1393 247 ejus,idest,
1403 211 1510 250 caligis,
1524 221 1592 249 quos
1602 211 1692 240 nullus
1701 210 1770 238 alius

970 251 1316 287 nifiRomanusPontisex
1326 253 1442 290 portat]
1460 261 1489 279 ut
1499 250 1651 289 scriplimus
1661 250 1690 278 in
1699 251 1768 278 diet.

972 298 1111 334 Compagb,
1119 293 1164 323 ubi
1175 294 1258 323 etiam
1267 293 1409 332 quomodo
1419 292 1568 331 corrigiam
1579 291 1608 320 in
1617 289 1770 330 compagiis

970 345 1106 364 annexam
1116 333 1191 363 fiiiss'e
1199 333 1368 363 ostendimus
1378 354 1385 361 .
1397 335 1470 363 Item
1481 333 1511 361 in
1524 333 1630 372 lignum
1639 331 1770 370 degrada—

970 376 1056 405 tionis
1063 377 1138 407 idem
1149 375 1306 404 sacellarius
1316 384 1496 413 prxoeperac,
1505 384 1535 402 ut
1544 383 1641 402 omnes
1649 372 1769 401 circuiu-

969 417 1068 446 stantes
1076 416 1201 446 Sanstum
1210 415 1377 444 Pontificem
1399 413 1662 444 anathematizarent
1672 435 1680 446 ,
1698 420 1729 441 ut
1739 412 1770 440 in

968 458 1061 486 eadem
1074 458 1231 486 narratione
1241 466 1322 495 penes
1333 454 1710 488 Batonium,Sirmondiim,&
1720 453 1756 481 Su

967 498 1039 526 rium
1049 497 1424 534 habetur‚idest,execrarent.
1436 495 1524 525 Unde
1537 506 1595 524 non
1605 493 1680 523 fuine
1689 494 1769 522 inve-

968 539 1081 567 rilimile
1091 539 1210 571 videtur,
1223 538 1296 577 quod
1305 548 1354 576 per
1364 536 1418 566 hoe
1429 537 1590 565 vocabulum
1601 535 1771 573 Psachmum

967 589 1070 608 corona
1079 578 1252 607 sacerdotalis
1260 578 1506 616 intelligatur,qu:e
1517 577 1546 605 in
1556 576 1663 615 (ignum
1672 575 1770 613 degra-

966 619 1090 648 dationis
1102 620 1191 647 abradi
1203 619 1273 648 solet
1285 639 1292 646 .
1315 619 1436 646 Iiiducor
1453 629 1486 646 ex
1496 617 1602 655 duplici
1613 616 1704 655 capite
1715 614 1770 643 hoc

967 658 1094 697 asserere,
1109 670 1166 688 tum
1177 662 1240 698 quia
1251 659 1286 687 ibi
1297 659 1400 687 dicitur
1410 680 1418 691 ,
1440 659 1514 698 quod
1523 656 1641 686 Tonsori
1653 656 1770 686 Sacella-

968 710 1024 729 rius
1043 700 1166 729 incidere
1183 699 1520 738 piaclimoffzpraeceperat
1531 709 1538 728 ς
1563 696 1683 726 tonsoris
1693 696 1770 725 enim

967 741 1093 770 officium
1105 751 1163 770 non
1175 741 1214 769 est
1223 740 1348 769 scindere
1369 740 1528 768 indumenta
1539 760 1546 771 ‚
1564 737 1611 767 sed
1620 737 1747 767 abradere
1756 748 1767 768 ς

969 792 1026 810 tum
1035 783 1115 811 etiam
1126 782 1190 820 quia
1200 792 1214 809 a
1225 781 1331 811 Graecis
1350 778 1441 818 ’ψόγος
1459 779 1561 808 dicitur
1570 779 1711 811 calvaster,
1720 779 1771 816 Ju-

968 823 1029 851 nius
1040 823 1071 851 in
1079 823 1203 853 Lexicon
1214 833 1221 852 5
1233 823 1308 851 &ita
1319 821 1447 850 existimo
1458 843 1466 854 ‚
1485 819 1560 858 quod
1570 817 1725 848 Psachmon
1734 818 1770 847 fi-

967 863 1081 902 gnificet
1092 863 1250 896 calvarium,
1261 863 1316 891 five
1326 862 1469 890 calvariam
1481 869 1585 898 partein
1593 859 1690 898 capitis
1701 881 1710 892 ‚
1720 858 1767 887 ubi

968 903 1099 932 formatur
1110 904 1245 932 clericalis
1256 903 1369 932 tonsura
1381 924 1388 935 ‚
1408 912 1467 940 qux
1477 910 1582 929 corona
1591 900 1694 929 dicitur
1702 921 1710 933 ,
1721 899 1769 928 de·

966 943 1075 983 sumpto
1085 945 1166 973 etiam
1179 944 1295 972 nomine
1307 954 1320 971 a
1335 945 1434 980 capitis
1453 943 1515 970 loco
1525 964 1532 975 ‚
1552 940 1600 979 qui
1619 942 1693 970 locus
1701 950 1770 979 quo-

965 995 1018 1023 que
1027 996 1128 1014 corona
1136 985 1274 1013 dicebatur
1283 1005 1290 1012 .
1302 984 1389 1013 Unde
1398 984 1417 1012 fi
1429 993 1477 1022 per
1486 981 1644 1018 hujusmodi
1655 982 1771 1010 vocabu-

965 1027 1021 1054 lum
1041 1025 1193 1054 Psachmon
1202 1035 1264 1053 cum
1282 1024 1401 1053 Baronio
1418 1023 1497 1062 supra
1514 1033 1576 1061 pera
1595 1022 1769 1061 intelligere-

965 1076 1026 1099 tur,
1038 1066 1132 1094 srusti·a
1142 1066 1275 1104 liquidem
1287 1065 1438 1094 Anastasius
1459 1074 1534 1092 tanta
1553 1063 1770 1102 exaggeratione

965 1108 995 1134 in
1006 1105 1077 1135 hunc
1088 1107 1224 1136 Sacellarii
1236 1106 1411 1135 temerarium
1419 1106 1506 1133 ac'ium
1516 1103 1695 1133 inveheretur
1706 1126 1714 1137 ,
1723 1104 1770 1140 in-

964 1147 1061 1186 qiiiens
1073 1159 1079 1175 :
1101 1153 1113 1182 [
1126 1147 1243 1176 Auferre
1262 1145 1410 1186 psachmon
1429 1145 1533 1175 Summi
1546 1167 1554 1178 ,
1575 1148 1603 1173 δι
1623 1143 1771 1173 Catholici

965 1188 1159 1217 Christianori‘i
1169 1189 1300 1226 praecipiii
1311 1187 1425 1215 Pastoris
1434 1188 1563 1224 &ol-qua
1573 1186 1769 1223 exaggeratio-

966 1239 1000 1257 ne
1012 1229 1040 1257 in
1051 1229 1210 1267 privatione
1221 1229 1298 1266 pallii
1310 1249 1318 1261 ,
1331 1228 1463 1266 stolaeque
1473 1249 1480 1259 ,
1490 1238 1519 1256 ac
1528 1227 1629 1255 tunice
1642 1236 1699 1254 non
1709 1224 1770 1254 usus

965 1270 1012 1298 est.
1026 1271 1228 1308 Argumentum
1241 1269 1326 1308 igitur
1335 1267 1383 1301 est,
1395 1268 1469 1307 quod
1482 1268 1769 1300 verticem,c0r0mm,

966 1313 993 1338 3<
1008 1310 1154 1338 calvarium
1167 1310 1280 1339 visibilis
1299 1308 1422 1338 Ecclesiae
1434 1309 1544 1346 Capitis
1553 1309 1675 1337 recidere
1695 1306 1724 1335 in
1736 1307 1770 1336 si—

963 1360 1049 1389 gnum
1057 1351 1239 1379 execrationis
1248 1349 1364 1386 juffissct
1374 1349 1533 1378 Sacellarius
1545 1349 1593 1377 ille
1606 1358 1731 1388 nequatm
1741 1353 1769 1377 S:

964 1391 1039 1430 quod
1049 1391 1097 1420 ille
1107 1392 1180 1420 ac'cus
1189 1390 1281 1419 suisset
1300 1390 1502 1429 degradationis
1521 1390 1772 1422 demonstrativus,

964 1443 1023 1462 non
1032 1430 1122 1461 solum
1135 1444 1168 1461 ex
1179 1430 1324 1471 pinemiffis
1334 1431 1462 1468 probatur
1474 1452 1482 1462 ,
1499 1429 1546 1458 sed
1556 1434 1584 1459 δ(
1593 1441 1626 1459 cx
1649 1430 1715 1458 inde
1728 1428 1770 1458 se-

965 1473 1066 1511 quutis;
1078 1484 1138 1501 nam
1151 1473 1241 1511 postea
1251 1471 1363 1500 brachio
1370 1470 1492 1499 saeculari
1504 1471 1538 1498 ad
1557 1470 1702 1499 interitum
1711 1480 1770 1498 car-

966 1515 1007 1542 nis
1016 1514 1190 1553 consignatus
1209 1513 1294 1541 fuerat
1312 1523 1326 1540 a
1335 1512 1480 1540 Sacellario
1491 1512 1601 1540 Sanetus
1613 1510 1745 1540 Pontifex
1758 1522 1768 1542 5

967 1554 1058 1592 inquit
1070 1556 1145 1583 enim
1159 1554 1310 1583 Anastasius
1319 1566 1326 1580 .·
1351 1558 1362 1586 [
1376 1551 1474 1580 Statim
1487 1552 1604 1580 tradidit
1614 1551 1771 1581 sacellarius

967 1595 1098 1623 Praefecto
1108 1595 1308 1629 Urbis,dicens‚
1319 1593 1400 1621 Tolle
1409 1603 1470 1620 euni
1480 1592 1606 1620 Domine
1618 1591 1750 1621 Prefeste
1761 1613 1771 1626 ,

966 1639 994 1664 ὅ(
1005 1636 1140 1664 continuo
1153 1634 1322 1664 membratim
1333 1633 1426 1661 incide
1437 1633 1514 1661 illum
1525 1653 1532 1660 .
1550 1636 1562 1664 ]
1579 1632 1772 1662 Confirmatut

966 1677 1088 1709 ulterius,
1099 1677 1161 1715 quia
1170 1674 1300 1712 ψεκὲδὶνς
1309 1674 1447 1711 appellant
1458 1674 1550 1702 Graeci
1564 1674 1696 1705 Ancillas,
1707 1682 1771 1711 quze

965 1717 1144 1746 delicatarum
1155 1719 1346 1746 Matronaruin
1357 1715 1470 1752 capillos
1483 1715 1619 1743 medicato
1631 1713 1691 1742 suco
1700 1723 1770 1742 con-

965 1756 1127 1796 spergebant
1138 1781 1144 1790 ‚
1164 1758 1252 1786 Henr.
1265 1755 1358 1793 steph.
1370 1755 1400 1782 in
1410 1753 1536 1783 Tliesaur.
1558 1755 1660 1793 linguae
1670 1763 1768 1794 graecz·

965 1797 996 1826 in
1007 1798 1073 1827 dic‘t.
1083 1797 1185 1835 ψεκῖἱς,
1197 1807 1263 1825 tom.
1275 1808 1302 1831 4.
1312 1805 1373 1834 pag.
1385 1806 1450 1827 701.
1466 1799 1556 1834 Atque
1568 1793 1686 1832 ψῐιγμα,
1695 1805 1769 1834 gixt-

967 1849 997 1866 ce
1006 1839 1142 1878 fignificat
1153 1839 1181 1867 id
1191 1837 1265 1877 quod
1284 1836 1403 1864 radendo
1417 1835 1568 1864 detractum
1579 1837 1617 1864 est
1627 1857 1634 1868 ‚
1655 1835 1768 1874 Scapula

965 1878 996 1907 in
1012 1880 1142 1910 lexicon5
1153 1881 1228 1908 unde
1239 1873 1357 1913 ψαίκμον
1371 1897 1381 1913 ,
1398 1876 1464 1904 idest
1476 1898 1483 1909 ,
1503 1877 1608 1910 rasin-a,
1628 1877 1685 1905 five
1704 1882 1771 1904 ton-⁴

966 1919 1026 1948 sura
1035 1931 1069 1948 ex
1090 1921 1173 1948 vei-bo
1183 1916 1268 1956 4in
1279 1938 1286 1949 ,
1297 1917 1371 1954 quod
1383 1916 1448 1944 rado
1460 1917 1593 1955 fignificat
1602 1938 1609 1945 .
1622 1917 1701 1946 Idem
1709 1917 1771 1946 Sca-

967 1962 1028 1998 pula
1040 1982 1046 1988 .
1068 1961 1163 1989 Solent
1175 1961 1250 1988 enim
1261 1956 1339 1985 latini
1349 1957 1470 1984 litteram
1479 1968 1596 1996 grecam
1611 1959 1639 1986 H
1650 1959 1679 1986 in
1693 1961 1718 1987 A
1728 1958 1769 1986 la-

966 2002 1056 2029 tinum
1066 2010 1186 2033 vertere,
1197 2010 1226 2028 iit
1236 1996 1428 2037 γραμματικὴ,
1438 1999 1621 2027 Gramuuiica
1632 2019 1640 2026 .
1652 1997 1769 2027 Gretsc-

966 2040 1027 2069 serii
1038 2044 1131 2069 Grani.
1144 2051 1199 2078 cap.
1213 2047 1259 2078 36.
1271 2038 1300 2065 in
1310 2036 1365 2065 fine
1375 2057 1381 2064 .
1402 2041 1436 2065 Et
1446 2039 1578 2076 yGraecis
1597 2039 1708 2078 quando
1724 2038 1768 2067 se-

967 2082 1059 2120 quitur
1079 2082 1183 2120 liquida
1193 2082 1320 2113 littera-„u
1332 2087 1446 2116 propter
1465 2079 1647 2118 antipathiam
1669 2089 1730 2108 cum
1741 2092 1768 2116 μ.

968 2122 1041 2150 verti
1051 2121 1122 2150 solet
1135 2123 1163 2150 in
1174 2134 1190 2152 κ
1201 2133 1207 2148 :
1218 2121 1290 2149 unde
1302 2119 1453 2155 Psachmon
1463 2141 1472 2153 ,
1499 2121 1564 2149 loco
1574 2121 1706 2157 Psagmon
1723 2121 1767 2149 di-

966 2173 1041 2191 cunt.
1053 2164 1194 2192 Caeterum
1206 2172 1266 2190 cum
1283 2160 1404 2187 Baromo
1413 2170 1557 2194 concurro,
1567 2161 1643 2199 quod
1652 2160 1705 2189 hoc
1717 2171 1768 2189 vo-

966 2204 1087 2232 cabulum
1100 2215 1157 2231 non
1169 2202 1304 2241 significet
1324 2198 1420 2227 stolam
1431 2222 1438 2234 ,
1458 2201 1514 2231 five
1530 2202 1663 2240 pallium,
1679 2211 1712 2229 eit
1731 2211 1767 2229 eo

965 2245 1029 2282 quia
1038 2244 1197 2282 singulatim
1207 2253 1282 2272 extat
1291 2237 1334 2266 his
1343 2241 1468 2271 omnibus
1486 2241 1669 2281 despoliatum
1687 2240 1769 2270 fuisse

966 2285 1058 2323 postea
1067 2295 1080 2312 a
1089 2284 1259 2312 carnificibus
1271 2285 1353 2312 Pont·
1362 2289 1393 2310 ut
1411 2281 1490 2323 supra
1499 2284 1580 2311 attuli
1591 2293 1625 2311 ex
1635 2281 1768 2320 praedic'ha

964 2334 1126 2354 narratione
1137 2345 1145 2352 .

924 2367 1097 2395 Psiiiirimii
1109 2387 1116 2398 ,
1138 2365 1168 2394 in
1179 2364 1236 2394 ritu
1247 2364 1428 2395 Ambrosiam
1439 2364 1473 2393 fic
1492 2363 1596 2394 dicitur
1605 2361 1770 2401 Antiphona

1658 2404 1707 2432 illa
1716 2425 1725 2437 ‚
