1866 2526
497 51 591 96 Sp
1312 55 1411 100 ST
1671 65 1753 115 629

155 111 269 144 videant
280 120 330 151 pro
340 109 418 141 Patre
428 134 436 146 ,
455 116 483 143 ὅ(
495 110 568 142 Filio
580 109 737 149 frequenter
753 110 892 151 intelligi,
916 109 945 140 in
1002 108 1059 141 five
1075 107 1226 151 sportulam
1234 112 1267 142 :id
1276 113 1389 153 figuram
1397 114 1514 155 sepulcri
1525 137 1532 146 .
1555 117 1628 148 vide
1644 121 1783 159 Seraphim
1796 127 1805 147 .-

151 156 208 194 qiio
218 153 290 184 nihil
297 151 415 191 scrupuli
426 153 465 183 est
476 165 483 185 ι
502 153 558 182 sive
571 151 647 180 enim
657 154 739 182 Pater·
748 174 757 186 ,
777 152 832 181 sive
844 153 926 182 Filius
937 174 944 185 ‚
1003 152 1047 181 De
1055 150 1184 190 sportulis
1194 174 1202 181 .
1215 154 1287 182 Vide
1296 159 1396 184 strena
1405 175 1413 183 .

150 195 266 234 Spiritus
274 192 384 223 sanstus
394 193 433 222 est
444 215 452 227 ‚
475 194 521 222 lib.
533 205 558 222 2.
569 192 603 220 de
614 193 716 222 Trinit.
727 195 740 224 ]
763 196 797 222 Et
808 192 845 220 ita
864 192 946 221 etiam
962 192 1116 222 SPORTULA
1128 212 1136 221 .
1146 193 1220 222 Vide
1230 199 1330 223 strena
1340 215 1348 223 .
1582 236 1587 240 .

151 236 318 265 intellexere
327 236 443 264 Veteres
452 232 619 263 Christianae
629 232 793 272 Theologiae
813 232 947 262 Profell'o-
962 233 1197 262 spouruuNn-:s
1210 255 1218 267 ,
1231 234 1392 264 dicebantur
1400 234 1526 269 Clerici,
1541 246 1660 275 quinon
1671 238 1805 269 vivebant

151 286 193 305 res
205 276 252 304 illa
274 275 354 304 verba
364 274 570 304 Annuntiaiitis
590 275 696 313 Angeli
709 274 742 303 :id
752 272 867 302 Marim
876 273 945 302 Vir·
1002 273 1033 302 in
1041 273 1251 303 communitate
1263 285 1323 303 cum
1332 276 1394 304 aliis
1403 297 1411 308 ,
1428 274 1476 305 sed
1486 276 1650 316 stipendium
1669 277 1802 309 servitio-

149 317 244 355 ginem
264 316 371 353 prolata
382 336 390 348 ‚
411 324 525 353 nempe:
547 314 684 352 [Spiritus
692 314 801 344 Sanetus
819 313 946 353 superve-
1002 323 1062 343 rum
1070 324 1148 352 ‚quae
1161 315 1286 344 Eccleiiae
1298 316 1461 354 praestabant
1470 338 1478 350 ‚
1499 317 1532 346 ab
1541 317 1679 361 Episcopo
1689 320 1802 357 recipie-

149 356 209 385 niet
221 356 249 385 in
261 366 288 385 te
297 360 349 386 διε.
359 355 394 384 de
403 354 518 384 secunda
529 354 604 383 enim
613 353 727 393 persona
738 354 835 383 divina
847 356 943 393 loquu-
1000 354 1064 383 bant
1074 373 1082 382 .
1101 360 1113 389 [
1126 356 1186 384 Nec
1195 355 1328 384 molestiis
1339 378 1347 388 .
1367 366 1411 385 aut
1422 358 1544 396 negotiis
1554 357 1723 388 saecularibus
1743 361 1804 388 alli-

149 406 208 426 rum
221 396 294 425 fuisse
313 395 470 426 Gabrielem
479 395 627 424 dixerunt.
648 396 703 424 FR.
717 395 798 424 verba
817 395 897 423 allata
917 398 943 426 S.
997 393 1155 432 gantunsed
1166 395 1195 423 in
1206 395 1315 424 honore
1324 395 1536 434 sportulantium
1547 397 1805 438 fratrum,tanqu2m

147 437 288 476 Cypriani
307 435 441 464 habentur
447 436 532 464 etiarn
552 435 582 463 iri
593 437 650 472 ejus
672 435 744 463 libro
753 434 787 462 de
798 435 941 465 Idololatr.
998 435 1114 478 decimas
1123 445 1156 463 ex
1169 435 1296 465 fratribus
1305 436 1472 481 accipientes
1485 459 1492 470 ,
1505 439 1536 467 ab
1545 439 1665 471 altam&
1676 450 1690 468 a
1699 438 1802 471 sacrifi-

148 479 235 506 vanit.
259 478 331 506 Vide
341 476 444 505 Latinii
461 475 656 505 correctiones
674 475 705 504 in
722 475 760 503 D.
771 476 886 513 August.
906 477 940 506 de
999 475 1048 502 ciis
1059 485 1116 504 non
1124 476 1273 504 recedant.
1284 477 1418 514 Cyprian.
1429 479 1507 516 epist·
1520 485 1568 507 6⁶-

144 518 248 547 Trinit.
259 528 283 546 c.
298 528 322 553 5.
333 516 447 555 Spiritus
456 517 565 546 Sanfius
575 537 584 548 ,
594 515 663 544 idest
673 537 682 549 ,
692 515 774 544 tertia
785 514 898 553 persona
910 517 940 545 in
957 513 1124 545 Spuonsrzs
1137 537 1145 549 ,
1153 514 1311 560 σπεδὶιςιὶς,
1326 517 1416 546 fautor
1426 541 1433 553 ‚
1454 518 1592 548 faditosus
1602 540 1610 553 ,
1624 520 1724 549 amicus
1735 543 1742 550 .
1763 521 1803 550 D.

145 558 250 587 divinis
275 564 287 594 [
298 560 325 586 A
335 558 416 586 Patre
427 579 436 590 ‚
455 561 482 586 δι
494 557 566 585 Filio
577 566 636 584 non
657 565 785 594 tanquam
793 565 827 584 cx
838 556 939 586 duobus
998 556 1187 591 Hieronymus
1195 557 1230 586 de
1239 556 1370 601 Scriptor.
1389 558 1538 588 Ecclesiast.

146 598 291 637 principiis
302 619 310 630 ‚
328 597 373 626 sed
385 607 510 635 tanquam
518 607 552 625 ex
561 606 617 624 uno
626 595 783 635 principio5
807 607 865 624 non
873 597 938 626 dua·
955 595 1124 625 &vitenti-a
1135 617 1142 625 .
1155 598 1212 626 FR-
1222 596 1355 635 spurcitia
1367 620 1374 631 ,
1390 598 1469 628 soedit
1477 609 1503 627 as
1514 619 1522 626 .
1535 600 1616 643 [0¹5
1627 602 1800 640 Paganorum

147 640 194 668 bus
203 637 396 677 spirationibus
406 658 414 670 ,
424 636 471 666 sed
481 637 559 665 unica
573 636 724 674 spiratione
734 637 863 675 procedit
874 658 881 665 .
894 639 937 666 De
992 636 1106 674 decepta
1117 637 1258 675 gentilitas
1270 637 1304 666 ad
1315 637 1460 668 sedandam
1470 640 1569 668 furoris
1579 639 1716 670 vesaniam
1725 641 1802 670 fana-

147 678 250 708 sumnm
259 677 364 709 'ri-init.
377 677 405 705 in
426 684 453 706 6.
463 686 520 715 cap.
530 677 612 705 unico
621 697 628 704 .
639 679 652 708 ]
671 677 802 715 Spiritum
812 678 936 707 &mistum
994 676 1056 705 ticae
1070 677 1240 706 lustrationis
1248 676 1380 716 spurcalia
1391 679 1564 709 thurificabat
1573 700 1581 708 .
1592 681 1800 719 Aldelmus,lib.

144 731 247 759 negans
258 741 265 752 ,
273 718 319 747 seu
329 718 435 755 aliquid
446 716 604 746 haereticale
615 717 645 745 in
654 728 714 747 euin
725 717 837 747 afferens
846 738 854 746 .
864 719 936 748 Vide
996 716 1030 745 de
1041 718 1121 756 Virg.
1131 728 1189 762 cap.
1206 729 1249 747 ii..

143 758 412 789 Pneumatomacbus
422 778 429 785 .
449 757 617 786 simoniacus
635 769 694 787 non
711 759 803 798 potuit
813 769 935 798 pronun·
953 756 1076 786 SPmtius
1087 779 1095 786 ·
1110 758 1181 787 Vide
1190 764 1331 788 Manzer.

140 800 212 828 ciare
223 808 322 827 nomen
333 797 446 835 Spiritus
460 799 560 832 Sanffl,
573 799 635 828 ideo
647 803 702 834 ejus
713 809 850 838 peccatum
859 800 934 829 dete·
953 797 1152 842 Si’urucutuifi
1163 820 1172 832 ‚
1193 797 1301 843 sputum
1311 821 1317 828 .
1333 806 1344 835 [
1358 804 1396 830 At
1405 812 1458 841 ego
1465 800 1637 845 sputaculum
1647 805 1798 836 maximum

140 839 212 868 stum
224 839 275 867 suit
286 859 293 866 .
317 838 391 867 Vide
400 839 496 867 Gloria
515 843 612 867 Patri.
635 839 751 877 Spiritui
771 841 870 870 Sancto
887 851 934 869 cur
992 839 1022 866 in
1031 849 1061 867 os
1071 843 1127 876 ejus
1139 849 1313 878 ingeminans
1324 862 1331 873 ‚
1351 851 1440 870 totuin
1451 852 1494 870 me
1506 853 1536 871 in
1553 843 1732 875 euuiChri'sti
1742 858 1796 876 uo-

140 881 214 909 nulla
221 880 312 908 oratio
321 879 350 907 ab
362 879 475 908 Ecclesia
483 879 617 918 dirigatur
626 900 633 908 .
644 881 716 909 Vide
728 881 846 910 Colleft'a
856 901 863 908 .
875 884 932 920 Ap·
992 879 1069 908 mine
1081 889 1213 924 amatum
1227 879 1322 919 ingeffi
1335 902 1341 908 .
1353 884 1388 911 In
1398 883 1460 911 >vita
1471 883 1496 911 S-
1508 884 1629 914 Antonii
1638 905 1646 912 .

139 921 256 958 pellatur
274 918 436 948 Antecessor
446 940 453 946 .
483 919 556 948 Vide
574 921 746 957 Anteceffbr.
779 923 932 961 Congener
952 918 1127 953 SQUAMOSUS
1138 941 1145 947 -
1157 921 1230 949 Vide
1240 922 1399 951 Phobdotus
1410 943 1418 951 .

140 960 266 990 Christi.
279 960 352 988 Vide
363 964 500 996 Congener
510 961 613 996 christi
624 982 631 988 .
643 961 760 1001 Reliqua
774 963 864 991 .Vide
875 968 918 991 Pa
950 959 1044 994 Saum
1052 971 1084 988 us
1098 982 1106 994 ‚
1128 959 1208 998 piscis
1219 960 1321 1000 species
1333 984 1341 996 ‚
1351 963 1444 993 italice
1447 965 1571 1004 [quadro
1581 965 1684 996 dicitur
1692 989 1700 1001 ,
1720 971 1795 1004 cuius

139 1001 258 1029 raclirus
270 1021 277 1027 .
991 999 1082 1039 aspera
1095 1002 1168 1040 pelle
1185 1011 1302 1030 utuntur
1314 1002 1381 1032 fabri
1399 1004 1513 1043 lignarii
1526 1005 1559 1034 ad
1569 1007 1730 1044 puliendum
1747 1019 1796 1037 eo-

98 1041 223 1070 §nom-1
236 1041 383 1070 Ducarus
394 1062 400 1069 .
414 1041 487 1071 Vide
499 1044 706 1082 Amulphorum
718 1053 793 1073 terra
801 1064 808 1072 .
991 1051 1050 1069 rum
1061 1051 1128 1080 opus
1140 1053 1148 1073 5
1160 1042 1222 1070 idco
1233 1052 1247 1070 τι
1255 1044 1361 1086 Ὠτᾶκίς
1371 1045 1384 1082 ῥ
1393 1044 1426 1075 i'rii
1438 1065 1447 1081 ‚
1458 1046 1526 1074 idest
1536 1067 1545 1079 ,
1567 1048 1632 1075 lima
1645 1060 1652 1079 .·
1666 1059 1680 1076 a
1689 1050 1797 1078 Latinis

99 1082 300 1110 Snonaummi
320 1083 375 1111 FR.
386 1083 458 1111 locus
473 1104 480 1115 ‚
501 1083 544 1112 ubi
562 1084 682 1113 damnati
694 1085 726 1113 ad
743 1085 839 1114 bestias
846 1084 932 1113 vestes
991 1092 1082 1125 autem
1089 1084 1229 1121 squatina
1237 1082 1347 1112 dicitur.
1359 1085 1473 1129 [Praeses
1484 1096 1550 1114 vero
1557 1086 1632 1122 justit
1641 1087 1695 1117 sale
1705 1089 1794 1127 asper<

137 1132 231 1150 eorum
243 1122 450 1160 relinquebant:
471 1134 530 1152 non
540 1134 622 1158 vere,
640 1135 669 1153 ut
681 1126 832 1163 Calepinus
844 1126 873 1154 in
883 1125 932 1154 hac
989 1132 1061 1166 rl-mo
1071 1133 1131 1151 cum
1143 1122 1239 1161 squato
1248 1123 1358 1153 dorsum
1368 1127 1423 1160 ejus
1437 1130 1526 1155 tritara
1537 1147 1545 1154 .
1568 1128 1602 1156 In
1625 1129 1683 1158 vita
1692 1130 1796 1160 S-Aiia-

137 1162 259 1192 diistione
268 1163 356 1191 asseiit
370 1184 378 1195 ‚
391 1163 467 1192 fuisse
477 1186 484 1197 ,
496 1174 594 1203 nempe
603 1186 612 1198 ,
623 1167 712 1194 locum
723 1166 751 1193 in
762 1166 867 1200 balneo,
878 1177 932 1205 quo
990 1172 1062 1192 ΜΞ·
1141 1204 1144 1207 Δ

137 1203 219 1231 loturi
235 1203 320 1232 vestes
331 1205 462 1232 exuebant
474 1226 480 1232 .
504 1206 589 1234 Lotus
601 1206 677 1234 enim
699 1216 732 1234 ex
744 1206 830 1235 Plinii
849 1210 933 1237 Pane·
950 1203 1077 1237 SQ'ittA
1091 1225 1098 1232 ·
1109 1205 1181 1234 Vide
1190 1207 1277 1235 Scella
1289 1229 1296 1235 .

135 1243 235 1281 gyrico
247 1264 254 1275 ,
275 1243 303 1271 in
314 1243 401 1282 priori
419 1244 496 1273 sensu
514 1246 585 1274 clare
604 1246 806 1275 demonstratur
816 1269 824 1280 ‚
843 1247 886 1277 ubi
899 1248 932 1277 fic
949 1244 1085 1274 STAiziris
1096 1246 1239 1279 Cesum&
1250 1249 1363 1277 stabilis
1375 1251 1514 1279 Dua-..HQ
1525 1249 1572 1279 :iiii
1581 1260 1672 1279 autem
1682 1253 1794 1280 stabuli

134 1284 190 1312 ait:
211 1290 223 1319 [
236 1284 318 1312 Nunc
331 1286 464 1322 templum
484 1286 556 1314 illud
567 1308 575 1319 ‚
599 1297 671 1315 nunc
681 1297 747 1316 vere
757 1288 832 1316 Deus
843 1300 851 1319 ς
875 1298 930 1317 non
991 1290 1127 1314 Comitem
1140 1307 1148 1318 ,
1160 1285 1216 1315 sive
1224 1289 1334 1316 stabuli
1343 1294 1451 1318 Ducem
1460 1289 1581 1319 scribunt
1591 1311 1598 1319 .
1612 1292 1792 1326 [Desiderius

131 1322 293 1362 spoliarium
303 1323 656 1365 civium,creaturarurnque
666 1328 818 1366 praedarum
829 1327 862 1357 sae
868 1339 931 1357 vum
988 1328 1049 1355 Rex
1060 1327 1201 1356 Audi-eam
1211 1328 1439 1358 Rescrendnrium
1448 1330 1524 1359 suum
1536 1353 1544 1363 ,
1555 1335 1583 1361 δε
1594 1333 1722 1361 Stabilem
1732 1334 1792 1362 Du-

133 1364 332 1402 receptaculum
344 1367 373 1396 .]
396 1369 492 1404 Atque
503 1366 537 1394 de
557 1368 654 1396 eodem
672 1369 735 1396 loco
756 1368 789 1397 fic
802 1369 848 1408 loq
856 1370 929 1398 uitur
988 1376 1046 1394 cem
1056 1368 1208 1397 Oratorem
1219 1369 1307 1397 milit.
1320 1370 1442 1399 Blondus
1453 1393 1460 1404 ,
1471 1372 1563 1400 decad.
1576 1383 1602 1401 ι.
1613 1373 1661 1401 lib.
1676 1384 1698 1401 i.

130 1405 248 1433 Seneca:
272 1406 434 1443 [Nunquid
444 1407 562 1445 aliquem
573 1418 629 1436 tam
641 1408 721 1437 stulte
739 1409 869 1448 cupidum
880 1409 930 1438 elle
947 1407 1137 1436 STABULARM
1148 1430 1156 1441 ‚
1178 1409 1216 1437 ita
1226 1410 1360 1447 appellata
1371 1410 1423 1439 suit
1440 1413 1465 1441 S.
1477 1412 1587 1441 Helena
1606 1413 1702 1452 Magni
1713 1414 1791 1442 Con-

132 1454 208 1483 putes
219 1465 226 1476 ,
246 1453 275 1472 ut
287 1446 405 1482 jugulari
419 1446 447 1474 in
457 1446 588 1484 spoliario
599 1470 606 1480 ,
628 1459 708 1487 quam
718 1449 747 1478 in
759 1449 860 1478 hai-ena
873 1460 926 1478 mar
987 1448 1099 1476 ssantini
1110 1450 1200 1477 Mater
1211 1460 1224 1477 a
1235 1451 1391 1479 Gentilibus
1403 1473 1411 1483 ,
1435 1462 1468 1480 ex
1483 1462 1516 1479 eo
1527 1454 1588 1490 quia
1600 1463 1730 1492 inagnum
1743 1455 1792 1483 ob—

133 1485 188 1512 lit?
206 1485 236 1512 in
246 1485 362 1522 epistola
374 1488 445 1520 94.]
471 1488 513 1515 Ita
525 1497 634 1526 quoque
648 1499 758 1517 mortuo
768 1491 927 1519 Commodo
984 1487 1107 1526 sequium
1117 1500 1181 1528 erga
1200 1490 1357 1518 animalium
1368 1491 1495 1520 stabulum
1506 1513 1514 1525 ,
1535 1502 1565 1520 ln
1574 1503 1629 1531 quo
1644 1503 1722 1522 natus
1734 1494 1792 1523 fue-

133 1526 206 1562 Imp.
216 1525 390 1552 acclamatum
410 1524 484 1554 fuiss'c
493 1526 585 1556 scribit
596 1529 767 1567 Lampridius
779 1542 786 1558 ε
801 1537 819 1566 ’[
833 1531 927 1560 Hostis
985 1539 1024 1556 rat
1036 1528 1173 1563 Chi-istus,
1184 1531 1356 1568 praestaverat
1366 1552 1373 1559 .
1388 1534 1486 1567 [Bona
1498 1532 1646 1567 stabularia,
1659 1545 1722 1574 quae
1733 1545 1791 1564 tam

131 1564 228 1603 patria:
239 1585 248 1597 ‚
267 1565 402 1601 parricida
411 1587 420 1599 ,
440 1567 576 1605 gladiator
586 1568 615 1597 in
627 1569 757 1608 spoliario
767 1571 885 1600 lanietur
895 1574 925 1603 .]
980 1569 1134 1608 diligenter
1145 1569 1259 1608 prxl'epe
1270 1572 1386 1600 Domini
1399 1573 1542 1610 requisivit
1557 1594 1564 1600 .
1585 1575 1661 1602 Boua
1674 1575 1790 1604 stabula-

132 1609 167 1634 Et
176 1605 316 1633 dicebatur
333 1606 416 1634 etiam
425 1607 498 1635 locus
506 1609 755 1647 adjugulationcm
767 1631 774 1638 .
795 1617 808 1647 t
819 1613 926 1641 Exinde
978 1609 1022 1638 *ria
1034 1632 1040 1642 ,
1053 1620 1112 1648 quae
1126 1611 1297 1639 stabulai-ium
1306 1623 1364 1640 non
1380 1613 1522 1652 ignoravit
1532 1614 1621 1646 illum,
1631 1615 1678 1653 qui
1690 1616 1788 1644 vulne-

130 1647 184 1681 jam
203 1644 337 1674 exanimis
347 1646 529 1683 prosternitur
540 1659 600 1678 cum
618 1652 723 1679 caeteris
732 1651 765 1679 :id
783 1653 925 1691 iugulatio.
983 1660 1009 1678 ra
1019 1654 1126 1680 curavit
1138 1662 1151 1679 a
1161 1653 1281 1681 Latrone
1292 1653 1439 1682 vulnerati.
1450 1654 1616 1683 D.Ainbr0s.
1627 1665 1658 1684 in
1669 1666 1738 1685 orat.
1752 1657 1788 1686 de

131 1685 289 1714 nemsoli'to
303 1686 365 1714 loco
375 1707 382 1714 .
396 1689 430 1716 In
440 1687 501 1725 pani
511 1689 556 1718 SS.
569 1692 722 1729 Perpetuae‚
733 1695 760 1720 ὃ(
773 1693 926 1721 Felicitatis
981 1690 1089 1720 Theod-

129 1735 177 1763 per
187 1725 317 1754 Holsten.
329 1727 403 1755 edita
414 1748 421 1754 .
434 1729 445 1758 ]
466 1730 550 1757 Locus
560 1740 648 1759 autem
668 1733 833 1770 generaliter
844 1735 926 1762 intel-
943 1730 1102 1761 STABULUM
1113 1754 1120 1760 .
1131 1732 1205 1761 Vide
1215 1735 1388 1764 Catabulum
1399 1757 1406 1764 .
1418 1740 1556 1774 Equorum
1567 1735 1787 1768 stabulum-Vide

130 1766 222 1800 lestus,
232 1766 274 1795 ubi
287 1765 432 1805 despoliari
441 1767 522 1801 solet,
534 1772 758 1808 Despoltabulum
770 1773 908 1803 dicebatur
918 1795 925 1802 .
983 1777 1136 1810 Equart'rta
1147 1793 1154 1800 ·
1164 1777 1342 1803 Meri-'orium
1352 1796 1359 1803 ·
1371 1778 1480 1815 staplas
1492 1797 1500 1804 ·

91 1804 222 1835 Si‘osGlA
233 1807 354 1835 SANCTA
368 1827 374 1834 .
386 1808 458 1836 Vide
467 1814 574 1838 Pateria
583 1831 590 1838 .
942 1812 1038 1841 Sin-ici
1047 1824 1060 1841 ε
1077 1834 1085 1841 .
1098 1815 1155 1843 I-R.
1165 1812 1255 1847 ςακτιῖ
1269 1836 1276 1847 ,
1289 1816 1430 1855 pinguedo
1442 1818 1558 1847 recentis
1569 1818 1786 1855 myrrliae:[Por-

89 1844 201 1874 Sponsa
213 1867 219 1873 .
245 1845 318 1874 Vide
329 1849 455 1876 Druchte
466 1868 473 1876 .
495 1851 649 1879 Ponebatur
663 1852 705 1880 illi
716 1854 830 1882 anulus.
853 1855 926 1884 Vide
983 1862 1070 1882 tantes
1080 1864 1208 1888 ammam,
1218 1856 1383 1890 &1'01i112m‚
1393 1862 1421 1887 &
1432 1858 1530 1887 stafien
1546 1879 1552 1886 ·
1565 1857 1667 1888 Genes·
1681 1869 1727 1897 37·
1737 1860 1787 1889 Su-

129 1888 263 1915 Ammlus
274 1906 281 1913 .
301 1886 448 1916 Velabatur
457 1910 465 1917 .
487 1890 559 1919 Vide
579 1893 719 1921 mavei-tes
736 1893 777 1922 in·
786 1895 850 1923 diet,
861 1900 922 1924 Ma.
982 1895 1049 1922 mite
1059 1894 1093 1922 de
1104 1895 1218 1933 optimis
1229 1905 1307 1924 terrae
1320 1897 1446 1926 l‘ruftibus
1459 1900 1487 1926 in
1499 1899 1563 1927 valis
1574 1899 1670 1927 vestris
1679 1921 1687 1932 ,
1698 1903 1727 1929 δι
1737 1901 1787 1929 de-

126 1928 253 1963 phon'um
264 1947 271 1954 .
983 1934 1053 1962 ferte
1072 1936 1133 1963 viro
1144 1945 1254 1963 munera
1267 1958 1274 1968 ,
1285 1938 1424 1966 modicum
1435 1939 1540 1971 retine,
1551 1943 1578 1968 δε
1590 1940 1721 1973 mellis,&
1730 1940 1786 1969 sto-

88 1965 250 1995 SPONSALIA
263 1988 270 1999 ‚
289 1967 417 1997 dicuntur
428 1969 575 2000 suturarum
596 1973 751 2012 nuptiarum
764 1974 906 2013 promissio
915 1999 925 2015 ‚
982 1976 1048 2003 racis
1059 1996 1065 2007 ,
1078 1976 1168 2003 stactes
1179 1996 1187 2008 ‚
1199 1978 1388 2006 &terebinthi
1400 1979 1430 2006 in
1441 1978 1550 2008 sacculis
1559 1990 1708 2018 reportate.
1720 1981 1786 2010 ibid.

127 2006 154 2035 ff.
165 2008 199 2035 de
210 2006 327 2045 sponsal.
338 2012 364 2037 ὅ(
374 2031 382 2041 ,
396 2021 454 2039 can.
465 2012 597 2042 nostrates
606 2035 614 2046 ‚
633 2025 680 2052 30.
700 2015 792 2053 quaest.
815 2026 841 2051 5.
851 2016 924 2046 Vide
982 2025 1040 2053 cap.
1051 2027 1098 2050 42.
1110 2015 1247 2054 Dixitque
1258 2019 1398 2047 Dominus
1408 2020 1442 2048 :id
1453 2019 1658 2055 Moysenjsumc
1668 2022 1718 2050 tibi
1727 2032 1784 2051 aro.

127 2048 260 2076 Annulus
271 2068 277 2075 .
289 2049 424 2080 Subarrho
433 2071 442 2079 .
470 2071 477 2079 .
981 2056 1205 2090 niata,1iac⁰tcii‚&
1217 2058 1337 2093 onycha,
1349 2060 1491 2098 glabaiium
1501 2062 1566 2090 boni
1575 2061 1668 2090 odoris
1678 2082 1685 2089 .
1695 2063 1784 2092 Exod.

85 2088 219 2116 55⁸0N50R
230 2107 237 2114 .
251 2088 324 2117 Vide
334 2094 467 2120 Patrinus
477 2113 485 2120 .
981 2103 1039 2134 cap'.
1052 2107 1098 2134 30.
1111 2098 1185 2129 Dan,
1197 2100 1225 2125 &
1236 2100 1344 2127 Grecis
1355 2121 1362 2132 ‚
1383 2104 1409 2129 δ(
1420 2100 1507 2129 Mosei
1527 2103 1555 2130 in
1575 2103 1707 2131 nundinis
1729 2112 1784 2132 tuis

85 2128 294 2157 Sicos'rtttinit
305 2151 313 2161 ,
332 2129 431 2168 sponte
443 2152 450 2159 .
463 2138 474 2167 [
485 2135 571 2162 Pareo
583 2143 675 2163 tamen
686 2157 694 2168 ,
704 2135 787 2174 idque
799 2148 856 2166 non
866 2147 923 2166 mo-
981 2135 1186 2175 proposuerunt
1199 2136 1298 2167 ferrum
1314 2140 1485 2170 fabrefactum
1496 2164 1504 2175 ,
1517 2143 1598 2171 stac'te
1609 2165 1616 2175 ,
1630 2147 1658 2172 δι
1669 2144 1783 2172 calamus

123 2168 161 2196 do
173 2179 230 2196 non
241 2170 344 2198 coaetus
356 2171 472 2205 ‚Everum
482 2174 564 2202 etiam
573 2173 737 2213 spontaliter
750 2176 923 2208 facio.Sid0n.
981 2188 1011 2205 in
1021 2177 1211 2216 negotiatione
1222 2189 1265 2208 tua
1278 2201 1284 2207 .
1307 2181 1408 2209 Ezecli.
1421 2192 1480 2221 cap.
1494 2194 1538 2215 27·
1551 2185 1562 2215 ]
1583 2184 1688 2212 Pi¹n¹u⁵
1699 2184 1732 2212 de
1741 2195 1784 2212 ³¹·-

121 2209 168 2236 lib.
183 2213 206 2237 8.
218 2209 296 2247 epist.
305 2221 334 2246 9.
980 2218 1088 2246 boribus
1098 2217 1218 2253 niyrrhae
1230 2241 1240 2256 ,
1260 2220 1305 2249 lib.
1324 2231 1367 2250 ιι.
1379 2232 1435 2260 cap.
1452 2233 1495 2258 ¹5-
1506 2234 1586 2262 agens
1596 2245 1604 2256 ‚
1625 2224 1659 2252 lic
1670 2224 1780 2262 inquit:

80 2248 172 2278 Spoui
181 2259 269 2278 cocus
279 2271 288 2282 ‚
308 2249 429 2289 sportula
440 2272 448 2280 .
473 2259 486 2288 [
508 2255 553 2283 Ad
576 2255 671 2283 sarnam
691 2267 779 2286 coenae
796 2256 921 2298 scrapicae

117 2288 252 2327 sporteoli
264 2292 452 2321 excitabantur
465 2314 471 2321 .
485 2296 601 2324 Tei-tull.
613 2296 740 2325 adversus
752 2300 852 2331 Geiit.]
865 2301 919 2332 Qui

116 2329 150 2358 :id
158 2329 384 2368 superstitionem
404 2334 500 2363 alludit
510 2357 519 2368 ,
537 2346 588 2374 qua
602 2337 756 2375 Serapidem
775 2337 919 2370 fabulosum

115 2379 219 2400 numen
231 2371 398 2407 adorabatur,
409 2375 453 2403 cui
465 2374 613 2409 formabant
625 2377 765 2419 AEgyptii
775 2380 920 2416 calathum,

165 2413 356 2446 Hi'crolrxicm
366 2418 459 2446 Matri
468 2436 474 2445 .

348 2470 358 2485 Ι

983 2264 994 2293 [
1007 2259 1107 2287 Sudant
1120 2269 1208 2287 autem
1221 2260 1318 2299 sponte
1327 2272 1400 2300 prius
1411 2284 1422 2300 ,
1439 2273 1519 2302 quam
1538 2264 1694 2292 incidantur
1703 2285 1712 2296 ‚
1731 2264 1782 2294 sta-

981 2300 1052 2327 ἂειτι
1063 2299 1162 2328 dietam
1173 2321 1181 2332 ‚
1191 2302 1234 2328 cui
1246 2302 1319 2330 nulla
1330 2303 1475 2340 prael'ertur
1486 2324 1493 2331 .
1513 2305 1556 2333 Ab
1565 2304 1614 2332 hac
1625 2302 1714 2333 sativa
1726 2326 1734 2338 ,
1753 2309 1781 2336 ὅ(

980 2340 1011 2369 iii
1026 2338 1152 2374 sylvestri
1164 2350 1274 2379 quoque
1284 2343 1384 2371 melior
1395 2345 1488 2373 aestiva
1500 2365 1506 2372 .
1519 2346 1585 2373 Nou
1595 2345 1663 2373 dant
1671 2355 1703 2374 ex
1715 2346 1780 2374 niir-

979 2379 1026 2410 rlia
1037 2381 1182 2420 portiones
1190 2382 1254 2413 Deo
1264 2404 1273 2420 ,
1285 2385 1415 2423 quoniam
1424 2385 1494 2423 apud
1505 2385 1566 2414 illos
1575 2384 1696 2415 nascitur
1705 2406 1712 2413 .
1723 2389 1781 2416 Re-

1424 2427 1485 2454 Rr
1527 2436 1541 2465 3
1707 2427 1739 2466 gi
