1866 2526
476 22 584 66 ΡΑ

121 81 350 122 collectionesque
357 91 420 111 cum
430 82 514 111 melle
525 102 533 114 ‚
549 85 578 111 8(
587 89 639 109 uva
650 79 717 119 pass‘a
727 101 734 109 .
752 81 842 110 Panos
853 90 921 110 vero

125 135 159 154 ex
169 135 246 155 aceto
254 123 352 152 tritum
362 143 370 150 .
388 121 460 151 Ibid.
468 132 527 161 cap.
538 133 585 151 ιο.
597 122 608 152 ]
620 124 648 150 δε
658 142 666 153 ‚
687 122 733 150 lib.
746 132 793 151 21.
803 132 861 161 cap.
874 133 919 151 20.

126 176 209 206 agens
224 166 260 195 de
270 162 470 231 nardo-galli&
480 185 488 196 ,
508 162 855 234 inqu]it1:te[n?trpirgia²l;.eg;
873 162 920 232 vgl

123 203 575 284 '1¹³3ng‚hizssncgeussanclimffigsxzit
585 256 591 272 :
605 250 618 279 [
629 225 757 273 Exti-altit
767 213 919 273 intinger-

123 286 185 327 pori
196 297 257 316 cum
267 287 350 316 melle
359 286 471 315 strumas
481 307 488 318 ,
503 285 641 324 parotidas
653 306 661 318 ,
671 295 756 323 panos
766 283 1135 314 recedenti-Pauioioou
1145 306 1154 318 ‚
1164 287 1258 316 Ham

121 330 167 358 bus
176 328 207 357 ab
216 327 315 358 ombus
326 348 334 360 ,
355 329 430 358 &c.]
454 327 482 355 Si
490 337 524 355 ex
542 325 640 355 ollibus
650 347 659 359 ‚
679 325 754 354 ulcus
763 324 920 369 gummosus

123 379 191 408 ergo
199 370 238 398 est
248 375 342 400 Partus
356 389 364 402 ,
382 372 410 397 δε
420 378 477 396 non
485 377 579 396 tumor
598 388 606 400 ‚
619 377 652 395 ex
663 377 718 405 quo
738 365 870 395 formatur
878 367 921 394 di-

123 410 294 441 minutivum
313 419 417 439 nomen
425 409 596 442 panuculus,
605 411 634 437 δε
644 405 774 436 mendose
784 411 906 436 Panmm
913 425 920 429 -

122 451 201 480 culus
211 472 218 479 .
800 487 805 492 ι

80 491 94 508 ³¹
117 490 286 531 Παννυχίὲὶς
294 512 302 519 .
312 490 465 530 Pervigilia
475 493 503 519 δ(
512 488 732 528 pernoctationes
742 508 751 520 ,
760 488 855 532 quibus
864 498 921 516 ατ,-

119 540 162 561 tus
174 533 203 561 in
223 532 339 562 Ecclesia
347 542 397 571 per
408 532 554 560 maximam
565 530 764 598 nostisspartem
780 528 921 557 detineba-

120 582 165 602 tur
175 574 350 614 chrysostom.
361 572 437 601 hom.
447 584 474 608 4.
484 572 519 600 de
530 570 621 602 verbis
632 571 646 598 Ι
661 571 709 599 aiae
721 589 729 596 .
755 610 760 614 .

81 614 267 645 ΡΑΝοιιΜυΜς
284 624 318 643 ex
329 623 420 653 graeco
431 609 570 649 Πάνσρμον
581 633 590 645 ,
614 610 683 640 idest
694 631 700 642 ‚
714 608 921 655 universale—re-

119 655 290 693 ceptaculum
300 675 308 682 .
327 654 372 683 Ibi
384 651 458 682 fuisse
479 653 652 680 Barbicanam
662 651 804 680 Ecclesiam
814 671 822 679 .
845 652 919 680 Vide

119 701 282 733 Deputaetus
291 699 322 723 in
329 696 536 732 paenitentiam.
546 694 581 722 In
589 703 619 722 ea
628 692 744 731 regione
753 692 821 721 obiit
832 693 920 722 8.Κο-

118 735 183 764 salia
194 755 201 763 .
213 736 286 764 Vide
294 737 413 765 Roracia
423 754 430 761 .
753 772 758 777 .

81 778 212 806 Pium-n
222 796 231 808 ‚
241 775 352 810 Scytha:
363 773 459 814 populi
470 796 477 807 ,
489 785 524 803 ex
536 773 626 813 longis
635 774 740 802 auribus
752 783 790 803 ita
800 774 920 813 appella-

122 816 145 845 ti
156 837 164 849 ‚
176 825 205 844 ut
216 826 249 844 ex
262 816 394 845 vocabulo
404 815 550 854 colligitur
560 837 567 848 ,
579 815 637 846 πέν
645 815 719 843 enim
728 824 819 844 toturn
829 821 918 854 graece

116 856 253 896 fignificat
264 878 272 890 ,
292 856 349 886 ὦτα
358 878 368 890 ,
386 866 461 885 aures
470 876 477 883 .
498 858 541 884 Ita
552 856 684 885 Isidorus.
706 856 829 884 Denotat
851 857 916 884 item

116 897 260 926 hominem
280 896 438 936 ingentibus
456 897 562 925 auribus
572 897 720 934 praeditum
729 916 736 924 .
758 898 815 926 FR-
832 897 859 925 Si
868 906 916 935 per

119 938 252 968 Panotios
261 938 613 976 Pannonesintelligantur
623 959 630 970 ,
642 937 803 966 Herodotus
813 958 821 970 ‚
832 938 878 966 lib.
893 947 915 965 i.

122 979 161 1007 ait
170 981 315 1007 Pannones
324 989 357 1007 ex
367 978 450 1016 jonia
460 979 592 1007 oriundos
602 999 609 1006 .
620 979 695 1006 Hinc
704 979 837 1006 Paniones
849 979 915 1007 duo-

117 1019 207 1048 decim
215 1030 249 1048 ex
261 1019 343 1057 Jonia
352 1019 480 1047 civitates
491 1019 649 1048 dicebantur
657 1020 735 1047 aPan
745 1039 752 1050 ,
772 1022 799 1047 δ(
810 1021 895 1057 Jones
907 1040 914 1051 ,

119 1060 181 1098 quia
191 1062 278 1089 Panos
287 1062 362 1089 Deus
373 1060 404 1087 ab
415 1061 452 1087 eis
463 1060 600 1088 colebatur
612 1081 619 1091 ‚
632 1063 660 1088 ὁ(
669 1059 743 1088 Plin.
753 1059 799 1092 lib,
812 1070 914 1097 4.c.13.

117 1101 172 1129 ait:
188 1100 284 1136 [Aliae
296 1101 324 1129 in
336 1100 431 1138 quibus
444 1100 550 1138 equinis
559 1099 669 1139 pedibus
679 1099 832 1133 nascautur,
844 1099 916 1139 Hip-

120 1141 242 1179 popodes
259 1141 404 1180 appellati.
426 1141 599 1169 Fanefiorum
617 1140 678 1168 alise
689 1163 696 1174 ,
717 1145 916 1174 (Panotiorum

121 1191 235 1219 corrlgtt
246 1183 388 1210 Turnebus
400 1203 407 1214 ‚
419 1185 432 1213 )
443 1181 472 1209 in
481 1182 574 1219 quibus
585 1181 656 1209 nuda
665 1181 790 1220 alioquin
799 1191 915 1220 corpora

119 1222 294 1261 praegrandes
306 1221 425 1260 ipsorum
433 1232 507 1250 aures
518 1230 577 1250 tota
587 1231 750 1261 contegunt.
761 1224 772 1253 ]
785 1225 824 1251 At
834 1225 917 1252 Pom-

1279 23 1312 64 Ρ
1344 23 1385 66 Α
1641 39 1720 82 495

978 78 1144 121 ligiosorum
1152 79 1273 111 Ordinis
1283 101 1293 115 ‚
1303 91 1332 110 ac
1342 81 1361 110 fi
1370 81 1515 112 Generalis
1524 83 1627 114 diceres
1635 105 1642 114 .
1665 91 1683 123 s
1692 78 1781 122 Quod·

977 132 1068 151 autem
1084 123 1334 151 Pantocratorenus
1343 122 1485 160 praeseehis
1502 124 1593 162 pra-*stt
1612 127 1705 156 inultis
1715 131 1777 158 Mo-

976 161 1100 192 nasteriis
1109 183 1118 195 ‚
1131 163 1232 191 canoni
1241 173 1297 192 non
1308 162 1466 193 adversatur
1475 176 1485 196 ς
1496 165 1582 195 multa
1591 167 1665 195 enim
1679 170 1780 198 Mona-

975 203 1056 232 steria
1066 225 1074 237 ,
1085 212 1114 232 ut
1123 213 1208 232 unum
1216 213 1379 243 reputantur
1388 225 1395 234 .
1406 204 1560 236 Balsamon.
1569 207 1614 237 tit.
1623 208 1657 238 de
1667 209 1720 240 fide
1729 211 1775 244 ad,

974 254 1035 272 can.
1047 255 1094 274 20.
1103 243 1200 273 Photii
1211 264 1218 272 .

1260 285 1351 325 λογίαι
1365 286 1539 319 ,universalis
1551 289 1680 330 loquutio
1690 313 1698 326 ‚
1718 301 1774 331 quo

976 326 1107 354 vocabulo
1116 326 1204 355 uritur
1216 348 1224 360 ,
1235 327 1352 366 loquens
1361 328 1396 357 de
1408 329 1490 359 variis
1499 331 1632 361 doctrinis
1640 330 1687 361 sub
1700 333 1776 362 lastis

974 364 1113 402 symbolo,
1122 369 1218 396 Petrus
1228 367 1359 397 Blesensis
1368 367 1446 398 serm.
1457 382 1483 409 3.
1493 371 1559 400 dum
1568 372 1663 412 inquit
1673 384 1680 401 :
1692 378 1705 410 [
1717 376 1776 404 Au-

975 406 1006 435 di
1017 405 1104 436 adhuc
1116 407 1168 442 fili,
1178 412 1206 437 ἀ
1218 418 1276 437 tace
1285 429 1292 437 .
1303 410 1456 440 Considera
1465 412 1594 441 idiomata
1605 415 1776 451 lingulorum

976 448 1089 476 uberum
1099 470 1106 481 ,
1117 459 1147 477 ut
1157 448 1220 477 scias
1230 450 1274 478 cui
1286 450 1381 479 debeas
1389 462 1420 479 os
1429 451 1578 482 admovere
1588 475 1596 487 ‚
1618 457 1646 483 ὃ(
1657 464 1670 482 a
1681 465 1736 493 quo
1747 465 1777 484 a-

978 498 1092 517 movere
1101 509 1111 516 .
1128 489 1251 518 Primum
1262 491 1325 519 uber
1335 491 1384 519 suit
1395 490 1529 531 serpentis
1540 515 1549 527 ‚
1560 493 1708 524 secundum
1717 495 1776 526 ΑΞ-

976 531 1059 567 gypti
1070 551 1078 562 ,
1089 531 1202 558 tertium
1212 529 1379 569 Philosophi
1390 554 1398 565 ‚
1409 543 1536 571 quartum
1546 535 1622 569 Dei,
1643 535 1776 575 quintum

976 569 1103 598 hxretici
1113 592 1122 604 ‚
1132 570 1242 600 sextum
1254 572 1309 600 viri
1316 571 1459 604 Catholici
1471 595 1478 602 .
1496 576 1541 604 De
1552 576 1643 614 primo
1651 571 1776 608 manavit

975 610 1017 639 lac
1029 611 1197 640 venenosum
1209 634 1216 645 ‚
1226 613 1261 641 de
1270 611 1438 643 secundolae
1450 615 1596 651 acetosum,
1607 617 1670 656 quia
1680 619 1778 649 multis

976 651 1202 681 amaritudinibus
1210 651 1330 691 respersa
1339 654 1378 682 cst
1389 655 1507 686 dulcedo
1519 655 1644 687 humana:
1658 659 1777 689 felicita—

976 691 1011 720 tis
1020 713 1028 725 ,
1037 692 1072 721 de
1081 693 1165 721 tertio
1176 694 1215 722 lac
1225 693 1406 732 ampullosum
1418 717 1426 729 ‚
1445 696 1480 726 de
1489 708 1587 737 quarto
1598 699 1637 728 lac
1648 701 1778 740 coagula·

976 742 1034 761 tum
1044 754 1052 766 ‚
1063 734 1097 762 de
1108 734 1209 772 quinto
1220 735 1260 763 lac
1270 745 1337 773 aqua
1348 736 1468 765 mixtum
1479 749 1488 769 ,-
1512 737 1618 776 pessimi
1629 741 1705 770 enim
1713 752 1776 771 cau-

975 783 1059 811 pones
1070 774 1167 802 vinum
1184 786 1265 814 acqua
1276 774 1447 806 miscuerunt
1458 789 1465 806 :
1485 779 1520 808 de
1530 780 1610 810 sexto
1628 782 1668 811 lac
1677 781 1775 818 synce-

973 816 1073 846 rum.]
1094 814 1207 844 Deinde
1215 816 1339 854 sequitur
1347 817 1466 852 docem,
1487 823 1630 859 quomodo
1641 822 1773 852 Philoso-

974 854 1092 894 phorum
1101 855 1235 885 doffflnis
1244 857 1285 885 uti
1293 856 1436 896 possimus,
1447 859 1491 889 his
1503 863 1590 891 verbis
1603 875 1609 892 :
1621 864 1772 899 [Tertium

968 897 1151 925 excolendum
1161 919 1170 931 ,
1180 908 1212 926 ut
1221 898 1296 937 quod
1307 899 1444 936 liquidum
1452 900 1482 929 in
1490 902 1675 944 philosophiS,
1685 915 1753 944 repo
1764 924 1776 930 -

971 947 1049 966 natur
1050 949 1061 971 ;
1072 938 1212 975 abjiciatur
1222 939 1296 978 quod
1306 938 1485 971 faeculentum
1494 944 1541 972 est.
1551 947 1564 977 ]
1575 947 1698 976 Tandem
1708 957 1752 976 ree
1762 965 1776 972 -

970 978 1097 1017 pilogans
1105 977 1152 1007 has
1163 979 1362 1018 metaphoricas
1373 981 1446 1011 laffis
1455 984 1630 1016 diversitates
1641 1009 1650 1021 ,
1661 987 1752 1027 inquit
1761 1000 1776 1023 ς

970 1024 984 1053 [
995 1020 1119 1048 Primum
1126 1020 1228 1049 dicitur
1240 1021 1377 1060 paralogia
1387 1044 1397 1056 ,
1410 1026 1422 1054 ]
1443 1024 1513 1054 idest
1524 1048 1531 1058 ,
1553 1026 1614 1057 falsa
1625 1029 1754 1068 loquutio
1767 1049 1776 1058 .

973 1065 986 1094 [
1001 1061 1154 1089 Secundum
1166 1060 1325 1100 scenologia
1339 1083 1343 1091 ,
1355 1065 1368 1094 ]
1392 1063 1460 1093 idest
1471 1087 1480 1098 ‚
1497 1066 1607 1098 obscura
1618 1069 1749 1109 loquutio
1763 1092 1774 1101 .

973 1105 987 1135 [
999 1102 1123 1129 Tertium
1131 1101 1309 1141 physiologia
1319 1124 1327 1136 ,
1339 1105 1351 1134 ]
1367 1114 1465 1144 nempe
1474 1127 1484 1143 ,
1492 1110 1621 1139 naturalis
1631 1111 1771 1150 loquutio-

972 1147 987 1176 [
1001 1142 1135 1178 Quartum
1144 1142 1299 1182 Theologia
1310 1145 1342 1177 ,]
1362 1143 1467 1175 scilicet
1481 1168 1489 1180 ,
1508 1149 1606 1179 divina
1624 1151 1771 1190 loquutio-

977 1186 988 1215 [
1004 1183 1143 1219 Quintum
1171 1184 1309 1223 cacologia
1318 1206 1325 1217 ,
1346 1187 1358 1216 ]
1387 1186 1519 1217 videlicet
1539 1191 1608 1219 mala
1626 1192 1754 1231 loquutio
1764 1213 1775 1222 .

975 1224 1109 1258 [Sextum
1120 1225 1279 1263 pantologia
1289 1246 1296 1258 ,
1310 1227 1321 1256 ]
1336 1236 1434 1266 nempe
1444 1250 1452 1261 ,
1462 1230 1624 1261 universalis
1633 1233 1774 1272 loquutio-

122 1263 222 1301 ponius
232 1263 304 1292 Mela
314 1284 322 1296 ,
334 1272 392 1300 cap.
403 1270 430 1291 6.
443 1262 478 1290 de
489 1261 632 1300 Hispaniae
643 1284 651 1295 ‚
673 1266 701 1291 δε
711 1263 916 1301 Septentrionis
932 1267 1014 1293 ΡΑΡΑ
1025 1286 1033 1297 ,
1044 1267 1168 1296 Παπποι
1178 1287 1186 1298 ,
1197 1265 1252 1294 sive
1266 1264 1405 1302 Hx'vrm
1413 1290 1421 1302 ,
1432 1269 1503 1298 idest
1512 1292 1520 1303 ,
1531 1273 1610 1301 Pater
1621 1294 1628 1301 .
1641 1277 1774 1303 Autono-

117 1302 334 1342 Insulisinquit:
347 1309 359 1338 [
371 1302 427 1332 Elle
437 1303 545 1341 equinis
556 1303 667 1341 pedibus
680 1304 860 1342 Hippopodas
871 1326 878 1337 ,
888 1308 917 1333 ὅ(

119 1344 260 1377 ὃωωαίος,
270 1344 364 1383 quibus
373 1354 479 1383 magnae
490 1353 575 1377 aures,
589 1348 616 1373 δε
627 1344 659 1373 ad
669 1344 844 1373 ambiendum
856 1355 918 1374 cor-

122 1394 170 1423 pus
179 1394 262 1413 omne
271 1385 370 1423 patulae
381 1406 388 1417 ,
408 1384 488 1413 nudis
498 1384 599 1423 alioqui
613 1395 662 1424 pro
673 1384 746 1413 veste
756 1385 808 1413 lint
818 1407 826 1418 ,
846 1396 917 1425 prz-

115 1426 317 1464 terquamquod
328 1425 422 1454 sabulis
434 1424 554 1452 traditur
563 1446 571 1458 ‚
592 1426 711 1453 austores
721 1425 804 1454 etiam
817 1448 824 1459 ,
843 1427 918 1466 quod

118 1465 197 1503 sequi
208 1477 263 1494 non
275 1466 367 1504 pigeat
377 1487 386 1499 ,
397 1465 517 1493 invenio
527 1485 535 1491 -
546 1467 558 1496 ]
571 1465 675 1500 Quibus
684 1465 785 1494 similes
795 1466 826 1495 in
835 1468 917 1501 India

120 1504 171 1533 ess'e
183 1504 275 1534 scribit
283 1527 291 1537 ,
302 1506 348 1533 lib.
364 1516 408 1540 ις.
419 1505 516 1533 Strabo
525 1525 533 1536 ,
545 1506 593 1543 qui
603 1509 755 1534 Enotocoeti
766 1517 900 1537 vocantur
909 1531 916 1542 ,

124 1545 200 1584 quod
209 1545 315 1574 auribus
326 1545 470 1583 prostrato
480 1555 598 1583 quoque,
609 1556 670 1574 cum
679 1546 916 1581 dormiunt,utan-

122 1595 169 1613 tur
179 1607 187 1618 ,
206 1597 238 1614 ex
250 1586 346 1624 graecis
357 1585 468 1614 vocibus
478 1595 582 1619 nomen
602 1587 781 1625 compositum
789 1588 836 1622 αι’,
848 1590 915 1619 idest

118 1625 148 1655 in
159 1647 168 1660 ,
180 1627 236 1656 ὦτα
252 1648 259 1659 ,
273 1636 348 1655 aures
358 1648 364 1659 ,
375 1623 452 1656 κοίτῃ
462 1647 470 1659 ‚
479 1626 566 1655 cubile
578 1649 586 1660 ‚
597 1627 681 1656 lectus
691 1649 699 1661 ,
720 1628 793 1666 quafi
803 1629 875 1659 dicas
886 1632 914 1660 in

120 1666 226 1695 auribus
247 1666 374 1694 somnum
385 1665 523 1704 capientes
536 1687 542 1694 .
560 1668 603 1696 Ita
613 1669 714 1706 placuit
725 1670 833 1699 Graecis
843 1671 914 1701 fabu—

119 1707 197 1735 landi
218 1707 360 1735 licentiam
371 1708 400 1736 in
411 1706 588 1737 remotissima
598 1718 714 1747 quzeque
731 1708 912 1750 detorquere:

121 1752 133 1782 [
144 1747 345 1786 Longinquitas
355 1749 427 1777 enim
439 1758 495 1776 non
505 1747 584 1777 facile
592 1749 718 1788 redargui
729 1752 817 1788 potest
828 1774 836 1786 ,
851 1756 863 1786 ]
885 1764 913 1782 ut

120 1787 193 1815 idem
205 1790 318 1822 Strabo,
336 1789 382 1817 lib.
400 1800 408 1816 1
420 1799 442 1816 i.
453 1788 492 1816 ait
505 1809 512 1816 .

77 1829 265 1857 ΡΑκςειεκος
277 1851 286 1862 ,
299 1827 456 1864 Πανσέῖωος
466 1850 472 1861 ,
483 1828 551 1857 idest
561 1851 568 1863 ,
580 1839 638 1858 tota
648 1830 711 1859 luna
722 1853 731 1864 ‚
742 1829 786 1859 seu
797 1832 915 1871 plenilu-

121 1868 201 1896 nium
213 1889 220 1896 .
241 1870 336 1904 [Cum
348 1869 435 1899 fuisset
447 1871 510 1899 luna
520 1869 680 1908 panselenos
690 1892 697 1899 .
719 1873 821 1901 Matth.
833 1874 914 1904 Paris.

120 1909 150 1936 in
162 1909 218 1937 vita
230 1909 298 1938 Abb.

77 1951 155 1977 Pas-i
163 1960 239 1978 iinon
250 1970 256 1976 .
271 1951 328 1979 FR.
339 1948 452 1981 Πύθεω
461 1973 469 1984 ,
480 1952 605 1980 omnium
615 1953 739 1982 Deorum
748 1956 892 1994 Templum
905 1978 913 1990 ‚

120 1992 217 2019 Romae
228 2001 240 2018 a
257 1991 296 2018 M.
309 1992 434 2029 Agrippa
443 1994 563 2021 erestum
573 2014 581 2026 ,
599 1993 628 2022 in
640 2004 695 2032 quo
705 2005 800 2023 omnes
809 1997 857 2025 Dii
869 2008 914 2025 co-

121 2030 257 2063 lebantur,
267 2034 294 2059 δε
304 2041 317 2058 a
328 2031 470 2061 Bonisacio
479 2035 547 2072 Papa
560 2036 613 2062 IV.
623 2034 653 2062 in
664 2035 791 2063 omnium
801 2038 913 2066 Sanc'to-

119 2081 178 2099 rum
189 2070 326 2099 honorem
345 2082 408 2100 ann.
419 2079 486 2102 610.
496 2073 682 2103 consecratum
694 2096 700 2102 .
725 2077 808 2112 Quod
819 2079 844 2106 S.
857 2080 914 2108 Ma-

118 2112 169 2140 riae
181 2111 213 2140 ad
224 2114 358 2148 Martyres
369 2133 376 2145 ‚
387 2114 473 2153 vulgo
481 2120 521 2143 La
530 2117 654 2144 Rotunda
665 2137 672 2149 ,
695 2115 779 2144 hodie
791 2117 896 2148 dicitur
905 2141 912 2148 .

116 2152 193 2180 Licet
202 2153 348 2191 Templum
358 2154 460 2182 SanCtae
472 2157 565 2183 Mariae
578 2156 605 2184 in
615 2155 778 2190 Cosmedin,
790 2162 818 2187 δ(
829 2159 914 2189 &Ma-

115 2191 163 2220 riae
180 2193 214 2221 ad
226 2195 362 2228 Martyres
379 2194 445 2223 teste
456 2197 620 2225 Martinello
637 2197 669 2225 in
678 2195 724 2226 sua
742 2200 832 2228 Roma
841 2199 914 2231 sacra

114 2233 197 2261 etiam
207 2233 344 2262 diceretur
354 2255 361 2262 .
919 2221 925 2263 Ι

71 2273 300 2303 Pam-ocutos
311 2296 319 2307 ‚
345 2272 543 2316 Παντοκράτωρ
555 2297 562 2304 .
582 2279 639 2307 PR.
649 2277 841 2318 Omnipotens
850 2303 858 2315 ,
881 2293 912 2312 u-

113 2314 174 2342 nius
185 2335 192 2347 ‚
207 2324 236 2343 ac
246 2314 343 2344 summi
354 2316 408 2344 Dei
418 2316 567 2355 epitheton
577 2338 584 2345 .

68 2353 372 2387 muroena-oneum
383 2368 392 2390 ς
413 2357 577 2389 universalis
586 2358 712 2399 superior
730 2361 842 2399 alicujus
853 2365 909 2394 Re-

375 2462 383 2476 t

973 1305 1083 1334 mastice
1093 1316 1187 1334 tamen
1205 1307 1328 1335 Summus
1340 1309 1479 1339 Romanus
1500 1313 1627 1343 Pontifex
1638 1315 1776 1355 intelligi·

974 1358 1038 1378 turs
1057 1346 1207 1385 antiquitus
1217 1356 1307 1376 autem
1315 1352 1469 1379 communis
1482 1362 1537 1382 erat
1550 1353 1595 1382 hic
1607 1355 1702 1385 titulus
1712 1367 1773 1385 om-

975 1388 1052 1417 nibus
1061 1387 1250 1417 Sacerdotibus
1260 1409 1269 1422 ,
1278 1392 1305 1417 3<
1317 1390 1456 1429 praecipue
1466 1393 1609 1433 Episcopis
1621 1417 1627 1424 .
1640 1397 1714 1426 Vide
1723 1401 1774 1427 Ba-

974 1440 1035 1457 ron.
1046 1439 1112 1457 ann.
1126 1436 1191 1464 165.
1202 1439 1278 1457 num.
1296 1440 1338 1458 io.
1350 1435 1377 1460 ὅ(
1388 1430 1466 1460 fufius
1476 1433 1506 1462 in
1517 1436 1600 1464 Notis
1610 1436 1644 1465 ad
1663 1439 1773 1474 Marty-

975 1470 1027 1498 rol.
1043 1481 1085 1498 ιο.
1096 1471 1205 1508 Jamiar.
1224 1474 1258 1499 Et
1270 1469 1353 1508 usque
1362 1471 1396 1500 ad
1407 1471 1525 1510 praesens
1541 1476 1694 1506 patriai-cha
1705 1480 1773 1508 Ale-

975 1510 1125 1539 xandrinus
1135 1509 1205 1539 solet
1217 1511 1250 1539 fic
1263 1511 1399 1540 nominari
1412 1533 1418 1540 .
1441 1519 1453 1548 [
1464 1515 1501 1542 N.
1512 1515 1690 1547 miseratione
1697 1519 1774 1549 divi-

973 1562 1008 1580 na
1017 1553 1089 1589 Papa
1100 1573 1108 1584 ,
1126 1555 1153 1580 ὅ(
1164 1551 1319 1580 Patriarcha
1330 1554 1440 1592 Magnae
1462 1555 1546 1584 Urbis
1559 1558 1755 1589 Alexandrinae
1764 1582 1774 1595 ,

971 1596 1000 1621 ἃ·
1011 1593 1101 1630 Judex
1120 1593 1192 1621 orbis
1204 1603 1335 1621 terrarum
1346 1615 1353 1621 .
1364 1596 1376 1625 ]
1399 1596 1434 1622 In
1445 1596 1559 1633 quadam
1578 1598 1775 1640 Chronologia

973 1633 1154 1662 Ecclesiastica
1163 1635 1194 1662 ab
1204 1633 1340 1662 Abraham
1350 1634 1526 1665 Ecchellense
1533 1640 1673 1669 Mai-onita
1695 1641 1724 1669 in
1734 1643 1773 1670 la-

973 1673 1063 1702 tinum
1075 1674 1204 1703 translata
1215 1673 1329 1703 habetur
1339 1697 1346 1708 ,
1366 1677 1440 1714 quod
1453 1679 1584 1708 Hierocla
1603 1679 1773 1712 Alexandri·

972 1724 1021 1742 nus
1032 1714 1186 1744 patriarcha
1205 1714 1308 1753 primus
1319 1715 1406 1746 fuisset
1414 1739 1422 1750 ‚
1441 1719 1488 1756 qui
1500 1721 1578 1758 Papa:
1596 1722 1712 1751 nomine
1721 1734 1769 1762 ap-

972 1755 1070 1792 pellari
1079 1757 1167 1794 coepit
1176 1778 1183 1790 ,
1195 1756 1272 1789 idest,
1284 1767 1356 1786 anno
1367 1766 1432 1793 246.
1446 1760 1503 1788 FR-
1514 1760 1533 1789 {i
1544 1762 1600 1790 afta
1611 1762 1636 1790 S.
1647 1763 1774 1794 Caeciliae

973 1795 1070 1834 scripta
1080 1795 1142 1824 sunt
1155 1818 1162 1829 ,
1174 1806 1204 1826 ut
1216 1798 1338 1826 creditur
1349 1820 1356 1831 ,
1368 1809 1494 1838 tempore
1504 1803 1560 1836 ejuv.
1572 1802 1709 1840 paffionis,
1719 1803 1772 1834 sci-

971 1835 1054 1869 licet,
1072 1847 1148 1865 anno
1160 1849 1226 1875 232.
1237 1838 1273 1866 ibi
1284 1838 1317 1866 lic
1336 1838 1467 1868 habetur.-
1491 1845 1589 1876 [Tunc
1611 1844 1772 1874 Valerianus

973 1877 1102 1915 perduxit
1113 1877 1224 1906 fratrem
1235 1877 1310 1907 suum
1321 1880 1354 1908 ad
1367 1882 1463 1918 Papam
1474 1881 1628 1915 Urbanum,
1642 1886 1654 1916 ]
1665 1888 1692 1914 3<
1702 1889 1771 1915 Ter-

972 1918 1102 1946 tullianus
1112 1939 1120 1950 ,
1140 1919 1260 1956 quiante
1270 1920 1493 1950 Alexandrinum
1504 1924 1688 1954 patriarcham
1699 1927 1770 1956 Hie-

971 1960 1073 1986 roclam
1093 1959 1224 1987 extiterat
1233 1980 1241 1992 ‚
1264 1961 1369 1988 Pontif-
1380 1963 1462 1991 Rom.
1475 1972 1505 1991 ut
1525 1973 1589 1993 mox
1609 1964 1679 1995 insra
1690 1976 1773 1996 mon-

972 1999 1117 2032 strabitur,
1128 2001 1227 2037 Papam
1237 2001 1431 2038 appellaverat.
1443 2004 1480 2037 ¹ll²
1494 2006 1646 2043 Gregorius
1659 2008 1728 2036 VII.
1739 2009 1770 2037 in

970 2040 1104 2068 Concilio
1123 2043 1254 2069 Romano
1264 2042 1298 2069 tle
1307 2052 1350 2070 an.
1367 2053 1447 2081 ¹073·
1465 2046 1540 2082 quod
1560 2046 1589 2074 in
1601 2047 1772 2078 Bibliotheca

973 2080 1105 2109 Vaticana
1122 2083 1161 2109 M.
1173 2082 1198 2109 S.
1207 2081 1384 2111 conservatur
1394 2105 1401 2116 ,
1421 2083 1541 2115 sancivit
1551 2107 1559 2119 ‚
1580 2087 1631 2117 nisi
1639 2086 1700 2117 solo
1710 2092 1772 2119 Ro-

971 2130 1053 2149 mano
1066 2121 1193 2159 pontifici
1208 2123 1319 2151 titulum
1338 2125 1418 2162 Papae
1430 2127 1535 2155 nemini
1543 2127 1654 2157 attribui
1666 2151 1672 2162 ‚
1695 2131 1772 2168 quod

971 2161 1079 2199 ipsimet
1107 2162 1198 2191 Graeci
1221 2162 1387 2192 schismatici
1415 2165 1561 2196 observant
1573 2189 1580 2201 ‚
1610 2179 1637 2197 ut
1658 2170 1771 2199 Nicetas

971 2202 1128 2232 Chronites
1138 2203 1254 2232 fatetur:
1268 2214 1327 2232 nam
1337 2203 1424 2234 solum
1434 2208 1600 2237 Pontificem
1610 2212 1771 2240 Romanum

970 2243 1013 2271 illi
1024 2240 1135 2278 Ila'nag
1143 2245 1283 2282 appellant
1296 2255 1356 2274 cum
1365 2256 1477 2276 accentu
1487 2258 1567 2278 acuto
1576 2248 1655 2287 super
1673 2252 1771 2289 penul-

968 2283 1065 2312 timam
1074 2283 1206 2319 syllabam
1217 2307 1224 2318 ‚
1248 2289 1275 2314 ὃ(
1289 2287 1459 2316 Sacerdotem
1472 2288 1582 2324 Παπεὶς
1600 2291 1696 2319 dicunt
1707 2302 1771 2322 cum

967 2334 1082 2353 accentu
1091 2335 1167 2363 gravi
1179 2324 1257 2363 super
1266 2327 1389 2356 ultimam
1398 2327 1528 2363 syllabam
1542 2351 1550 2362 ,
1571 2340 1601 2358 ut
1614 2331 1692 2360 unius
1702 2332 1771 2361 titu-

965 2365 1005 2396 lus
1016 2366 1046 2395 ab
1054 2365 1141 2398 altero
1154 2366 1339 2407 distinguatur
1348 2388 1356 2398 .
1368 2372 1467 2399 Errant
1478 2391 1488 2405 ,
1499 2372 1545 2411 qui
1555 2380 1655 2412 putant
1669 2374 1771 2412 Papam

1643 2413 1728 2453 figme-
