1866 2526
105 117 138 138 η
148 106 338 139 ὥώοΗ·θ-ιίίὶ“ε
348 104 452 137 inclusa
462 129 470 141 ,
491 117 526 136 eo
535 103 612 144 quod
631 102 802 134 idololatriae
824 102 904 136 vitiis

108 147 199 179 efl’ent
210 148 332 179 obnoxia
343 169 351 177 .
372 149 478 179 Verum
494 147 629 178 salviam·
651 155 734 175 aetate
743 147 834 176 omnis
852 146 903 176 ista

105 189 272 220 idololatria
280 193 338 228 jam
349 189 476 223 deflerat,
489 198 580 228 neque
590 188 710 226 amplius
720 186 750 217 in
760 187 902 218 idolorum

104 230 246 261 honorem
263 230 421 261 istiusmodi
441 240 550 270 pompae
568 240 598 259 ac
619 225 768 267 spectacula
787 229 902 260 exhibe-

109 273 217 302 bantur:
228 271 414 303 nihilominus
429 282 524 301 tamen
535 281 646 301 tantum
658 271 747 300 adhuc
758 271 899 305 vanitatis,

108 312 232 344 lasciviae
243 334 252 346 ,
273 313 466 352 &impietatis
486 313 517 342 in
533 314 562 342 se
585 312 740 345 habebant,
759 322 790 342 ut
801 312 836 343 de
845 313 900 342 illis

107 364 249 394 tamquam
261 355 407 384 diabolicis
418 377 426 388 ,
438 354 561 393 turpibus
574 376 582 387 ,
592 357 620 382 ὅ(
634 353 752 383 homine
763 352 900 384 christia-

107 406 146 425 no
157 395 286 435 indignis
302 395 379 431 justae
393 395 492 424 fierent
505 396 623 434 querelae
635 415 642 426 ‚
663 393 758 433 eisque
767 395 899 424 adnume-

105 445 235 466 rarentur
245 458 254 470 ,
273 436 370 476 quibus
380 435 555 466 Christianus
575 435 692 475 quilibet
712 436 743 464 in
763 436 899 475 baptismo

104 477 268 507 credebatur
277 475 444 506 renuntiafl'e
453 496 461 504 .
474 479 596 518 Cyrillus
609 477 876 514 Hierosolymi'tanus
889 499 897 510 ‚

104 519 173 558 qui,
191 518 334 558 postquam
344 518 505 547 idololatria
514 527 616 557 magna
623 527 659 545 ex
669 526 747 554 parte
761 517 896 547 destrufta

103 570 164 589 erat
176 581 184 593 ,
194 558 303 598 scripsit
314 580 321 591 ,
331 558 420 588 adhuc
428 559 582 597 impietatis
594 580 602 591 ,
613 562 642 587 ὃ(
651 558 823 588 crudelitatis
835 557 897 598 spe-

105 602 209 630 &acula
222 601 270 629 ist:
283 599 389 629 incusat
400 621 409 633 ,
421 600 560 637 Cateches
557 611 583 629 es
594 600 737 637 Mystagog.
754 610 777 627 1.
790 610 818 628 n.
830 613 858 636 4.
869 605 896 630 ὃ(

104 640 312 670 catechumenis
321 640 457 670 suishanc
467 640 643 679 profeffionis
653 638 706 669 suae
718 641 749 669 in
758 640 895 679 baptismo

106 683 238 711 facicndae
249 692 355 720 partem
364 682 632 721 exponens‚pompis
644 681 748 710 diaboli
758 679 892 711 accenset.

106 726 122 758 Η
136 725 284 761 Quotquot
293 724 328 751 de
337 723 477 761 BJPtisino
485 722 616 762 scripsere
628 745 636 756 ‚
646 722 778 762 scripsere
788 723 893 762 aliquid

103 764 188 792 etiam
209 765 244 793 de
263 766 518 793 abrenuntiationis
536 765 705 804 entiquitete
714 785 721 791 .
749 765 892 793 Nonnulli

102 804 216 843 quidem
228 815 262 833 ex
281 804 339 843 ipsa
350 805 499 843 apostolice
508 806 687 835 institutione
698 809 727 834 Sc
737 805 815 844 praxi
832 816 893 834 eam

103 845 232 875 derivant
242 867 249 874 .
268 847 313 875 Ira
321 847 399 875 enim
418 846 510 875 locum
521 847 601 875 illum
612 847 713 880 Pauli,
741 858 763 875 1.
776 847 850 876 Tim.
863 853 890 876 6.

106 897 117 915 1
126 899 152 916 2.
161 887 339 924 Apprehende
350 891 446 918 vitam
455 897 584 917 aternam
595 910 604 922 ,
616 889 654 917 ad
664 898 750 927 quam
763 888 799 922 ό·
807 899 890 917 voca-

101 937 149 956 tus
161 938 188 955 es
198 949 206 960 ‚
227 928 451 967 &profeffusprae
456 930 564 958 claram
572 930 655 958 illam
667 930 848 968 proftffionem
858 932 888 957 in

100 969 238 1005 conspcc'lu
258 970 410 999 multorum
430 971 541 1006 test-iuni
557 992 562 1002 ,
584 971 805 1008 interpretantur
815 991 823 998 .
844 972 887 998 Ite

101 1009 236 1037 Aufiores
255 1012 525 1039 commentationum
543 1010 590 1039 sub
600 1012 759 1040 nominibus
769 1012 887 1040 Ambro-

95 1048 133 1085 ssi
146 1069 154 1080 ‚
177 1052 204 1076 ὃ(
215 1054 393 1084 Hieronymi«
412 1051 473 1079 Alii
485 1052 723 1080 renuntiationem
735 1052 813 1080 istam
829 1063 888 1080 non

101 1099 136 1117 cx
148 1088 201 1116 hoc
212 1091 256 1118 vel
268 1091 324 1118 alio
335 1090 459 1128 cxpresso
468 1092 614 1130 Scripturx
634 1092 798 1121 testimonio
810 1115 818 1125 ‚
837 1091 884 1120 sed

102 1140 137 1158 ex
147 1130 260 1168 antiqua
270 1131 422 1159 traditione
432 1132 572 1160 deducunt
582 1153 589 1159 .
610 1135 654 1161 Ita
667 1133 862 1162 Tertullianus
875 1154 884 1165 ,

101 1174 131 1198 δε
140 1170 260 1206 Basilius
272 1192 279 1202 ,
299 1181 416 1209 quorum
435 1171 538 1209 primus
549 1194 558 1205 ‚
576 1174 609 1201 de
626 1184 711 1201 coron.
724 1174 811 1201 milit.
820 1184 844 1201 c.
855 1184 881 1211 3.

102 1219 161 1238 earn
182 1211 277 1239 multis
292 1211 354 1239 aliis
374 1212 470 1240 ritibus
480 1213 679 1242 &cerimoniis
696 1214 883 1243 ecclesiasticis

99 1249 224 1279 accenset
235 1274 242 1284 ,
254 1262 314 1291 qu:e
326 1252 439 1290 quidem
451 1253 481 1281 in
495 1254 567 1282 null:
577 1253 711 1293 scriptura
720 1254 823 1284 diserte
833 1255 883 1284 de-

99 1292 254 1321 terminatae
266 1316 274 1326 ‚
294 1303 328 1321 ex
340 1293 492 1324 traditione
503 1305 595 1324 tamen
606 1296 736 1334 profcftae
749 1318 756 1329 ,
777 1301 806 1325 δε
817 1307 882 1325 con-

97 1331 244 1362 suetudine
261 1335 444 1364 corroborata:
463 1336 517 1365 sint
536 1357 543 1364 .
566 1337 686 1375 Basilius
697 1359 705 1370 ‚
735 1338 767 1366 de
790 1341 882 1376 spirit.

99 1377 194 1402 sanda
204 1386 227 1402 c.
238 1387 284 1407 27·
294 1375 350 1403 illis
360 1377 484 1411 mysticis
504 1378 602 1406 ritibus
621 1374 682 1406 earn
702 1379 864 1407 adnumerat
875 1400 883 1411 ‚

98 1415 189 1452 quiin
201 1416 318 1445 Ecclefia
328 1427 386 1445 non
398 1427 413 1445 e
422 1418 549 1447 doffiina
558 1418 664 1457 scripto
683 1420 794 1457 prodita
807 1441 814 1452 ,
836 1418 883 1448 sed

97 1466 134 1483 ex
145 1457 344 1495 Apostolorum
354 1459 505 1488 traditione
516 1460 546 1488 in
559 1461 691 1496 mysterio
702 1460 807 1499 recepti
819 1460 883 1489 fint-

99 1497 171 1525 Non
190 1498 379 1537 improbabilis
389 1501 459 1536 Estii
471 1522 478 1533 ,
501 1501 532 1528 in
558 1512 580 1529 i.
603 1501 679 1530 Petri
692 1512 718 1539 3.
734 1513 746 1529 2
757 1513 779 1529 1.
791 1504 884 1537 conje-

97 1537 173 1564 &ura
183 1539 221 1566 est
232 1561 242 1572 ,
252 1540 300 1578 qui
312 1540 457 1569 formulam
468 1542 686 1571 renuntiationis
698 1564 704 1574 ,
730 1542 826 1570 factam
837 1552 885 1580 per

100 1577 337 1618 interrogationes
346 1585 373 1609 ἃ
385 1581 580 1620 responsiones
590 1605 597 1616 ,
620 1584 690 1611 adeo
702 1582 844 1620 antiquam
854 1583 884 1611 in

100 1618 218 1647 Ecclefia
239 1619 314 1648 fuifl'e
333 1622 474 1651 existimat
484 1645 492 1655 ,
515 1632 545 1652 ut
566 1631 665 1653 Petrus
679 1623 830 1661 Apostolus
851 1624 884 1652 ad

98 1668 158 1702 eain
180 1658 326 1698 respexisse
341 1663 442 1690 merito
459 1663 609 1693 censendus
630 1665 663 1692 fir
674 1686 683 1697 ,
705 1664 818 1703 quando
836 1667 885 1693 Ba-

99 1698 233 1737 ptismum
245 1711 326 1730 vocat
338 1723 345 1733 ‚
368 1703 435 1731 bona
457 1706 622 1741 conscientia
641 1708 884 1743 interrogationem

99 1751 165 1778 erga
174 1746 266 1770 Deum
277 1763 287 1774 ,
309 1743 338 1771 id
355 1743 431 1781 quod
441 1745 474 1772 ad
484 1755 542 1773 rem
553 1746 655 1774 nullam
666 1756 744 1784 aeque
761 1755 885 1774 comi-no—

98 1781 135 1810 de
144 1802 153 1814 ,
174 1792 256 1821 atque
274 1783 308 1811 ad
328 1783 399 1811 hanc
418 1795 595 1815 communem
604 1785 832 1815 consuetudinem
844 1798 886 1816 re-

95 1820 253 1860 spondendi
264 1824 294 1852 in
304 1823 456 1863 Baprismo‚
463 1828 691 1865 Abrenuntiasne
699 1827 816 1855 diabolo?
827 1830 886 1858 Ab-

99 1867 246 1896 renuntio5
259 1865 391 1903 Credisne
403 1869 435 1894 in
446 1872 553 1896 Deum?
564 1869 650 1897 Credo
661 1889 668 1900 ,
679 1867 775 1896 referri
786 1869 884 1906 potest.

67 1926 70 1929 Δ
99 1904 118 1938 Η
128 1902 341 1947 Observandum
351 1908 385 1936 de
395 1905 445 1936 hac
455 1909 882 1948 abrenuntiatione‚quod‚quum

97 1953 221 1982 primum
240 1948 403 1985 Baptisteria
422 1949 559 1978 aedificata
579 1951 690 1979 flierunt
709 1971 716 1982 ,
740 1951 885 1988 peculiaris

97 1989 128 2015 ὃ(
141 1987 267 2024 proprius
277 1989 373 2017 inillis
384 1990 460 2018 locus
470 1989 534 2019 huic
545 1991 585 2019 rei
606 1991 762 2030 adsignatus
780 1991 864 2021 fuerit
875 2013 882 2020 .

99 2027 176 2056 Nam
186 2027 346 2068 plerumque
366 2030 422 2059 duo
438 2030 569 2060 distinete.
585 2031 721 2061 habebant
739 2032 883 2061 conclavia

99 2072 116 2102 t
126 2068 169 2096 uti
180 2069 210 2097 in
222 2070 399 2100 Ecciefiamm
409 2070 600 2110 descriptione
611 2073 773 2103 ostendetur
793 2076 804 2105 ]
824 2073 882 2112 pri-

96 2118 175 2142 mum
194 2110 307 2148 quidem
327 2110 479 2150 προαύλιον
497 2111 567 2143 'am
588 2139 595 2150 ‚
617 2114 672 2143 hoc
692 2114 731 2142 est
743 2115 881 2152 porticum

95 2148 144 2178 seu
156 2151 320 2179 vestibulum
330 2172 338 2184 ‚
360 2152 391 2181 in
401 2163 458 2192 quo
467 2153 670 2183 Catechunieni
683 2156 880 2185 renuntiabant

95 2190 198 2221 satanae
212 2213 221 2224 ,
233 2191 370 2231 fidemque
379 2194 595 2232 profitebantur5
608 2200 636 2225 ὃ(
647 2195 750 2224 deinde
760 2193 868 2235 ἐσώτερσ

95 2228 168 2262 ἶικον
178 2253 189 2269 ,
207 2232 372 2262 interiorem
380 2234 493 2263 domum
502 2258 511 2269 ,
521 2236 565 2265 ubi
574 2238 736 2266 ceremonia
751 2236 880 2275 baptismi
907 2259 910 2262 -

97 2273 283 2313 peragebatur
290 2295 297 2302 .
322 2276 358 2303 In
366 2273 466 2304 horum
477 2277 597 2316 primum
608 2277 815 2307 Catechumeni
837 2279 881 2308 in-

95 2314 220 2346 trodueti
229 2336 238 2348 ‚
261 2319 289 2345 δε
298 2315 474 2346 occidentem
483 2317 576 2348 versus
585 2319 669 2358 positi
679 2340 688 2352 ,
700 2319 806 2347 Satanae
816 2330 881 2349 cum

95 2353 259 2393 quibusdam
269 2357 425 2396 gestibus&
446 2358 543 2388 ritibus
555 2381 564 2393 ,
583 2359 811 2400 indignationem
830 2361 881 2390 ali-

93 2405 178 2435 quam
197 2398 417 2438 expnmentibus
438 2404 452 2436 [
472 2400 538 2441 dun!
557 2401 691 2439 Videlicet
712 2401 808 2434 ustinus
823 2401 869 2433 sua

1307 47 1415 88 AB
1668 61 1696 100 7

959 104 1006 135 vel
1017 104 1222 144 protendebant
1233 124 1242 137 ‚
1265 103 1312 133 vel
1321 101 1527 144 complicabant
1537 125 1546 138 ,
1569 103 1617 144 vel
1628 104 1749 135 collide-1

957 147 1024 176 bant
1043 167 1052 180 ,
1081 155 1293 185 nonnumquam
1309 144 1395 174 etiam
1411 144 1593 174 exsufflabant
1617 165 1626 178 ‚
1648 147 1695 176 vel
1716 146 1748 176 in

955 188 1044 227 ipsum
1055 196 1196 226 tamquam
1208 182 1373 226 praesentem
1383 186 1550 225 exspuebant
1563 188 1574 218 ]
1587 186 1747 216 renuntiare

954 227 1119 266 jubebantur
1129 249 1137 257 .
1161 230 1219 267 Qui
1240 228 1309 257 ritus
1320 238 1417 258 omnes
1430 228 1552 258 totidem
1562 227 1746 256 aversationis

955 281 1051 300 eorum
1061 280 1141 299 erant
1151 269 1255 299 indicia
1265 290 1273 297 .
1297 271 1419 309 Cyrillus
1430 270 1694 308 Hierosolymitanus
1715 269 1746 296 in

954 312 1000 341 sua
1012 311 1154 349 Catechesi
1163 313 1342 351 mystagogica
1360 312 1399 340 ad
1413 311 1590 340 illuminatos
1602 330 1612 343 ‚
1639 319 1662 338 i.
1674 319 1701 337 n.
1716 319 1743 336 2.

953 353 1024 382 hanc
1035 353 1114 390 liujus
1125 353 1240 381 astionis
1256 361 1364 391 partem
1384 352 1423 381 ita
1441 351 1572 381 describit
1583 363 1592 378 :
1614 352 1742 380 Primum

954 395 1058 433 ingreffi
1067 393 1127 430 estis
1139 395 1314 431 inporticum
1324 394 1420 422 domus
1431 394 1586 431 baptisterii
1597 413 1606 426 ,
1619 390 1743 428 &stan-

954 444 995 463 tes
1007 437 1104 472 versus
1114 435 1282 463 occidentem
1295 456 1304 467 ‚
1326 435 1460 463 mandari
1470 435 1548 462 vobis
1560 433 1678 469 audistis
1688 453 1697 464 ,
1707 440 1742 459 ut

949 477 1079 514 protensa
1095 486 1202 508 manu,
1224 475 1506 515 tamquamprafenti
1520 481 1623 503 §arana
1636 483 1740 501 renun-

953 520 1066 546 tiaretis
1077 537 1086 544 .
1108 516 1222 545 Deinde
1234 538 1242 549 ‚
1260 516 1355 555 quade
1366 515 1442 546 causa
1453 514 1544 544 versus
1552 514 1676 544 occasum
1688 513 1739 541 ste-

952 559 1040 586 terint
1058 556 1169 587 diabolo
1189 558 1383 587 renuntiantes
1394 580 1403 591 ,
1423 557 1545 595 explicat
1558 568 1565 584 :
1587 556 1654 585 Solis
1663 565 1740 583 occa-

946 599 997 636 fiis
1009 621 1017 632 ‚
1030 609 1118 637 quum
1128 603 1322 636 qoparontinm
1334 600 1515 628 tenebrarum
1516 597 1559 635 fit
1567 597 1641 625 locus
1654 617 1663 629 ,
1674 596 1739 623 dia-

950 640 1024 667 bolus
1035 647 1131 668 antem
1141 639 1271 678 quamsit
1281 641 1392 669 tenebra
1406 661 1414 673 ‚
1437 639 1520 667 robur
1532 638 1563 667 in
1585 637 1640 665 illis
1660 636 1739 665 suum

950 678 1033 708 habet
1042 701 1049 707 .
1071 681 1328 720 L‘lcircosymbolice
1339 682 1464 719 occasum
1470 681 1625 718 J‘peclzntes
1638 699 1645 710 ,
1668 678 1738 706 cali-

946 723 1038 758 ginoso
1057 721 1102 749 illi
1122 723 1300 750 tenebrarum
1313 724 1434 760 principi
1453 722 1627 750 renuntiatis
1648 739 1655 746 .
1687 716 1736 746 Ad

947 761 1019 790 h2nc
1038 760 1267 792 consuetudinem
1287 762 1386 790 alludit
1397 766 1580 799 Hieronymus
1592 781 1600 792 ‚
1623 758 1736 797 quando

949 802 1005 835 ait,
1015 807 1047 831 in
1056 807 1141 832 Amos
1153 814 1176 831 c.
1188 811 1215 832 o.
1231 815 1273 839 14-
1286 809 1318 831 In
1328 804 1463 844 rnjsteriis
1484 808 1497 837 [
1519 799 1649 839 baPtismi
1659 800 1734 828 cele-

946 843 1103 872 brationem
1125 845 1264 883 intelligit
1283 847 1294 875 ]
1313 847 1439 882 primum
1458 845 1657 871 renuntiamus
1686 842 1732 872 ei,

945 888 995 923 qui
1005 888 1034 913 in
1045 886 1192 913 Occidente
1203 886 1238 921 est
1249 907 1258 918 ‚
1277 886 1405 923 nobisque
1426 886 1546 912 moritur
1565 893 1628 912 cum
1637 889 1736 919 pecca-

944 929 982 953 tis
993 939 1002 954 :
1013 925 1091 963 &fic
1101 925 1175 963 versi
1191 927 1379 954 adorientem
1392 947 1400 959 ‚
1416 927 1531 963 pactum
1551 927 1659 952 inimus
1670 932 1733 951 cum

941 967 997 994 Sole
1005 968 1116 1002 justitia
1128 988 1137 999 ,
1156 966 1190 1000 (ἐν
1200 970 1224 994 ei
1231 968 1388 1003 servituros
1399 977 1445 995 nos
1456 965 1503 1002 effi’
1519 967 1715 1003 promittimus
1725 980 1734 989 .

941 1007 1032 1036 Simili
1045 1007 1128 1036 modo
1139 1007 1300 1045 Ambrosius
1310 1028 1319 1040 ,
1329 1008 1361 1035 de
1369 1009 1498 1035 initiatis
1507 1017 1531 1034 c.
1543 1017 1570 1034 2..
1591 1005 1625 1034 ad
1636 1014 1734 1043 quein.-

940 1047 1004 1075 dam
1022 1057 1115 1076 recens
1136 1047 1308 1086 baptizatum
1326 1048 1408 1076 verba
1430 1047 1534 1076 faciens
1543 1068 1553 1080 ‚
1576 1045 1709 1084 ingreffus·
1720 1064 1730 1076 5

941 1087 1035 1127 inquit
1047 1110 1054 1121 ‚
1065 1098 1099 1116 nt
1108 1090 1308 1126 adversarium
1317 1097 1400 1116 tuum
1411 1099 1531 1116 cerneres
1541 1109 1550 1120 ‚
1572 1090 1616 1116 cui
1628 1096 1732 1114 renun-

939 1131 1071 1158 tiandum
1099 1140 1162 1157 moa:
1179 1139 1294 1167 putares
1304 1151 1312 1162 ,
1340 1130 1378 1158 ad
1395 1132 1528 1157 orientem
1544 1128 1713 1156 converteris
1723 1143 1733 1154 0

937 1171 1013 1209 Quis
1024 1172 1101 1197 enim
1110 1174 1259 1199 renuntiat
1269 1170 1375 1198 diabolo
1387 1191 1396 1202 ,
1415 1170 1454 1198 ad
1465 1169 1606 1206 Christum
1617 1177 1732 1196 conver-

937 1219 1013 1238 titur
1023 1229 1030 1237 .
1050 1209 1139 1238 Unde
1147 1210 1311 1240 observante
1321 1213 1446 1248 Gregorio
1464 1212 1652 1239 Nazianzeno
1663 1230 1671 1242 ,
1693 1212 1731 1236 0-

937 1259 993 1278 rat.
1005 1262 1051 1287 40.
1063 1251 1096 1278 de
1105 1252 1178 1288 bapt.
1192 1263 1249 1282 non
1258 1261 1366 1280 tanturn
1380 1251 1469 1280 verbis
1480 1272 1487 1283 ,
1507 1249 1555 1279 sed
1566 1249 1622 1288 ipsa
1632 1258 1728 1278 rerum

936 1291 1028 1329 specie
1039 1313 1047 1324 ,
1061 1290 1156 1320 habitu
1166 1315 1173 1325 ‚
1185 1296 1213 1321 δ(
1223 1293 1300 1332 gestu
1309 1292 1420 1321 diabolo
1432 1291 1637 1320 renuntiabant.
1648 1292 1725 1320 Nam

936 1331 1206 1362 nudi&discalce:iti
1225 1333 1385 1363 iistebantur
1402 1333 1439 1361 ⁴:id
1447 1332 1636 1362 Occidentem
1657 1342 1724 1369 pro·

937 1372 1092 1411 spectantes
1101 1395 1109 1406 ,
1123 1373 1273 1413 manusque
1286 1374 1379 1403 versus
1391 1374 1468 1403 illam
1479 1373 1588 1413 plagunt
1599 1382 1733 1411 protrim-

938 1415 1038 1443 dentes
1051 1435 1058 1442 .
1069 1417 1207 1445 Praeterea
1219 1426 1419 1454 nonnunquam
1432 1425 1525 1443 manus
1535 1414 1707 1442 collidebant
1719 1435 1730 1447 ,

939 1456 1025 1484 adver
1032 1455 1187 1495 seriumque
1197 1456 1274 1486 suum
1284 1456 1457 1485 insufflabant
1468 1478 1476 1489 ‚
1489 1456 1535 1484 vel
1544 1455 1576 1483 in
1586 1455 1668 1483 illum
1680 1465 1730 1483 ex-

937 1492 1070 1535 spuebant
1090 1519 1099 1530 ,
1111 1497 1324 1527 detestationem
1344 1498 1417 1526 illius
1436 1496 1623 1536 significantes
1634 1518 1643 1529 ‚
1661 1505 1730 1534 que-

938 1538 1117 1567 madmodum
1128 1542 1234 1575 Auctor
1246 1561 1254 1572 ‚
1266 1540 1314 1578 qui
1323 1538 1369 1568 sub
1380 1538 1494 1567 nomine
1505 1537 1629 1575 Dionysii
1639 1536 1726 1566 latere

940 1579 1032 1608 voluit
1042 1600 1050 1612 ,
1068 1580 1101 1608 de
1121 1581 1268 1609 Hierarch.
1287 1580 1390 1618 Eccles.
1409 1591 1433 1608 c.
1456 1590 1469 1617 3
1477 1600 1483 1606 .
1505 1588 1564 1606 rem
1575 1576 1706 1606 describit
1717 1595 1728 1606 0

942 1621 958 1654 Η
973 1624 1013 1649 Ex
1024 1631 1079 1659 quo
1087 1620 1173 1649 etiam
1191 1620 1262 1650 hanc
1279 1621 1552 1650 abrenuntiationem
1572 1627 1615 1647 ter
1625 1618 1726 1647 fastam

939 1660 991 1690 esse
1000 1661 1183 1690 condiscimus
1194 1683 1201 1689 .
1222 1661 1377 1691 Alioenim
1387 1661 1449 1689 loco
1458 1658 1618 1688 universam
1630 1659 1665 1689 sic
1675 1659 1725 1688 de-

939 1701 1034 1730 scribit
1052 1703 1238 1731 ceremoniam
1249 1725 1257 1736 ,
1277 1703 1318 1731 Ja'.
1344 1702 1414 1730 Ibid.
1430 1700 1557 1731 Sacerdos
1573 1701 1727 1738 baptizan-

938 1744 1006 1771 dum
1010 1742 1086 1780 sistit
1097 1744 1136 1772 ad
1143 1745 1320 1772 Occidentem
1328 1744 1542 1780 prospec'lantem
1552 1762 1561 1773 ,
1571 1742 1728 1780 manusque

938 1784 1007 1821 vers
1004 1795 1036 1812 us
1046 1784 1127 1812 elliam
1133 1785 1245 1821 plagam
1247 1784 1462 1822 protundentem
1472 1794 1484 1816 ,-
1494 1786 1507 1815 )
1523 1781 1554 1810 in
1564 1784 1667 1810 Graeco
1682 1781 1724 1810 est

940 1822 987 1859 τοὶς
996 1823 1088 1863 χεῖρας
1097 1824 1248 1856 civois-§mc
1257 1845 1268 1862 ,
1287 1824 1363 1863 quod
1371 1823 1508 1863 fignificat
1518 1844 1526 1855 ,
1543 1832 1638 1851 manus
1651 1844 1659 1856 ,
1669 1822 1688 1851 d
1713 1840 1726 1845 -

940 1864 1118 1894 testationem
1136 1865 1309 1905 significandi
1328 1874 1416 1904 gratia
1427 1886 1435 1897 ,
1454 1864 1612 1897 collidere)
1628 1865 1730 1892 deinde

935 1909 1076 1945 satanam·
1084 1915 1127 1934 ter
1135 1907 1237 1946 inflare
1243 1908 1322 1942 Jubet
1333 1927 1341 1939 ‚
1363 1914 1448 1944 atque
1467 1906 1578 1943 insuper
1585 1906 1728 1934 abrenun-

939 1949 1072 1976 tiationis
1081 1948 1169 1976 verba
1174 1947 1294 1985 proferre
1306 1962 1314 1976 .-
1324 1949 1402 1985 eique
1412 1955 1455 1974 ter
1465 1946 1725 1974 abrenuntiationis

931 1988 1101 2026 solemnibus
1112 1990 1206 2017 verbis
1220 1987 1376 2026 propositis,
1395 1997 1481 2026 quum
1498 1987 1623 2016 eamdem
1643 1988 1725 2014 toties

936 2032 1069 2067 conceptis
1079 2029 1172 2058 verbis
1186 2030 1389 2067 pronuntiavit
1400 2049 1407 2060 ,
1428 2028 1518 2065 ipsum
1536 2028 1726 2056 adorientem

936 2068 1076 2107 transfert
1086 2090 1094 2101 ‚
1105 2068 1140 2102 ό»
1150 2073 1181 2099 in
1193 2069 1302 2099 Caelum
1310 2072 1467 2096 intuentem
1478 2090 1486 2102 ‚
1505 2069 1612 2105 manus
1609 2078 1660 2106 que
1678 2076 1728 2096 at-

935 2111 1078 2140 tollentem
1090 2110 1195 2147 Chrtsto
1207 2132 1214 2143 ,
1235 2110 1489 2148 cunffisquesacris
1499 2121 1519 2138 a
1528 2114 1585 2137 Deo
1606 2108 1725 2137 traditis

937 2152 1052 2189 eloquiis
1060 2151 1138 2186 jubet
1147 2152 1304 2189 adsentire.
1326 2151 1405 2179 Hanc
1418 2150 1560 2188 triplicem
1579 2148 1726 2191 renuntia-

937 2194 1045 2223 tionem
1057 2194 1201 2221 Vicecomes
1208 2214 1218 2225 ,
1227 2192 1262 2220 de
1271 2192 1317 2219 rit.
1327 2192 1400 2230 bapt.
1411 2191 1431 2219 l.
1446 2203 1473 2219 2.
1481 2202 1505 2219 c.
1517 2203 1563 2220 ιο.
1574 2199 1653 2229 putat
1662 2189 1697 2217 ess
1705 2199 1724 2219 e

936 2235 1034 2265 faffam
1044 2254 1054 2266 ,
1076 2231 1132 2260 five
1142 2233 1219 2271 quod
1228 2243 1282 2261 tres
1291 2233 1344 2266 sint
1354 2253 1367 2267 ,
1383 2232 1479 2271 quibus
1488 2231 1618 2260 homines
1637 2230 1668 2258 in
1675 2230 1722 2260 ba-

911 2288 915 2291 *
937 2271 1041 2316 ptismo
1050 2283 1214 2303 renuntient
1225 2296 1233 2307 ‚
1245 2273 1368 2307 diabolus
1378 2295 1386 2308 ,
1397 2283 1506 2312 pompae
1519 2276 1575 2309 ejus
1584 2294 1593 2306 ,
1605 2275 1633 2300 δι
1645 2281 1726 2300 mun-

936 2319 986 2347 dus
996 2327 1005 2348 3
1027 2317 1084 2346 five
1105 2314 1138 2342 ad
1148 2315 1358 2354 significandum
1379 2325 1433 2343 tres
1443 2313 1616 2343 Divinitatis
1627 2309 1726 2341 Perso-

938 2368 985 2388 nas
996 2379 1004 2391 ‚
1023 2369 1037 2387 :i
1049 2353 1144 2394 quibus
1153 2357 1321 2398 adoptentur
1338 2356 1390 2386 filii
1402 2377 1411 2389 ,
1432 2356 1498 2384 dum
1509 2354 1610 2383 satanae
1621 2358 1725 2397 renuti-¹

938 2400 1033 2435 tients
1052 2397 1109 2429 five
1119 2398 1196 2439 quod
1213 2399 1333 2431 incivili
1344 2396 1497 2469 agoptione
1507 2417 1517 2435 ρ
1534 2399 1565 2427 δε
1574 2392 1727 2467 ω-’ἕὲῑὲιῖιΐς

1427 2449 1447 2473 4
1678 2466 1684 2474 ,
