1866 2526
0 2288 2 2296 ι

0 2309 3 2334 ,³
51 2301 222 2330 ancuris
236 2324 244 2335 ,
262 2303 346 2332 aries.
371 2304 444 2333 Vide
464 2306 636 2342 Testitrahus
647 2327 655 2335 .

53 2341 189 2370 Larinum
199 2362 206 2369 .
222 2344 278 2372 PR.
291 2345 426 2383 accipitur
435 2346 583 2385 aliquando
595 2358 645 2386 pro
655 2347 794 2383 Martyria
805 2359 810 2375 :
823 2353 836 2383 [
847 2349 896 2377 La-

60 1814 181 1842 Liscus
191 1836 200 1847 ‚
209 1813 393 1845 effoeminatus
404 1838 410 1849 ,
424 1817 514 1845 mollis
524 1831 534 1850 ,-
549 1817 654 1847 fortasse
664 1829 699 1847 ex
708 1828 796 1858 graeca
807 1818 906 1848 dictio-

459 51 568 94 LA

106 110 142 143 lit
151 131 159 140 -
177 112 224 142 Ita
234 109 311 142 varie
319 109 398 140 lilith
408 119 422 138 a
437 108 521 145 variis
531 104 663 147 accipitur.
671 129 679 141 ‚
698 109 727 136 δι
739 105 817 136 Aben
826 105 907 136 Esrah

106 156 186 182 afrem
199 152 281 181 noctu
290 151 434 181 volantem
443 171 452 184 ‚
467 147 516 179 fed
525 151 562 179 D.
576 149 766 184 Hieronymus
776 147 861 176 vertit
871 149 908 177 la-

1255 47 1292 89 L
1324 46 1362 88 A
1634 58 1712 99 401

965 103 1048 135 fidem
1056 102 1247 141 dejiceretsed
1258 113 1289 134 ut
1298 102 1427 133 homines
1438 102 1493 133 Dei
1502 102 1536 132 ad
1544 102 1632 133 Deum
1643 101 1766 133 velocius

963 145 1087 175 mitteret
1098 166 1106 174 .
1127 145 1166 175 D.
1176 146 1314 184 Cyprian.
1325 146 1372 174 lib.
1386 156 1413 173 2.
1424 144 1501 182 epist.
1515 150 1542 172 6.

107 193 285 222 mianfflunc
295 192 387 220 locum
395 191 479 230 aliqui
494 190 609 227 mystice
619 190 679 218 dam
685 189 753 217 natis
760 189 908 228 applicant,
925 190 1111 218 Laxipmuu
1122 207 1130 219 ,
1141 186 1282 217 Monialis.
1292 196 1352 224 quae
1363 195 1453 214 curam
1462 183 1572 214 habebat
1582 184 1700 213 vestiarii
1711 206 1720 218 ‚
1737 188 1766 214 δε

103 244 154 273 per
165 232 308 262 horribilia
316 231 418 270 spefira
428 232 591 262 cruciandis.
603 230 764 269 Allegorice
773 229 853 258 lamia
861 229 908 258 de-

107 275 213 314 signare
223 273 311 312 potest
322 272 482 311 hypocritas
491 275 518 301 ὅ(
529 271 673 300 haereticos
686 292 693 303 ,
717 271 763 309 qui
773 270 906 298 rationem

104 313 252 342 humanam
261 313 455 352 praetendunt,
473 311 520 342 sed
540 312 623 341 finem
641 310 741 341 habent
758 311 888 340 brutalem
899 333 906 339 .

103 354 245 384 Nonnulli
258 355 326 383 hanc
337 364 434 383 vocem
447 376 454 387 ,
475 355 509 382 ob
522 353 661 381 lamiarum
681 352 859 381 voracitatem
869 373 877 386 ,
895 363 907 380 a

105 395 228 424 difflone
240 393 348 431 λαιμός
357 417 364 428 ,
375 404 473 434 guttur
482 416 489 427 ,
500 394 639 433 ingluvies
650 414 659 426 ,
669 393 808 421 deducunt
818 412 826 419 .

63 438 184 467 LAnmA
196 456 204 463 .
217 435 291 464 vide
304 436 443 464 Butuntis
455 456 462 463 .
481 437 615 465 Brac'ha.
624 432 888 463 Charra-Petalmn
900 453 907 460 .

63 479 192 507 LAi-iism
205 497 212 504 .
236 476 310 504 Vide
331 481 434 505 Lama.

65 519 278 547 Lamum-mins
289 537 295 543 .
318 517 392 546 Vide
412 516 555 546 Candela-

65 561 183 588 Lnirms
197 578 203 585 .
227 557 300 585 Vide
322 561 423 586 Butio.
435 556 578 595 Enofotius
588 574 596 582 .

63 600 207 629 [ΛΜΡΕΝΑ
217 619 226 630 ‚
236 608 328 626 curtus
339 597 525 636 resplendens,
535 607 568 625 ex
578 605 669 635 graeco
679 592 909 633 xagvlw'mquod

106 648 204 668 tamen
211 639 318 677 regium
327 648 434 666 currum
443 659 452 670 ,
462 636 506 666 seu
516 637 638 665 lec‘ticam
650 635 784 674 fignificat
794 656 801 663 .
824 641 837 671 [
850 635 908 664 Ad-

100 680 204 708 ducent
217 678 309 708 fratres
330 678 434 706 vestros
451 677 485 706 de
504 676 607 705 cunffis
628 676 784 705 nationibus
801 676 906 704 donum

100 720 232 750 Domino
239 729 301 747 cum
312 719 389 758 equis
401 740 408 751 ,
426 721 453 746 ὃ(
464 717 556 746 rhedis
568 719 596 745 in
606 717 738 755 lampenis
748 717 884 745 mulorum
895 738 902 745 .

101 760 333 795 D.Hieronymus
344 768 486 798 exponens
497 758 650 787 versionem
662 759 744 786 Lxx.
758 757 788 785 in
796 763 907 796 cap.⁶5.

100 799 182 829 lsai:
195 803 207 831 ]
227 800 284 829 Ubi
295 801 407 830 sanetus
416 800 523 828 1)οᾶοτ
533 799 648 834 mystice
665 799 824 827 Sanftorum
833 799 907 827 Cor-

100 850 168 879 pora
175 839 398 880 splendescentia
407 840 544 879 intelligit
553 861 560 868 .

57 884 217 912 Laurum.
239 882 313 910 Vide
334 882 423 911 Ambo
434 901 442 909 .

58 925 194 955 lamvec,
203 922 329 951 hebraice
338 922 469 951 dilectum
480 923 543 951 Deo
557 921 702 961 significat,
713 920 747 949 sic
757 921 908 960 appellatus

99 963 138 991 est
148 964 286 992 Salomon.
300 964 328 992 in
340 963 468 1001 proverb.
478 973 536 1002 cap.
546 974 558 1000 3
570 973 593 990 i.

61 1004 185 1032 LANCEA
196 1024 203 1030 .
226 1003 300 1032 Vide
309 1003 435 1032 Lunchus
447 1023 454 1030 .
465 1007 612 1032 Siromates
624 1024 631 1030 .
653 1005 755 1032 Lancea
764 1013 796 1031 ex
808 1012 864 1031 uuo
875 1002 909 1030 de

101 1042 210 1072 Christi
220 1043 304 1072 clavis
315 1064 323 1072 .
346 1043 420 1072 Vide
431 1044 591 1072 clavatum
603 1044 633 1071 in
644 1043 699 1072 fine
710 1063 717 1070 .

62 1085 193 1118 Lirem,
205 1085 284 1113 vibro
295 1106 302 1117 ,
311 1083 356 1115 seu
367 1085 458 1112 lancea
469 1084 631 1115 transfodioz
646 1090 658 1119 [
670 1083 726 1119 Qui
736 1093 798 1112 :inte
810 1083 906 1112 norint

99 1126 236 1158 lanceare,
245 1135 326 1164 quam
338 1125 604 1154 lanciiiare.Tei·tull.
614 1125 660 1154 lib.
669 1135 696 1163 3.
707 1124 813 1154 advers.
823 1126 905 1154 Marc.

100 1176 158 1204 cap.
174 1177 182 1194 i
189 1176 217 1203 3.

60 1209 243 1235 lascarus
256 1229 263 1239 ,
274 1207 391 1235 vibratus
403 1228 410 1240 ‚
421 1209 449 1235 δε
462 1208 554 1236 lancea
564 1205 716 1237 transfossus
727 1226 734 1233 .

60 1249 176 1276 [mers
188 1269 196 1280 ,
206 1251 235 1276 ὁ(
245 1253 366 1277 statera.
376 1249 432 1277 PR.
444 1248 630 1287 metaphorice
639 1248 710 1276 ratio
720 1247 902 1286 intelligitur,

101 1300 148 1323 24.
168 1287 263 1327 quaest.
281 1299 304 1317 i.
324 1298 383 1316 can.
397 1298 424 1326 3.
442 1288 484 1317 Ibi
501 1289 610 1318 Glossz'i.
633 1289 708 1317 Vide
718 1289 885 1325 Basantmus
897 1308 903 1314 .

97 1329 233 1367 Exagella
243 1348 251 1356 .

58 1369 197 1398 Las-cmo
208 1391 216 1403 ‚
229 1369 349 1399 lanceam
358 1371 446 1399 tracto
456 1391 463 1398 .
485 1369 565 1407 [Qui
575 1381 640 1400 ante
652 1370 749 1399 norint
759 1370 883 1398 lanceare
895 1389 903 1400 ‚

96 1420 179 1448 quam
189 1410 325 1440 lancinare
335 1433 343 1440 .
355 1411 473 1440 Tertull.
482 1410 588 1440 advers.
600 1414 683 1441 Marc.
696 1411 771 1448 lib.3.
781 1421 838 1449 cap.
846 1420 854 1437 i
862 1410 903 1446 3·]

97 1451 232 1480 l‘amelius
245 1452 281 1480 ibi
295 1473 302 1480 .
321 1452 455 1488 Quamvis
466 1463 524 1480 non
540 1463 600 1481 raro
610 1462 660 1490 pro
672 1453 788 1480 lacerare
804 1450 906 1488 accipi-

102 1501 148 1518 tur
157 1513 166 1523 ,
185 1491 215 1519 in
225 1502 281 1529 quo
289 1492 368 1520 sensu
379 1492 497 1520 Arnobii
507 1502 597 1521 textus
608 1493 654 1520 lib.
666 1503 692 1530 3.
710 1490 815 1521 advers.
826 1493 903 1520 Gen-

97 1540 138 1559 tes
149 1551 156 1563 ,
167 1530 202 1558 sic
214 1530 294 1560 habet
305 1544 311 1560 .·
325 1539 337 1568 [
350 1535 384 1561 Et
395 1533 567 1561 membratim
575 1536 723 1571 conjugem
733 1533 878 1561 latinarum
891 1534 902 1563 ]

101 1571 185 1599 redde
195 1576 396 1601 lancinatum.
406 1573 448 1601 Sic
458 1573 540 1601 etiam
553 1573 582 1601 in
596 1573 750 1602 Flodoardo
762 1573 808 1601 lib.
819 1582 905 1611 ψεαρ.

102 1622 147 1647 52.
161 1611 224 1640 hist.
238 1614 358 1642 Remens
368 1632 375 1640 .
395 1613 441 1641 ubi
461 1613 517 1641 ait.-
537 1617 690 1643 Lacinator
698 1618 756 1650 eJ'us
766 1635 774 1648 ,
798 1612 906 1643 restitue

98 1656 271 1681 Lancia-ator
281 1659 338 1689 ejus
350 1675 358 1687 ‚
370 1653 437 1682 idest
450 1675 458 1687 ,
470 1654 591 1683 carnifex
603 1675 611 1683 .

58 1693 163 1721 LANDA
176 1713 183 1720 .
207 1693 281 1722 Vide
299 1700 398 1723 Lunna
409 1715 417 1722 .

60 1734 253 1763 Laxcnvius
265 1756 273 1767 ,
284 1733 329 1763 seu
341 1738 530 1773 Lantgraviur
541 1757 548 1764 .
564 1736 638 1765 Vide
649 1740 754 1766 Gravia
763 1758 771 1770 ‚
781 1735 826 1765 seu
836 1738 904 1766 Lan-

99 1774 227 1812 gravius.
251 1775 324 1804 Vide
342 1781 453 1805 Lunna.

98 1865 132 1884 ne
144 1851 246 1892 >4ng
256 1877 265 1888 ‚
277 1855 333 1885 sive
344 1854 446 1894 λέγῃς
455 1879 463 1891 ,
473 1858 541 1886 idest
552 1859 645 1887 mollis
653 1881 661 1886 .

141 1897 192 1924 Lot
204 1906 314 1934 quoque
325 1919 333 1930 ‚
345 1907 392 1936 qui
403 1898 498 1938 langos
507 1898 652 1928 sceleratos
663 1900 770 1928 vixerat
781 1899 853 1928 inter
868 1921 876 1933 ‚

139 1935 247 1974 Hospes
255 1936 411 1975 hospitibus
421 1940 540 1977 praebens
551 1942 704 1969 umbracula
716 1941 781 1969 testi
794 1961 803 1969 .

97 1976 276 2010 Aldhelmus,
288 1978 331 2006 ubi
341 1979 404 2007 ocio
415 1980 540 2018 capitalia
552 1980 622 2009 vitia
630 1980 770 2010 describit.
785 1980 904 2010 Rosvei-

99 2018 149 2045 dus
159 2027 236 2056 putat
249 2019 446 2057 Longobardos
456 2030 534 2049 antea
544 2023 730 2060 Langobardos
743 2022 904 2060 appellatos,

100 2061 129 2087 δε
140 2068 172 2086 ex
183 2057 236 2086 hoc
250 2060 363 2088 nomine
375 2060 520 2089 deductum
530 2072 648 2097 etymon
659 2062 743 2095 fuifl'e,
756 2062 821 2101 quia
830 2061 904 2091 effu:-

98 2099 199 2142 minati
210 2109 286 2127 erant
299 2098 361 2128 :sed
372 2101 455 2129 alite.-
464 2100 588 2130 historici
600 2103 723 2131 referunt
735 2124 742 2136 ,
755 2102 830 2141 quod
840 2123 848 2136 ,
860 2104 903 2131 ni-

95 2148 196 2168 mirum
215 2161 223 2172 ,
231 2150 245 2168 a
254 2141 401 2177 langbard
410 2162 418 2173 ,
441 2141 510 2170 idest
523 2164 530 2175 ‚
553 2144 637 2182 longa
646 2143 723 2172 barba
730 2143 902 2173 denominati

96 2179 152 2208 firit
163 2201 172 2212 ‚
187 2190 220 2208 eo
231 2181 305 2219 quod
316 2182 429 2219 longam
438 2182 544 2211 barbam
555 2184 714 2212 nutriebant
724 2204 732 2216 ,
750 2187 778 2212 δε
789 2184 903 2213 ulterius

94 2230 152 2248 non
164 2222 271 2250 constat
282 2232 327 2250 eos
339 2222 509 2256 inolles,imo
519 2223 714 2253 strenuissimos
723 2224 828 2253 milites
837 2225 901 2255 fiiis-

92 2259 120 2288 se
132 2281 140 2293 ‚
164 2271 192 2289 ac
203 2260 305 2290 feroces
314 2283 322 2290 .

89 2382 173 2411 niena
183 2384 294 2422 gravior
304 2384 391 2415 adhuc
402 2387 448 2416 diu
460 2386 660 2426 perseveravit,
671 2399 731 2417 non
740 2398 771 2418 ut
781 2389 895 2418 stantem

130 2424 322 2456 ffierolexicon
336 2431 430 2456 Macri
440 2447 447 2457 .

371 2470 380 2485 Ι

964 238 1012 267 per
1022 226 1190 266 consequens
1200 228 1288 256 lanam
1301 225 1449 264 pendendi:
1459 231 1473 261 [
1482 225 1586 256 Omnis
1596 225 1710 254 lanificii
1719 235 1766 254 cu-

964 277 992 298 ra
1002 290 1009 302 ‚
1029 267 1102 297 unde
1113 267 1276 297 vestimenta
1286 266 1383 296 sanctis
1402 266 1539 295 sororibus
1557 265 1747 295 ministrentur
1758 287 1769 300 ,

963 310 997 338 ad
1005 307 1221 338 sollicitudinem
1232 308 1389 346 Praepofitae
1400 327 1408 340 ,
1430 307 1474 335 vel
1486 306 1667 345 Lanipendioe
1679 307 1766 346 perti-

964 349 1039 379 nebit
1049 371 1057 378 .
1067 351 1103 379 In
1114 351 1216 388 Regul.
1227 350 1252 379 S.
1263 348 1390 379 Caesariae
1402 347 1483 387 Virg.

924 393 1071 421 Limina.
1083 392 1119 421 In
1128 386 1264 429 plerisque
1275 388 1347 418 m.ss.
1356 389 1454 418 inveni
1463 390 1533 416 hanc
1544 388 1764 428 inscriptionem:

964 434 1034 461 NN.
1043 432 1186 468 Presbyter
1196 431 1292 460 lanista
1300 452 1308 459 .
1318 432 1376 460 FR.
1388 429 1419 458 in
1429 429 1620 467 explicatione
1627 430 1706 467 hujus
1716 441 1768 460 vo-

968 473 1054 501 cabuli
1065 473 1169 511 Lipfius
1179 471 1268 512 lapsus
1276 471 1316 500 est
1325 470 1484 510 tripliciter.
1494 470 1587 499 Primo
1596 470 1672 500 enim
1682 471 1728 500 lib.
1744 482 1768 499 i.

965 515 1048 543 Satur.
1057 513 1136 542 serm.
1147 523 1207 552 cap.
1222 523 1230 541 i
1240 522 1264 548 5.
1275 508 1319 540 ubl
1329 511 1363 540 sic
1372 512 1420 540 ait:
1436 510 1492 547 [Hi
1502 510 1588 540 iidem
1599 511 1704 541 lanistae
1716 511 1767 540 ho-

966 554 1080 582 nestiori
1092 554 1249 582 invidendo
1261 551 1344 581 verbo
1364 552 1491 581 dodores
1502 552 1579 581 dieti.
1590 555 1602 585 ]
1614 554 1691 590 Nam
1701 554 1766 582 licet

964 595 1096 631 Magister
1106 595 1282 631 Lamstarum
1291 616 1300 627 ‚
1318 597 1346 622 ἔ(
1367 603 1423 621 non
1434 593 1541 621 Dostor
1560 594 1631 632 apud
1647 594 1769 633 aliquem

964 635 1114 663 Auctorem
1130 635 1280 673 reperiatur
1292 645 1299 662 ε
1317 633 1446 662 differunt
1465 643 1556 662 tamen
1575 644 1626 663 aera
1646 635 1750 673 lupinis
1759 657 1769 668 ,

964 676 1028 713 quia
1039 676 1169 714 quaelibet
1179 685 1220 704 ars
1230 675 1295 704 vilis
1304 673 1364 703 suos
1375 673 1529 713 Magistro&
1546 678 1575 703 ὃ(
1584 676 1769 714 Praeccptores

962 714 1061 744 habere
1072 716 1160 754 potest
1173 737 1180 749 ,
1193 727 1219 744 ac
1231 716 1340 745 Doctor
1349 716 1379 743 in
1388 715 1539 744 liberalibus
1547 716 1648 745 artibus
1658 725 1768 746 tantum

964 755 1074 784 dicitur.
1084 758 1182 795 Itaque
1193 756 1301 786 Lanista
1310 756 1414 784 dicitur
1422 755 1456 784 de
1466 766 1510 788 eo.
1521 756 1568 794 qui
1576 756 1716 785 lanienam
1726 768 1767 786 ar-

965 806 1021 825 tem
1040 797 1070 825 in
1081 797 1196 826 macello
1205 806 1314 826 exercet
1323 817 1330 824 .
1350 803 1363 832 [
1374 795 1498 826 Desefliis
1514 795 1572 825 sum
1581 808 1702 836 quaerere
1718 809 1767 838 per

964 838 1114 866 medicinas
1122 860 1130 871 ,
1141 838 1290 867 tonstrinas
1301 860 1308 871 ‚
1318 837 1350 866 iu
1357 837 1504 877 gymnasio
1515 858 1522 869 ‚
1533 846 1614 877 atque
1625 838 1686 867 foro
1697 860 1705 872 .
1716 846 1766 878 pet

965 879 1122 917 myropolia
1132 901 1139 913 ‚
1149 879 1302 908 &lanienas
1313 899 1320 906 .
1332 878 1442 907 Plautus
1452 878 1481 905 in
1493 878 1574 916 Epid.

1003 920 1168 949 Tcstandum
1179 930 1239 948 cum
1250 920 1282 948 sit
1290 919 1415 948 leonibus
1424 929 1504 957 atque
1515 919 1620 948 lanistis
1629 940 1637 948 .

964 961 1106 1000 Juvenalis
1116 961 1212 996 Satyra
1221 968 1248 990 6.
1260 961 1304 989 ubi
1312 962 1434 998 Joannes
1443 959 1614 990 Britannicus
1623 970 1766 991 commen-

963 1011 1036 1030 tator
1046 1001 1084 1030 ait
1093 1023 1100 1034 ‚
1111 1002 1226 1031 lenones
1236 1001 1292 1030 dici
1301 1011 1360 1029 non
1368 1000 1456 1029 solum
1467 1021 1474 1033 ,
1483 1000 1531 1039 qui
1543 1001 1674 1039 quzestum
1685 1002 1764 1031 leno-

964 1043 1041 1071 nium
1052 1051 1180 1071 exercent
1191 1063 1199 1075 ,
1217 1041 1264 1070 sed
1274 1042 1357 1071 etiam
1367 1041 1415 1086 qui
1425 1042 1614 1079 caupona-riam
1623 1052 1708 1072 artem
1718 1064 1726 1076 ‚
1747 1044 1766 1072 si

962 1083 1121 1122 quaestuaria
1131 1083 1266 1121 mancipia
1276 1082 1399 1111 habuerit
1409 1082 1594 1111 ministrantia
1604 1105 1613 1116 ,
1634 1083 1653 1111 l.
1664 1082 1767 1113 Athle-

963 1135 989 1153 ta
999 1147 1006 1157 ‚
1019 1135 1045 1159 4.
1056 1124 1081 1156 ξ.
1093 1124 1132 1152 ait
1142 1126 1248 1153 Praetor
1259 1123 1285 1152 ff.
1295 1123 1337 1152 his
1350 1145 1357 1156 ,
1368 1123 1415 1162 qui
1426 1132 1486 1151 not.
1496 1122 1590 1152 infam.
1601 1132 1682 1164 atque
1691 1124 1766 1154 idem

963 1165 1104 1204 Juvenalis
1114 1167 1203 1201 Satyr.
1217 1176 1228 1194 ,ι
1240 1176 1262 1194 ι.

997 1205 1148 1244 Scripturas
1158 1207 1231 1245 leges
1241 1228 1248 1239 ‚
1271 1210 1297 1235 ὅ(
1309 1206 1383 1246 regia
1392 1207 1472 1235 verba
1481 1206 1583 1235 lanistae

1001 1247 1105 1275 Multos
1117 1257 1200 1285 porro
1212 1247 1289 1276 vides
1299 1269 1306 1280 ‚
1317 1258 1384 1286 quos
1394 1247 1428 1276 sae
1433 1257 1465 1286 pe
1477 1246 1561 1276 elasus
1572 1247 1606 1276 ad
1618 1246 1706 1286 ipsum

1000 1288 1135 1316 Creditor
1145 1289 1291 1317 introitum
1300 1287 1370 1316 solet
1380 1289 1524 1326 expeciare
1535 1287 1642 1316 macelli
1654 1309 1663 1321 ,

1001 1331 1035 1356 Et
1043 1329 1138 1366 quibus
1146 1329 1177 1357 in
1186 1328 1248 1357 solo
1259 1330 1285 1358 vi
1292 1329 1374 1358 vendi
1384 1328 1458 1357 caus-1
1467 1329 1557 1366 palato
1567 1328 1606 1358 est
1616 1348 1623 1356 .

961 1367 1020 1396 Ubi
1032 1369 1182 1398 evidenter
1191 1370 1225 1398 de
1236 1369 1278 1398 liis
1291 1392 1297 1402 ‚
1308 1369 1354 1408 qui
1367 1369 1495 1398 escariam
1506 1380 1616 1398 carnem
1626 1370 1656 1398 in
1668 1371 1767 1399 macel—

962 1409 991 1436 lo
1002 1409 1105 1439 laniant
1117 1432 1125 1444 ‚
1137 1411 1248 1440 Poetam
1259 1412 1335 1450 loqui
1345 1421 1419 1448 patet
1432 1432 1439 1438 .
1452 1411 1524 1438 Item
1536 1411 1655 1439 Martial-
1667 1411 1766 1450 Epigr.

963 1453 1008 1479 82.
1031 1451 1077 1479 lib.
1089 1458 1116 1480 6.

1002 1492 1124 1528 Quidam
1146 1503 1190 1521 me
1211 1494 1296 1523 modo
1306 1515 1314 1527 ‚
1337 1493 1408 1523 Rufe
1421 1514 1429 1526 ,
1451 1491 1603 1530 diligenter
1613 1512 1621 1519 .

1002 1531 1158 1572 Inspestum
1170 1556 1179 1568 ‚
1202 1536 1279 1563 velut
1301 1543 1411 1573 emptor
1424 1556 1430 1566 ,
1453 1542 1500 1560 aut
1522 1532 1616 1561 lanista
1626 1554 1634 1560 .

963 1575 1055 1603 Poetae
1067 1573 1160 1603 sensus
1170 1575 1208 1604 est
1219 1598 1226 1608 ‚
1238 1586 1337 1614 nempe
1349 1596 1356 1608 ,
1367 1573 1394 1602 se
1406 1572 1480 1602 fuiffe
1493 1595 1501 1606 ‚
1518 1583 1534 1600 a
1544 1573 1663 1611 quodam
1673 1572 1767 1612 inspe—

963 1615 1036 1642 ctum
1045 1636 1053 1648 ,
1064 1626 1098 1643 eo
1109 1616 1193 1644 modo
1206 1638 1212 1648 ,
1226 1627 1279 1654 quo
1292 1627 1331 1645 res
1341 1615 1463 1644 cmibiles
1472 1614 1503 1642 ab
1514 1614 1683 1651 emptoribus
1695 1635 1702 1647 ,
1719 1612 1766 1643 seu

964 1656 1093 1684 animalia
1112 1667 1164 1694 pro
1175 1658 1288 1685 macello
1305 1667 1319 1684 τι
1330 1656 1432 1684 lanistis
1441 1655 1596 1694 diligenter
1604 1652 1703 1694 inspici
1722 1652 1766 1683 so-

964 1695 1040 1724 lent.
1053 1699 1095 1725 Ac
1106 1697 1180 1725 idem
1191 1698 1278 1737 epigr.
1289 1705 1335 1729 67.
1349 1696 1394 1725 lib.
1412 1707 1454 1724 ii.

1004 1740 1040 1765 Et
1061 1737 1168 1765 delator
1189 1749 1215 1766 es
1227 1761 1234 1771 ,
1257 1742 1283 1767 ὅ(
1306 1737 1502 1766 calumniator:

1005 1781 1040 1805 Et
1063 1777 1202 1807 fraudator
1223 1790 1248 1808 es
1260 1802 1268 1812 ‚
1290 1783 1317 1807 δ(
1338 1778 1496 1817 negotiator
1505 1797 1512 1804 .

1005 1821 1039 1846 Et
1062 1818 1199 1849 fellatorcs
1209 1842 1216 1853 ,
1240 1824 1266 1849 &
1290 1820 1402 1850 lanista5
1427 1819 1514 1846 miror

1005 1859 1096 1896 Qate
1118 1871 1176 1889 non
1199 1860 1278 1889 habes
1302 1861 1418 1889 Vacerra
1441 1868 1566 1887 nummos
1575 1878 1583 1885 .

963 1899 1067 1935 Quibus
1077 1901 1153 1928 vitiis
1174 1901 1296 1930 laniones
1307 1901 1438 1930 abundare
1449 1899 1539 1928 solent
1550 1919 1557 1926 .
1584 1898 1659 1927 Hinc
1680 1899 1766 1928 miror

962 1941 1083 1978 Lipfium
1100 1951 1155 1970 tam
1165 1941 1299 1971 eruditiffi
1304 1951 1377 1970 mum
1396 1941 1540 1970 hominem
1562 1940 1652 1968 veloci
1665 1941 1767 1969 calamo

962 1981 1105 2010 excurrisse
1115 2004 1124 2015 ,
1141 1986 1167 2011 &
1181 1984 1209 2011 in
1221 1981 1297 2011 sensu
1307 1983 1488 2021 gladiatorum
1501 1981 1643 2021 praedistas
1652 1981 1768 2010 auetori-

962 2031 1030 2050 tates
1041 2023 1208 2061 expendifle,
1223 2023 1296 2062 quod
1308 2023 1359 2051 fuit
1369 2022 1501 2052 secundus
1509 2032 1586 2051 error
1603 2032 1651 2061 per
1662 2032 1706 2051 me
1716 2032 1767 2051 no-

962 2072 1031 2091 tatus
1043 2063 1105 2092 loco
1114 2063 1192 2102 supra
1203 2064 1289 2092 citato
1300 2086 1306 2092 .
1319 2065 1354 2092 In
1362 2062 1441 2093 sensu
1452 2075 1520 2093 vcro
1531 2063 1716 2103 gladiatorum
1726 2064 1764 2092 lo-

961 2112 1060 2142 quutus
1069 2104 1107 2132 est
1125 2108 1160 2133 A.
1172 2105 1282 2133 Hirtius
1300 2106 1333 2134 de
1353 2105 1426 2134 bello
1436 2105 1569 2135 Africano
1588 2104 1717 2143 inquiens
1729 2116 1736 2136 5
1750 2107 1764 2137 ]

961 2143 1055 2172 Caesar
1067 2155 1167 2173 contra
1176 2145 1311 2182 ejusmodi
1329 2145 1449 2175 hostium
1465 2156 1565 2186 genera
1577 2147 1668 2184 copias
1687 2144 1745 2174 suas
1756 2167 1764 2178 ,

959 2195 1019 2212 non
1039 2194 1068 2213 ut
1078 2187 1232 2224 Imperator
1243 2187 1394 2215 exercitum
1417 2196 1575 2216 veteraniuu
1586 2208 1596 2220 ‚
1615 2187 1765 2215 viftorem-

959 2235 1012 2264 que
1023 2226 1148 2255 maximis
1159 2228 1235 2256 rebus
1244 2228 1326 2267 gestis
1335 2250 1343 2260 ‚
1363 2226 1410 2257 sed
1429 2238 1459 2256 ut
1471 2228 1565 2257 lanista
1577 2237 1692 2263 tyrones
1708 2227 1765 2265 gla-

958 2266 1079 2295 diatores
1088 2268 1298 2296 condocefacere
1307 2273 1360 2298 «Sec.
1373 2271 1386 2301 ]
1409 2272 1443 2298 Et
1457 2269 1484 2298 in
1494 2269 1593 2298 eodem
1609 2266 1688 2295 sensu
1699 2268 1766 2295 Sve-

959 2309 1052 2336 tonius
1062 2309 1091 2336 in
1105 2309 1179 2346 Julio
1190 2308 1299 2338 Caesare
1310 2310 1348 2338 ait
1357 2310 1406 2338 lib.
1422 2321 1445 2338 i.
1455 2321 1514 2350 cap.
1525 2317 1571 2339 26.
1594 2307 1768 2343 [Gladiatoa

957 2359 998 2379 res
1011 2359 1093 2378 notos
1103 2350 1183 2378 iicubi
1195 2351 1224 2378 in
1230 2349 1301 2379 festis
1310 2349 1522 2389 speciatim-nibus
1531 2349 1696 2379 dimicarent
1705 2369 1715 2382 ,
1733 2349 1764 2379 vi

956 2390 1112 2432 rapiend05‚
1122 2389 1356 2432 reservandos-px
1370 2392 1512 2421 mandabat
1522 2412 1527 2420 .
1538 2394 1664 2425 Tyrones
1673 2399 1764 2433 neque

1394 2433 1421 2462 C
1431 2443 1443 2461 c
1691 2439 1722 2462 m
