1866 2526
150 73 226 113 514
486 60 519 102 P
550 59 590 102 A

127 127 172 146 aut
182 115 271 156 paviri
279 115 414 156 receperit
425 139 433 150 ,
442 117 548 156 semper
557 114 671 146 excuffis
680 115 740 146 solo
761 115 905 155 respuente
916 117 1002 148 ‚JPAx
1015 136 1023 148 ,
1035 124 1095 153 quae
1108 125 1115 142 i

123 169 184 198 qua:
194 168 286 188 manus
295 157 449 188 adornandi
461 159 550 188 studio
560 159 679 187 tentavit
688 168 826 198 apponere
835 178 843 184 .

81 199 242 228 faunam
253 220 262 232 ‚
279 199 335 228 five
353 199 529 236 Paultamstae
539 219 546 227 .
574 201 631 228 PR.
649 197 789 228 Haeretici
809 208 822 225 a
841 196 925 225 Paulo

122 239 303 269 Samosateno
310 240 345 269 sic
356 239 547 272 denominati,
556 242 629 276 cujus
641 239 763 278 improba
777 238 842 267 vita.
855 237 926 265 Vide

125 285 239 309 Doeceta
250 301 257 308 .
268 280 308 309 Hi
318 279 462 312 Christum
472 279 690 319 blasphemabant
701 279 842 307 afferentes
852 298 860 310 ‚
871 287 928 305 non

124 321 200 350 aliud
208 320 378 360 principium
386 321 503 351 habuifie
515 343 522 354 ,
534 321 585 349 nifi
597 331 610 348 a
619 320 803 358 generatione
814 317 907 346 Mariae
919 339 927 350 ‚

124 373 184 390 can.
194 362 491 400 quidam‚24.quaest.3.
503 363 529 393 ξ.
538 361 662 389 Pauliani
673 382 681 393 ,
692 371 751 388 can.
763 359 782 388 sr
793 359 853 397 quis
864 368 929 387 con-

125 401 227 441 fugerit
236 424 244 435 ‚
256 406 283 430 &
292 413 352 430 can.
363 403 534 431 Paulianistae
547 423 554 433 ,
573 412 595 429 ι.
606 401 699 439 quaest.
716 411 741 428 ι.

84 445 164 472 mut
170 453 226 472 111.
237 445 294 472 FR.
306 444 438 472 Haeretici
451 442 599 472 Severiani.
612 444 712 470 Baton.
723 451 767 469 an.
781 449 812 478 53
823 444 929 475 5.n.84.

84 485 203 515 PAuLus
215 486 391 513 Amos-roms
401 504 413 513 ,.
427 483 500 511 Vide
512 483 610 520 Pseudo
620 483 721 510 Saulus
732 502 739 509 .
750 483 812 515 Ejus
825 479 931 518 effigies

122 523 256 563 descripta
267 545 275 552 .
287 524 360 552 Vide
370 523 500 552 Galilaus
512 544 519 551 .
540 524 601 557 Ejus
610 521 741 551 Monaclii
751 521 912 551 Orientales
923 541 930 546 .

125 564 200 593 Vide
208 565 438 601 :sensurasQuare
445 564 479 592 de
488 575 521 593 eo
532 563 562 591 fit
574 563 682 592 mentio
693 563 722 592 in
731 563 851 592 Canone
862 559 932 590 Mis—

122 604 159 634 sae
172 615 236 634 ante
246 604 483 633 consecrationem
495 627 503 639 ,
516 614 574 633 non
583 614 651 633 vero
657 604 695 636 *de
705 605 731 633 S.
738 602 870 637 Matthia.
881 600 933 632 Vi-

127 646 161 674 de
172 650 266 675 Canon
276 646 359 683 Miffa
371 666 378 673 .

84 688 167 716 Pavo
179 708 186 719 ,
195 687 312 715 animal:
326 686 399 716 varia
409 689 463 722 ejus
472 685 686 724 grammaticalis
696 683 847 714 declinatio
859 703 866 711 .
881 681 932 712 Vi-

123 727 159 756 de
169 728 346 764 Cataclistus.
357 729 418 756 -FR,
428 729 573 756 Pavonum
584 727 698 755 Corona
709 736 723 754 a
732 727 804 763 Papa
813 723 925 762 Angue

123 766 282 806 Regimiffa
292 788 299 795 .
320 770 419 797 Baron.
431 778 473 796 an.
491 779 499 796 1
512 779 520 795 i
530 772 575 796 86.
595 778 622 795 n.
633 778 660 803 9.
671 769 743 796 Item
763 764 933 794 Pavomlci-

122 808 385 848 citramfignificare
398 819 464 846 puto
475 808 505 836 in
516 808 679 837 leftionibus
701 807 788 836 saneti
803 803 931 835 Marcelli

123 852 202 887 Papae
214 852 242 878 ὃ(
251 852 333 879 Mart.
345 850 374 878 in
385 849 502 889 quodam
512 849 669 887 pervetusto
682 845 807 877 Liciense
814 845 932 875 Brevia—

125 891 170 919 rio
183 911 191 923 ,
202 890 247 918 ubi
259 890 292 919 sic
302 889 433 923 habetur:
448 889 537 925 [Post
545 889 605 917 dies
614 890 678 917 osto
688 888 805 918 veniens
822 886 932 915 Sanctus

124 931 272 964 Marcellus
293 930 441 969 Episcopus
458 940 521 958 cum
539 930 640 959 Lucina
650 931 777 961 Matrona
794 927 932 956 Christia-

125 970 233 1000 nislima
245 993 253 1005 ‚
265 971 395 1000 condidit
404 981 519 1010 corpora
529 971 690 999 Sanctorum
700 967 864 999 aromatibus
875 989 882 1000 ,
904 971 932 995 ὃ(

123 1012 327 1041 linteaminibus
336 1012 462 1041 involvit
472 1033 480 1045 ,
497 1022 526 1040 ac
540 1010 671 1050 imposuit
684 1012 763 1039 noete
781 1010 810 1038 in
823 1017 932 1047 pavone

124 1053 174 1082 suo
184 1064 246 1082 cum
256 1052 393 1082 Eunuchis
405 1051 458 1080 suis
467 1074 475 1085 ,
484 1051 784 1087 §csustulit-Martyres
792 1053 846 1078 &c.
860 1052 872 1081 ]
886 1051 931 1077 An

124 1094 174 1124 istc
184 1096 259 1126 Pavo
270 1102 326 1122 erat
335 1092 478 1122 Pontificis
489 1115 496 1125 ,
507 1096 534 1122 ὃ(
546 1092 771 1131 tuncsuspicarer
780 1091 930 1119 enci-‘avo—

122 1147 184 1164 nem
195 1156 204 1168 ‚
215 1134 250 1163 de
262 1144 318 1172 quo
328 1134 377 1162 suo
386 1135 449 1162 loco
459 1133 580 1167 diximus
589 1155 598 1162 .

83 1178 202 1205 Pauper
214 1196 221 1203 .
233 1175 308 1204 Vide
325 1175 500 1215 Eleemosyna
509 1195 516 1201 .
525 1177 694 1204 Laturarius
706 1194 714 1202 .

82 1219 234 1245 mopsus
247 1216 280 1244 de
292 1216 429 1254 Lugduno
440 1237 448 1248 ‚
460 1216 596 1244 Haeretici
607 1235 614 1242 .
626 1215 820 1247 VidelGazari
829 1234 836 1242 .

83 1258 225 1287 PAusANA
240 1278 247 1289 ,
260 1256 451 1289 interstitium,
463 1266 590 1295 proroga,
601 1255 733 1293 temporis
742 1252 931 1284 intervallum,

124 1296 218 1337 pausa.
233 1296 386 1332 [Pausanas
395 1296 486 1335 exigit
498 1318 506 1329 ‚
517 1307 580 1335 quas
592 1306 641 1325 nec
657 1305 684 1324 te
697 1296 810 1334 exigere
820 1316 827 1328 ,
840 1302 930 1331 neque

123 1349 174 1368 nos
184 1338 338 1372 concedere
347 1337 419 1365 ratio
437 1336 491 1375 ipsa
510 1336 654 1376 compellit
665 1357 672 1364 .
695 1335 881 1375 Luitprandus
902 1333 930 1361 in

125 1383 180 1416 ejus
190 1379 349 1417 legatione,
361 1380 372 1409 ]
386 1377 459 1406 Vide
469 1378 604 1414 Pausatio
618 1398 624 1404 .
637 1378 725 1414 Pausa
735 1397 742 1405 .

85 1421 224 1449 Pnusnus
237 1440 245 1452 ,
256 1423 283 1448 δ(
294 1418 406 1455 Pausito
416 1438 423 1445 .
435 1417 509 1446 Vide
518 1419 707 1447 Biothanatus
717 1437 725 1444 .

84 1463 243 1490 PnusATio
254 1481 262 1493 ‚
273 1459 403 1488 diastema
413 1479 420 1491 ‚
433 1458 565 1497 temporis
575 1458 752 1496 intercapedo
765 1477 772 1485 .
782 1462 796 1492 t
808 1454 931 1485 pausatio

126 1502 233 1531 Sanetae
246 1500 341 1529 Mariae
355 1521 363 1532 ‚
377 1502 388 1530 ]
403 1499 489 1531 idest,
499 1499 574 1537 quies
587 1511 594 1529 3
606 1500 640 1528 fic
650 1499 803 1537 appellatur
815 1498 846 1525 in
864 1506 931 1534 quo-

125 1542 189 1570 dam
199 1539 388 1579 antiquissimo
400 1541 466 1568 MS.
478 1539 646 1573 Calendario
656 1538 836 1569 Bibliothecae
847 1538 929 1566 S.Ge-

124 1582 235 1611 novefae
248 1581 407 1610 Monasterii
417 1580 570 1610 Pariiienfis
584 1580 680 1608 festum
692 1578 892 1617 Ass'umptionis
902 1580 930 1606 B.

126 1623 255 1662 Virginis
267 1644 275 1655 ,
287 1622 362 1660 quod
372 1621 465 1649 Graeci
475 1621 687 1653 Dormitioneni
698 1630 798 1648 vocant
808 1641 815 1652 ,
834 1623 862 1648 ὃ(
875 1628 930 1646 me-

125 1663 270 1702 taphorice
278 1672 396 1691 mortem
406 1661 539 1700 fignificat
552 1682 559 1689 .

81 1707 194 1737 pauso,
204 1702 314 1743 quiesco
325 1724 331 1731 .
345 1710 357 1739 [
370 1705 566 1731 Verumtamen
577 1701 717 1741 pausemus
728 1700 774 1729 hic
787 1722 794 1734 ‚
804 1700 823 1729 si
834 1700 931 1738 placet,

124 1745 210 1774 hodie
221 1766 228 1773 .
239 1746 265 1773 S.
276 1743 430 1774 Bernatdus
444 1743 474 1771 in
494 1743 575 1772 serni.
597 1753 623 1781 3.
636 1744 669 1771 ad
689 1742 784 1771 festum
793 1741 930 1771 Omnium

123 1787 283 1815 Sanstotum
293 1806 301 1812 .

85 1828 211 1857 ΡΑνυιΑ
223 1848 230 1859 ,
240 1825 294 1854 hoc
305 1825 467 1854 vocabulum
478 1825 508 1853 in
519 1823 621 1863 regulis
633 1822 811 1854 S.Pachomii
823 1843 831 1855 ‚
849 1833 872 1849 c.
883 1833 930 1855 72.

125 1867 263 1906 reperitur
272 1888 279 1899 ,
293 1866 337 1895 ubi
349 1866 383 1895 fic
392 1864 506 1895 habetur
518 1875 523 1891 τ
537 1865 672 1900 [Nullius
682 1865 778 1894 habeat
788 1863 932 1900 separatim

125 1908 281 1937 mordacem
292 1907 427 1945 pavulam.
440 1910 452 1939 ]
465 1906 600 1944 Loquitur
611 1906 644 1933 de
657 1905 790 1945 volsellis‚
801 1913 861 1931 cum
872 1904 931 1941 qui—

126 1950 173 1977 bus
184 1947 315 1977 Monachi
325 1946 414 1985 spinas
425 1948 454 1975 in
466 1957 559 1976 eorum
570 1946 679 1985 pedibus
691 1945 819 1977 cdnfiCtas
839 1944 931 1982 expel-

126 1990 198 2018 lebat
207 2011 215 2022 ‚
225 1990 289 2018 dum
300 1988 453 2017 discalceati
464 1987 632 2016 incedebant:
644 1988 760 2024 ideoque
774 1986 804 2013 in
815 1995 843 2013 ea
853 1994 932 2023 regu-

127 2030 154 2057 la
163 2030 306 2058 ordinatur
317 2052 325 2062 ‚
337 2029 411 2066 quod
422 2029 583 2067 praedittum
593 2028 806 2056 instrumentum
818 2027 847 2054 in
856 2035 931 2053 com-

126 2071 221 2103 muni,
232 2081 290 2098 non
299 2080 389 2098 autem
402 2069 431 2097 in
442 2068 599 2107 particulari
610 2068 724 2097 retineri
737 2065 928 2105 possit-Aliqui

125 2119 226 2148 putant
237 2121 270 2138 ex
280 2121 371 2149 graeco
381 2109 514 2138 vocabulo
523 2108 633 2139 παῦλα
644 2131 653 2142 ‚
666 2109 734 2137 idest
746 2129 753 2140 ,
776 2107 851 2146 quies
862 2128 870 2140 ‚
880 2106 932 2134 hoc

127 2160 231 2179 nomen
241 2151 360 2179 derivari
372 2172 380 2184 ,
393 2151 457 2189 quia
467 2149 515 2178 tali
526 2149 710 2178 instrumento
720 2147 890 2177 extrahendo
900 2158 934 2175 ex

127 2191 241 2229 pedibus
252 2190 345 2229 spinas
358 2213 364 2222 ‚
374 2195 401 2219 ὅ(
411 2191 509 2219 dolote
520 2189 635 2218 ceflante
645 2211 653 2223 ‚
664 2190 740 2228 quies
752 2188 918 2217 sentiebatur
928 2209 935 2215 .

128 2232 180 2260 Sed
191 2241 252 2260 cum
263 2234 346 2261 Petro
355 2230 468 2260 Poffino
490 2240 558 2268 puto
568 2229 751 2258 nihilominus
765 2229 823 2257 baec
844 2229 937 2258 frustra

128 2272 205 2301 afferi
216 2293 225 2305 ‚
247 2282 308 2300 nam
321 2271 534 2299 instrumentum
553 2271 624 2299 illud
641 2273 762 2300 Mardax
773 2271 937 2309 appellatum

127 2313 230 2341 clarum
241 2313 320 2345 cst,ac
332 2312 449 2350 proinde
461 2312 654 2350 corrigendum
665 2314 822 2340 Mordacem
830 2319 938 2348 parvu-

128 2354 186 2382 lam
198 2375 206 2386 ‚
219 2354 275 2382 sive
288 2353 378 2391 potius
389 2352 445 2380 fine
455 2352 509 2381 ulla
519 2353 670 2380 mutatione
680 2351 837 2380 Mordaccm
855 2361 937 2389 pavu-

126 2393 249 2434 lamjlegi
260 2394 333 2423 enim
342 2393 411 2432 apud
421 2392 566 2423 Pacianuni
578 2391 939 2426 Pavulus,idest,1³arvulus.
942 2411 948 2458 ⁵

1278 57 1381 99 PA

1120 125 1138 142 n
1150 113 1243 144 osculo
1252 114 1298 153 pie
1307 124 1369 143 ante
1381 113 1598 146 communioimt
1608 109 1791 152 csshristiass

982 156 1024 184 nis
1035 166 1068 183 ex
1081 155 1227 193 apostolica
1235 155 1386 184 traditione
1398 155 1517 184 dabatur.
1530 163 1542 191 [
1554 157 1674 186 Salutate
1684 168 1734 185 vos
1744 159 1789 186 in-

983 197 1072 224 vicem
1084 196 1115 224 in
1126 195 1220 224 osculo
1231 196 1316 234 pacis,
1332 208 1355 225 ι.
1366 196 1438 225 Cor.
1453 209 1461 225 1
1469 199 1511 228 6.]
1525 197 1613 233 Quare
1624 198 1660 225 D.
1673 198 1787 237 August.

979 236 1062 265 serm.
1073 237 1107 265 de
1118 237 1199 275 vigil.
1210 235 1305 266 Pasch.
1313 236 1405 277 inquit
1416 239 1453 272 τΗι
1467 245 1478 273 [
1498 238 1563 266 Post
1581 237 1670 276 ipsum
1688 238 1789 267 dicitur

983 280 1040 307 Pax
1053 276 1208 311 vobiscum,
1227 276 1420 307 &osculantur
1436 278 1462 307 se
1471 278 1628 308 Christiani
1646 279 1677 306 in
1694 278 1788 308 osculo

983 317 1076 348 sanc'to
1090 329 1097 349 ς
1109 316 1157 346 sed
1168 319 1240 356 paci-s
1251 317 1358 347 Christi
1369 319 1475 358 signum
1485 342 1492 353 ‚
1504 319 1577 358 quod
1586 319 1702 348 ostendu
1708 330 1737 348 nt
1749 321 1790 348 la—

985 360 1027 387 bia
1039 381 1047 391 ,
1058 359 1102 387 fiat
1112 359 1140 387 in
1152 359 1322 387 conscientia
1333 380 1341 391 ‚
1361 359 1430 388 idest
1441 381 1450 392 ,
1470 360 1610 399 quomodo
1623 361 1689 388 labia
1700 361 1786 389 fratris

987 400 1026 428 tui
1037 400 1168 428 accedunt
1179 421 1186 432 ‚
1195 400 1232 429 fic
1241 410 1289 428 cor
1298 410 1312 427 a
1323 401 1405 429 corde
1416 411 1474 429 non
1485 401 1598 429 recedat:
1605 403 1621 433 Δ]
1637 401 1788 430 PRDivm

986 450 1076 468 autem
1086 441 1236 470 Bernardus
1246 451 1295 478 per
1305 439 1358 469 hoc
1367 440 1488 470 sanetum
1497 440 1617 471 osculum
1627 442 1788 477 mysterium

985 480 1162 509 Sanffiffimae
1173 480 1319 510 Trinitatis
1332 482 1533 520 contemplatui·
1545 492 1660 520 ,nempe
1672 504 1679 515 ,
1691 483 1720 510 in
1730 492 1788 510 ani-

982 523 1069 552 ,bobus
1080 522 1153 550 labiis
1163 525 1280 555 Patrem,
1291 525 1319 550 «Sc
1331 522 1430 550 Filium
1439 523 1603 555 considerat,
1613 527 1642 552 δε
1651 523 1682 551 in
1692 523 1787 562 lingua

988 562 1118 601 Spiritum
1127 563 1253 591 Sanftum
1263 583 1270 590 .
1291 564 1364 591 Item
1376 564 1414 592 D.
1424 563 1539 602 August.
1556 561 1626 591 hanc
1642 573 1736 601 pacem
1754 564 1787 592 fic

990 603 1200 636 encomiastste,
1220 601 1301 632 serm.
1317 603 1384 632 i.de
1400 613 1466 641 pace
1486 605 1519 633 ad
1531 606 1637 632 Fratres
1656 603 1685 632 in
1695 615 1789 633 eremo

989 644 1104 673 extollit
1119 645 1205 679 [Haec
1216 645 1254 672 est
1263 645 1311 673 illa
1321 654 1373 682 pax
1383 654 1472 673 mater
1482 644 1672 677 Eremirarum,
1682 645 1789 675 (ἀπιο-

988 685 1102 714 bitarum
1113 694 1190 723 pater
1201 706 1209 717 ‚
1221 683 1426 715 Monacliorum
1437 685 1518 714 soror
1528 707 1536 718 ‚
1548 685 1692 723 virginum
1704 686 1790 724 tripu-

988 725 1065 754 dium
1082 747 1090 758 ,
1104 725 1246 754 viduarum
1255 724 1392 764 speculum
1404 747 1412 759 ,
1438 729 1648 764 conjugatorum
1657 725 1792 764 speCkacu-

988 766 1045 794 lum
1055 787 1062 794 .
1072 769 1114 795 Tu
1125 764 1470 804 malorum'praefidium,tu
1481 777 1589 804 gemma
1599 769 1759 805 Reguni,tu
1772 777 1791 795 ο

990 809 1046 836 Pax
1057 816 1203 845 pauperem
1212 805 1404 837 divimmfacis
1417 827 1424 834 .
1447 809 1502 836 Pax
1513 829 1522 840 ‚
1540 816 1619 845 quam
1629 807 1704 835 inter
1715 807 1789 835 divi-

988 847 1039 876 tias
1048 856 1173 885 potentes
1184 857 1324 885 nequeunt
1334 847 1503 880 invenire,&
1515 847 1570 876 sine
1582 856 1608 875 te
1616 848 1790 883 jejunia,ora-

988 887 1079 916 tiones
1091 909 1099 920 ,
1116 887 1299 923 eleemosynae
1311 909 1319 921 ,
1338 897 1488 927 caeteraque
1506 888 1577 916 bona
1587 887 1713 926 prodesse
1733 899 1790 916 non

987 928 1257 966 possunt]:}l:Hodie
1266 938 1356 957 tamen
1365 927 1488 957 osculum
1499 929 1568 967 pacis
1577 929 1651 957 inter
1659 929 1789 958 Ecclesia-

988 969 1068 998 sticos
1080 978 1187 997 tantum
1198 969 1311 1007 praeberi
1323 967 1403 1001 solet,
1412 970 1475 1006 quia
1484 968 1638 998 osculorum
1646 968 1736 998 abusus
1746 970 1788 996 in-

987 1019 1031 1038 ter
1039 1009 1178 1038 saeculares
1187 1009 1322 1038 malitiose
1330 1019 1505 1038 concreverat
1516 1031 1524 1042 ,
1541 1014 1569 1039 δ(
1582 1009 1683 1038 furtive
1694 1010 1790 1037 mulie-

988 1061 1029 1078 res
1038 1050 1229 1081 osculabantur
1240 1062 1249 1083 5
1261 1050 1325 1078 ideo
1334 1051 1521 1079 introductum
1533 1049 1583 1079 fuit
1594 1071 1602 1084 ‚
1618 1059 1650 1078 ut
1659 1059 1720 1078 cum
1732 1051 1790 1079 ico-

988 1102 1022 1119 na
1031 1090 1099 1119 sacra
1109 1091 1137 1119 in
1148 1092 1236 1130 aliqua
1243 1091 1341 1120 tabella
1350 1091 1456 1129 depicta
1465 1101 1517 1130 pax
1527 1089 1696 1120 secularibus
1715 1091 1788 1120 dare-

992 1142 1043 1160 tur.
1054 1134 1154 1160 Baron.
1165 1131 1208 1160 an.
1219 1132 1362 1167 45.Graeci
1373 1141 1465 1160 tamen
1476 1133 1541 1160 dant
1552 1142 1644 1171 pacem
1654 1142 1715 1160 ante
1725 1142 1791 1160 con<

990 1171 1170 1201 sectationem
1186 1175 1264 1208 juxta
1284 1173 1425 1201 decretum
1441 1172 1569 1201 Concilii
1596 1172 1768 1202 Laodicensis
1780 1194 1786 1204 ,

988 1224 1046 1241 can.
1056 1225 1084 1250 9.
1097 1214 1126 1241 in
1137 1223 1191 1252 quo
1203 1213 1238 1242 fic
1250 1212 1384 1242 habetur:
1405 1215 1498 1248 [Tum
1510 1223 1562 1251 pax
1581 1213 1669 1242 danda
1679 1234 1687 1246 ‚
1710 1223 1790 1251 quain

988 1255 1032 1282 ubi
1045 1253 1184 1293 Episcopo
1195 1254 1350 1282 Sacerdotes
1362 1254 1553 1291 impertierint
1564 1276 1571 1287 ,
1582 1254 1645 1282 laici
1657 1254 1705 1282 fibi
1716 1254 1790 1281 invi-

986 1305 1045 1323 cem
1054 1295 1156 1322 dabunt
1167 1304 1262 1331 pacem
1273 1316 1281 1327 ,
1301 1293 1450 1322 secundum
1469 1305 1529 1332 quae
1550 1294 1705 1332 perficiatur
1716 1294 1789 1321 obla-

989 1335 1051 1365 tio]
1074 1345 1087 1363 a
1097 1335 1200 1363 Latinis
1211 1345 1278 1363 vero
1287 1344 1351 1363 ante
1361 1336 1585 1363 communionem
1601 1334 1696 1367 datur,
1713 1337 1791 1372 juxta

988 1376 1126 1404 decretum
1138 1376 1299 1404 Innocentii
1309 1378 1386 1414 Papae
1400 1381 1413 1411 [
1432 1377 1530 1404 Pacem
1542 1384 1605 1403 ante
1615 1376 1790 1403 communio-

988 1426 1052 1444 nem
1063 1416 1121 1445 dari
1132 1416 1316 1445 Innocentius
1325 1418 1397 1454 Papa
1406 1416 1521 1445 decretis
1530 1415 1582 1444 suis
1591 1415 1723 1445 instituit.
1735 1418 1788 1443 Va-

987 1457 1032 1485 las.
1043 1457 1076 1485 de
1089 1458 1143 1486 reb.
1154 1455 1255 1485 Eccles.
1268 1467 1325 1495 cap.
1339 1459 1410 1488 κη]
1431 1459 1486 1486 FR.
1499 1457 1552 1485 Sed
1570 1456 1721 1495 antiquitus
1739 1457 1789 1484 im-

988 1497 1105 1526 mediate
1114 1498 1174 1536 post
1183 1503 1266 1525 Pater
1275 1499 1359 1533 noster
1368 1497 1539 1536 dabaturpax
1549 1517 1556 1523 .
1577 1499 1673 1525 Baron.
1684 1507 1725 1524 an.
1739 1506 1785 1531 45.

987 1548 1063 1566 num.
1077 1551 1090 1567 2
1099 1549 1123 1573 5.
1134 1539 1172 1572 ιΗε
1185 1537 1277 1577 Igitur
1286 1538 1427 1566 Diaconus
1438 1549 1451 1566 a
1472 1537 1641 1566 celebrante
1657 1537 1789 1574 accipiens

988 1580 1060 1617 pacis
1069 1578 1278 1615 osculum‘juxta
1289 1588 1395 1606 morem
1405 1578 1574 1607 Subdiacono
1590 1578 1674 1606 donat
1688 1598 1694 1607 .
1716 1581 1743 1606 ὃ(
1767 1577 1790 1606 is

988 1622 1111 1648 omnibus
1124 1620 1178 1648 illis
1196 1629 1299 1648 tantum
1311 1640 1318 1651 ,
1339 1629 1406 1657 quos
1423 1619 1564 1647 Diaconus
1583 1616 1768 1646 incensaverit
1782 1639 1790 1650 ,

987 1661 1173 1689 communicat
1182 1682 1191 1694 ,
1204 1671 1237 1689 eo
1249 1661 1347 1689 ordine
1359 1681 1367 1692 ,
1376 1670 1431 1699 quo
1443 1657 1597 1687 incensatio
1607 1658 1672 1686 sacra
1684 1658 1790 1689 suerati

988 1701 1052 1729 licet
1064 1702 1205 1730 brevitatis
1215 1701 1301 1740 gratia
1320 1699 1436 1729 sufficiat
1446 1699 1515 1728 lianc
1534 1699 1724 1727 caeteinoniam
1744 1708 1790 1736 pe-

989 1753 1082 1780 ragere
1094 1752 1154 1770 cum
1163 1743 1296 1780 capitibus
1306 1741 1434 1769 ordinum
1443 1741 1473 1769 in
1492 1739 1548 1768 illis
1558 1739 1768 1768 cathedralibus
1781 1761 1788 1771 ,

988 1783 1018 1811 in
1029 1784 1122 1822 quibus
1142 1783 1315 1821 reperiuntur
1333 1782 1486 1819 praebendae
1498 1781 1654 1810 diaconales
1662 1802 1671 1814 ,
1693 1783 1720 1807 ὃ(
1731 1778 1790 1806 sub-

988 1824 1144 1853 diaconales
1154 1823 1290 1852 distinstae
1302 1834 1311 1853 ς
1323 1831 1349 1850 at
1359 1823 1403 1850 ubi
1413 1822 1460 1850 hic
1471 1822 1540 1850 ordo
1558 1821 1674 1850 minime
1694 1829 1768 1848 extat
1782 1841 1790 1851 ,

987 1863 1125 1893 sufficeret
1137 1865 1232 1903 primis
1253 1874 1286 1892 ex
1309 1873 1427 1901 utroque
1444 1862 1532 1891 choro
1542 1861 1621 1898 hujus
1643 1860 1791 1889 fiinffionis

988 1906 1060 1934 astio
1071 1925 1078 1932 .
1091 1907 1147 1935 FR.
1159 1905 1322 1943 Antiquitus
1334 1905 1442 1932 Lectori
1452 1904 1595 1941 epistolam
1608 1903 1644 1931 D.
1655 1901 1732 1931 Pauli
1753 1900 1789 1927 le—

985 1948 1062 1975 sturo
1071 1946 1183 1974 dabatur
1193 1956 1243 1984 pax
1253 1967 1260 1973 .
1273 1948 1371 1974 Baton.
1383 1954 1445 1972 ann.
1458 1951 1503 1973 60.
1516 1954 1561 1972 nu.
1575 1948 1621 1978 58.
1632 1944 1670 1977 :ll:
1681 1943 1734 1971 Pax
1745 1951 1791 1968 au-

987 1996 1043 2015 tem
1053 1987 1132 2014 datur
1141 1996 1202 2014 cum
1210 1987 1302 2014 dantis
1312 2007 1319 2018 ,
1331 1989 1358 2014 ὃ(
1368 1985 1529 2022 recipientis
1539 1983 1675 2022 amplexu,
1684 1991 1746 2010 curn
1758 1981 1791 2009 si·-

987 2027 1079 2056 nistrae
1090 2036 1168 2065 genae
1177 2027 1304 2054 contactu
1316 2048 1323 2059 ,
1346 2026 1408 2063 quia
1418 2024 1480 2053 sunt
1490 2036 1521 2053 ex
1533 2024 1623 2053 cordis
1635 2025 1718 2053 latere
1731 2044 1738 2055 ‚
1760 2031 1790 2051 ut

988 2068 1121 2096 ordinant
1132 2067 1279 2097 Rubricae5
1297 2077 1325 2095 ac
1335 2066 1436 2093 ultimo
1454 2067 1515 2094 loco
1522 2065 1702 2094 Subdiaconus
1715 2066 1789 2092 Aco-

989 2109 1051 2143 lyto
1061 2130 1069 2141 ‚
1082 2108 1128 2146 qui
1140 2108 1218 2136 illum
1228 2107 1369 2136 associatus
1378 2106 1415 2134 cst
1427 2128 1434 2139 ‚
1446 2107 1492 2134 dat
1506 2116 1597 2145 pacem
1610 2127 1617 2138 ,
1628 2110 1655 2134 ὃ(
1665 2103 1711 2132 hic
1722 2103 1792 2132 infe-

988 2149 1103 2177 rioribus
1112 2149 1217 2177 clericis
1227 2170 1234 2180 ,
1246 2147 1359 2186 aliisque
1368 2145 1537 2175 satcularibus
1548 2146 1646 2174 defert:
1658 2143 1790 2172 saeculari-

990 2190 1036 2218 bus
1047 2189 1122 2217 enirn
1135 2199 1281 2227 numquam
1290 2200 1303 2217 a
1313 2187 1485 2217 subdiacono
1495 2187 1532 2215 est
1543 2197 1592 2224 pax
1603 2183 1791 2216 deferendadi.

990 2239 1033 2258 cet
1045 2232 1198 2268 Magnates,
1208 2229 1368 2258 &locorum
1378 2228 1499 2257 Domini
1511 2226 1609 2257 essens
1620 2227 1660 2254 ita
1670 2223 1791 2253 Sne-Rit.

992 2272 1100 2309 Congr.
1113 2269 1158 2299 sub
1168 2270 1215 2298 die
1227 2278 1252 2305 ς.
1265 2269 1335 2307 Julii
1352 2275 1435 2304 1614.
1447 2269 1605 2297 decreverat
1614 2286 1621 2293 .
1634 2264 1750 2307 Quando
1760 2264 1791 2291 in

993 2310 1178 2339 celebratione
1188 2311 1324 2348 reperitur
1334 2309 1461 2339 Sacerdos
1471 2308 1588 2337 ass'istens
1596 2327 1604 2338 1
1614 2315 1678 2333 tunc
1688 2303 1732 2333 th
1742 2304 1791 2332 de·-

992 2351 1037 2379 bet
1047 2362 1060 2379 a
1071 2351 1239 2380 Celebrante
1248 2360 1339 2389 pacem
1348 2349 1492 2382 sumere‚&
1502 2346 1671 2376 Subdiacono
1681 2343 1789 2373 conser-

993 2402 1033 2427 te,
1045 2401 1074 2421 ut
1084 2392 1116 2421 ad
1126 2391 1240 2421 chorum
1252 2412 1260 2426 ‚
1270 2395 1298 2422 δε
1309 2391 1410 2420 dei'nde
1418 2389 1451 2418 ad
1459 2388 1616 2417 Diaconum
1627 2386 1705 2416 iilam
1715 2384 1790 2413 defe-

1691 2434 1728 2455 rat
1741 2435 1746 2450 z

1463 2480 1472 2493 ἱ
