1866 2526
487 19 597 62 CA

136 78 288 118 Evangelio
297 77 438 117 desumpta
446 99 454 111 ,
463 88 563 117 nempe
574 99 582 111 ,
593 77 755 107 Emeda-tus
767 79 913 108 Dominus,

133 119 210 159 quod
216 119 300 148 etiam
308 118 409 147 dicitur
421 119 451 148 in
459 117 666 148 matutinalibus
677 117 809 146 Laudibus
822 138 829 149 ,
852 116 916 155 quia

132 159 164 188 in
175 169 209 188 eo
218 159 254 188 de
263 157 432 188 Praecursore
441 159 487 189 Ch
492 161 514 188 ri
519 159 551 187 sti
561 158 594 188 fit
603 158 721 190 mentio,
731 157 779 195 qui
790 166 917 196 tanquam

130 209 227 228 aurora
235 199 294 229 veri
304 199 370 228 solis
379 200 490 236 justitiae
502 199 690 228 annuntiatrix
704 198 788 226 fixerat
796 217 806 224 .
818 199 916 227 Secun-

130 239 197 268 dum
205 240 342 269 canticum
350 241 388 270 est
400 241 565 278 Magnificat
576 261 584 272 ,
608 244 635 268 ὃ(
645 239 749 268 dicitur
764 238 798 267 ad
811 236 916 276 Vespe-

130 289 169 308 ηε
178 301 186 313 ,
209 290 269 318 quse
282 281 434 310 nobiliores
442 282 574 310 Laudibus
584 279 647 309 sunt
659 301 666 312 ,
688 289 750 307 cum
763 277 916 307 festivitatis

129 319 182 348 fint
192 320 358 360 principium
370 343 380 355 ,
400 322 501 361 &quia
518 321 569 350 hoc
591 320 727 349 canticum
747 318 915 356 vesperarum

130 369 254 398 tempore
267 361 351 389 suerat
361 363 541 400 conipolitum
554 383 561 394 ‚
573 371 636 390 tunc
647 361 722 389 enim
734 359 766 388 ad
778 357 915 388 Elisabeth

128 401 244 429 domum
254 402 340 430 Maria
351 403 441 441 Virgo
452 412 613 441 pervenerat
627 422 636 429 .
657 404 782 430 Benzon.
806 399 836 427 in
858 400 916 427 Ma-

125 440 239 479 gnificat
248 452 305 480 cap.
318 453 365 470 ιο.
374 443 422 471 lib.
438 455 460 471 1.
473 443 599 474 Tertium
610 441 806 480 Evangelicum
827 438 912 466 canti-

126 490 189 509 cum
198 482 236 510 est
246 488 327 511 Nunc
337 484 463 511 dimittis
474 505 484 516 ,
505 483 580 522 quod
592 483 656 510 ideo
665 481 696 510 in
717 479 914 518 Completorio

125 521 257 550 recitatur
265 544 274 555 ‚
297 523 360 561 quia
368 523 401 551 ad
413 525 525 552 modum
545 520 795 551 commendationis
816 519 912 548 anima:

125 561 183 595 eff,
205 573 266 601 quae
277 564 339 591 Deo
359 565 511 603 porrigitur
526 573 591 593 :inte
611 561 739 591 somnum
750 559 913 589 aeternitatis

124 600 280 636 symbolum
290 625 298 636 ‚
324 604 361 632 ita
372 605 490 633 Amalar.
510 606 579 633 Haec
592 602 726 642 postrema
739 601 790 629 tria
810 601 913 628 cantica

123 643 290 682 Evangelica
299 645 476 683 appellantur,
488 644 550 683 quia
559 655 592 672 ex
604 642 751 682 Evangelii
762 651 839 670 textu
848 640 912 668 sunt

123 682 265 723 desumpta
277 695 285 715 5
308 686 372 713 ideo
383 685 413 713 in
425 695 519 714 eorum
529 684 692 712 recitatione
711 683 806 711 stando
818 681 912 710 omnia

121 724 291 757 recitantur,
311 725 437 763 quinimo
447 725 532 763 aliqui
543 724 628 753 initio
638 723 803 762 prolationis
815 732 910 750 eorum

119 764 291 794 laudabiliter
309 765 401 794 solent
418 776 497 794 cruce
518 765 616 804 signari
630 786 638 797 ‚
660 765 728 793 sicut
748 764 777 791 in
789 761 869 791 Missa
877 763 911 790 ad

122 805 269 844 Evangelii
281 806 453 844 principium
461 805 617 835 observatur
628 826 636 832 .
644 807 690 842 Jo.
703 805 790 834 Belet.
801 814 908 841 cap.40.

119 846 324 874 Caeremomale
335 848 412 875 enim
423 846 618 885 Episcoporum
628 846 676 874 lib.
688 857 714 874 2.
725 854 782 883 cap.
800 855 822 872 1.
840 844 892 881 Epi
900 860 908 863 -

119 884 233 924 scopum
252 887 283 914 in
302 886 430 926 Vesperis
458 887 659 926 pontificalibus
688 886 720 914 ad
750 883 908 922 Magnifica

119 926 292 965 principium
299 937 380 956 cruce
391 928 492 968 signari
501 926 623 966 disponit
634 948 643 960 ,
666 930 694 956 ὅ(
713 929 837 955 Romana
848 935 908 963 pra-

120 966 164 994 xis
172 968 246 995 idem
257 969 418 1006 comprobat
427 989 436 997 .

78 1005 250 1035 Cemmcum
262 1009 435 1037 Dimum-ris.
449 1010 506 1039 FR.
516 1008 620 1038 Officii
632 1006 795 1044 Antiphona
806 1025 812 1032 .
824 1005 912 1040 [Dul-

120 1046 161 1074 cia
170 1047 275 1075 cantica
285 1049 423 1076 Dramatis
434 1050 464 1079 .]
488 1050 611 1077 Cantum
621 1046 829 1086 gesticulatione
841 1044 912 1073 asso-

118 1086 218 1114 ciatum
227 1087 360 1126 fignificat
369 1099 379 1119 ς
402 1099 466 1118 nam
475 1088 570 1127 δρᾶμα
581 1109 588 1119 ,
610 1087 790 1125 aethqlogiam
802 1107 810 1119 ‚
828 1085 913 1124 gesti—

121 1127 290 1156 culationem
302 1149 309 1160 ,
333 1128 657 1167 repraesentationemque
689 1126 823 1165 fignificat
839 1146 846 1153 .
869 1126 910 1154 Sic

119 1166 204 1195 Philo
216 1169 345 1196 Hebraeus
355 1170 384 1197 in
392 1169 540 1208 Opusculo
558 1168 592 1196 de
613 1169 672 1196 vita
693 1166 912 1203 contemplativa

119 1247 165 1275 bus
176 1268 185 1280 ,
207 1251 234 1276 ὅ(
245 1249 398 1277 accentibus
411 1271 419 1282 ‚
440 1249 524 1278 modo
536 1249 634 1277 stantes
645 1269 654 1281 ,
664 1247 748 1276 modo
759 1245 910 1275 retrorsum

118 1287 232 1325 gradum
244 1297 388 1317 moventes
397 1311 406 1322 ‚
424 1299 570 1328 utcumque
582 1300 622 1317 res
633 1289 750 1326 postulat
759 1308 768 1314 .

76 1327 312 1358 szrumosus
325 1351 333 1362 ,
355 1331 496 1359 cantabilis
505 1351 512 1358 .
538 1336 549 1364 [
561 1330 645 1365 Quod
656 1339 726 1356 meas
738 1338 824 1367 nugas
834 1349 842 1361 ‚
863 1326 908 1356 seu

117 1367 256 1397 confectas
265 1379 350 1407 opere
359 1369 480 1408 prosario
493 1393 500 1404 ‚
525 1371 570 1399 seu
581 1373 728 1400 Poetarum
739 1369 811 1404 stylo
820 1368 906 1397 canti-

117 1407 224 1438 lenosas
233 1429 241 1436 .
263 1410 357 1438 Sidon.
367 1411 414 1440 lib.
425 1423 452 1446 4.
464 1411 543 1449 epist.
559 1422 582 1439 i.
683 1415 691 1420 ”

79 1448 209 1477 Cimon
220 1470 228 1482 ‚
253 1451 433 1479 Ecclcziastica
444 1451 567 1490 dignitas
580 1451 609 1479 in
619 1447 830 1480 Cathedralibus
841 1448 907 1477 Sici-

119 1487 164 1514 liae
176 1490 313 1527 precipue
324 1511 333 1522 ,
354 1501 382 1518 ac
394 1492 504 1520 Melita:
514 1513 522 1525 ,
545 1501 624 1530 quam
634 1489 780 1527 utrobique
789 1493 906 1518 Ciantro

120 1536 220 1555 vocant
231 1549 238 1561 ‚
261 1539 275 1556 a
285 1530 418 1558 vocabulo
431 1532 532 1569 gallico
544 1532 668 1560 channe
680 1540 687 1560 ;
711 1530 803 1558 Chori
813 1529 904 1558 cantui

119 1567 217 1604 1³¹·aessst
228 1589 236 1600 ι
259 1572 287 1598 8<
297 1571 330 1598 ad
340 1580 401 1599 eum
416 1571 590 1604 Antiuhonas
604 1593 611 1604 ,
624 1570 769 1600 Lectiones
781 1592 788 1602 ‚
799 1580 828 1598 ac
838 1572 903 1598 Pro-

120 1605 226 1644 phetias
236 1611 368 1638 canendas
377 1633 384 1643 ,
406 1605 506 1649 spectit
525 1612 683 1641 distribuere
694 1631 704 1643 ,
726 1612 820 1649 Cong.
843 1610 903 1639 Rit.

121 1653 149 1674 ‹5-
158 1648 290 1677 Decemb.
307 1657 338 1679 16
347 1661 354 1678 i
362 1662 390 1688 3.
402 1653 492 1687 Quare
502 1662 591 1680 autem
600 1652 724 1680 baculum
733 1650 846 1682 deserat,
857 1651 902 1678 di-

119 1687 192 1717 ἂιυτι
201 1689 240 1716 est
251 1689 281 1717 in
289 1690 354 1719 duf't.
366 1693 487 1720 Baculus
496 1713 503 1719 .
528 1693 661 1721 Advertit
671 1691 816 1720 Durandus
824 1691 903 1720 1ib.2.

119 1737 178 1766 cap.
190 1740 216 1757 2.
228 1728 283 1773 salli
294 1741 340 1758 eos
349 1752 356 1763 ,
380 1733 425 1770 qui
439 1736 626 1761 Cantoratum
637 1732 764 1761 ordinem
784 1731 839 1760 esse
861 1732 904 1760 di-

120 1778 185 1796 xere
197 1780 210 1812 5·
228 1779 292 1807 quia
301 1781 403 1800 nomen
413 1772 450 1800 est
462 1773 551 1800 officii
561 1794 569 1806 ‚
593 1783 650 1801 non
671 1783 763 1801 autem
779 1772 885 1801 ordinis
895 1793 902 1799 .

120 1809 253 1837 Concilia
263 1820 328 1839 vero
338 1833 347 1844 ‚
369 1816 397 1841 δι
408 1813 478 1841 Sacri
489 1814 620 1842 Canones
629 1835 636 1846 ,
660 1814 703 1841 ubi
712 1813 810 1842 dicunt
827 1814 903 1842 Can-

121 1858 212 1876 torem
222 1850 350 1880 ordinem
358 1853 495 1881 minorem
504 1853 560 1887 esse
571 1876 579 1887 ,
602 1854 780 1892 intelligendi
791 1854 828 1882 ibi
849 1864 904 1881 non

119 1206 154 1234 de
165 1207 331 1236 Essenorum
340 1209 395 1237 ritu
406 1209 522 1247 loquens
535 1230 543 1241 ‚
564 1207 603 1236 ait
614 1219 621 1235 :
646 1214 659 1243 [
670 1206 820 1245 Religiolis
829 1193 919 1542 gesti!

119 1939 150 1957 to
160 1951 166 1962 ,
191 1940 271 1973 quem
281 1935 430 1961 Cantorem
440 1935 554 1963 Concil.
564 1935 693 1964 Toletan.
715 1935 832 1972 appellat
845 1956 852 1966 ,
874 1939 902 1963 ὃ(

119 1972 213 1998 Ortcci
221 1971 344 2007 psaltem
354 1993 363 2005 ,
387 1974 432 2002 vel
442 1976 618 2012 psalmistam
630 1976 815 2004 vocantNidc
827 1975 904 2011 Psal-

120 2011 202 2046 mtst’u
212 2031 219 2037 ·
242 2011 392 2049 Confiffor.
412 2019 543 2043 Notarius
555 2037 562 2044 .
574 2017 610 2044 In
619 2015 783 2045 Cathedrali
794 2015 904 2054 Lugdu-

119 2050 209 2079 nensis
221 2052 346 2094 Eccleliae
357 2074 365 2085 ,
385 2053 417 2082 in
426 2064 477 2092 qua
486 2066 580 2084 omnes
589 2056 727 2085 canonici
738 2056 858 2095 gaudent
868 2056 904 2084 ti-

120 2091 182 2133 tulo
193 2092 313 2135 Comitis
324 2114 332 2125 ‚
355 2094 471 2123 maxime
481 2095 555 2124 inter
564 2107 609 2124 eos
619 2095 762 2134 praefertur
772 2098 904 2126 Cantor-is

119 2129 242 2176 dignitas
252 2143 260 2162 5
273 2143 343 2175 'nam
354 2134 462 2172 quando
473 2136 502 2164 in
510 2138 610 2165 Choro
619 2137 749 2166 recitatur
756 2137 882 2165 officium
895 2160 903 2171 ,

120 2172 196 2217 quod
206 2173 248 2215 ibi.
255 2172 377 2211 rigorose.
385 2173 534 2213 disciplina.
541 2199 550 2210 ‚
571 2177 708 2216 gravitate
717 2199 725 2210 ‚
734 2187 762 2205 ac
772 2178 903 2206 modestia

119 2211 328 2255 (iugulariffima
337 2213 503 2252 persolvitur
514 2238 523 2250 ,
545 2218 726 2257 ficontigerit
747 2217 783 2246 ibi
806 2219 905 2257 aliquis

119 2262 197 2297 error
207 2262 237 2280 in
247 2254 392 2283 recitando
400 2257 539 2285 committi
551 2279 559 2290 ‚
582 2258 670 2286 statim
679 2260 787 2288 Cantor
798 2258 842 2286 dat
853 2269 907 2287 ma-

119 2302 157 2335 nu
166 2296 273 2332 lignum
283 2315 291 2327 ,
314 2304 379 2323 tunc
387 2306 485 2325 omncs
495 2297 605 2326 filentio
614 2299 753 2337 profundo
771 2309 785 2327 a
807 2300 908 2328 Choro

119 2331 264 2363 discedunt
275 2356 284 2369 ,
306 2335 377 2383 &ln
385 2336 503 2377 aliquam
512 2338 637 2369 Ecclesiae
649 2340 813 2379 cappellam
830 2339 858 2370 se
878 2340 908 2370 se

119 1889 154 1917 de
164 1890 310 1919 Canomco
320 1913 328 1924 ,
345 1891 392 1921 sed
400 1894 434 1921 de
445 1895 560 1923 Clerico
575 1895 670 1933 primae
682 1893 800 1922 tonsurae
812 1877 914 2232 initia*

910 2246 915 2272 ι

909 2285 914 2319 l

1429 0 1469 9 κ».

1251 20 1289 60 C
1321 19 1361 61 A
1622 34 1700 73 147

968 75 1104 105 reducunt
1114 96 1122 109 ‚
1145 74 1236 115 ibique
1246 75 1378 115 privatim
1389 85 1576 106 remanentem
1595 78 1682 107 officii
1700 85 1759 116 par-

971 126 1028 146 tem
1038 115 1238 155 subsequuntur
1247 138 1256 150 ,
1277 116 1353 156 quod
1363 116 1392 145 in
1400 115 1500 146 Choro
1510 127 1565 146 tam
1575 117 1698 157 rigorose
1718 127 1758 146 re-

969 157 1105 191 citantur,
1126 166 1157 185 ut
1177 157 1317 186 Canonici
1335 167 1399 196 με
1420 157 1530 186 filentio
1540 178 1549 190 ‚
1571 159 1757 196 modestiaque

971 197 1043 236 quali
1054 197 1210 226 immobiles
1220 198 1312 227 statuae
1330 207 1475 237 appareant
1488 208 1495 229 3
1519 207 1607 237 neque
1623 199 1705 227 etiam
1723 197 1758 226 ad

971 237 1098 268 chorum
1106 238 1290 268 admittuntur
1301 260 1310 271 ‚
1333 238 1382 267 nili
1395 237 1536 277 postquam
1545 238 1706 268 memoriter
1715 238 1757 266 di-

971 278 1090 308 dicerint
1102 278 1258 318 psalterjum
1269 301 1277 312 ,
1299 278 1420 314 hymnos
1432 300 1438 311 ,
1460 283 1486 308 ἃ
1497 278 1661 317 antiphonas
1672 279 1759 307 totiuz

973 319 1039 348 anni
1050 341 1060 353 ‚
1081 319 1145 359 quia
1154 320 1185 350 in
1195 318 1295 349 Clioro
1310 330 1359 348 nec
1371 319 1430 348 libri
1443 342 1449 352 ,
1474 330 1521 348 nec
1533 319 1635 348 lumina
1643 318 1757 348 afferun-

973 369 1017 388 tur
1031 371 1038 387 :
1049 360 1107 390 imo
1116 360 1150 389 ad
1157 360 1332 393 matutinum,
1344 361 1417 398 quod
1426 359 1533 398 semper
1542 362 1678 388 nocturno
1689 369 1756 388 tern-

973 410 1039 438 pore
1047 401 1170 434 canitur,
1194 400 1222 428 in
1237 400 1457 430 Altaricandel.e
1479 411 1536 428 non
1554 401 1738 429 accenduntur
1749 420 1757 431 ,

970 438 1017 469 sed
1027 441 1201 479 permittitur
1209 441 1319 469 unicum
1329 450 1435 469 tantum
1445 441 1538 469 lumen
1549 441 1579 468 in
1601 440 1704 469 laterna
1714 440 1758 468 ab·

970 479 1140 516 sconditum,
1149 493 1204 520 quo
1213 490 1329 510 utuntur
1338 490 1459 519 tempore
1470 481 1628 510 leftionum.
1641 482 1678 509 In
1687 480 1756 508 mul-

969 521 1005 548 tis
1015 521 1113 550 Gallia:
1125 521 1250 552 Ecclefiis
1261 531 1372 550 vocatur
1382 524 1490 558 Festum
1498 524 1628 550 Cantoris
1641 542 1649 554 ‚
1660 520 1757 549 festum

968 561 1066 599 prima.-
1080 562 1198 594 Clasfis5
1221 561 1283 600 quia
1292 572 1356 590 tunc
1366 562 1399 590 ad
1407 563 1559 591 Cantorem
1570 561 1671 600 spestat
1692 571 1710 589 o
1720 561 1756 588 11-

969 602 1040 629 cium
1050 603 1199 633 ordinaret
1225 603 1259 631 sic
1282 604 1388 638 Festum
1405 605 1577 630 Succenton‘s
1588 623 1597 635 ‚
1619 601 1754 638 fignificat

968 641 1064 670 festum
1073 643 1197 672 secunde
1205 644 1291 673 claffis
1303 655 1311 674 ς
1324 652 1386 672 nam
1397 651 1462 671 tunc
1473 640 1618 672 succentor
1639 641 1752 670 »fficium

965 683 1094 712 ordinare
1105 693 1213 712 tenetur
1223 704 1230 711 .
1254 686 1289 713 In
1311 684 1406 712 Melita
1416 683 1575 711 canonicus
1591 684 1700 712 Cantor
1722 681 1752 709 in

965 721 1184 753 solemnitatibus
1194 746 1202 756 ‚
1221 735 1250 752 ac
1261 724 1474 763 processionibus
1484 724 1515 751 in
1525 733 1605 751 manu
1616 722 1703 751 desert
1713 732 1752 749 ar-

963 774 1094 802 genteam
1107 765 1212 803 virgun
1225 787 1231 796 ,
1255 775 1285 793 ut
1295 765 1399 793 (iustum
1409 764 1448 792 est
1460 763 1489 791 in
1498 763 1565 791 diei.
1582 763 1714 794 Baculus,
1724 765 1754 791 ὃ(

964 803 1023 841 ipse
1031 805 1203 842 praeintonat
1214 805 1352 843 Episcopo
1362 805 1392 833 in
1400 803 1621 832 pontificalibus:
1644 802 1752 840 reliqua

964 844 1030 873 vide
1048 846 1236 874 Archia-antor
1245 866 1253 873 .
1276 844 1570 882 Archipamphromsta
1579 863 1587 870 .
1608 842 1731 871 Baculus
1740 862 1749 870 .

963 886 1074 914 Bam'us
1083 906 1091 913 .
1114 887 1283 924 Cappellaris
1294 906 1302 912 .
1323 887 1461 914 Fabarias
1472 904 1480 911 .
1490 884 1666 922 Majusclclus
1676 903 1685 910 .
1696 887 1753 911 Pa-

963 926 1132 963 raphrom'sta
1141 946 1149 953 .
1170 931 1314 955 Succentor
1324 946 1332 953 .

924 966 1049 995 Caurus
1063 986 1071 998 ,
1093 966 1123 994 in
1134 967 1250 995 Ecclesia
1258 964 1457 1004 antiquiffimus
1467 986 1474 997 ‚
1494 966 1526 993 ab
1534 966 1591 999 ejus
1602 986 1610 997 ‚
1633 973 1732 1002 nempe
1743 985 1750 996 ,

966 1006 1119 1043 primordio
1128 1027 1136 1034 .
1148 1011 1161 1041 [
1171 1008 1390 1036 Commorientes
1403 1003 1587 1043 vosmetipsos
1596 1025 1604 1036 ,
1626 1003 1751 1042 psalmis,

967 1045 1092 1080 hymnis,
1101 1050 1128 1075 δε
1137 1048 1251 1075 canticis
1261 1046 1446 1084 spiritualibus
1455 1067 1463 1078 ‚
1477 1046 1506 1073 in
1516 1045 1603 1083 gratia
1612 1053 1751 1072 cantantes

966 1086 996 1114 in
1007 1087 1134 1115 cordibus
1146 1087 1242 1116 vestris
1250 1088 1312 1116 Deo
1321 1108 1329 1114 .
1351 1087 1436 1124 Epist.
1447 1086 1480 1114 :id
1488 1084 1634 1114 Colossen.
1644 1086 1749 1122 cap.3.]

965 1128 1072 1155 Cantus
1082 1137 1171 1155 autem
1180 1128 1326 1155 alternatus
1338 1127 1369 1155 in
1377 1126 1478 1154 choro
1488 1136 1502 1153 a
1512 1126 1538 1153 S.
1547 1124 1661 1163 Ignatio
1679 1126 1751 1152 Mar<

967 1175 1030 1200 tyre
1039 1167 1068 1195 in
1079 1167 1200 1197 Oriente
1211 1167 1380 1195 introductus
1399 1166 1451 1194 fuit
1462 1186 1470 1193 .
1493 1166 1576 1201 Quod
1594 1165 1625 1192 in
1643 1164 1750 1193 visione
1780 1177 1782 1179 >

965 1207 1098 1235 didicerat
1108 1207 1244 1246 gloriosus
1254 1207 1301 1235 ille
1313 1208 1422 1241 Mat-tyr.
1433 1227 1439 1238 ‚
1463 1206 1493 1233 in
1502 1215 1553 1243 qua
1565 1205 1689 1243 Angelos
1711 1205 1749 1233 al—

965 1247 1095 1275 ternatim
1105 1247 1279 1276 Sinstislimae
1289 1247 1420 1276 Trinitati
1431 1246 1520 1274 laudes
1542 1255 1639 1274 canere
1657 1245 1749 1274 audie-

964 1297 1099 1326 κρίματι
1110 1289 1195 1316 ritum
1205 1287 1365 1316 universalis
1377 1286 1494 1316 Ecclesia
1502 1286 1609 1315 imitata
1620 1285 1658 1314 est
1669 1286 1748 1314 dein-

961 1328 1011 1356 de:
1035 1332 1063 1356 «Sc
1073 1329 1183 1357 Sznftus
1201 1328 1294 1357 Athan
1300 1328 1361 1356 isius
1382 1328 1413 1356 in
1431 1326 1505 1355 suam
1526 1326 1748 1356 Alexandrinam

961 1368 1108 1397 Ecclesiam
1133 1369 1280 1408 figuratum
1299 1377 1408 1397 cantum
1436 1367 1628 1396 introduxerat
1637 1388 1645 1399 ,
1667 1376 1750 1404 quem

961 1408 1055 1437 Graeci
1066 1406 1308 1447 χρωματιζᾰμῆαυν
1319 1430 1328 1443 ,
1337 1408 1416 1441 idest,
1425 1408 1578 1437 coloratum
1591 1415 1693 1436 vocant
1705 1417 1710 1436 ;
1722 1416 1748 1434 at

961 1449 1052 1487 postea
1062 1449 1263 1478 disuetudinem
1271 1450 1492 1479 animadvertens
1503 1471 1511 1481 ‚
1524 1458 1554 1476 ut
1565 1449 1604 1477 D.
1615 1446 1731 1486 Augusti
1739 1464 1748 1469 -

961 1500 1009 1518 nus
1021 1489 1116 1523 refert,
1126 1490 1210 1518 alium
1220 1499 1331 1518 cantum
1343 1489 1502 1528 fimplicem,
1512 1499 1540 1517 :ic
1551 1489 1661 1527 planum
1671 1487 1748 1516 ordi-

959 1531 1048 1560 navit5
1060 1539 1135 1558 1taut
1147 1530 1236 1569 potius
1246 1530 1380 1563 recitatio,
1391 1540 1473 1568 quam
1482 1539 1574 1557 cantus
1587 1529 1746 1558 videi-etum

959 1570 1086 1609 idemque
1096 1574 1170 1610 Aug.
1179 1571 1343 1609 addit,qnod
1352 1569 1562 1599 Mediolanensis
1573 1569 1690 1597 Ecclesia
1699 1567 1749 1596 sub

958 1611 1146 1640 D.Amb1·oli0
1164 1622 1178 1639 a
1196 1622 1286 1650 graeca
1296 1611 1413 1640 Ecclesia
1430 1611 1544 1638 mollem
1557 1630 1564 1641 ,
1582 1607 1748 1646 suavemque

958 1652 1071 1680 canendi
1082 1652 1193 1680 modum
1203 1651 1430 1690 apprehende-me
1441 1649 1488 1678 sed
1498 1652 1620 1678 Romma
1629 1648 1747 1678 Ecclesia

959 1692 1080 1720 medium
1089 1702 1189 1725 tenuit,
1203 1702 1264 1720 mm
1276 1703 1324 1720 nec
1335 1692 1367 1719 ad
1378 1690 1583 1728 iimplicitatem
1593 1688 1746 1718 alexandri-

956 1743 1080 1765 mm,nec
1093 1732 1126 1760 ad
1139 1742 1260 1771 graecum
1269 1754 1278 1765 ‚
1288 1736 1316 1761 ὃ(
1325 1731 1435 1760 suavem
1444 1740 1610 1759 concentum
1629 1730 1747 1758 inclina-

960 1773 1002 1801 vit
1013 1784 1020 1804 5
1031 1772 1078 1801 sed
1090 1783 1238 1811 utrumque
1248 1773 1360 1800 modum
1371 1771 1590 1809 contemperavit
1600 1793 1607 1804 ‚
1630 1769 1748 1798 suavita-

959 1822 1024 1847 tem,
1035 1824 1144 1851 nempe,
1156 1814 1288 1852 gravitati
1297 1811 1481 1844 commiscuit,
1493 1812 1526 1839 de
1535 1821 1589 1849 quo
1601 1813 1746 1839 Baron.:1n.

959 1861 1086 1889 60.n.25.
1099 1858 1125 1883 δ(
1134 1853 1209 1892 seqq.
1222 1853 1391 1892 Apocryplta
1403 1862 1493 1881 autem
1504 1851 1567 1879 sunt
1578 1852 1625 1879 illa
1633 1849 1742 1889 scripta,

957 1905 1018 1933 quat
1030 1893 1076 1922 sub
1099 1895 1212 1922 nomine
1223 1894 1331 1923 Damali
1342 1896 1420 1931 Papae
1439 1891 1671 1920 circumferuntur
1680 1913 1688 1924 ,
1711 1901 1746 1920 ex

959 1935 1053 1973 quibus
1064 1936 1194 1963 nonnulli
1212 1934 1318 1962 inducti
1327 1956 1335 1967 ,
1349 1933 1492 1962 Eccleiiam
1509 1935 1663 1962 Romanam
1684 1930 1748 1960 all'c-

957 1985 1070 2003 ruerunt
1079 1976 1109 2003 ab
1121 1976 1250 2004 orientali
1263 1974 1378 2002 canendi
1391 1974 1502 2002 modum
1511 1971 1651 2011 suscepisse
1660 1994 1668 2006 ‚
1680 1982 1746 2001 nam

957 2026 970 2045 a
981 2015 1118 2054 principio
1126 2015 1178 2044 suae
1190 2014 1359 2043 fimdationis
1369 2013 1413 2042 usa
1425 2014 1462 2042 est
1471 2023 1559 2047 cantu,
1570 2014 1637 2042 licet
1649 2023 1746 2042 verum

959 2057 1079 2094 fit‚qu0d
1088 2055 1219 2084 Damasus
1229 2066 1262 2083 ex
1273 2055 1396 2084 Oriente
1407 2076 1415 2088 ,
1425 2054 1564 2088 nimirum,
1573 2065 1587 2082 a
1600 2055 1745 2089 Hierony-

959 2107 1005 2125 mo
1017 2095 1280 2131 Hierosolymorum
1291 2095 1381 2124 incola
1390 2106 1448 2123 non
1456 2095 1573 2124 canendi
1583 2095 1667 2123 ritum
1679 2116 1686 2127 ,
1696 2093 1744 2123 sed

959 2136 1117 2177 psalterium
1126 2136 1275 2164 secundum
1285 2136 1464 2174 Septuaginta
1480 2133 1668 2175 Interpretum
1679 2146 1745 2164 ver-

959 2179 1064 2207 fionem
1074 2187 1208 2215 acceperit
1218 2198 1225 2204 .
1247 2177 1402 2215 Anglicana
1412 2177 1528 2206 Ecclelia
1538 2188 1553 2205 a
1563 2179 1690 2205 Romana
1708 2176 1742 2205 ad

959 2218 1113 2247 canendum
1125 2218 1251 2245 instructa
1262 2216 1348 2245 suerat
1357 2238 1364 2245 .
1375 2219 1473 2246 Baron.
1483 2218 1515 2246 ad
1527 2220 1582 2246 An.
1593 2224 1661 2254 639.
1673 2227 1701 2243 n.
1715 2222 1741 2245 8.

960 2270 988 2295 9.
999 2262 1033 2286 Et
1042 2259 1073 2287 ab
1084 2259 1176 2286 eadem
1187 2260 1312 2286 Romana
1320 2258 1504 2287 Gallicanam
1517 2258 1641 2286 canendo
1651 2267 1742 2285 corre-

960 2301 1011 2327 ξὶιι.
1022 2300 1101 2327 Idem
1112 2298 1242 2327 Batonius
1253 2301 1308 2327 An.
1317 2308 1384 2335 754.
1398 2309 1425 2326 n.
1439 2310 1464 2331 7.
1475 2299 1606 2327 Solebant
1618 2297 1741 2334 antiqui-

961 2349 1003 2368 tus
1013 2350 1108 2369 omnes
1120 2339 1300 2368 fidelcsfimul
1309 2349 1405 2369 canere
1418 2339 1447 2367 in
1459 2339 1586 2372 Ecclefia,
1597 2337 1672 2376 quod
1681 2347 1744 2367 cum

1407 2381 1430 2408 K
1474 2391 1488 2408 7.
1654 2386 1705 2416 po-
