1866 2526
149 54 230 108 486
495 55 528 98 P
559 54 600 96 A

133 113 156 141 ri
168 134 175 140 .
187 111 278 142 Foelix
289 113 358 152 Papa
367 111 439 142 filius
448 111 558 142 Foelicis
567 109 725 148 Presbyteri
734 110 768 139 de
778 109 822 138 tit.
833 107 926 138 fascio-

132 155 176 183 lae.
188 154 323 192 Agapitus
333 156 405 192 Papa
415 153 487 182 filius
496 153 634 183 Gordiani
644 151 808 188 Presbyteri.
820 153 830 182 ]
843 151 862 179 fi
872 152 915 179 Da

133 193 207 224 maso
216 194 371 234 Bonifacius
380 194 439 232 post
449 194 567 233 triginta
577 193 700 232 quinque
709 202 793 220 annos
802 190 933 230 successes
948 195 958 198 ²

131 244 190 265 rat:
200 245 301 273 nempe
312 235 346 263 de
357 246 432 263 anno
442 246 511 270 4¹9.
520 234 631 273 quando
640 232 797 262 Bonifacius
815 242 927 270 regnare

129 275 350 315 coeperarfoehx
361 277 405 304 tit.
416 275 521 304 faciolae
533 275 585 302 fuit
595 273 710 312 ipsemet
721 275 790 311 Papa
799 274 857 303 III.
869 272 927 310 post

107 350 114 354 -
131 316 280 346 Damasum
300 328 348 353 99.
361 316 438 344 annis
448 337 456 348 ‚
476 315 545 344 idest
556 336 563 347 ,
587 316 621 343 de
632 325 705 342 anno
714 318 782 351 483.
793 313 928 351 Agapitus

134 368 183 396 per
202 368 286 385 annos
311 367 375 391 15st
393 357 452 395 post
464 355 610 384 Damasum
622 376 630 386 ‚
650 356 714 393 quia
725 354 755 382 in
771 353 928 382 Pontificali

133 397 275 427 cathedra
287 397 380 426 sedere
390 405 512 434 coeperat
521 407 595 424 anno
617 404 648 433 53
659 406 683 430 ς.
695 398 722 422 δε
735 395 768 423 sic
780 394 814 422 de
826 394 885 422 aliis
894 394 929 422 ibi

130 437 274 467 succeffive
283 438 435 466 nominatis
443 435 704 468 Pontificibus‚unde
715 436 796 464 verba
805 434 929 473 superam

133 490 238 508 errores
249 500 256 507 .
279 478 361 508 Ofius
371 478 400 506 in
409 477 505 515 primis
516 488 573 505 non
584 476 636 504 fuit
645 479 717 514 Papa
730 497 737 508 ‚
751 479 778 504 ὃς
789 476 806 504 fi
817 476 849 504 de
860 475 930 504 0130

133 519 307 549 Cordubensi
332 518 467 556 Episcopo
478 517 650 556 intelligatur
661 539 667 549 ,
686 526 815 554 tempore
823 516 929 545 Gratia-

130 561 161 589 ni
173 571 274 589 nomen
283 562 361 597 Papae
374 570 431 587 non
448 557 579 588 habebant
590 557 706 596 amplius
716 556 844 595 Episcopi
857 569 863 584 :
885 557 930 585 de-

132 602 198 630 inde
211 601 290 630 valde
299 599 457 638 apocrypha
468 610 508 627 res
518 599 556 627 est
568 621 575 632 ,
596 598 742 627 Pontifices
755 597 930 627 sacerdotum

133 642 205 671 filios
224 640 298 670 fuille
308 661 314 668 .
338 642 411 669 Item
430 640 505 669 Palea
523 639 594 678 saepe
611 639 754 668 historiam
762 638 930 677 tripartitam

130 683 199 711 citat
210 703 218 715 ,
235 691 295 720 quae
306 681 463 720 apocrypha
473 690 622 719 reputatur,
633 680 666 708 de
677 691 728 718 qua
739 681 776 708 D.
786 678 931 708 Anselmus

131 722 258 752 Lucensis
271 720 418 760 Episcopus
429 722 459 750 in
469 725 524 757 ejus
542 722 697 759 Apologet.
712 732 734 749 1.
746 730 818 748 num.
836 731 878 753 17.
890 720 931 747 in-

131 764 209 802 quit:
230 763 336 798 [Quod
347 773 413 791 vero
432 763 461 790 in
475 762 598 791 Historia
610 762 749 800 tripartita
768 761 868 800 legitur
879 765 930 789 &c-

90 821 93 823 >
132 805 197 833 Hoc
215 813 304 832 autem
315 804 354 832 nil
376 803 452 832 nobis
462 803 621 831 adversatur
632 824 638 835 ,
659 813 721 831 cum
739 804 767 830 B.
780 802 931 840 Gregorius

134 845 250 873 eandem
268 844 411 873 historiam
422 843 580 873 mendosam
591 865 598 876 ‚
620 847 648 871 ὃ(
661 854 674 871 a
683 846 808 872 Romam
820 840 936 871 Ecclesia*

131 885 303 924 repudiatam
313 886 428 913 affirmet
438 888 470 917 .]
492 885 582 919 Quare
593 883 720 922 imperite
737 884 820 912 nimis
829 882 913 921 aliqui
927 904 932 915 ‚

134 937 167 955 ex
179 925 257 964 supra
268 926 339 954 dieta
349 927 436 954 Paleae
459 927 620 954 auctoritate
630 924 787 964 apocrypha
797 946 805 957 ,
824 924 932 961 decepti

130 966 259 996 asseruere
280 965 427 995 Damasum
448 966 530 995 Gesta
548 969 737 996 Romanorum
767 964 933 994 Pontificum

131 1006 261 1045 scripsiss'e
273 1029 279 1039 ,
299 1007 373 1045 quod
384 1008 462 1035 nullo
473 1008 557 1036 modo
569 1008 712 1045 probatur.
725 1006 847 1036 Blondus
859 1005 932 1033 enim

135 1048 166 1076 in
178 1047 274 1086 primis
292 1048 339 1076 lib.
356 1059 397 1076 ιο.
408 1048 500 1076 decad.
519 1059 540 1076 1.
552 1048 585 1077 stc
596 1049 713 1076 affirmat
725 1059 731 1075 :
747 1053 759 1082 [
771 1049 865 1075 Petrus
875 1049 937 1086 Ou-v

133 1090 242 1117 lielmus
260 1089 448 1118 Lateranensis
468 1089 592 1117 Ecclessae
605 1087 832 1118 Bibliothecarius
843 1109 851 1120 ,
873 1097 931 1115 om-

135 1130 212 1159 nium
222 1129 259 1158 est
271 1129 470 1167 antiquissimus
484 1151 491 1162 ‚
501 1140 567 1168 quos
579 1130 612 1158 de
622 1130 696 1158 rebus
705 1129 787 1168 gestis
798 1128 931 1160 Ecclefiae,

134 1175 164 1200 &
174 1174 366 1200 Romanorum
386 1171 553 1199 Pontificum
564 1169 663 1199 ordine
681 1170 805 1199 videmus
814 1168 931 1207 sci-ipsis*

134 1210 163 1240 se
176 1214 206 1242 .]
228 1214 319 1249 Atque
330 1212 463 1239 Baronius
473 1234 480 1244 ,
500 1222 564 1239 ann.
578 1217 625 1247 69.
636 1211 689 1239 ait:
713 1212 807 1245 [Haec
826 1219 932 1247 accepta

135 1250 187 1281 css'e
208 1250 362 1280 noscuntur
373 1262 406 1280 ex
429 1253 499 1280 libro
509 1252 622 1290 vulgato
643 1253 757 1280 nornine
779 1250 889 1281 Damasi
899 1250 932 1278 de

136 1293 272 1322 Romanis
283 1292 480 1324 Pontificibus5
504 1291 550 1320 sed
560 1303 572 1320 a
581 1292 694 1321 diversis
704 1292 892 1324 Auctoribus(
904 1299 932 1318 ut

135 1334 228 1363 verius
239 1343 306 1372 puto
318 1337 330 1365 )
341 1334 459 1361 comesto
470 1336 482 1364 ]
494 1335 566 1362 Item
576 1334 757 1363 Bellarminus
768 1334 802 1361 de
813 1332 934 1370 Scripto-

136 1374 208 1402 ribus
219 1373 406 1402 Ecclefiasticis
417 1374 446 1401 in
457 1372 573 1402 Damaso
586 1385 592 1401 :
608 1373 770 1409 [Tribuitur
780 1375 804 1403 S.
816 1371 934 1402 Damaso

137 1415 206 1443 liber
226 1415 261 1442 de
271 1414 337 1443 vitis
356 1415 521 1454 Pontificum
532 1436 538 1447 ‚
562 1415 608 1452 qui
619 1423 694 1443 extat
714 1415 744 1443 in
755 1416 846 1452 primo
857 1423 934 1441 tomo

137 1454 354 1484 Conciliorum3
377 1454 423 1483 setl
436 1455 558 1483 liberillc
571 1455 608 1483 est
629 1453 935 1485 AnastasiiiBibliothe-

136 1496 219 1529 carii,
230 1506 288 1524 non
298 1496 407 1524 Damasi
418 1517 424 1528 ,
446 1505 475 1523 ut
487 1505 584 1523 notum
595 1496 634 1524 est
644 1516 651 1523 .
663 1499 675 1528 ]
688 1496 830 1534 Philippus
842 1505 934 1523 tamen

138 1537 225 1566 Labbe
238 1537 272 1564 de
282 1536 463 1574 Scriptoribus
474 1535 574 1565 Eccles.
585 1536 616 1564 in
625 1536 752 1569 Damaso,
765 1548 797 1565 ex
809 1547 842 1564 eo
853 1536 933 1563 indn-

137 1577 209 1605 citur
218 1577 386 1606 contrarium
394 1576 503 1605 ass'erere
512 1598 520 1610 ‚
533 1577 594 1615 quia
606 1577 718 1606 testatur
727 1576 754 1605 se
767 1575 863 1606 vidifl'e
874 1579 905 1605 M
912 1578 935 1604 S.

138 1618 262 1647 codicem
273 1618 386 1656 optimae
400 1627 471 1646 notae
485 1628 609 1656 tempore
618 1618 717 1647 Caroli
738 1618 835 1657 Magni
846 1627 936 1645 exara-

138 1668 197 1686 tum
210 1680 218 1691 ‚
230 1659 260 1687 in
271 1669 326 1696 quo
337 1660 404 1687 vitae
415 1659 469 1686 illae
482 1658 599 1687 Damaso
608 1661 661 1694 jam
673 1659 876 1690 tribuebantur,
889 1669 935 1686 an-

138 1709 249 1737 tequam
259 1698 329 1727 haud
340 1708 414 1727 natus
424 1698 486 1727 esset
498 1699 648 1728 Anastasius
658 1720 664 1727 .
686 1702 723 1728 At
742 1700 772 1727 in
784 1699 878 1737 primis
890 1699 938 1727 iste

137 1738 343 1768 Eruditiffimus
355 1749 449 1768 contra
460 1741 600 1778 proprium
609 1740 711 1775 stylum
723 1740 787 1768 talia
806 1740 917 1768 adducit
929 1750 936 1768 ς

138 1790 202 1809 nam
212 1780 322 1819 quando
343 1791 379 1808 m.
390 1790 422 1808 ss.
434 1782 498 1809 citat
510 1802 517 1813 ,
537 1780 608 1809 solet
620 1781 666 1809 illa
676 1780 782 1819 semper
792 1802 799 1813 ,
819 1781 863 1808 ubi
876 1790 937 1808 mm

140 1821 311 1859 reperiantur
321 1843 328 1853 ,
342 1820 513 1849 manifestare
525 1843 533 1854 ‚
543 1820 597 1849 hoc
610 1832 700 1849 :tutem
711 1831 746 1849 m.
758 1831 777 1848 ς.
789 1822 833 1849 ubi
844 1831 918 1849 extet
932 1841 938 1852 ,

139 1871 199 1889 non
209 1862 342 1900 exprimit
353 1882 360 1889 .
381 1862 505 1890 Secundo
517 1862 545 1889 in
555 1861 748 1891 char-afteribus
765 1862 883 1899 antiquis
893 1861 942 1889 sae-

143 1911 177 1939 pe
189 1902 351 1940 Antiquarii
369 1902 519 1935 falluntur,
539 1906 566 1930 ὅ(
578 1902 606 1930 in
616 1903 728 1931 diversis
745 1901 851 1930 saeculis
862 1902 940 1930 multi

140 1943 426 1981 Scriptoresantiquos
437 1943 599 1971 characffcres
608 1942 761 1971 adamuffim
771 1943 871 1971 imitari
885 1953 945 1980 pro.

144 1982 201 2011 feffi
215 1982 277 2012 sunt
288 2005 294 2011 .
309 1984 404 2013 Tertio
416 1985 454 2012 ait
466 2006 473 2017 ,
484 1983 559 2022 quod
570 1984 634 2011 vitae
646 1984 701 2012 illae
711 1983 828 2012 Damaso
842 1985 943 2012 tribue-

140 2024 238 2052 bantur
249 2045 256 2056 ‚
269 2035 336 2063 ergo
350 2035 407 2052 non
418 2034 474 2052 erat
484 2025 589 2053 Auelot·
600 2024 630 2052 in
642 2024 694 2052 hoc
707 2023 802 2053 afferto
814 2035 849 2051 m.
861 2035 881 2052 s.
893 2035 941 2052 no-

143 2074 228 2092 tatus.
240 2065 343 2101 Quarto
353 2086 361 2097 ,
382 2065 401 2093 si
413 2064 541 2093 Damasus
551 2065 623 2103 gesta
647 2065 814 2094 Pontificum
826 2064 942 2103 scripsis-

141 2105 183 2133 set
195 2126 202 2137 ‚
213 2107 267 2138 ejus
281 2104 420 2133 familiaris
431 2106 621 2140 Hieronymus
634 2106 663 2132 in
675 2107 787 2134 traciam
798 2106 831 2133 de
842 2106 941 2143 Script.

143 2144 246 2174 Eccles.
255 2146 299 2172 ubi
309 2145 409 2184 scripta
419 2145 539 2181 ejusdem
551 2146 658 2174 Dmmfi
670 2145 792 2175 recenset
801 2168 807 2179 ‚
826 2156 899 2174 certe
910 2146 942 2174 de

141 2186 196 2214 hoc
208 2185 316 2213 Damasi
328 2196 410 2223 opere
420 2188 592 2215 mentionem
603 2186 712 2215 fecisset.
724 2187 770 2215 Ad
780 2187 884 2222 objesta
895 2198 941 2215 ve-

144 2237 174 2255 ro
187 2247 194 2259 ‚
213 2226 287 2264 quod
301 2227 451 2255 Anastasius
461 2228 519 2264 post
529 2227 663 2256 Carolum
675 2230 806 2265 Magnum
817 2227 900 2256 fuerat
913 2228 941 2255 in

141 2267 206 2295 satis
216 2288 222 2298 ‚
243 2266 334 2304 polito
345 2268 418 2304 quod
429 2267 553 2296 asl'ertum
564 2278 599 2295 m.
611 2278 620 2295 s
642 2268 739 2296 existat
750 2289 757 2300 ,
780 2272 807 2296 3.-
819 2278 941 2306 tempore

142 2307 263 2344 ejusdem
272 2309 450 2344 Imperatoris
460 2318 595 2337 exaratum
606 2309 688 2336 fuerit
699 2329 705 2335 .
724 2308 920 2346 Respondetur
933 2331 939 2340 ‚

143 2357 216 2376 inter
228 2348 361 2376 carolum
375 2370 382 2381 ‚
402 2352 429 2376 δ(
442 2349 609 2377 Anastafium
625 2360 682 2377 non
701 2350 749 2377 nili
759 2351 941 2388 quinquagin-

145 2398 264 2418 taannos
283 2388 457 2418 interceffist'e
468 2411 477 2424 1
501 2389 529 2418 in
541 2400 596 2429 quo
605 2391 737 2428 temporis
747 2390 834 2429 spatio
847 2391 939 2419 verili-

1281 51 1386 94 PA

985 107 1051 137 mile
1061 119 1119 138 non
1127 108 1238 138 videtur
1251 132 1258 143 ‚
1274 111 1349 149 quod
1358 110 1388 138 in
1398 107 1594 139 characteribus
1603 108 1730 150 potuisset
1739 112 1779 141 es-

985 148 1013 179 se
1025 159 1099 178 tanta
1109 149 1224 179 varietas
1236 172 1243 182 ,
1258 161 1288 180 ut
1299 150 1462 189 Antiquarii
1472 151 1595 180 valerent
1606 153 1641 182 de
1650 153 1734 182 lustro
1743 152 1778 182 ad

985 190 1097 219 lustrum
1105 190 1290 220 differentiam
1298 189 1483 221 internoscere
1494 212 1501 220 .
1511 191 1628 231 Insuper
1635 193 1782 232 responde·

987 241 1030 259 tur
1042 253 1048 264 ,
1071 232 1145 270 quod
1159 231 1333 270 aequivocum
1342 232 1491 262 Austorum
1502 232 1553 262 fuit
1570 234 1603 263 de
1613 245 1668 264 uno
1676 236 1783 265 Biblio-

987 272 1109 301 thecas-10
1120 283 1169 311 pro
1177 272 1230 301 alio
1241 293 1249 305 ‚
1269 283 1331 301 nam
1341 274 1435 301 Petrus
1452 273 1607 304 Gulielmus
1626 275 1781 305 Bibliothe-

986 313 1072 342 carius
1084 335 1091 346 ‚
1111 323 1140 341 ut
1152 323 1185 341 ex
1196 314 1281 341 citato
1290 313 1400 342 mondo
1410 314 1553 353 colligitur
1561 337 1570 349 ‚
1580 318 1708 345 floruerat
1717 326 1781 346 ante

988 354 1149 392 praedrftum
1159 354 1291 383 Carolum
1302 375 1309 385 ,
1329 357 1356 382 ἃ(
1368 353 1518 383 Anastasius
1536 367 1594 386 non
1604 357 1759 396 composuit
1770 368 1778 388 5

988 395 1035 423 sed
1044 394 1183 433 descripsit
1202 395 1370 423 Pontificum
1382 395 1450 423 vitas
1460 416 1468 427 ‚
1487 395 1553 424 licet
1569 397 1654 436 aliqui
1663 399 1781 426 omnino

990 446 1092 475 negent
1112 436 1280 464 Anastasium
1291 435 1357 464 talia
1366 446 1455 474 neque
1463 435 1626 475 descripfisse
1634 460 1643 471 ,
1660 448 1690 467 ea
1700 439 1783 468 indu·

989 478 1024 505 eti
1039 477 1147 505 ratione
1158 499 1164 509 ‚
1175 476 1238 515 quisi
1250 476 1297 505 ille
1307 477 1351 505 vir
1359 475 1526 505 doCtisfimus
1536 477 1622 506 fuerat
1631 500 1639 511 ,
1650 483 1677 508 ὅ(
1686 479 1780 518 lingua

995 517 1078 546 latina
1086 517 1193 555 optime
1203 517 1324 545 eruditus
1336 539 1343 549 ,
1361 527 1391 544 ut
1401 528 1434 546 ex
1443 517 1503 545 aliis
1512 520 1568 554 ejus
1585 518 1709 557 operibus
1718 519 1782 548 satis

989 559 1076 597 liquet
1088 580 1095 591 ,
1113 568 1142 586 ac
1149 558 1268 597 proinde
1280 558 1334 586 tale
1344 568 1411 596 opus
1419 557 1571 597 graecismis
1580 558 1709 589 refertum
1720 581 1729 593 ‚
1738 559 1784 588 su-

989 609 1035 628 um
1045 598 1164 627 essenon
1173 598 1297 627 creditur
1307 610 1313 626 :
1323 598 1369 627 sed
1380 599 1470 637 potius
1482 609 1513 627 ex
1524 609 1616 638 graeco
1629 601 1734 628 austere
1744 603 1784 630 A·

990 640 1113 669 nastasius
1124 640 1193 668 illud
1203 639 1390 678 descripserat,
1403 640 1510 678 quando
1523 650 1619 679 nempe
1630 641 1784 671 Anastasius

988 682 1021 709 ad
1029 684 1156 710 Graecum
1177 682 1376 717 Imperatorem
1385 691 1458 708 anno
1471 685 1537 717 869.
1556 692 1569 710 a
1579 682 1715 711 Pontifice
1724 685 1785 711 Ro-·

988 732 1071 750 mano
1080 720 1168 750 missus
1177 721 1261 750 fuerit
1271 743 1279 754 ,
1299 731 1328 749 ut
1338 722 1367 749 in
1376 721 1508 759 praedifm
1519 732 1592 751 :uino
1604 723 1734 752 Baronius
1744 734 1785 751 te-

989 763 1072 791 statur
1081 763 1125 790 ubi
1143 761 1248 791 sextam
1258 761 1400 796 Synodum
1412 772 1444 790 ex
1455 772 1546 800 graeco
1565 763 1594 791 in
1604 764 1720 792 latinum
1730 773 1784 792 tra-

989 804 1069 832 duxit
1078 824 1085 836 ,
1109 806 1136 831 &
1146 804 1203 841 pari
1225 802 1310 830 modo
1329 803 1415 831 vitam
1436 803 1460 831 S.
1472 803 1592 835 Dionjsii
1606 807 1709 842 Areop.
1721 815 1735 832 a
1757 805 1784 832 S.

989 843 1139 872 Methodio
1149 843 1325 881 compositam
1339 864 1346 876 ,
1364 843 1447 871 latine
1456 843 1485 872 ab
1494 852 1527 872 co
1537 845 1684 873 tradustam
1695 846 1789 873 Caro-

989 885 1017 913 lo
1027 885 1120 914 Calvo
1130 882 1240 912 miserat
1250 904 1257 911 .
1278 885 1374 912 Baron.
1385 895 1428 912 an.
1450 889 1482 917 87
1489 890 1516 914 6,
1526 886 1599 913 Item
1608 885 1729 914 traduxit
1749 895 1784 913 ex

989 936 1081 964 graeco
1091 923 1290 963 Theophanem
1302 944 1308 951 .
1318 922 1397 952 Idem
1407 926 1506 953 Baton·-
1516 936 1579 954 ann.
1592 931 1656 963 813.
1669 935 1741 954 num.
1755 936 1782 960 ς.

990 970 1018 994 ὅ(
1033 978 1075 994 10.
1089 968 1129 994 Ac
1143 965 1322 1004 signanterex
1335 974 1425 1003 graeco
1435 965 1464 993 in
1475 966 1590 994 latinum
1610 968 1677 995 vitas
1686 968 1784 994 Ponti<

991 1007 1072 1035 ficum
1082 1009 1273 1035 Romanorum
1282 1016 1295 1034 a
1305 1005 1475 1044 Theophane
1487 1027 1494 1037 ,
1515 1010 1543 1035 θ(
1553 1008 1679 1045 Georgio
1688 1006 1784 1045 graecis

993 1046 1154 1076 Auctoribus
1164 1046 1327 1085 compositas
1337 1046 1500 1075 translatass‘e
1510 1068 1517 1080 ,
1536 1048 1561 1076 S.
1577 1047 1720 1076 Anselmus
1732 1049 1784 1076 Lu-

989 1088 1072 1117 censis
1082 1086 1229 1126 Episcopus
1253 1087 1363 1125 apolog.
1379 1098 1400 1115 1.
1412 1088 1456 1126 qui
1469 1088 1581 1125 persduo
1600 1087 1695 1116 saecula
1704 1088 1784 1116 circi-

990 1138 1031 1157 ter
1042 1129 1100 1167 post
1112 1128 1281 1157 Anastasium
1293 1128 1399 1157 vixerat
1409 1150 1416 1161 ‚
1428 1128 1540 1156 testatur
1551 1128 1592 1157 his
1603 1129 1691 1157 verbis
1702 1141 1707 1156 .-
1722 1134 1734 1163 [
1747 1131 1786 1157 A-

990 1170 1114 1198 nastasius
1126 1169 1227 1198 8211&ae
1238 1171 1372 1198 Romame
1385 1169 1509 1198 Ecclefiae
1522 1169 1746 1198 Bibliothecarius
1758 1170 1787 1197 in

990 1210 1226 1248 Chronicn‚quam
1237 1210 1270 1238 de
1279 1220 1370 1248 graeco
1381 1209 1411 1237 in
1422 1209 1538 1238 latinum
1548 1209 1704 1238 sermonem
1714 1221 1787 1238 tran-

989 1251 1075 1283 stulit,
1085 1260 1218 1289 quamque
1229 1261 1262 1278 ex
1273 1249 1453 1280 vetustissimi}
1466 1249 1616 1279 Chronicis
1625 1254 1786 1280 Grsecorum

988 1292 1204 1329 compilaverant
1214 1291 1323 1329 quidam
1333 1290 1415 1329 graeci
1425 1290 1481 1319 Dei
1491 1291 1609 1319 cultores
1622 1313 1629 1324 ,
1639 1291 1786 1330 Theopha-

992 1343 1038 1361 nes
1048 1354 1055 1364 ‚
1067 1331 1172 1360 scilicet
1183 1353 1190 1364 ‚
1202 1335 1229 1359 δε
1239 1332 1377 1370 Georgius
1388 1351 1395 1362 ,
1420 1341 1487 1369 quos
1498 1331 1571 1359 idem
1582 1332 1612 1360 in
1621 1331 1741 1366 ejusdem
1754 1333 1786 1360 li-

991 1373 1032 1401 bri
1045 1371 1206 1410 praefiztione
1217 1372 1291 1400 miris
1301 1371 1421 1400 laudibus
1434 1372 1546 1400 extollit
1555 1394 1563 1405 ,
1576 1373 1606 1400 in
1616 1382 1668 1410 qua
1676 1371 1788 1401 chroni-

990 1425 1019 1442 ca
1029 1413 1063 1441 de
1074 1413 1200 1451 Imperio
1208 1412 1341 1442 Anastasii
1352 1412 1385 1441 fic
1395 1411 1486 1440 scribit
1497 1415 1571 1444 &c.]
1591 1413 1650 1442 Ubi
1661 1413 1732 1442 clare
1744 1414 1786 1441 vi-

990 1455 1069 1483 detur
1077 1452 1277 1491 Theophanem
1288 1474 1296 1485 ‚
1308 1463 1388 1491 quem
1398 1452 1528 1481 Barouius
1537 1452 1615 1491 supra
1622 1453 1661 1482 ait
1671 1454 1701 1482 ab
1712 1457 1787 1483 Ana-

992 1494 1068 1524 stasio
1080 1494 1230 1522 tradustum
1242 1492 1315 1521 suisse
1325 1515 1332 1525 ,
1352 1504 1410 1521 non
1422 1493 1472 1521 nifi
1481 1494 1515 1521 de
1525 1493 1693 1522 Pontificum
1706 1494 1788 1523 chro-

992 1535 1051 1564 nica
1069 1534 1283 1572 intelligendum
1303 1532 1353 1561 este
1362 1555 1369 1566 ,
1391 1544 1419 1561 ac
1438 1533 1580 1562 manifeste
1598 1535 1789 1572 comprobatur,

993 1576 1021 1604 id
1032 1597 1039 1608 ,
1050 1575 1124 1613 quod
1136 1575 1206 1602 dicit
1216 1574 1341 1603 Lucensis
1352 1573 1500 1612 Episcopus
1511 1596 1519 1607 ,
1538 1574 1602 1602 dum
1612 1575 1642 1603 in
1652 1575 1788 1613 praefatio-

996 1627 1029 1644 ne
1049 1614 1170 1651 ejusdcm
1188 1615 1251 1643 libri
1272 1615 1306 1643 de
1335 1615 1407 1643 Vitis
1426 1615 1592 1643 Pontificum
1620 1615 1790 1645 Anastasium

995 1657 1085 1686 laudes
1104 1656 1216 1684 illorum
1241 1656 1392 1684 Aufforum
1419 1655 1555 1684 extollere
1566 1677 1573 1688 ‚
1596 1655 1688 1694 itaque
1714 1659 1789 1685 Ana-

1007 1698 1086 1725 {alius
1103 1697 1199 1734 graecis
1210 1695 1267 1724 usus
1288 1696 1325 1724 est
1346 1696 1480 1724 vocabulis
1494 1697 1523 1724 in
1546 1700 1602 1733 ejus
1611 1697 1768 1725 narratione
1779 1719 1788 1730 ,

995 1739 1058 1776 quia
1076 1738 1189 1775 ipsemet
1199 1738 1231 1766 ad
1241 1738 1377 1775 Joannern
1397 1737 1552 1765 Diaconum
1571 1736 1688 1765 scribens
1710 1738 1790 1766 verba

997 1777 1177 1816 Theophanis
1211 1778 1327 1806 alterare
1360 1776 1472 1806 noluiss'e
1500 1778 1611 1806 testatur
1622 1798 1628 1805 .
1659 1777 1790 1806 Baronius

997 1830 1061 1847 aim.
1085 1823 1150 1856 813.
1169 1828 1274 1846 numer.
1298 1829 1340 1846 10.
1369 1818 1502 1855 Quamvis
1521 1819 1582 1846 alias
1605 1818 1706 1856 linguae
1729 1818 1790 1846 lati-

1000 1870 1042 1888 ηπ
1061 1860 1111 1887 ille
1128 1858 1322 1887 eruditissimus
1340 1858 1444 1886 fuiss'et.
1465 1859 1516 1887 Sed
1534 1858 1597 1886 huic
1607 1857 1768 1897 digressioni
1781 1880 1790 1891 ‚

999 1910 1077 1938 quam
1097 1899 1205 1928 erudito
1222 1899 1328 1928 Lectori
1341 1910 1397 1927 non
1414 1899 1471 1927 fore
1488 1900 1623 1938 ingratam
1644 1899 1791 1932 existimo,

1002 1941 1086 1968 finem
1097 1941 1267 1978 imponendo
1276 1952 1287 1973 ,-
1299 1940 1331 1967 :id
1342 1940 1403 1968 alias
1414 1940 1498 1968 Palea:
1508 1940 1687 1978 implicantias
1699 1940 1792 1968 reded-

1001 1992 1057 2009 mus
1068 2002 1074 2008 .
1096 1982 1146 2009 Ait
1163 1982 1239 2009 enim
1258 1981 1293 2008 D.
1315 1981 1466 2019 Gregorius
1486 1980 1515 2007 in
1533 1992 1592 2008 can.
1613 1982 1745 2008 Mennam
1765 1993 1793 2009 2.-

1001 2021 1093 2060 quaest.
1107 2032 1130 2056 ς.
1145 2022 1313 2059 [Vulgarem
1324 2021 1442 2059 denique
1454 2042 1460 2053 ‚
1472 2025 1499 2049 δ(
1510 2021 1584 2050 nulla
1593 2021 1722 2049 canonica
1732 2019 1794 2049 san·

1000 2063 1092 2091 ctione
1102 2062 1196 2090 fultam
1209 2063 1299 2100 legem
1311 2083 1318 2094 ‚
1330 2062 1473 2094 ferventis,
1483 2061 1587 2090 scilicet
1600 2084 1606 2094 ,
1617 2062 1672 2089 sive
1683 2061 1792 2100 trigidae

998 2114 1073 2141 aquae
1084 2125 1091 2136 ‚
1102 2103 1239 2141 ignitique
1252 2102 1314 2131 ferri
1325 2103 1491 2134 contnRum,
1501 2113 1545 2130 aut
1556 2102 1697 2138 cujuslibet
1708 2112 1793 2140 popu-

999 2145 1062 2172 laris
1072 2143 1260 2171 intentionis:
1279 2143 1362 2181 (quia
1375 2143 1520 2171 fabricante
1530 2142 1589 2171 haec
1600 2142 1663 2170 sunt
1673 2143 1791 2170 omnino

1002 2185 1066 2213 fasta
1077 2184 1185 2212 invidia
1197 2187 1208 2215 )
1218 2194 1270 2212 nec
1281 2182 1367 2222 ipsum
1376 2183 1506 2212 exhibere
1518 2205 1524 2216 ,
1548 2194 1596 2211 nec
1605 2183 1697 2221 aliquo
1707 2181 1792 2212 modo

1003 2235 1029 2253 te
1049 2225 1174 2253 volumus
1193 2225 1328 2263 postulare
1348 2236 1354 2255 ,-
1380 2224 1436 2252 imo
1454 2224 1612 2262 Apostolica
1631 2222 1792 2250 auctoritate

1002 2265 1176 2304 prohibemus
1186 2264 1336 2294 firmiffime
1346 2286 1352 2292 .
1365 2267 1375 2296 ]
1392 2266 1418 2293 Si
1429 2264 1490 2293 haec
1501 2274 1555 2293 tam
1567 2261 1688 2301 rigorose
1701 2273 1713 2289 a
1724 2263 1792 2289 San-

1001 2308 1050 2335 c'tis
1064 2306 1183 2334 Patribus
1193 2306 1332 2344 prohibita
1342 2316 1419 2334 erant
1428 2328 1436 2338 ,
1448 2317 1478 2334 ut
1487 2305 1606 2333 diximus
1616 2303 1645 2330 in
1657 2302 1683 2330 d.
1696 2305 1791 2337 judex

995 2350 1168 2385 purgationis
1180 2351 1394 2381 ‚Jttramentum
1404 2367 1411 2374 .
1421 2344 1616 2381 Mtffasndicii
1628 2365 1636 2375 ι
1649 2346 1675 2371 ὅ(
1686 2342 1714 2370 in
1725 2342 1792 2371 dist·

998 2393 1136 2425 Purgator
1148 2397 1257 2426 agemus
1267 2388 1367 2427 etiam:
1380 2385 1519 2425 quomodo
1528 2384 1608 2414 Palea
1618 2383 1649 2413 in
1659 2383 1752 2411 eadem
1764 2395 1790 2412 z.

1655 2423 1748 2464 quit-li.

1833 0 1862 22 (7¹9
