1866 2526
145 74 224 112 616
482 72 511 115 S
543 74 564 114 I

132 127 317 157 trodustusest
327 149 335 162 ,
358 127 392 158 de
401 139 456 168 quo
466 130 569 160 Cicero
578 129 607 159 in
622 140 646 166 5.
659 129 769 161 Verrin.
784 132 868 166 [Nec
881 141 928 159 nu-

134 178 240 197 merum
258 168 439 199 acceffionum
455 172 601 210 cogebatur
620 181 711 200 arator
719 172 782 200 dare
793 193 802 204 ‚
824 172 928 200 namin

133 210 245 247 pecunia
254 208 410 239 solvebatur
420 232 427 239 .

92 249 267 279 Saxi-amum
278 271 285 278 .
296 252 352 280 FR.
364 251 533 289 liquidorum
542 274 550 285 ,
560 256 588 282 &
600 252 739 281 aridorum
749 251 882 285 mensura,
896 252 929 281 de

132 300 184 327 qua
193 290 232 319 ita
245 291 434 326 Hieronymus
444 292 474 321 in
484 303 507 320 c.
519 305 547 328 4.
559 292 660 321 Ezech.
672 299 684 328 [
695 295 782 321 Porro
793 293 854 322 Hin
863 293 929 321 duos

132 330 213 359 clioat
222 331 320 359 atticos
332 330 394 360 facit
405 353 414 365 ‚
432 343 498 371 quos
511 343 562 361 nos
571 333 708 371 appellare
719 332 853 371 possumus
863 334 929 362 duos

131 369 265 399 sextarios
275 371 388 401 Italicos
398 394 405 405 ,
417 373 455 402 ita
466 383 496 401 ut
508 373 568 401 Hin
578 371 701 401 mensura
710 374 742 402 iit
753 374 860 411 Judaici
871 373 926 402 sex-

132 411 194 439 tarii
205 433 214 445 ‚
236 412 374 450 nostrique
385 413 520 442 castrensis
531 435 539 445 ‚
560 415 634 449 cujus
643 412 719 442 sexta
735 424 793 452 pars
805 414 868 443 facit
878 424 931 443 ter-

135 451 200 480 tiam
211 462 315 490 partem
326 452 437 481 sextarii
449 453 556 482 Italici.
569 459 581 488 [
595 454 667 482 Vide
680 458 741 483 Hin.
753 475 760 482 .

94 491 147 520 Sex
154 503 206 521 'i'us
219 513 226 521 .
245 494 300 522 PR.
310 494 447 522 direbatur
458 493 639 532 Carthaginis
658 495 732 523 locus
743 516 751 528 ,
772 495 815 524 ubi
834 497 860 526 S.
870 497 932 532 Cy-

132 533 242 571 prianus
253 533 415 568 martyrium
425 533 506 571 pass'us
517 534 555 563 est
566 555 573 561 .
585 537 684 563 Bar-on.
693 546 757 565 ann.
771 547 780 564 1
789 543 834 565 61.
847 548 873 565 n.
885 550 931 567 22.

92 573 207 602 Sextus
228 576 450 603 ΒεςκετΑιΙυΜ
461 594 468 602 .
493 577 550 604 FR.
569 575 606 603 ita
615 577 764 613 appellatus
783 577 820 605 est
830 578 929 606 Codex

132 614 311 643 decretalium
324 637 331 647 ,
354 616 416 652 quia
425 614 508 653 usque
517 616 550 644 sd
559 617 690 654 quintum
701 617 800 646 librum
811 618 931 648 decreta<

131 655 199 682 lium
212 657 364 693 Gregorius
375 657 424 684 IX.
435 655 591 694 scripserat3
603 655 759 686 Bonifatius
771 669 836 688 vero
849 661 934 689 VIII.

135 694 241 723 sextum
254 697 452 734 compleverat,
465 707 493 724 ut
505 697 577 726 idem
590 698 617 724 in
630 700 684 732 ejus
696 701 833 736 prooeiiiio
842 700 932 729 :idmo-

985 139 1099 167 quorem
1110 151 1118 163 ‚
1128 129 1248 160 meisve
1258 130 1376 172 frugibus
1385 143 1450 173 aqua
1461 132 1592 172 pinguior
1602 133 1750 164 colaretur.
1765 138 1779 169 ]

984 170 1061 198 Palea
1071 170 1154 199 etiam
1163 170 1193 198 in
1201 171 1266 200 diet.
1276 183 1290 210 3
1299 183 1324 208 5.
1334 174 1427 213 inquit
1439 186 1445 202 :
1458 175 1637 210 [Sacerdotes
1648 197 1655 208 ‚
1667 176 1714 215 qui
1724 177 1777 204 mi-

985 209 1144 240 nistrantin
1163 212 1268 250 templo
1279 213 1334 241 Dei
1347 234 1354 245 ,
1373 215 1555 252 prohibentur
1576 216 1671 245 vinum
1683 238 1691 249 ‚
1713 220 1740 245 ὃ(
1750 217 1783 245 fi-

983 261 1070 280 ceram
1088 251 1198 283 biberes
1219 263 1254 280 ne
1264 253 1370 292 crapula
1382 276 1390 287 ‚
1406 256 1576 286 &ebrietate
1596 267 1780 295 aggraventur

985 292 1067 320 corda
1084 301 1179 321 eorum
1190 313 1198 320 .
1219 294 1308 322 Sicera.
1325 292 1434 322 hebreo
1450 295 1573 334 sermone
1593 297 1684 326 omnis
1703 297 1783 335 potio

985 342 1168 371 nuncupatur,
1177 344 1228 372 qua
1239 335 1298 373 quis
1309 334 1438 363 inebriari
1449 337 1536 373 potest
1545 358 1553 365 .
1565 338 1711 375 Quidquid
1722 339 1782 366 iiie-

986 374 1056 402 briat
1066 394 1074 407 ,
1095 374 1191 402 statum
1202 374 1303 403 mentis
1311 375 1412 403 evertit
1421 395 1428 402 .
1449 377 1570 405 Tandem
1578 378 1672 406 Gloss'a
1682 378 1710 406 in
1721 389 1781 406 caii.

986 413 1135 442 admonere
1147 435 1155 447 ,
1174 425 1220 452 33.
1233 425 1276 454 qu.
1289 427 1314 444 ι.
1324 416 1350 446 ξ.
1370 415 1480 444 ficei'am
1490 437 1497 448 ‚
1517 417 1554 444 ait
1566 429 1572 446 ε
1586 421 1658 452 [Per
1671 419 1780 447 siceram

987 454 1116 493 intellige
1135 465 1248 484 omnem
1261 466 1356 494 potum
1366 459 1374 489 ,'
1384 456 1431 494 qui
1443 456 1560 484 inebriat
1573 459 1602 488 .]
1624 460 1712 494 Quare
1724 460 1782 487 vim

987 495 1112 524 nominis
1124 506 1181 524 non
1200 496 1334 534 exprimit
1345 499 1451 527 Auctor
1462 497 1556 525 vocab.
1574 499 1648 526 Eccl.
1665 500 1728 528 dum
1738 499 1783 527 in-

987 535 1048 574 quit
1058 558 1067 569 ‚
1087 536 1197 565 ficeram
1207 536 1296 575 signifi
1302 548 1361 566 care
1379 537 1522 567 cerviliam
1533 559 1540 570 ‚
1561 538 1624 576 quia
1633 538 1695 567 licet
1713 540 1782 568 acci-

987 576 1138 605 dentaliter
1159 577 1244 615 poffer
1254 577 1283 606 in
1292 578 1407 607 eandem
1417 577 1621 607 confectionem
1640 578 1784 616 aliquando

992 617 1165 656 convenires
1178 618 1330 647 formaliter
1340 628 1432 648 tamen
1445 641 1450 651 ,
1461 623 1488 647 ὃς
1497 619 1663 658 generaliter
1673 619 1784 649 denotat

991 668 1102 686 omnem
1112 668 1207 697 potum
1219 659 1420 688 inebriativum.
1432 661 1502 688 Iteni
1514 658 1629 689 Tertull.
1644 659 1785 689 Ebriamen

991 700 1107 738 exponit
1119 699 1164 727 hic
1174 700 1204 727 in
1215 699 1278 727 dist.
1293 702 1442 729 Ebriamen
1455 720 1462 727 .

132 744 182 763 net
193 756 200 763 .
212 737 285 765 Vide
295 738 455 766 Decretales
467 761 473 765 .
486 737 637 775 Septimum
647 748 735 767 nutem
747 739 932 773 decretalium,
942 734 1077 770 iSICiiiA.
1087 742 1141 769 FR.
1155 740 1367 770 Ecclesiasticum
1378 741 1584 779 patrimonium,
1593 751 1650 768 can.
1661 741 1788 773 relatum,

131 776 193 814 post
204 776 311 806 sextum
324 800 330 810 ‚
342 778 532 807 Clementinas
541 800 547 810 ,
565 783 591 807 ὃ(
602 782 817 819 Extraragantes
828 784 934 820 compi-

132 816 203 845 lavit
214 819 307 846 Petrus
316 818 474 850 Matthxus,
486 818 589 846 editum
601 821 769 849 francofurti
779 832 857 850 anmi
869 833 933 859 592.

93 857 217 886 Siarita
229 878 236 885 .
257 860 313 888 FR.
325 869 385 896 qua:
398 860 493 887 decem
506 869 539 887 ex
551 861 676 888 Varrone
687 871 811 890 numerat
824 865 861 891 D.
873 868 930 893 Au-

130 898 200 936 gust.
214 898 259 927 lib.
275 904 316 926 ιε.
330 900 362 927 de
374 900 464 928 Civit.
475 900 547 932 Dei,
562 910 618 938 cap.
630 912 643 928 2
652 913 676 928 2.
686 903 840 931 Laetinti'us
858 915 880 931 i.
890 905 933 933 di-

133 938 192 967 vin.
206 939 291 967 instit.
303 944 330 968 δ(
341 941 378 968 D.
392 941 510 968 Hieron.
521 940 566 968 lib.
583 952 604 968 1.
617 941 721 969 advers.
731 945 826 980 Jovin.
838 945 884 983 qui
898 956 930 974 ex

128 979 191 1007 eod.
203 981 281 1008 Vari:
294 981 394 1018 inquit:
410 981 527 1010 AEolice
537 980 698 1016 Θέυβελῖω,
711 984 789 1016 idest,
802 986 855 1013 Dei
866 996 931 1015 con-

133 1020 221 1047 {ilium
235 1021 365 1055 Sbyllani
375 1022 504 1060 appellari
515 1032 522 1050 ς
545 1020 590 1050 sed
601 1023 708 1050 Ludov.
722 1025 808 1053 Vives
819 1026 866 1054 cit.
877 1028 931 1055 loc.

133 1064 208 1098 Aug.
218 1071 417 1095 roiniiientaiis,
432 1063 467 1090 ait
477 1084 486 1095 ,
498 1063 617 1092 AEoiice
626 1061 685 1097 mele
693 1084 703 1099 ‚
716 1065 788 1094 Deos
798 1088 805 1099 ‚
817 1065 928 1102 ssuxlw'v

129 1102 275 1130 (omilium
286 1103 448 1141 ligiiificare,
461 1103 581 1142 indeque
592 1104 725 1139 Sibyllam
735 1106 807 1135 dici.
820 1109 871 1135 Per
881 1112 929 1144 βψ

127 1140 184 1171 >dal
192 1143 268 1171 enim
277 1153 359 1181 penes
371 1155 464 1172 omnes
475 1147 586 1174 Gizccos
598 1145 764 1184 intelligitur
775 1148 929 1177 confilium.

89 1181 219 1212 Simius
229 1195 256 1213 [ι
268 1206 275 1217 ,
289 1184 354 1212 dieti
365 1184 428 1213 sunt
441 1185 596 1215 Christiani
606 1207 613 1213 .
624 1186 695 1214 Vide
707 1189 861 1225 christiani
872 1210 879 1216 .

89 1221 197 1254 Statim
212 1245 220 1256 ‚
229 1226 346 1261 jaculum
359 1249 365 1258 ‚
375 1225 430 1254 live
441 1226 528 1256 telum
540 1225 639 1255 miffilc
649 1248 656 1259 ,
672 1237 704 1255 ex
713 1238 806 1266 graeco
817 1226 928 1265 σιβιιῦη.

135 1267 194 1297 [Et
206 1265 355 1293 concident
368 1266 514 1295 machaeras
523 1267 579 1295 suas
592 1268 620 1295 in
630 1277 715 1296 aratra
727 1290 735 1301 ,
746 1273 773 1298 δε
786 1271 890 1305 libynas
901 1272 929 1299 in

128 1303 208 1332 falces
220 1327 227 1337 ,
238 1306 305 1334 idest
318 1329 324 1338 ,
334 1307 488 1335 animorum
501 1308 670 1340 nocentium,
682 1310 876 1347 &linguarum
889 1312 930 1339 in-

130 1344 255 1374 festarum
268 1368 275 1379 ,
286 1351 313 1375 ὃς
322 1348 411 1375 omnis
423 1348 533 1376 malitiae
545 1370 552 1381 ,
572 1358 652 1387 atque
665 1349 840 1387 blasphemiae
852 1351 929 1390 inge-

131 1387 176 1414 nia
184 1397 350 1416 convertent
361 1389 390 1416 in
402 1388 486 1417 studia
500 1389 638 1418 modestia·
648 1411 655 1422 ‚
670 1399 698 1416 ac
708 1391 782 1427 pacis
794 1411 800 1419 .
813 1393 927 1420 Tei-tull.

130 1427 175 1454 lib.
190 1438 215 1464 3.
228 1428 332 1456 advers.
346 1430 428 1457 Marc.
440 1440 498 1467 cap.
511 1441 557 1458 zi.

76 1468 226 1496 ,Sicaitiws
240 1489 248 1496 .
272 1470 328 1498 PR.
341 1480 353 1496 a
365 1469 414 1497 sica
423 1470 510 1508 gladii
520 1481 622 1509 genere
633 1492 639 1502 ,
652 1473 677 1498 ἃ
690 1470 825 1510 fignificat
835 1472 930 1502 assaffi-

127 1519 193 1536 num
204 1531 211 1541 ‚
223 1509 257 1537 de
268 1519 322 1547 quo
335 1509 364 1538 fit
374 1512 483 1538 mentio
495 1532 500 1542 ,
522 1511 555 1539 de
566 1511 713 1547 poenitent.
724 1512 843 1541 distinct.
860 1525 882 1542 i.
903 1517 935 1542 R*

994 792 1036 809 io.
1049 792 1093 820 qu.
1104 791 1130 818 3.
1151 781 1206 810 five
1218 782 1415 820 patrimonium
1434 782 1460 809 S.
1471 783 1544 810 Petri
1556 802 1563 810 .
1586 783 1711 816 [Praeter
1727 780 1787 809 haec

990 825 1120 860 Regnum
1133 821 1233 850 Siciliae
1245 843 1252 854 ,
1270 822 1366 860 (quod
1376 823 1413 850 est
1422 821 1539 859 speciale
1549 822 1746 860 patrimonium
1756 822 1784 849 S.

990 861 1083 894 Petri,
1106 865 1133 890 δ(
1144 861 1217 890 idem
1226 863 1354 900 Princeps
1372 863 1401 890 ab
1414 862 1571 900 Apostolica
1593 863 1661 891 Sede
1674 863 1785 890 tenebat

989 903 1019 930 iii
1033 903 1140 931 feudum
1151 905 1222 938 >jam
1231 903 1262 931 ad
1273 912 1375 930 tantam
1388 903 1417 930 in
1429 903 1546 931 Clericis
1556 924 1565 936 ,
1588 906 1616 930 δ(
1627 902 1715 931 Laicis
1728 903 1789 930 exi<

991 944 1164 971 nanitionem
1177 965 1183 976 ,
1198 942 1414 981 servitutemque
1424 943 1532 980 redegit
1541 965 1549 976 ,
1572 943 1647 981 quod
1656 943 1693 970 eis
1704 944 1786 981 plane

989 985 1096 1022 penitus
1117 983 1188 1011 nihil
1200 982 1358 1012 habentibus
1370 1006 1378 1016 ‚
1398 987 1425 1012 ὅ(
1438 983 1541 1011 exinde
1559 984 1616 1011 lere
1625 984 1715 1021 probis
1732 986 1787 1019 eje-

987 1026 1036 1052 cris
1047 1047 1054 1058 ‚
1065 1024 1127 1053 illos
1137 1046 1144 1057 ‚
1155 1025 1201 1062 qui
1212 1022 1400 1053 remanserunt
1413 1024 1514 1051 ibidem
1526 1046 1533 1056 ,
1553 1023 1600 1051 sub
1609 1022 1705 1051 servili
1715 1024 1787 1061 quali

985 1065 1151 1093 conditione
1172 1065 1267 1093 vivere
1279 1087 1287 1098 ,
1308 1075 1336 1093 :ic
1356 1068 1509 1095 Romanam
1530 1064 1676 1093 Ecclesiam
1695 1069 1791 1099 (cujus

985 1105 1047 1134 sunt
1058 1105 1183 1134 homines
1195 1106 1394 1144 principaliter,
1405 1110 1432 1134 ὃ(
1445 1104 1535 1133 vasalli
1546 1109 1557 1137 )
1568 1103 1706 1134 offendere
1719 1105 1790 1132 mu}-

985 1147 1120 1185 tiplicitei·
1132 1169 1139 1179 ‚
1150 1146 1329 1175 &hostiliter
1341 1146 1502 1185 impugnare
1512 1146 1656 1183 compellit
1669 1167 1676 1174 .
1699 1144 1788 1174 Posset

985 1198 1069 1216 etiam
1078 1187 1178 1216 mei-ito
1199 1186 1381 1226 reprehendi,
1405 1187 1480 1225 quod
1491 1187 1566 1215 mille
1585 1187 1696 1225 quidam
1707 1186 1790 1214 farto—

986 1239 1046 1257 rum
1055 1239 1171 1257 annuam
1187 1228 1346 1267 penlionem
1358 1234 1369 1262 (
1381 1229 1409 1256 in
1420 1238 1471 1266 qua
1481 1238 1531 1266 pro
1541 1227 1638 1255 eodem
1648 1238 1737 1266 regno
1745 1227 1787 1264 ip-

987 1269 1005 1298 fi
1017 1270 1141 1298 Ecclesia*
1164 1272 1296 1298 Romana:
1309 1273 1440 1300 tenetur)
1461 1278 1509 1306 per
1519 1277 1620 1297 novem
1630 1278 1716 1296 annos
1727 1289 1736 1300 ,
1758 1271 1787 1295 ἃ

986 1310 1101 1347 amplius
1110 1309 1219 1337 solvere
1230 1310 1406 1346 praetermisit
1421 1330 1429 1340 ,
1443 1308 1486 1336 lib.
1501 1319 1526 1336 ι.
1538 1309 1581 1336 tit.
1600 1318 1640 1342 ¹4.
1651 1319 1677 1336 c.
1689 1320 1714 1336 ι.
1725 1306 1786 1335 sex-

986 1351 1006 1378 ti
1018 1351 1154 1378 Decretal.
1169 1353 1179 1381 ]
1201 1353 1227 1378 ὃ(
1252 1349 1286 1376 ibi
1305 1348 1396 1377 Glossa
1411 1370 1419 1380 ‚
1439 1348 1696 1379 §.Patrimonium.
1711 1348 1785 1376 Vide

986 1390 1032 1419 hic
1043 1397 1147 1420 Fartus
1159 1411 1165 1418 .
1186 1390 1321 1428 Rogerius
1332 1389 1421 1417 vetuit
1443 1388 1471 1416 in
1492 1397 1607 1427 utraque
1626 1388 1716 1417 Sicilia
1726 1390 1788 1417 Ro-

987 1442 1076 1460 manas
1086 1440 1286 1467 iiionetaS,qu„e
1302 1430 1442 1458 romafinae
1457 1429 1626 1457 dicebantur.
1639 1429 1711 1457 Vide
1723 1431 1784 1458 Fol-

984 1473 1079 1500 leralis
1090 1492 1096 1499 .
1119 1471 1270 1500 Siculorum
1282 1470 1312 1497 in
1329 1471 1478 1507 Deiparam
1490 1468 1605 1497 devotio
1614 1488 1621 1496 .
1649 1469 1718 1498 Vide
1729 1475 1785 1499 Ho—

985 1513 1105 1542 11'r211tria
1115 1533 1121 1539 .

1016 1542 1029 1550 ..a

131 1550 164 1578 de
175 1549 281 1577 homic.
301 1551 440 1579 voluntat.
453 1552 496 1579 vel
507 1550 603 1580 causali
616 1573 623 1583 ‚
643 1562 702 1590 cap.
714 1552 781 1581 ficut
795 1554 911 1593 dignum
924 1575 930 1581 .
944 1553 1046 1582 Siccus
1060 1576 1068 1586 ⁷
1087 1561 1204 1581 moneta:
1215 1550 1315 1591 species
1328 1573 1336 1585 ‚
1358 1552 1391 1580 de
1403 1561 1453 1589 qua
1462 1549 1531 1588 saepe
1542 1550 1570 1578 in
1581 1549 1651 1578 sacra
1664 1549 1783 1588 Pagina:

128 1590 228 1629 Ibique
241 1590 332 1619 Glossa
343 1613 351 1624 ‚
364 1592 389 1622 §-
402 1592 516 1620 Sicarios
525 1613 533 1620 .

91 1630 195 1659 <icem
207 1652 215 1663 ,
226 1630 350 1660 hebraica
363 1643 416 1660 vox
429 1655 435 1665 ,
447 1643 528 1671 quain
540 1632 624 1671 aliqui
638 1633 735 1662 vinum
745 1635 890 1667 annosum,
903 1639 929 1664 ἃ

134 1681 319 1700 inveteratum
341 1672 492 1711 significare
504 1683 620 1711 putant5
642 1674 688 1702 alii
701 1675 798 1703 vinum
816 1686 912 1714 purum
923 1696 930 1703 .

129 1712 182 1740 Sed
191 1724 219 1740 rc
230 1723 294 1741 rei-a
311 1713 460 1751 quemlibet
470 1724 566 1752 potum
577 1715 609 1742 ad
623 1714 814 1744 inebriandum
833 1727 931 1754 poten<

130 1763 185 1780 tem
196 1754 318 1785 denotat,
331 1764 359 1781 iit
371 1755 512 1783 manifeste
521 1766 553 1783 ex
567 1756 713 1793 Evangelii
725 1765 802 1785 textu
818 1758 930 1796 colligi-

127 1803 171 1821 tur
184 1815 190 1826 ‚
209 1796 238 1822 in
249 1795 394 1833 quoliccra
406 1806 418 1822 :i
431 1796 500 1823 vino
518 1796 734 1827 diverfificattii·;
754 1807 814 1825 nani
825 1799 863 1827 :tit
876 1798 911 1826 ibi
924 1809 930 1824 ι

131 1835 262 1869 [Vinum
275 1857 282 1867 ,
294 1839 320 1863 δ(
332 1836 437 1864 siceram
451 1847 507 1864 non
519 1837 586 1865 bibit
598 1857 604 1864 .
618 1838 680 1865 Luc.
691 1847 749 1874 cap.
764 1848 785 1865 i.
799 1840 810 1869 ]
834 1841 896 1867 Imo
905 1849 931 1866 a-

127 1875 182 1913 pud
195 1877 325 1904 Hebraeos
334 1875 476 1914 ipsammet
488 1877 649 1906 ebrietatem
660 1877 813 1916 significat:
836 1885 848 1913 [
861 1879 931 1907 Sice-

131 1927 158 1944 ra
167 1926 257 1945 autem
268 1917 305 1945 est
325 1918 460 1955 quidquid
471 1917 568 1956 absque
580 1919 647 1946 viiio
667 1918 729 1946 facit
749 1919 909 1947 ebrietatem
922 1940 928 1946 .

131 1957 234 1985 Zonar.
254 1958 285 1985 in
304 1968 362 1985 can.
373 1969 399 1995 3.
413 1960 424 1989 ]
448 1963 487 1988 Ac
510 1959 612 1988 Arabes
620 1962 720 1988 Sakera
733 1969 832 1987 vocant
844 1960 928 1988 ebrie-

129 2006 215 2026 tatem
227 2018 233 2025 .
258 2001 350 2037 Atque
359 1997 503 2028 Zacharias
521 1998 664 2038 Chrysop.
677 1998 764 2037 Episc.
776 2000 804 2028 in
823 2004 928 2038 Evang.

132 2047 189 2075 cap.
203 2050 228 2066 2.
242 2039 294 2072 ait,
307 2040 381 2077 quod
393 2051 399 2066 .·
423 2040 561 2075 [siceram
574 2050 675 2069 vocant
688 2040 797 2069 Hebiaei
817 2051 929 2070 omnem

131 2087 227 2114 potum
237 2100 245 2111 ,
266 2080 313 2118 qui
324 2080 458 2109 inebriare
468 2081 579 2118 potest,
599 2081 656 2109 five
666 2081 700 2109 de
712 2081 799 2119 pomis
809 2103 816 2113 ,
828 2082 884 2110 sive
895 2082 928 2109 de

133 2118 254 2156 frugibus
267 2141 274 2152 ‚
297 2119 342 2148 seu
361 2121 395 2148 de
414 2123 536 2159 qualibet
557 2121 610 2151 alia
629 2122 740 2150 materia
756 2121 910 2150 confestum
922 2143 928 2149 .

135 2164 146 2193 [
159 2160 215 2187 PR.
228 2160 307 2188 Idem
316 2160 441 2190 sentiunt
451 2164 574 2197 Lyranus
585 2183 592 2194 ,
603 2162 650 2201 qui
660 2164 697 2191 ait
710 2184 717 2194 ,
729 2162 821 2200 quod:
835 2163 929 2197 [Sice—

132 2209 159 2226 ra
169 2199 271 2228 dicitur
280 2202 370 2229 omnis
383 2212 462 2240 potus
474 2202 662 2236 inebriativus,
673 2205 685 2234 ]
698 2206 724 2230 ἃ
737 2204 771 2230 D.
785 2203 926 2238 Hierony-

133 2249 191 2267 mus
203 2239 232 2268 in
250 2241 328 2278 epist.
338 2242 370 2269 ad
389 2244 541 2280 Nepotiaii.
553 2243 642 2281 inquit
654 2265 662 2276 ‚
682 2244 755 2282 quod
766 2242 846 2271 iicera
857 2244 928 2272 dica-

132 2289 177 2308 tur
189 2287 199 2316 [
211 2280 314 2310 Omnis
324 2282 403 2319 petio
412 2284 483 2320 apud
496 2284 627 2312 Hebraeos
639 2306 645 2316 ,
665 2294 724 2322 quae
736 2283 868 2312 inebriare
879 2295 928 2322 po-

133 2320 183 2348 test
195 2343 202 2353 ,
214 2321 268 2350 five
280 2322 327 2350 illa
339 2333 371 2350 ex
385 2322 523 2352 frumento
533 2324 707 2357 conficiatur,
719 2324 775 2353 sive
785 2334 927 2361 pomorum

131 2360 226 2389 succo:
240 2362 295 2390 five
305 2362 359 2391 favi
373 2363 559 2402 decoquantur
570 2365 599 2392 in
608 2365 717 2393 dulcem
729 2386 737 2397 ,
759 2368 786 2392 δ(
796 2365 928 2393 barbaram

132 2411 277 2438 potionem
287 2425 295 2436 ,
317 2413 361 2432 aut
373 2405 521 2442 palmarum
542 2405 642 2434 fruetus
653 2405 842 2443 exprimantur
856 2406 885 2435 iii
896 2406 928 2434 li-

986 1604 1040 1622 vox
1054 1594 1166 1632 quid-:iu
1176 1592 1298 1622 hebraica
1306 1593 1379 1621 Sekel
1390 1613 1399 1624 ‚
1419 1591 1487 1619 idest
1497 1612 1505 1624 ‚
1517 1591 1623 1629 pondus
1634 1602 1640 1617 :
1664 1593 1729 1618 Erat
1740 1601 1786 1619 au-

986 1644 1040 1662 tem
1053 1634 1171 1673 duplicis
1185 1633 1285 1662 valoris
1298 1655 1305 1666 ,
1318 1633 1373 1662 five
1384 1631 1484 1670 speciei
1496 1642 1506 1662 5
1516 1641 1614 1670 nempe
1624 1641 1682 1668 qnae
1694 1632 1784 1659 Siclus

985 1678 1143 1704 Saturnum·
1163 1675 1299 1702 dicebatur
1313 1695 1319 1706 ,
1348 1677 1375 1701 ἃ
1393 1671 1585 1704 semiunciam,
1607 1671 1652 1699 seu
1670 1681 1787 1709 quatuor

986 1716 1124 1744 drachmas
1137 1715 1267 1753 ponderis
1276 1714 1433 1742 continebat
1444 1735 1451 1745 ,
1470 1712 1543 1751 quod
1554 1712 1591 1740 est
1603 1712 1694 1742 idems
1718 1712 1783 1740 ideo

987 1767 999 1784 a
1012 1757 1117 1785 Graecis
1129 1752 1334 1794 7e7pu'dbakpwv
1344 1754 1528 1792 appellabatur
1539 1773 1546 1779 .
1561 1752 1668 1787 [Siclus
1679 1752 1786 1780 nummi

985 1808 1071 1836 genus
1092 1797 1129 1824 est
1141 1797 1211 1835 apud
1232 1796 1382 1827 Hebi-aeos,
1403 1794 1493 1832 quales
1510 1792 1572 1821 sunt
1589 1791 1785 1821 tetradrachmi

986 1838 1060 1866 attici
1073 1858 1079 1864 .
1092 1836 1204 1875 Joseph.
1217 1836 1279 1873 Jud.
1291 1836 1337 1864 lib.
1347 1846 1374 1873 3.
1389 1835 1489 1872 Antiq.
1498 1844 1555 1871 cap.
1565 1845 1593 1869 9.
1607 1836 1618 1864 ]
1632 1832 1711 1861 Idem
1722 1843 1735 1860 a
1745 1834 1783 1861 D.

988 1880 1164 1912 Hieronymo
1175 1877 1291 1906 refertur
1300 1876 1344 1904 his
1357 1875 1452 1904 verbis:
1466 1875 1571 1910 [Siclus
1581 1883 1671 1901 autem
1681 1894 1688 1905 ,
1702 1872 1783 1905 idest,

989 1919 1068 1946 stater
1079 1917 1160 1946 habet
1170 1917 1311 1946 drachmas
1321 1926 1434 1955 quatuor
1446 1927 1452 1944 .·
1473 1914 1607 1943 drachmae
1619 1923 1710 1942 autem
1719 1914 1782 1957 osto

984 1959 1099 1986 latinam
1120 1959 1229 1987 unicam
1247 1958 1364 1986 faciunt.
1386 1959 1421 1985 In
1440 1954 1581 1984 Ezechiel.
1601 1965 1624 1982 c.
1635 1966 1661 1988 4.
1674 1957 1687 1986 ]
1710 1954 1784 1982 Vide

983 2006 1075 2028 stater
1085 2019 1092 2027 .
1113 2000 1208 2028 Altera
1238 2008 1305 2027 vero
1333 1998 1391 2026 sicli
1409 1996 1510 2035 species
1537 1995 1676 2024 dicebatur
1697 1995 1782 2024 siclus

987 2043 1140 2068 communis
1151 2062 1157 2073 ,
1170 2040 1216 2078 qui
1230 2040 1292 2067 duas
1301 2037 1450 2070 drachmas,
1463 2037 1541 2069 idest,
1553 2036 1639 2064 unciae
1651 2035 1785 2074 quadran-

987 2090 1042 2108 tem
1054 2080 1187 2119 pendebat
1198 2102 1206 2113 ,
1216 2091 1228 2108 a
1241 2079 1347 2108 Litinis
1356 2079 1482 2107 §nilacus
1495 2078 1646 2115 appellatus
1657 2076 1707 2104 fuit
1717 2097 1725 2108 ,
1736 2076 1783 2103 lib.

987 2132 1032 2150 21.
1044 2122 1069 2153 ἓ.
1083 2133 1107 2150 2.
1119 2119 1143 2149 ff.
1154 2121 1188 2149 de
1197 2131 1261 2149 auro
1274 2120 1356 2158 legat.
1366 2123 1392 2148 ἃ
1405 2130 1417 2147 a
1427 2121 1533 2148 Graecis
1543 2117 1701 2156 δίζξρκχμου
1711 2117 1783 2159 dicc-

985 2162 1061 2190 batur
1072 2183 1079 2194 ,
1091 2165 1117 2189 ὅ(
1130 2162 1198 2190 duos
1209 2161 1426 2195 roinanosjulios
1439 2181 1446 2193 ,
1468 2159 1512 2194 seu
1523 2159 1589 2186 duos
1602 2159 1685 2186 reales
1694 2155 1785 2195 hispa-

984 2202 1062 2230 nicos
1074 2202 1180 2231 valebat
1190 2214 1198 2233 ,-
1209 2205 1283 2238 cujus
1293 2201 1391 2240 speciei
1404 2209 1523 2229 monetae
1534 2199 1650 2238 triginta
1660 2197 1783 2240 prodi-to-

986 2243 1008 2270 ri
1021 2243 1097 2280 Judae
1115 2243 1144 2270 in
1163 2242 1329 2271 solutionem
1349 2240 1401 2269 sux
1420 2239 1656 2280 prtevaricationis
1675 2237 1782 2266 tradita:

985 2282 1050 2311 sunt
1059 2306 1067 2317 ,
1080 2293 1109 2311 ut
1121 2284 1271 2312 Cornelius
1280 2294 1293 2311 a
1305 2282 1406 2320 Lapide
1417 2282 1577 2311 existiman
1596 2289 1659 2322 narn
1669 2276 1783 2320 Budaeus

986 2324 1020 2352 de
1033 2323 1095 2353 Afl'e
1114 2325 1196 2352 refert
1209 2334 1291 2359 tinam
1299 2334 1332 2351 ex
1344 2323 1401 2352 illis
1411 2324 1530 2351 monetis
1549 2319 1654 2349 Parisiis
1666 2316 1783 2361 ”dlss‘fi’

984 2374 1043 2401 quae
1055 2365 1119 2392 duas
1129 2364 1267 2393 drachmas
1279 2364 1413 2402 pendebat
1425 2387 1432 2396 ,
1443 2363 1488 2400 qui
1501 2360 1606 2402 pondus
1616 2367 1677 2386 cum
1687 2357 1739 2384 alia
1752 2360 1769 2385 li

983 2406 1044 2433 mili
1057 2408 1155 2434 Rome·
1168 2407 1198 2434 in
1208 2405 1323 2434 Eccieiia
1334 2406 1360 2433 S.
1371 2405 1469 2432 Crucis
1492 2403 1521 2430 in
1532 2398 1705 2428 Hierusalem
1717 2408 1782 2425 coii-

1691 2437 1746 2466 sera
