1866 2526
82 95 1090 143 CONTRADICTIONES
1160 62 1792 146 APPARENT⁷133⁹S;

382 188 409 220 E
459 188 491 220 X
574 187 602 220 L
652 186 666 218 I
717 188 743 220 B
794 187 826 221 R
877 187 911 219 Ο

90 265 224 340 CAP.
242 274 266 291 i.
278 273 304 292 v.
319 274 364 296 ιγ.
389 265 447 299 [Et
457 261 562 292 creavit
570 262 646 291 Deus
657 261 801 292 hominem
819 262 851 292 ad
861 262 938 329 ima-¹

186 302 383 343 gineinsuam:
406 303 440 332 ad
457 303 609 342 imaginem
627 302 682 332 Dei
702 304 808 332 creavit
828 304 926 337 illum,

985 170 1495 223 GENFJSIS.

983 262 1021 292 est
1032 262 1156 292 invocari
1168 273 1270 292 nomen
1281 263 1419 293 Domini:
1434 267 1446 297 ]
1460 264 1529 294 idest
1540 287 1548 299 ,
1560 267 1669 305 publice
1679 289 1688 301 ,
1700 277 1730 297 ut
1740 269 1789 297 ex-'

983 303 1068 343 plicat
1077 306 1113 334 R.
1123 303 1254 333 ivianafl'es
1267 307 1323 333 Ben
1335 305 1417 334 lsrael
1428 307 1456 334 in
1467 305 1514 335 suo
1524 307 1718 337 conciliatore
1730 330 1738 336 .

125 343 273 373 masculum
293 347 320 373 ὅ(
334 343 476 373 foeminam
492 344 600 372 creavit
609 354 654 372 eos
665 364 672 371 .
685 345 697 375 ]
721 345 795 373 Cum
812 354 926 383 uterque
941 345 1010 388 Cap.
1024 355 1048 379 5.
1063 353 1140 374 v.26.
1153 351 1165 380 [
1178 344 1480 390 Mathusalapostquam
1493 349 1591 386 genuit
1601 349 1731 381 Lamech,
1744 348 1788 377 vi-

125 395 180 414 tam
196 386 238 413 vir
247 408 255 418 ,
277 395 358 423 quam
378 385 477 414 mulier
494 384 599 413 fuerint
617 384 702 413 creati
722 385 756 413 ad
776 386 926 424 imaginem

126 426 180 454 Dei
193 447 201 459 ‚
224 436 272 454 cur
284 427 369 465 igitur
380 425 529 464 Apostolus
545 424 639 453 scribir
649 425 683 453 ad
691 425 859 454 Corinthios
871 448 878 458 ‚
899 436 927 454 e-

124 467 185 505 pist.
201 478 224 495 ι.
234 477 293 505 (ψ.
311 478 353 495 ii.
366 477 392 495 ν.
404 478 430 499 7.
453 465 649 504 [Virquidcm
670 476 729 494 non
742 466 823 495 debet
833 467 926 495 velare

127 516 208 544 caput
228 506 305 536 suum
317 529 324 541 ‚
347 508 481 546 quoniam
502 507 594 545 imago
605 527 612 538 ,
634 509 662 534 δ(
679 506 770 545 gloria
791 507 849 536 Dei
866 507 922 538 est5

121 549 220 577 mulier
229 558 320 577 autern
331 548 419 587 gloria
431 548 484 577 viri
496 547 534 576 est
544 567 551 574 .
563 549 574 578 ]
599 548 702 584 Quibus
714 547 803 576 verbis
815 547 927 576 videtur

125 589 222 622 innui,
246 590 389 618 mulierem
410 599 469 617 non
493 587 546 616 esse
567 588 715 627 imaginem
739 588 793 617 Dei
806 608 813 616 .
835 589 926 617 Solvit

121 630 192 659 hanc
203 630 386 669 quaestionem
404 631 431 659 S.
440 628 542 658 Thom.
556 639 579 656 1.
590 638 660 667 part.
672 628 764 667 quaest.
776 640 825 667 93.
835 639 885 657 art.
899 641 924 664 4.

122 671 156 700 ad
172 682 195 699 ι.
206 671 250 700 ubi
261 672 300 700 ait
310 693 317 704 ,
341 680 396 698 tam
406 671 434 699 in
447 669 509 699 viro
522 691 528 702 ‚
551 679 632 707 quam
643 670 672 698 in
684 669 798 699 muliere
811 669 924 698 inveni-

122 711 146 740 ri
169 712 317 750 imaginem
329 711 455 740 divinam
475 709 623 738 secundum
634 710 664 738 id
677 732 684 743 ‚
707 709 782 748 quod
792 711 924 749 importat

121 753 194 781 ratio
206 752 332 790 imaginis
355 750 565 789 principaliter,
590 751 676 783 idest,
698 751 788 789 quoad
802 761 924 780 naturam

119 793 355 821 intellectualem.
378 793 414 820 In
425 793 487 821 viro
506 801 595 819 autem
606 792 756 820 invenitur
772 792 879 830 aliquid
896 803 925 820 a·

119 833 179 862 liud
191 855 198 866 ‚
221 834 296 872 quod
306 834 438 870 importat
449 832 520 860 ratio
533 832 662 871 imaginis
672 832 833 861 secundario
843 855 851 865 ,
862 833 926 872 quia

117 875 163 903 vir
183 874 220 902 cst
243 874 411 912 principium
431 872 533 902 &finis
550 873 694 906 mulieris,
717 873 784 901 ficut
803 874 878 902 Deus
888 874 924 902 est

117 915 288 953 principium
310 914 395 943 tetius
406 923 536 944 creaturae
549 925 559 943 ,-
581 917 608 943 &
619 913 652 942 de
670 913 721 942 hac
732 913 923 943 secundaima-

118 955 186 995 gine
201 956 324 994 loquitur
343 956 368 984 S.
379 955 493 984 Paulus·
517 954 610 984 Aliter
628 954 716 983 solvit
726 955 838 983 eandem
848 956 922 984 diffi—

117 998 252 1025 culrutem
267 995 403 1026 Abraham
422 993 604 1025 Ecchellenfis
614 995 657 1023 vir
675 995 820 1034 profundae
832 997 923 1025 erudi-

117 1039 204 1066 tionis
216 1040 245 1066 in
259 1038 382 1066 Historia
394 1038 513 1066 Arabum
533 1046 591 1075 cap.
607 1048 650 1071 ¹4·
672 1047 733 1065 narn
746 1037 846 1066 mulier
866 1048 922 1066 non

116 1079 155 1107 est
167 1089 259 1117 imago
270 1080 326 1107 Dei
339 1078 496 1107 immediata
507 1098 515 1110 ‚
526 1079 588 1116 quia
598 1077 710 1106 condita
722 1077 773 1107 luit
783 1078 816 1106 ad
826 1078 922 1117 imagi-

115 1130 179 1148 nem
194 1121 246 1147 viri
257 1119 297 1147 sui
313 1141 318 1146 .

75 1160 146 1188 Ibid.
159 1171 184 1187 v.
198 1165 242 1189 28.
259 1159 408 1195 [Crescite
420 1181 427 1193 ,
449 1163 476 1188 ὅ(
486 1159 711 1198 multiplicamini
724 1162 756 1191 .]
780 1161 842 1188 Hoc
853 1171 920 1188 con-

115 1201 231 1229 tradicit
249 1201 338 1229 textui
351 1200 420 1229 novi
442 1200 614 1229 Testamenti
639 1199 742 1230 Matth.
758 1211 801 1237 ¹9·
827 1202 920 1236 [Non

114 1242 230 1280 expedit
243 1243 344 1271 nubere
354 1262 360 1268 .
372 1243 384 1272 ]
411 1240 538 1280 Aliisque
547 1241 668 1270 consiliis
679 1251 758 1270 novae
771 1242 838 1280 legis
849 1243 922 1271 mul-

113 1282 149 1311 tis
160 1283 189 1310 in
203 1283 270 1311 locis
281 1282 504 1310 commemoratis
516 1303 524 1314 ‚
537 1292 597 1320 qua:
609 1281 727 1312 irrident
739 1283 921 1311 Hebraeorum

114 1323 235 1352 Rabbini
246 1345 253 1356 ‚
275 1333 304 1351 ac
315 1321 526 1361 reprehendunt
536 1321 726 1351 Christianum
744 1324 900 1353 coelibatum
912 1345 919 1351 .

113 1363 198 1401 Resp.
213 1364 287 1393 Istud
299 1375 357 1391 non
369 1362 444 1391 fuifl'e
456 1372 630 1400 praeceptum,
642 1363 687 1392 sed
699 1374 804 1392 tantum
814 1364 914 1402 simpli·

112 1415 172 1432 cem
182 1405 414 1434 benedietionem
427 1403 521 1431 dehac
531 1405 720 1433 controversia
729 1404 851 1442 disputat
864 1404 919 1434 fuse

114 1445 242 1473 bellarm.
253 1454 321 1472 tom.
335 1456 362 1479 4.
372 1444 406 1472 de
417 1444 505 1482 gratia
515 1465 523 1476 ‚
535 1447 562 1471 ὃ(
575 1445 720 1483 colligitur
731 1445 874 1474 manifeste
885 1456 918 1475 eit

113 1485 201 1514 verbis
212 1485 443 1513 antecedentibus:
455 1485 618 1519 [Benedixit
627 1485 684 1513 illis
695 1486 794 1517 Deus.]
808 1489 840 1515 Et
851 1497 918 1515 con-

115 1526 242 1554 firmatur
252 1535 286 1554 ex
299 1536 342 1557 eo,
355 1526 432 1564 quod
439 1525 533 1554 eadem
546 1526 627 1554 vei-ba
639 1526 743 1555 dixerit
753 1527 826 1555 Deus
838 1527 918 1566 pisci-

115 1567 162 1594 bus
173 1591 178 1599 ¹,
189 1577 217 1594 :ic
231 1567 324 1595 avibus
335 1588 341 1598 ‚
352 1566 382 1594 in
394 1565 489 1604 quibus
501 1577 560 1595 non
570 1567 659 1604 potest
671 1567 721 1596 esse
730 1577 898 1607 praeceptuin
910 1590 917 1596 .

117 1608 177 1636 Hac
189 1608 276 1645 igitur
293 1606 486 1636 benedictione
504 1609 720 1636 communicavit
741 1610 816 1637 Deus
826 1619 916 1638 virtu-

112 1657 168 1677 tem
181 1648 236 1676 illis
258 1648 419 1686 procreandi
434 1647 481 1675 fibi
503 1648 607 1677 simile.
630 1650 675 1678 De
691 1647 917 1679 Christianorum

111 1689 240 1718 coelibatu
252 1688 434 1728 prophetavit
447 1687 527 1717 Issias
539 1702 544 1717 :
559 1690 657 1724 [Quia
665 1689 724 1718 haec
733 1689 803 1719 dicit
815 1692 917 1721 Domi-

112 1739 162 1758 nus
175 1730 331 1759 Eunuchis:
356 1729 412 1765 Qui
424 1728 607 1758 custodierint
615 1729 717 1759 sabbata
726 1740 785 1760 mea
795 1753 803 1764 ,
822 1735 849 1760 ὅ(
859 1733 916 1761 ele-

110 1770 205 1807 gerint
215 1781 274 1809 quae
285 1781 339 1810 ego
350 1770 444 1805 volui,
461 1773 487 1798 ὅ(
499 1771 639 1799 tenuerint
649 1771 737 1800 foedus
747 1782 839 1801 meum
848 1794 856 1805 ,
867 1773 913 1802 da-

110 1810 143 1838 bo
154 1811 230 1839 eisin
240 1811 325 1840 domo
337 1821 404 1844 mea,
416 1815 443 1839 δι
456 1811 484 1839 in
495 1811 577 1839 muris
587 1812 654 1840 meis
664 1812 763 1845 locum,
773 1817 916 1852 &nomen

110 1851 206 1879 melius
218 1862 231 1879 a
243 1851 309 1880 filiis
319 1873 326 1884 ,
337 1855 364 1881 δ(
378 1852 481 1881 filiabus
493 1863 501 1883 ς
526 1861 628 1880 nomen
638 1851 836 1891 sempiternum
843 1855 914 1884 dabo

110 1891 160 1923 eis,
170 1892 245 1929 quod
259 1903 315 1921 non
325 1892 426 1930 peribit
439 1913 446 1925 ,
457 1903 514 1931 cap.
529 1899 574 1927 56.
587 1895 599 1925 ]
615 1893 708 1932 utique
717 1895 843 1934 loquitur
851 1907 911 1925 cum

110 1930 167 1959 illis
178 1954 185 1963 ‚
205 1933 252 1971 qui
264 1932 290 1961 se
302 1933 486 1962 castraverunt
498 1942 611 1971 propter
630 1944 746 1973 regnum
758 1937 892 1965 coelorum
903 1958 910 1965 .

66 1972 138 2010 Cap.
151 1983 178 2007 4.
190 1983 216 2000 v.
229 1980 276 2002 26.
298 1980 312 2011 [
324 1975 414 2010 Quem
426 1974 538 2002 vocavit
547 1977 622 2003 finos
634 1996 640 2006 ,
664 1975 712 2004 iste
730 1976 818 2015 coepit
829 1978 908 2006 invo—

109 2023 168 2041 care
179 2024 282 2043 nomen
291 2015 418 2044 Domini.
429 2017 441 2046 ]
457 2016 607 2052 Quomodo
620 2016 706 2054 coepit
718 2016 767 2045 iste
778 2017 907 2048 invocare

981 394 1023 414 itit
1042 384 1228 425 septingentis
1243 386 1388 425 oftoginta
1405 387 1507 415 duobus
1519 390 1600 417 annis
1612 411 1618 418 .
1633 392 1643 421 J
1670 389 1754 427 Quod
1767 389 1787 418 st

981 435 1076 454 verum
1087 426 1150 455 efl'et
1161 449 1168 459 ,
1190 425 1350 466 sequeretur
1371 425 1521 456 mathusala
1542 429 1640 459 vixisse
1659 430 1742 470 usque
1753 430 1789 459 :id

983 466 1066 495 finem
1078 467 1198 500 diluvii,
1221 477 1320 506 nempe
1330 477 1405 496 anno
1414 477 1428 495 a
1436 467 1576 498 creatione
1588 471 1683 500 mundi
1699 482 1709 500 1
1717 476 1788 507 656.

980 510 1111 536 &tamen
1133 509 1208 536 nulla
1219 508 1252 537 fit
1273 508 1380 537 mentio
1396 508 1485 546 ipsum
1496 509 1645 549 ingrestum
1663 511 1738 541 suiss'c
1746 522 1788 540 zu·-

981 557 1040 576 cam
1052 569 1059 576 .
1078 550 1132 577 Pi'o
1143 548 1284 578 solutione
1294 548 1371 585 liujus
1383 549 1557 579 difficultatis
1574 550 1787 590 supponendum

980 588 1018 617 est
1029 610 1035 621 ‚
1059 588 1152 617 falsam
1165 588 1240 618 fuisse
1249 588 1415 619 sententiam
1427 590 1581 629 aliquorum
1593 614 1600 625 ,
1620 593 1668 632 qui
1677 592 1787 622 censue-

981 639 1045 657 runt
1065 628 1116 657 hos
1127 640 1210 658 annos
1221 652 1228 663 ,
1252 640 1370 669 quorum
1389 630 1460 669 saepe
1479 634 1610 662 meminit
1627 634 1766 672 Scriptura
1777 654 1787 666 ,

980 680 1039 698 non
1050 669 1126 699 fuisse
1136 670 1259 710 integros
1271 682 1278 699 .·
1290 671 1309 701 fi
1320 672 1397 700 enim
1408 671 1461 701 hoc
1473 683 1523 712 pro
1533 674 1613 704 libitu
1621 674 1714 704 dicere
1723 674 1786 703 lici-

980 720 1039 739 tum
1048 710 1113 739 efl'et
1131 711 1159 739 in
1170 712 1257 750 prima
1277 712 1375 740 mundi
1391 722 1473 742 aetate
1483 736 1491 747 ,
1514 725 1590 743 certe
1608 715 1683 744 idem
1703 716 1732 744 in
1742 714 1785 744 se-

979 752 1125 790 quentibus
1134 753 1258 781 aetatibus
1267 752 1380 781 ass‘erere
1389 753 1485 783 licebit
1498 776 1504 787 ‚
1529 764 1609 794 atque
1619 756 1657 785 ita
1666 757 1783 786 incertae

978 790 1063 820 essent
1073 803 1168 820 omnes
1179 792 1387 833 Chronologix
1399 813 1406 820 ι
1429 795 1600 833 Respondeo
1612 796 1718 836 igitur:
1738 808 1786 827 ve-

981 843 1042 861 rum
1063 833 1176 871 quidem
1188 834 1226 862 cst
1248 845 1338 863 anaro
1360 834 1482 864 Lamech
1499 836 1584 876 usque
1601 839 1634 866 ad
1645 838 1785 867 diluvium

979 873 1092 912 praecise
1103 875 1286 904 numerandos
1295 874 1346 904 ess'e
1357 885 1445 903 annos
1454 881 1522 909 782.
1541 887 1586 907 tot
1594 888 1705 917 quoque
1715 878 1785 911 fuis-

979 913 1098 953 setisque
1108 915 1140 943 ad
1150 916 1255 944 obitum
1267 915 1420 945 Mathusala
1432 937 1438 944 .
1456 918 1531 947 Cum
1540 929 1607 958 ergo
1619 921 1728 949 constet
1739 921 1783 959 ip—

976 954 1036 983 sum
1047 966 1103 984 non
1115 956 1261 995 ingreffum
1271 956 1321 986 elle
1333 967 1431 990 arcam,
1444 958 1593 988 dicendum
1602 960 1641 989 est
1652 961 1784 990 ultimum

978 997 1065 1024 aetatis
1075 995 1128 1025 suae
1141 1007 1244 1026 annum
1255 1009 1313 1026 non
1325 997 1399 1027 fuisse
1411 1000 1581 1038 completum
1592 1026 1598 1034 ,
1609 1000 1657 1030 sed
1667 1001 1784 1031 inchoa-

978 1046 1036 1065 tum
1047 1057 1054 1064 .
1065 1040 1155 1073 Ajunt
1165 1039 1241 1067 enim
1252 1039 1366 1068 Hebraei
1377 1061 1385 1071 ‚
1397 1043 1423 1069 ἃ
1434 1042 1572 1079 praecipue
1584 1044 1620 1071 R.
1631 1043 1762 1072 Salomon
1772 1065 1782 1078 ,

978 1077 1129 1106 Mathusala
1147 1079 1254 1117 septem
1263 1079 1358 1109 diebus
1367 1091 1431 1108 ante
1444 1081 1557 1111 initium
1577 1083 1679 1112 diluvii
1699 1095 1713 1112 e
1723 1085 1783 1113 vita

975 1117 1120 1151 exceffilse,
1133 1120 1207 1158 quod
1218 1121 1357 1159 colligunt
1367 1122 1483 1150 Rabbini
1493 1133 1527 1151 cx
1536 1123 1593 1151 illis
1605 1125 1694 1153 verbis
1705 1127 1783 1154 Gen.

975 1170 1002 1191 7.
1013 1170 1040 1188 v.
1056 1171 1098 1188 10.
1123 1162 1275 1200 [Cumque
1297 1160 1450 1191 tranlissent
1471 1163 1575 1202 septem
1592 1165 1690 1196 dies.]
1715 1167 1781 1194 Hoc

975 1200 1051 1228 enim
1062 1199 1179 1239 spatium
1188 1201 1321 1230 concess‘it
1330 1204 1406 1231 Deus
1416 1204 1450 1232 ad
1460 1205 1632 1234 celebrandas
1642 1206 1782 1244 exequias,

975 1244 1003 1269 ὅ(
1015 1242 1116 1270 Ιιιᾶυῐη
1127 1241 1208 1280 super
1227 1242 1395 1273 Matliusala·
1419 1245 1462 1273 Im
1474 1244 1572 1274 fatetur
1590 1248 1627 1276 R.
1637 1245 1782 1277 Nehenias

975 1282 1006 1310 in
1017 1283 1117 1311 Rabot.
1136 1293 1195 1321 cap.
1206 1295 1219 1321 3
1228 1296 1253 1313 2.
1264 1283 1292 1312 se
1301 1283 1428 1313 didiciss'e
1442 1295 1455 1313 a
1466 1288 1502 1316 R.
1513 1287 1584 1325 Juda
1594 1308 1601 1315 .
1624 1288 1694 1316 Non
1705 1287 1780 1317 vixit

975 1333 1042 1362 ergo
1054 1323 1209 1353 Mathusala
1221 1326 1280 1363 post
1292 1325 1431 1354 diluvmm
1441 1347 1449 1359 ‚
1460 1327 1523 1365 quia
1536 1336 1591 1356 tam
1601 1339 1634 1357 cx
1647 1329 1780 1368 Vulgata,

976 1369 1058 1403 quam
1069 1375 1102 1393 ex
1114 1364 1238 1403 Josepho
1247 1366 1393 1405 colligitur
1403 1367 1548 1396 manifeste
1560 1390 1567 1401 ,
1581 1379 1638 1407 quo
1649 1379 1725 1398 anno
1735 1381 1780 1399 ac-

974 1405 1045 1433 cidit
1056 1405 1193 1434 diluvium
1203 1427 1211 1439 ,
1233 1406 1414 1436 Mathusalem
1431 1408 1507 1436 diem
1517 1409 1628 1438 obiiss‘e:
1651 1420 1714 1438 nam
1727 1432 1734 1444 ,
1758 1411 1779 1440 fi

973 1456 1048 1474 anno
1063 1452 1125 1478 187·
1150 1447 1215 1475 vitae
1228 1446 1281 1476 suae
1301 1447 1402 1486 genuit
1420 1448 1538 1477 Lamech
1550 1471 1558 1482 ‚
1581 1460 1611 1479 ut
1621 1449 1723 1480 habent
1734 1461 1778 1480 et-

974 1486 1025 1514 iarn
1039 1488 1120 1516 Lxx.
1131 1488 1301 1527 relinquitur
1318 1488 1438 1527 spatium
1450 1489 1516 1518 vitae
1527 1490 1711 1520 mathusalem
1729 1503 1778 1521 an-

974 1537 1073 1556 norum
1095 1532 1161 1560 γει.
1184 1540 1216 1557 ex
1226 1530 1320 1567 quibus
1330 1530 1348 1558 si
1370 1530 1459 1559 demas
1469 1541 1557 1560 annos
1571 1543 1580 1560 i
1590 1536 1635 1562 82.
1656 1533 1778 1562 Lamech

972 1578 1037 1597 ante
1047 1569 1174 1607 genitum
1185 1571 1249 1599 Noe
1260 1591 1268 1602 ‚
1291 1574 1317 1599 ὁ(
1329 1570 1409 1609 ipsius
1420 1571 1488 1600 vitae
1500 1574 1565 1602 Noe
1575 1579 1642 1601 600.
1664 1573 1778 1612 quando

972 1609 1103 1648 ingress'us
1113 1610 1150 1638 est
1162 1611 1191 1638 in
1201 1621 1288 1639 arcam
1299 1632 1308 1643 ,
1329 1611 1488 1641 efficientur
1495 1613 1560 1642 anni
1570 1617 1639 1644 782.
1650 1623 1719 1652 quos
1732 1615 1776 1644 vi-

971 1650 1017 1679 xit
1027 1650 1210 1679 Mathusalem
1231 1651 1290 1690 post
1301 1661 1393 1680 ortum
1412 1653 1527 1682 Lamech
1539 1673 1546 1681 .
1571 1654 1648 1692 Quin
1659 1654 1744 1684 etiam
1755 1656 1775 1685 fi

971 1692 1180 1728 Hieronymum
1189 1691 1265 1730 sequi
1275 1693 1401 1722 volumus
1411 1694 1439 1722 in
1452 1705 1495 1727 eo,
1508 1695 1539 1723 in
1550 1705 1606 1734 quo
1615 1704 1677 1724 cum
1689 1697 1775 1725 LXX.

970 1734 1107 1761 convenit
1118 1755 1125 1766 ‚
1145 1743 1210 1761 ante
1219 1734 1358 1761 diluvium
1379 1745 1453 1763 anno
1464 1734 1543 1764 sexto
1560 1746 1703 1765 mortuum
1715 1738 1776 1766 Ma-

969 1771 1104 1802 thusalem
1116 1774 1244 1803 confiteri
1253 1783 1384 1813 cogemur
1394 1796 1401 1802 .
1416 1777 1489 1804 Nam
1499 1777 1543 1805 ubi
1554 1777 1672 1816 Vulgata
1683 1777 1774 1807 editio

968 1813 1066 1842 habet:
1090 1815 1196 1850 [Vixit
1214 1824 1304 1844 autem
1324 1815 1442 1844 Lamech
1460 1821 1522 1854 ¹83-
1543 1819 1623 1846 annis
1633 1819 1665 1849 .]
1689 1820 1776 1848 Lxx.

968 1854 1068 1884 habent
1091 1866 1099 1883 ι
1109 1860 1153 1884 88.
1176 1856 1271 1894 quibus
1280 1856 1300 1885 {i
1311 1856 1447 1885 addantur
1457 1858 1525 1885 anni
1539 1865 1606 1887 600.
1626 1859 1693 1887 vitae
1704 1860 1772 1889 Noe

966 1906 1030 1924 ante
1055 1896 1193 1924 diluvium
1205 1918 1213 1929 ,
1237 1906 1296 1924 tota
1319 1896 1423 1925 summa
1443 1899 1497 1926 erit
1518 1910 1533 1931 7
1541 1903 1586 1927 88.
1614 1909 1750 1929 annorum
1760 1909 1774 1929 .’

969 1937 1033 1966 Post
1044 1947 1135 1965 ortum
1145 1946 1233 1966 autem
1251 1937 1370 1966 Lamech
1380 1937 1514 1977 superstes
1524 1939 1575 1968 fuit
1588 1939 1774 1972 Mathusalem

965 1979 1045 2006 annis
1065 1982 1134 2010 782.
1157 1981 1231 2017 Ergo
1249 1977 1382 2007 sexennio
1398 1990 1460 2008 ante
1482 1980 1622 2010 diluvium
1643 1982 1701 2011 vita
1721 1992 1770 2011 ex-

964 2018 1070 2048 cellerat
1081 2039 1088 2046 .

108 2055 199 2083 Deum
211 2076 218 2088 ‚
233 2055 252 2084 fi
263 2055 336 2093 prius
349 2057 432 2089 Cain,
444 2060 471 2084 ὁ(
482 2057 554 2085 Abel
568 2057 727 2086 obtulerant
737 2058 800 2086 Deo
808 2057 910 2089 sacrifi-
923 2060 994 2099 Cap.
1006 2066 1032 2088 6.
1044 2070 1070 2087 v.
1081 2070 1118 2104 3⁸,
1131 2064 1296 2104 [Eruntque
1304 2059 1362 2089 dics
1374 2060 1450 2090 illius
1472 2063 1607 2100 (scilieet
1623 2063 1744 2092 hominis
1755 2067 1770 2097 )

110 2095 151 2123 cia
163 2116 170 2127 ,
191 2096 356 2124 invocantes
366 2097 480 2135 quidem
491 2107 594 2126 nomen
603 2100 660 2133 ejus
673 2119 679 2129 ,
704 2108 734 2126 ut
743 2098 856 2129 habetur
865 2099 908 2128 su-

108 2145 154 2173 pra
167 2156 175 2168 ,
194 2147 220 2164 v.
231 2147 258 2174 3.
273 2146 306 2168 81-
315 2138 388 2166 Cain
400 2159 408 2171 ,
418 2141 445 2167 ὅ(
457 2138 528 2167 Abel
538 2148 732 2177 cognoverunt
740 2139 841 2174 Deum,
854 2141 908 2170 illi-

104 2186 159 2215 que
170 2186 280 2206 munera
288 2177 459 2210 obtulerunt5
469 2178 516 2207 sed
529 2189 584 2207 non
598 2179 763 2208 invocarunt
773 2191 836 2210 eum
847 2191 908 2220 pre-

103 2218 177 2245 cibus
188 2229 195 2248 ς
209 2218 246 2245 ita
258 2220 295 2247 R.
306 2219 436 2248 Salomon
446 2241 453 2253 ,
466 2230 546 2258 quem
556 2219 680 2258 sequitur
691 2223 726 2250 R.
737 2220 808 2250 Isaac
822 2223 907 2252 Abra-

105 2259 194 2288 vanel.
213 2260 316 2288 Melius
325 2269 418 2289 tamen
436 2261 620 2289 conciliantur
630 2260 691 2289 haec
711 2262 786 2295 loca,
803 2263 823 2292 fi
835 2263 906 2292 dica-

102 2308 161 2326 mus
173 2299 261 2328 Adam
274 2322 282 2333 ‚
294 2300 377 2334 Cain,
387 2304 416 2330 δι
429 2302 498 2330 Abel
508 2301 671 2340 cognovisti:
681 2302 794 2341 quidem
804 2303 904 2338 Deum,

100 2337 150 2368 sed
168 2343 261 2369 Ennos
280 2341 367 2380 coepit
387 2352 517 2383 tanquam
535 2341 643 2381 sapiens
661 2343 760 2372 docere
772 2344 840 2373 alios
850 2346 903 2375 Dei

100 2380 234 2412 notitiam
244 2401 252 2410 .
267 2382 356 2420 Unde
366 2383 452 2424 leCkio
460 2382 567 2415 hebraea
576 2383 664 2423 habet:
678 2387 770 2422 [Tunc
781 2395 903 2426 coeptum

962 2111 1072 2130 centum
1093 2101 1196 2140 viginti
1210 2111 1344 2130 annorum
1357 2122 1363 2129 .
1377 2104 1388 2133 ]
1415 2102 1470 2131 Hic
1481 2113 1572 2131 textus
1584 2114 1642 2133 non
1651 2114 1768 2132 concor-

963 2142 1081 2170 datcum
1101 2152 1152 2174 e0,
1172 2143 1248 2180 quod
1272 2152 1394 2171 narratur
1411 2153 1470 2182 cap.
1486 2155 1495 2172 i
1507 2155 1529 2172 1.
1549 2144 1655 2174 Genes.
1674 2144 1766 2179 infra,

963 2183 1007 2211 ubi
1017 2184 1092 2211 Sacra
1106 2183 1243 2221 Scriptura
1253 2184 1359 2222 aliquos
1368 2193 1568 2214 commemorat
1577 2207 1584 2218 ,
1594 2186 1641 2223 qui
1653 2185 1713 2223 post
1724 2186 1767 2214 di-

962 2224 1069 2252 luvium
1088 2222 1161 2251 hunc
1178 2234 1314 2252 annorum
1327 2230 1469 2254 numerum
1488 2224 1673 2254 excessbrunt.
1695 2225 1766 2255 Res-

963 2265 1073 2303 pondeo
1085 2286 1091 2296 ‚
1111 2265 1187 2293 Deus
1201 2275 1260 2293 non
1277 2265 1370 2294 statuit
1382 2266 1494 2304 singulis
1508 2266 1668 2296 hominibus
1687 2266 1762 2296 hunc

962 2315 1097 2334 annorum
1118 2315 1281 2339 numerum,
1303 2316 1333 2335 ut
1354 2307 1454 2335 volunt
1472 2306 1587 2346 Joseph.
1606 2308 1766 2338 Lastant.&

961 2349 1079 2385 Procop.
1091 2346 1162 2384 apud
1173 2347 1310 2376 Saliarium
1320 2370 1327 2380 ,
1339 2348 1402 2386 quia
1410 2348 1445 2376 dc
1455 2347 1526 2377 fado
1535 2348 1616 2377 multi
1628 2370 1636 2382 ,
1648 2358 1677 2377 ut
1688 2348 1768 2378 dixi-

960 2397 1019 2419 mus
1030 2409 1039 2424 ,
1059 2387 1165 2422 diutius
1173 2387 1388 2428 supervixerunt
1399 2399 1404 2416 :
1415 2387 1463 2417 sed
1473 2389 1527 2419 toti
1538 2389 1636 2429 generi
1644 2388 1768 2460 hlimno

1328 2431 1356 2462 A
1367 2439 1380 2458 a
1389 2439 1403 2459 a
1446 2440 1462 2459 2
1687 2441 1725 2461 oc
