1866 2526
455 50 555 94 SA

102 127 138 147 ne
148 113 242 146 intelli
264 110 410 143 idiximus.
419 110 449 140 Si
457 110 516 149 quis
528 119 595 138 vero
604 105 742 138 eruditum
751 105 830 146 {uper
842 105 894 134 hoc

102 156 236 186 habered'
251 152 357 183 cursum
366 152 442 190 cupit
453 173 462 185 ‚
482 151 555 190 legat
568 150 716 179 Marfilium
737 149 829 178 virum
839 155 895 175 cor-

104 198 197 226 datum
206 195 241 224 de
250 192 358 224 Christi
370 193 427 221 vita
438 214 445 225 ,
458 202 513 230 par.
527 203 551 220 ι.
565 192 610 219 lib.
628 202 650 219 i.
661 200 683 218 c.
700 202 713 218 2
722 200 746 226 5.
764 189 811 228 qui
823 196 897 216 accu-

106 247 163 266 rate
172 233 320 273 diffuseque
328 233 391 271 piis,
401 243 429 261 ac
440 232 548 261 devotis
560 230 752 260 reflexionibus
763 230 838 258 illam
851 228 885 256 dc

109 275 225 314 scripfit.
237 276 292 304 FR.
301 274 394 302 eadem
407 272 495 312 phrasi
504 271 565 301 usus
574 271 612 300 est
624 274 792 306 Anonymus
802 271 898 298 Mona-
931 295 935 298 .

105 318 171 346 chus
179 315 309 346 Cafiuen.
331 315 474 354 inquiens:
499 319 510 348 [
522 313 613 341 Prima
623 311 709 351 igitur
730 311 826 350 quinta
836 309 899 338 feria

106 355 323 395 Quadragelimae
341 366 405 383 ann.
429 355 538 384 1208.]
560 352 646 386 idest,
670 352 700 381 in
720 352 784 380 feria
802 350 898 389 quinta

106 397 207 437 prioris
217 396 393 424 hebdomad-e
403 393 613 433 quadragelimae
627 413 635 421 .
647 394 663 427 ΙΙ
685 392 845 430 Antiquitus
854 390 897 419 O·

106 437 229 466 rientalis
242 436 356 465 Ecclelia
366 436 505 464 Sabbatum
527 434 559 462 ad
568 434 649 462 instar
657 433 817 462 Dominicae
829 431 898 458 ccle-

105 479 214 510 brabrit,
233 487 282 515 pro
300 486 352 514 qua
372 487 400 504 re
409 476 547 515 eleganter
564 474 626 504 lulit
644 472 766 502 Asterius
777 469 898 500 Amaseae

107 517 197 556 Episc.
208 517 353 555 inquiens:
375 515 545 552 [Pulchrum
553 517 650 554 jugum
661 535 669 546 ‚
688 517 715 542 ὅ(
726 523 772 551 par
791 511 899 540 Sabbati

106 559 265 587 Dominicae
278 578 285 585 .
297 557 410 585 Homcl.
419 557 453 584 de
463 556 571 594 Repud.
583 558 596 586 ]
608 553 789 592 Eamdemque
797 552 833 580 ob
841 560 900 579 cau-

106 598 162 626 sam
181 609 210 626 in
229 598 342 636 quadarn
360 599 417 632 ejus
437 597 564 624 oratione
580 597 616 624 D.
629 597 750 633 Gregor.
763 591 901 628 Nyss'enus

106 638 156 667 hos
167 640 234 667 duos
243 639 300 666 dies
310 637 402 666 fratres
412 635 561 674 appellavit
572 657 580 669 ‚
600 636 644 664 ubi
663 633 842 672 reprehendit
860 633 901 660 lu-

108 690 172 707 xum
182 701 190 712 ,
200 689 226 707 ac
237 678 349 706 delicias
360 677 480 709 sabbati,
501 677 532 704 in
541 686 595 715 quo
605 676 650 704 die
661 674 817 704 Christiani
837 682 901 711 epu·
915 670 1049 701 SABBAU
1077 673 1151 701 Irtit
1170 692 1177 703 ‚
1209 671 1243 698 de

105 719 154 747 lari
164 718 286 747 solebant
298 739 306 750 ,
324 718 397 746 unde
416 717 577 746 exclamabat
587 715 732 749 Sidonius,
754 713 881 753 inquiens
894 724 899 739 :

109 761 168 794 [De
178 760 242 787 luxu
251 767 342 786 autem
354 758 404 785 illo
413 755 561 786 sabbatario
573 757 721 786 narrationi
732 766 798 784 ineae
810 754 901 792 super-

105 798 256 828 sedendum
264 797 301 826 est
313 798 359 826 lib.
375 808 397 825 ι.
408 797 486 835 epist.
502 809 526 825 ι.
539 800 595 827 Fit.
606 799 657 827 Sed
669 796 832 827 sabbatarius
844 796 899 823 He-

107 839 191 867 braeus
201 839 388 877 intelligitur.
409 838 484 866 Vide
500 839 659 867 Sabbararit
672 850 678 866 :
697 840 712 873 Η
723 839 766 866 De
775 834 900 864 observa-

106 880 184 908 tione
193 879 298 907 Sabbati
309 879 408 917 legitur
423 878 449 906 in
459 879 714 907 constitutionibus
726 900 734 911 ‚
755 887 814 916 quae
825 886 901 904 com-

106 929 227 948 muniter
239 920 264 948 S.
276 919 420 948 Clementi
435 919 630 948 attribuuntur:
643 920 687 949 Ut
696 919 766 949 servi
777 917 901 956 quinque

105 961 211 988 dierum
220 970 287 999 opus
297 960 398 988 ssciant
408 981 416 992 ‚
437 959 551 987 Sabbato
570 969 661 989 autem
669 982 678 993 ,
700 960 731 991 &
750 960 900 988 Dominica

105 1000 152 1028 die
164 1010 260 1029 vacent
272 1002 301 1028 in
313 999 429 1029 Ecclelia
440 1021 447 1032 ‚
457 1000 503 1028 lib.
516 1005 540 1028 8.
551 1010 608 1039 cap.
619 1002 687 1039 33.]
706 1001 754 1029 De
764 999 846 1028 causis
856 1009 902 1026 au-

107 1050 164 1068 tem
174 1062 182 1074 ,
205 1051 252 1068 cur
270 1041 462 1070 Occidentalis
473 1040 585 1069 Ecclesia
604 1035 755 1071 m'Sabbito
776 1042 880 1077 jejunet
894 1060 900 1071 ‚

111 1091 170 1124 non
180 1091 246 1110 vero
257 1081 412 1111 Orientalis
421 1103 430 1114 ,
439 1081 560 1110 diximus
570 1081 598 1110 in
608 1083 788 1119 d.Jejunium
798 1101 805 1107 .
828 1079 902 1108 Vide

105 1131 189 1149 etiam
200 1122 375 1160 Superpifitio
385 1143 392 1150 .
411 1123 467 1152 FR-
477 1123 524 1150 De
531 1122 637 1158 jejunio
646 1122 749 1152 Sabbati
770 1121 834 1149 vide
843 1131 901 1148 can.

115 1172 158 1189 ιι.
169 1163 231 1190 dill.
247 1173 256 1190 1
265 1174 290 1191 z.
301 1163 327 1194 ξ.
337 1163 396 1191 aliae
411 1172 476 1191 vero
487 1184 494 1194 ,
505 1173 566 1191 can.
580 1164 706 1202 Apostol.
719 1173 777 1191 can.
788 1161 901 1190 Sabbato

105 1202 141 1230 de
150 1201 299 1231 consecrat.
313 1203 375 1232 dist.
384 1213 390 1216 “
398 1223 405 1230 .
417 1203 501 1231 &hic
512 1203 540 1231 in
552 1204 743 1242 d.1‘arasceve.
757 1205 828 1232 Item
838 1202 903 1231 Sab-

105 1243 204 1271 batum
213 1244 388 1281 noviffimum
405 1243 507 1272 dicitur
516 1244 654 1272 Sabbatum
664 1244 786 1273 sancium
795 1264 802 1271 .
829 1242 903 1272 Vide

107 1284 329 1312 catechumenus
339 1304 346 1311 .
355 1285 400 1312 De
411 1283 547 1312 matutino
557 1283 653 1313 sabbati
665 1307 674 1314 .
697 1285 769 1313 Vide
778 1286 902 1313 Matuti-

107 1334 175 1367 nqni
187 1344 194 1350 .
214 1325 250 1352 In
261 1324 374 1352 Sabbato
382 1323 474 1352 saneto
494 1334 576 1362 quare
586 1336 643 1353 non
652 1325 759 1354 dicatur
769 1326 903 1354 Commu-

105 1372 155 1391 mo
166 1373 195 1407 in
206 1364 282 1393 Miss‘t
292 1385 299 1392 .
315 1365 388 1393 Vide
399 1368 566 1394 communio
578 1366 660 1394 initio
671 1386 678 1392 .
700 1365 862 1403 Antiquitus
873 1365 902 1393 in

104 1413 139 1432 eo
150 1404 195 1432 die
206 1415 262 1433 non
275 1405 433 1434 dicebantur
442 1408 542 1434 Romae
556 1406 684 1445 Vespera:
694 1427 702 1440 ,
714 1409 741 1434 δ(
752 1416 834 1444 quare
845 1407 901 1434 Ve-

1259 44 1288 86 S
1319 44 1359 85 A
1620 43 1694 95 585

954 100 1202 133 emendae-rerem
1223 100 1289 130 licet
1299 99 1347 130 alii
1363 99 1432 129 hanc
1445 100 1620 130 nativitatem
1631 99 1747 129 statuant

954 154 1026 173 anno
1037 151 1104 173 622.
1116 144 1207 177 Qaare
1220 140 1384 179 probabilius
1393 141 1439 169 alii
1448 151 1589 170 autumant
1600 153 1607 172 ς
1630 139 1704 179 quod
1716 137 1750 167 fi-

953 195 998 214 cut
1009 185 1150 214 Sabbatum
1160 182 1199 211 cst
1207 181 1338 220 septimus
1348 180 1524 210 hebdomadae
1536 181 1592 210 dies
1606 203 1612 213 ,
1623 181 1656 209 fic
1667 177 1752 217 septi-

956 236 999 254 ma
1009 225 1060 254 fixit
1073 226 1103 254 ab
1114 224 1223 254 Adamo
1236 221 1365 251 Henochi
1374 231 1516 261 generatio
1528 221 1555 250 in
1567 221 1752 250 Mund02n.·.in

954 277 989 295 ex
1001 266 1090 296 Adam
1103 264 1168 295 Seth
1179 285 1187 296 ‚
1199 274 1231 293 ex
1243 262 1310 291 Seth
1320 265 1396 291 Enos
1405 284 1412 295 ,
1435 272 1468 290 ex
1480 265 1553 291 Enos
1564 261 1674 291 Cainan
1685 282 1692 293 ‚
1716 270 1749 287 ex

955 307 1067 336 Cainan
1078 305 1204 335 Malaleel
1214 325 1223 337 ‚
1243 307 1271 332 δε
1282 303 1313 331 ab
1323 301 1375 331 hoc
1395 303 1476 340 Jared
1488 324 1496 334 ,
1517 302 1564 341 qui
1584 300 1681 341 genuit
1696 302 1753 328 He-

955 347 1027 376 noch
1039 347 1068 375 in
1079 344 1234 376 Paradisum
1246 343 1374 372 terrestre
1383 344 1552 374 translatum,
1566 346 1594 371 δ(
1604 342 1638 371 iic
1651 341 1700 370 fiait
1713 342 1755 378 ip-

955 386 982 416 se
993 397 1100 416 aeternae
1112 385 1211 425 quietis
1222 407 1230 418 ‚
1251 394 1280 413 ac
1289 383 1466 413 beatitudinis
1475 382 1579 412 Sabbati
1600 391 1682 421 typus
1693 403 1700 415 ,
1723 390 1753 409 ut

956 428 1105 458 Rabbinica
1124 426 1221 456 Schola
1231 426 1312 454 docet
1320 446 1329 458 ,
1339 435 1353 453 a
1364 425 1458 463 quibus
1469 423 1642 462 postmodum
1652 421 1755 452 AEtlii-

953 479 1018 507 opes
1028 479 1089 497 cum
1100 468 1160 497 aliis
1171 465 1292 506 judaicis
1300 465 1394 494 ritibus
1405 465 1458 493 hoc
1471 465 1566 493 sellum
1585 463 1663 492 simul
1681 461 1756 491 didi-

956 519 1049 538 cerant
1060 531 1067 542 ‚
1078 509 1178 538 delatis
1189 518 1222 536 eo
1231 517 1244 535 a
1254 507 1365 545 Regina
1374 507 1438 534 Saba
1446 526 1455 538 ‚
1464 508 1492 534 ὅ(
1503 505 1607 534 deinde
1617 514 1631 531 a
1641 505 1682 532 Ca
1688 503 1754 531 nda-

956 551 993 578 cis
1006 550 1126 588 Reginae
1138 547 1272 578 Eunucho
1281 568 1290 580 ‚
1313 547 1356 575 ubi
1366 545 1449 585 usque
1467 547 1501 574 ad
1510 544 1628 585 praesens
1639 544 1754 572 circum—

958 591 1088 619 cisionem
1100 613 1108 625 ,
1130 593 1158 618 ὅ(
1170 589 1308 618 Sabbatum
1319 596 1382 616 cum
1394 587 1477 615 variis
1485 585 1613 615 Mosaicis
1623 594 1754 614 caeremo-

958 632 1010 659 niis
1032 630 1179 660 observant
1190 650 1197 657 .

1273 679 1328 708 quo
1360 667 1395 697 ss:
1401 679 1434 707 pe
1462 667 1494 697 in
1522 666 1594 696 sacra
1623 665 1726 705 Pagina
1744 684 1752 692 .

958 718 970 747 [
989 714 1066 740 Tunc
1088 711 1188 740 reverli
1211 710 1274 739 sunt
1296 709 1503 747 Jerosolymain
1525 719 1539 737 a
1561 716 1655 736 monte
1675 728 1684 740 ,
1707 705 1754 744 qui

957 763 1070 782 vocatur
1081 753 1195 782 Oliveti
1207 773 1214 783 ,
1237 750 1284 789 qui
1306 751 1344 778 est
1364 753 1440 786 juxta
1459 747 1607 787 Jerusalem
1618 769 1627 781 ‚
1649 745 1754 776 sabbati

955 793 1056 822 habens
1075 794 1126 822 iter
1137 813 1144 820 .
1168 794 1265 822 Actor.
1285 800 1342 828 cap.
1367 801 1389 818 ι.
1408 792 1420 821 ]
1445 791 1499 818 Hic
1517 790 1592 817 enim
1609 788 1643 816 ad
1661 787 1754 816 ambu-

955 835 1068 863 landum
1089 835 1121 863 in
1142 834 1188 862 die
1207 832 1311 861 Sabbati
1332 840 1391 860 erat
1420 830 1544 858 Hebraeis
1566 829 1700 857 terminus
1723 827 1754 855 in

952 876 1014 914 lege
1024 873 1141 904 Mosaica
1160 872 1332 912 praescriptus
1343 893 1351 905 ‚
1369 871 1444 910 quod
1455 869 1570 908 spatium
1583 891 1591 903 ‚
1611 879 1639 897 ut
1650 869 1680 896 in
1688 870 1756 897 Tar—

954 925 1020 955 gum
1030 915 1131 944 dicitur
1141 937 1149 948 ‚
1172 913 1275 943 duobus
1287 913 1408 942 millibus
1425 912 1580 940 cubitorum
1600 909 1735 938 constabat
1747 929 1756 941 ‚

955 957 1017 995 quia
1029 957 1090 985 talis
1104 960 1189 984 iuerat
1201 955 1337 983 terminus
1348 975 1356 987 ,
1377 963 1432 992 quo
1442 952 1551 990 Judaeos
1563 951 1593 979 in
1604 949 1755 979 Israelitica

953 997 1180 1036 peregrinatione
1198 995 1367 1034 praecedebat
1379 997 1450 1023 Arca
1469 992 1612 1025 Domini,
1632 991 1665 1019 ad
1675 998 1758 1028 quain

956 1049 986 1066 in
995 1038 1039 1066 dic
1052 1037 1154 1066 Sabbati
1170 1036 1357 1065 venerationis
1367 1033 1441 1062 causa
1451 1033 1542 1062 accedi
1554 1030 1696 1071 potuissetJ
1709 1040 1756 1058 eo-

954 1080 1069 1116 demque
1078 1077 1228 1107 intervallo
1239 1075 1473 1114 Jerosolymitana
1481 1072 1602 1102 suburbia
1622 1071 1756 1100 distabant

955 1120 986 1148 ab
997 1119 1075 1147 Urbe
1086 1141 1094 1152 ‚
1117 1121 1202 1148 Num.
1211 1128 1268 1157 cap.
1279 1127 1292 1154 3
1302 1127 1326 1152 5.
1338 1125 1396 1154 qux
1408 1114 1447 1142 bis
1470 1114 1546 1143 mille
1555 1112 1643 1141 cubita
1655 1111 1757 1140 faciunt

957 1160 1056 1199 pedum
1067 1160 1120 1190 tria
1141 1159 1247 1189 inillia5
1270 1158 1298 1186 hi
1311 1166 1425 1195 namque
1447 1155 1529 1183 divisi
1547 1154 1576 1182 in
1589 1160 1655 1182 600.
1676 1155 1755 1188 juxta

957 1204 1119 1230 Graecorum
1130 1198 1282 1229 mensuram
1294 1220 1302 1232 ,
1313 1198 1435 1237 quinque
1447 1195 1529 1224 stadia
1537 1203 1716 1232 componunn
1728 1195 1756 1220 &

958 1241 1017 1269 haec
1028 1240 1136 1280 prorsus
1148 1249 1203 1269 erat
1213 1240 1243 1268 ab
1254 1238 1402 1278 Jerusalem
1413 1236 1520 1266 Montis
1528 1234 1643 1266 Oliveti
1653 1233 1756 1262 distan-

961 1283 1007 1310 tia.
1019 1289 1030 1318 [
1042 1283 1122 1311 Mons
1132 1281 1243 1311 Oliveti
1255 1291 1268 1308 a
1279 1281 1394 1319 regione
1406 1277 1492 1307 Urbis
1501 1276 1534 1305 ad
1544 1276 1671 1315 quintum
1681 1273 1751 1302 abest

958 1323 1091 1351 stadium.
1108 1321 1210 1361 Josepli
1222 1322 1307 1350 Hebr.
1325 1321 1372 1349 lib.
1388 1330 1433 1348 20.
1457 1317 1554 1356 Antiq.
1568 1327 1591 1344 c.
1602 1316 1653 1345 6.]
1673 1318 1706 1343 Et
1718 1315 1756 1343 R.

958 1364 1052 1392 Kimki
1065 1365 1094 1392 in
1113 1374 1135 1391 c.
1147 1368 1194 1398 48.
1213 1361 1370 1391 Ezechielis
1380 1382 1388 1393 ‚
1406 1360 1462 1387 duo
1471 1358 1559 1386 millia
1567 1357 1658 1385 cubita
1667 1356 1755 1384 iacere

955 1415 1040 1433 unum
1053 1404 1182 1433 Italicum
1193 1403 1312 1432 militare
1322 1401 1415 1430 scribit
1425 1416 1443 1428 ‚v

105 1443 190 1482 sperae
203 1444 282 1480 hujus
291 1445 348 1474 diei
358 1446 409 1474 (int
422 1446 561 1474 breviores
581 1447 694 1485 reliquis
715 1448 800 1475 totius
817 1446 882 1474 anni
895 1466 901 1473 .
915 1446 1076 1474 Samarium
1089 1447 1276 1474 Recurmm
1289 1466 1295 1476 ,
1307 1444 1344 1471 ita
1357 1441 1499 1471 vocabatur
1509 1451 1522 1467 a
1533 1436 1692 1468 Gentilibus
1702 1435 1757 1465 sab-

107 1485 181 1527 Vide
191 1487 296 1523 Vespera
313 1506 319 1512 .
331 1487 367 1513 In
377 1496 432 1524 quo
442 1486 487 1514 die
496 1488 586 1515 Patres
597 1497 693 1524 pucros
704 1487 880 1525 baptizabant
893 1507 900 1513 .

105 1524 180 1566 Vide
190 1526 356 1553 Bran-hialin
367 1545 374 1552 .
396 1530 429 1554 Et
439 1526 469 1552 in
478 1536 511 1553 eo
522 1525 567 1555 die
578 1527 787 1556 comedebantur
799 1526 901 1555 laetici-

106 1573 151 1591 nia
163 1584 170 1591 .
181 1565 253 1593 Vide
263 1569 453 1594 Fet-maritum
465 1585 471 1592 .
483 1567 517 1594 In
528 1567 639 1596 Sabbato
649 1568 747 1597 SanRo
757 1589 766 1600 ,
779 1570 806 1596 &
816 1566 899 1595 sabba-

106 1614 137 1631 to
147 1605 320 1634 Pentecostes
339 1605 471 1634 introitus
486 1606 519 1634 ad
530 1607 633 1636 ixiissam
656 1618 736 1647 quare
754 1618 813 1636 non
825 1608 898 1636 dica-

110 1653 156 1688 tur
166 1665 174 1672 .
196 1646 268 1674 Vidc
277 1651 431 1674 Introatus.
451 1647 495 1675 De
510 1649 672 1677 lestionibus
682 1649 783 1678 sabbati
794 1648 883 1676 Sanfti
893 1669 899 1675 .

114 1685 185 1714 Vide
194 1690 283 1715 Lec'li'o
293 1706 299 1713 .
311 1688 345 1715 In
354 1687 465 1715 sabbato
473 1688 571 1717 §aneto
589 1690 622 1718 :id
634 1689 722 1718 noctis
731 1689 899 1728 principium

102 1727 233 1755 celebrari
244 1726 346 1755 solebat
357 1747 363 1754 .
377 1728 451 1757 Vide
460 1729 623 1766 Mtffaficca
633 1751 640 1758 .
652 1731 742 1766 Quare
754 1731 784 1758 in
794 1728 844 1757 hac
855 1728 900 1757 die

955 1487 1045 1514 batum
1057 1508 1063 1519 ,
1077 1485 1145 1514 idest
1157 1507 1164 1518 ‚
1177 1483 1364 1513 circumcisum
1376 1493 1383 1512 ς
1405 1490 1466 1509 narn
1477 1482 1602 1509 Recuttte'
1615 1498 1623 1510 ‚
1633 1476 1685 1505 hoc
1696 1477 1734 1505 cst
1745 1496 1755 1511 ,

955 1526 1104 1555 circumcisi
1117 1525 1228 1554 Hebraei
1237 1527 1266 1554 ab
1277 1523 1380 1552 eisdem
1390 1520 1637 1549 denominabantur
1648 1538 1654 1545 .

997 1567 1078 1596 Labra
1089 1576 1182 1595 moves
1192 1566 1288 1593 tacitus
1297 1586 1305 1598 ‚
1321 1562 1490 1599 recutitaque
1500 1559 1602 1588 sabbata
1612 1558 1696 1597 palles
1706 1578 1714 1586 .

996 1608 1101 1637 Persius
1113 1609 1202 1642 Satyr-
1218 1617 1243 1641 5.

958 1649 1015 1677 PR.
1028 1648 1061 1676 fic
1082 1649 1166 1678 etiam
1177 1646 1311 1676 Martialis
1324 1667 1331 1679 ,
1353 1645 1399 1673 lib.
1411 1654 1438 1676 7.
1457 1652 1499 1680 ep.
1514 1651 1559 1679 30.
1578 1638 1631 1668 hoc
1643 1637 1758 1678 Epithe-

957 1697 1015 1715 rum
1027 1689 1150 1718 Hebraeis
1160 1688 1284 1716 attribuit
1294 1709 1302 1720 ‚
1317 1685 1461 1725 inquiens:

995 1730 1054 1757 Nec
1064 1730 1245 1757 recutitorum
1255 1727 1325 1767 fugis
1335 1727 1450 1766 inguina
1459 1722 1616 1761 Judaeorum
1627 1741 1634 1748 .

105 1767 290 1796 Ostertoriuui
302 1779 357 1796 non
369 1769 472 1797 dicatur
484 1788 491 1795 .
511 1770 585 1798 Vide
595 1771 769 1808 offertorium
782 1790 789 1797 .
809 1770 900 1807 Quare
918 1768 1081 1798 SABBATUM
1091 1773 1282 1799 TRicksmiuM
1292 1791 1300 1802 ,
1320 1767 1417 1796 festum
1428 1763 1566 1792 novilun'ss
1580 1760 1736 1790 hebmicum
1748 1781 1756 1793 ι

107 1808 163 1850 Part
173 1819 232 1836 non
241 1809 322 1837 detur
332 1829 339 1836 .
351 1809 423 1837 Vide
433 1815 494 1838 Pax
505 1830 512 1837 .
524 1810 614 1841 Quare
623 1810 769 1849 Episcopus
779 1811 809 1838 in
820 1810 898 1846 hujus

105 1846 162 1876 diei
172 1849 355 1878 celebratione
365 1860 422 1878 non
433 1850 504 1880 dicat
516 1873 524 1884 ,
547 1853 603 1880 Pax
616 1852 692 1879 vobis
702 1872 710 1884 ,
733 1861 821 1890 neque
832 1860 899 1878 tem-

104 1896 172 1931 pore
184 1889 328 1918 Adventus
338 1911 345 1918 .
358 1890 431 1918 Vide
442 1895 505 1920 Pax
516 1892 592 1921 vobis
605 1911 612 1919 .
623 1891 763 1921 Sabbatum
779 1890 900 1920 sanetum

105 1928 205 1957 dicitur
213 1931 363 1959 Sabbatum
375 1941 515 1968 magnum,
525 1943 584 1961 can.
595 1932 752 1961 diledionis
762 1941 827 1965 ωε,
838 1931 899 1960 dist.

956 1811 1031 1847 quod
1039 1809 1092 1839 sac.
1103 1811 1237 1848 Scriptura
1245 1812 1397 1838 Neomenia
1408 1814 1488 1835 vocat
1499 1825 1507 1836 ,
1530 1812 1594 1831 nam
1605 1801 1754 1831 celebraba-

955 1857 1000 1878 tur
1008 1851 1042 1880 ad
1052 1861 1187 1890 quemque
1197 1850 1360 1879 tricesimum
1369 1849 1445 1877 dic-m
1456 1866 1465 1875 .
1522 1886 1550 1912 Ἃ
1571 1883 1588 1911 Υ
1627 1882 1634 1887 ·

1141 1901 1498 1910 —————
1522 1900 1530 1912 l
1553 1895 1568 1912 e
1582 1893 1634 1912 iori

1135 1930 1271 1965 Tempore
1281 1927 1369 1954 dicam
1381 1937 1386 1953 ε
1399 1923 1483 1953 hodie
1494 1924 1628 1953 triceiima
1634 1921 1737 1952 sabbata
1747 1943 1756 1953 .

108 1976 156 2002 76.
179 1971 214 1998 In
224 1971 336 2000 Sabbato
356 1981 419 2000 ante
428 1972 606 2002 Dominicam
614 1973 769 2002 Palmarum
785 1975 899 2002 Graecus
955 1968 1089 2000 Horatius
1100 1990 1107 2001 ,
1120 1968 1166 1996 li'o.
1181 1979 1204 1996 1.
1216 1969 1308 2002 Satyra
1320 1978 1348 2003 9.

106 2011 263 2048 Imperator
272 2011 343 2041 dona
356 2013 518 2051 largiebatur
529 2035 536 2042 .
548 2013 621 2042 Vide
627 2013 898 2051 Scaramanga-Qua-
916 2012 1098 2041 summan
1108 2031 1116 2042 ,
1135 2009 1174 2052 ita
1185 2009 1390 2046 appellabantur
1400 2006 1511 2034 Hebraei
1523 2006 1557 2034 Ob
1567 2004 1680 2034 ssimlml
1692 2005 1755 2034 Βώ-

106 2061 136 2095 re
154 2052 292 2081 Introitus
300 2053 404 2082 Sabbati
423 2064 487 2082 ante
497 2054 674 2084 Dominicam
697 2054 726 2082 in
746 2054 812 2083 albis
831 2053 899 2082 inci-

108 2101 164 2130 piat
175 2107 183 2121 .·
197 2095 309 2122 Eduxit
317 2097 452 2123 Dominus
464 2116 472 2127 ‚
483 2095 541 2128 &c-
552 2094 625 2124 Vide
634 2094 834 2133 Septuagefima
842 2113 850 2122 .

63 2133 229 2179 §asurim
240 2136 384 2168 Hes-oen,
397 2135 498 2174 phrasis
507 2134 729 2165 Christianorum
739 2133 898 2174 AEthiopiae

105 2186 137 2204 in
146 2185 242 2204 eorum
252 2175 422 2205 Calendario
431 2176 568 2215 appositu
582 2175 662 2211 hujus
674 2185 762 2204 autem
772 2175 846 2204 modi
858 2175 899 2204 lo-

104 2216 209 2253 quendi
225 2216 325 2256 origo,
343 2216 491 2246 secundum
508 2217 664 2255 aliquorum
683 2216 864 2254 opinionem,
887 2226 901 2244 a

106 2257 222 2294 periodo
237 2256 368 2287 solarium
384 2267 520 2286 annorum
538 2257 669 2296 provenit
681 2278 689 2290 ‚
707 2257 754 2295 qui
774 2256 901 2296 periodos

104 2296 210 2336 septem
220 2298 308 2327 millia
317 2309 452 2328 annorum
463 2298 591 2327 continet
601 2319 610 2331 ,
631 2307 663 2326 cu
665 2300 706 2334 jus
723 2297 827 2326 deciri-ia
845 2307 903 2335 pars

104 2339 206 2368 dicitur
216 2339 369 2368 Sabbatum
383 2340 492 2368 Henoch
502 2361 511 2372 ‚
533 2339 595 2377 quia
603 2337 649 2366 hic
661 2337 747 2367 homo
757 2348 833 2368 natus
847 2337 903 2368 sue-

104 2389 148 2410 rat
155 2390 220 2409 ann.
232 2390 299 2413 700.
311 2381 343 2409 ab
354 2380 433 2411 Orbe
443 2379 570 2414 condito,
584 2388 614 2408 ut
626 2379 747 2418 Scaliger
757 2401 765 2413 ,
786 2380 821 2409 ib.
832 2389 859 2412 7.
871 2377 906 2406 de

953 2053 1007 2081 bati
1019 2059 1234 2079 venerationem:
1242 2046 1590 2087 [Jejuniasabbatariorum.
1600 2046 1736 2076 Martialis
1748 2067 1755 2074 .

914 2095 1122 2123 Sanum-imos
1134 2111 1140 2117 .
1154 2092 1211 2120 PR.
1222 2090 1328 2128 requies
1339 2110 1346 2121 ‚
1357 2088 1479 2116 laborum
1489 2086 1598 2116 cessatio
1607 2106 1615 2114 .
1627 2089 1723 2122 [Nam
1735 2087 1754 2115 fi

955 2134 993 2163 eis
1003 2130 1078 2171 Jesus
1089 2131 1210 2169 requiem
1222 2128 1395 2169 praestitiil'et‚
1406 2138 1544 2167 nunquam
1553 2128 1588 2156 de
1597 2127 1649 2156 :ilia
1660 2128 1756 2165 loque-

955 2184 1029 2203 retur
1040 2193 1048 2205 ,
1059 2172 1180 2210 posthac,
1190 2172 1236 2200 die
1247 2192 1254 2199 .
1266 2172 1362 2209 Itaque
1370 2166 1695 2208 reliquiturlsabbatismus
1706 2178 1756 2205 po·

958 2215 1023 2254 pulo
1034 2214 1087 2242 Dci
1099 2233 1106 2240 .
1119 2212 1174 2249 Qui
1186 2212 1262 2240 enim
1271 2209 1402 2250 ingressus
1411 2211 1449 2238 est
1459 2210 1489 2238 in
1501 2209 1624 2248 requiem
1635 2211 1702 2244 ejus,
1713 2218 1754 2236 et-

958 2257 1011 2284 iam
1023 2252 1082 2292 ipse
1093 2253 1229 2291 requievit
1239 2253 1270 2282 ab
1281 2251 1405 2290 operibus
1414 2249 1467 2279 suis
1478 2272 1486 2284 ,
1497 2251 1563 2279 ficut
1573 2260 1586 2277 a
1595 2248 1650 2277 suis
1660 2249 1734 2277 Deus
1745 2268 1753 2276 .

957 2295 1128 2325 'festinemus
1144 2303 1212 2332 ergo
1223 2292 1331 2332 ingredi
1344 2292 1460 2320 inillam
1469 2292 1591 2329 requiem
1603 2311 1611 2322 ,
1634 2298 1665 2317 ut
1674 2299 1709 2317 ne
1721 2290 1753 2316 in

960 2334 1078 2374 idipsum
1088 2334 1148 2373 quis
1159 2333 1260 2363 incidat
1271 2333 1471 2362 incredulitatis
1479 2331 1634 2369 exemplum
1646 2350 1652 2358 .
1672 2329 1758 2368 Epist.

963 2377 996 2406 ad
1008 2375 1093 2405 Hebr.
1103 2385 1159 2414 cap.
1171 2386 1196 2410 4.
1651 2410 1667 2439 S

1672 2421 1720 2441 ΑΒ·
