1866 2526
476 60 582 108 P‘o

79 127 326 163 venusam-un
335 143 343 151 .
364 123 420 153 FR-
433 122 552 161 vectigal
571 122 605 150 ob
615 117 844 150 commoditatem
857 126 920 157 por-

1273 59 1307 102 P
1336 56 1379 102 Ο
1641 71 1716 113 541

972 116 1023 146 ssus
1033 113 1124 155 inquit
1137 128 1143 144 :
1165 120 1179 151 t
1190 115 1246 152 Qui
1259 116 1343 146 fortes
1353 125 1432 144 crunt
1445 115 1478 144 ad
1488 113 1655 154 portanfium
1664 116 1699 145 de
1707 119 1774 144 con·'

123 176 167 196 tus
176 163 341 195 solvendum
350 182 358 191 .
367 164 438 193 Bull.
447 162 540 193 Cafin.
550 172 617 191 tom.
629 174 654 192 2.
665 161 751 190 const.
766 164 830 193 ¹78·
973 156 1120 186 suetudine
1128 167 1235 196 pannos
1245 158 1323 186 unius
1336 155 1467 185 Monachi
1478 161 1489 190 (
1502 157 1520 185 fi
1530 166 1598 194 opus
1607 157 1659 189 fit)
1678 156 1711 185 ad
1723 166 1771 195 po-

82 208 226 238 Posuit:
237 224 245 232 .
257 205 315 234 PR.
327 204 476 243 pofitivum
488 225 495 236 ,
506 213 635 242 quatenus
646 225 655 236 ‚
675 210 774 240 nempe
784 220 792 233 ,
802 210 817 229 a
827 199 922 228 tei-mi·
975 197 1077 226 stenain
1088 198 1167 226 unius
1178 198 1333 238 armigeri]
1348 197 1441 226 Potest
1452 197 1526 225 iocus
1536 196 1580 224 liic
1591 197 1624 225 dc
1635 198 1697 236 equi
1709 197 1776 225 dor-

104 251 109 253 “
125 257 163 276 no
171 243 305 284 negativo
316 244 660 283 contradillinguitur‚quo
668 241 821 277 Dionysius
832 241 860 269 C
861 239 923 268 hai·-
974 237 1028 267 sale
1037 239 1161 278 intelligi
1172 261 1180 272 ,
1191 239 1267 278 quod
1277 239 1307 268 ab
1318 237 1451 277 aliquibus
1461 238 1575 275 Postella
1586 236 1687 266 dicitur
1697 257 1704 265 .

122 285 172 316 tus.
181 285 239 314 usus
250 286 288 314 est
300 307 308 319 ,
327 286 373 314 ubi
394 286 506 313 init=um
517 284 660 323 Evangelii
681 283 706 312 S.
724 283 771 321 Jo.
782 280 901 320 explicat
913 301 922 313 ‚
937 282 1125 309 Posruoitz
1135 300 1142 307 .
1167 280 1239 308 Vide
1259 280 1372 318 Dorsale
1383 298 1392 306 .

936 323 1046 349 Posres
1057 340 1064 347 .
1089 320 1163 349 Vide
1184 322 1338 358 Parastitia
1346 341 1354 348 .

937 363 1115 390 Posriiumus
1125 381 1133 388 .
1157 361 1232 390 Vide
1252 362 1373 398 Postumo
1381 380 1389 388 .

936 404 1161 434 Posncmuus,
1171 405 1199 430 ὅ(
1207 403 1380 439 Postictaria.
1391 398 1502 439 Janitor
1514 421 1521 433 ‚
1532 403 1559 428 ὃ(
1569 398 1777 437 Janitrix.[Pei·.

162 446 220 477 Ess'e
231 469 238 480 ‚
261 456 394 486 quantum
417 447 450 475 ad
474 445 589 475 formale
599 466 608 478 ,
976 441 1141 479 posticiarias
1153 443 1198 471 det
1209 465 1217 476 ‚
1237 446 1266 471 ὃς
1278 440 1342 480 ipsae
1355 441 1470 470 nomine
1482 440 1554 469 illius
1566 440 1753 469 transmittant
1765 459 1774 466 .

163 489 247 524 Quod
270 498 329 516 non
349 488 386 516 cst
409 487 476 525 quid
495 485 610 525 politale
620 504 628 511 .
731 493 746 498 ⁶
976 483 1011 509 Iu
1021 483 1105 520 regul.
1117 482 1272 512 S-Caesariae
1285 483 1366 521 Virg.

127 529 189 557 Ubi
199 529 284 556 diftio
294 529 354 557 Abs
365 528 437 555 valet
449 526 547 565 absque
557 547 565 558 ‚
575 525 640 564 quia
649 523 705 553 fine
716 521 818 551 divino
828 521 922 549 Verbo
935 524 1082 550 postici.
1097 544 1105 555 ‚
1126 523 1228 551 dicitur
1237 523 1387 561 explicatio
1396 521 1553 562 marginalis
1570 522 1682 559 alicujus
1693 520 1771 549 verbi

124 569 197 597 niliil
211 568 306 596 factum
319 568 356 596 est
367 589 375 601 ,
396 578 483 605 neque
504 574 642 606 peccatum
663 561 841 592 materialiter
850 559 921 588 sum-
974 563 1005 590 in
1016 572 1094 591 textu
1101 563 1206 592 obscuri
1216 585 1224 596 ,
1235 567 1263 592 ὁ(
1273 563 1351 592 sonat
1360 563 1471 600 Postilla
1481 585 1490 596 ,
1523 572 1621 602 nempe
1631 585 1639 597 ‚
1652 561 1711 601 post
1722 561 1772 590 illa.

123 619 198 647 ptum
210 630 217 641 ,
229 609 303 646 quod
314 618 386 636 circa
396 607 508 636 formale
518 629 527 641 ‚
539 616 597 634 non
606 605 644 633 est
655 604 723 642 quid
735 602 882 641 politivum
892 620 899 628 .
973 603 1052 630 verba
1075 612 1166 632 textus
1178 624 1184 631 .

82 651 236 678 Possessio
247 653 489 678 Ecctaesmsrica
499 666 507 674 .
531 646 603 674 Vide
625 650 728 673 Manus
750 651 860 670 mortua
871 661 878 668 .
935 645 1148 672 l'osritiaroit
1161 665 1169 677 ,
1191 643 1237 682 qui
1249 643 1387 681 postillam
1413 644 1445 672 ad
1456 653 1562 672 textum
1573 642 1749 682 interpunxit
1761 662 1773 675 ,

83 692 266 719 Post-asson.
285 690 342 717 Fit.
352 687 482 726 accipitur
500 696 551 724 pro
560 686 678 714 Divite.
701 682 900 719 [elericorum
911 702 918 713 ,
974 693 1091 721 quorum
1110 685 1212 722 primus
1225 685 1310 723 Hugo
1323 685 1479 714 Cardiiirilis
1489 706 1497 717 ,
1517 685 1563 722 qui
1583 686 1678 713 floruit
1697 694 1772 712 anno

124 733 151 758 δε
165 731 372 758 Honoratorum
381 749 389 761 ,
411 738 439 756 ac
451 725 628 755 Poflesl'oriim
639 747 647 758 ,
669 728 697 754 δε
707 723 863 752 Curialium
873 722 921 750 de·
980 735 1062 760 1240.
1085 724 1136 753 fuit
1147 745 1154 753 .

122 779 198 797 creto
208 769 406 797 constituantur
417 771 468 796 δα.
480 768 507 796 in
521 767 595 796 Cod.
605 765 751 804 Justinian.
764 764 780 790 l.
791 761 918 791 defenso·
934 765 1144 794 Postmvtcffl
1156 787 1164 798 ‚
1176 765 1244 794 idest
1253 787 1262 798 ,
1272 764 1429 798 succeffive,
1442 765 1638 794 Africanorum
1647 764 1772 803 Scripto-

123 819 164 837 res
176 819 212 836 ita
221 810 393 847 praecipimus
405 829 412 836 .
423 809 468 837 De
477 806 642 836 delensorib.
654 806 811 834 Civitatum
821 824 828 830 .
979 815 1039 832 runi
1057 805 1157 843 phrasis
1169 827 1177 838 ,
1198 816 1249 844 qua
1259 806 1296 835 iifi
1305 805 1367 835 sunt
1377 806 1490 835 Pontius
1499 807 1528 834 in
1542 806 1606 835 Vita
1615 807 1640 834 S.
1652 805 1773 843 Cypria-

80 851 242 879 Posstssoit
265 849 401 877 bonorum
410 868 418 876 .
442 849 516 877 Vide
536 847 727 877 Diacatochus
738 865 746 872 .
768 843 920 873 Polless'oris
977 846 1006 874 ni
1019 867 1027 878 ,
1038 856 1066 874 ac
1077 847 1114 874 D.
1127 847 1242 885 August.
1253 847 1299 875 lib.
1311 854 1336 877 6.
1347 847 1470 876 Confessl
1481 851 1507 875 ὅ(
1517 845 1651 875 inPsalm.
1661 857 1688 885 3.

121 891 197 917 testis
208 891 238 917 in
247 900 304 929 pari
313 890 423 918 testium
433 888 623 917 concurrentia
633 885 817 926 praeferendus
828 904 835 912 .
848 885 920 913 Vide
935 889 1154 916 Postumium„
1163 907 1170 914 .
1183 889 1240 916 PR.
1251 889 1288 915 ita
1297 899 1344 926 per
1352 887 1474 918 Gloflam
1486 888 1515 915 in
1524 898 1581 915 can.
1591 887 1679 926 prima
1687 886 1772 916 afflo-

124 336 268 396 mcii'binie
291 366 383 399 nihil,
404 369 433 395 δε
455 374 596 404 peccatum

161 407 270 436 Pastum
292 408 348 440 est,
372 416 431 434 non
453 406 552 434 habens
574 413 664 434 ratum

122 931 210 966 Testis
223 950 230 957 .

82 972 202 1000 Possum
213 991 219 997 .
235 972 292 1000 FR.
303 971 414 999 verbum
427 992 435 1004 ,
448 980 499 1009 pro
508 969 622 1008 expedit
633 989 640 996 .
656 969 715 1004 [In
724 977 779 1006 quo
789 965 868 995 Sedes
880 968 919 1009 A*

125 1011 259 1047 postolica
270 1010 422 1049 dispensare
433 1021 491 1039 non
500 1011 588 1049 potest
601 1013 613 1042 ]
633 1009 703 1038 idest
722 1018 779 1036 non
789 1006 902 1050 expedit
912 1027 919 1038 ,

121 1050 167 1077 seu
180 1051 244 1078 licet
254 1071 262 1078 .
284 1051 328 1079 De
338 1053 425 1079 restit.
435 1051 543 1090 spoliat.
553 1062 576 1080 c.
592 1061 635 1089 ¹3-
655 1049 715 1078 Ubi
723 1048 816 1077 Glofla
836 1048 921 1075 inter-

122 1100 262 1128 pretatur:
277 1092 362 1125 [Non
373 1094 442 1125 vult,
453 1090 498 1121 seu
508 1103 564 1120 non
577 1090 666 1129 potest
678 1111 686 1122 ,
696 1089 806 1125 dejure,
818 1090 830 1119 ]
845 1087 920 1126 quod

124 1131 198 1158 valet
214 1152 221 1164 ‚
233 1142 292 1159 nou
301 1133 413 1170 expedit
425 1153 432 1160 .
443 1136 476 1161 Et
489 1132 560 1161 idem
570 1132 683 1160 liabetur
694 1131 722 1158 in
733 1130 779 1158 lib.
790 1140 816 1167 3.
826 1128 919 1156 decre—

123 1172 170 1199 tal.
181 1172 224 1199 tit.
237 1176 284 1207 48.
295 1183 318 1200 c.
330 1175 380 1201 ult.
398 1174 441 1202 ubi
453 1173 486 1202 fic
497 1176 566 1211 Papa
577 1171 734 1210 respondit:
759 1169 844 1204 [Tibi
864 1179 920 1197 non

122 1210 256 1250 possumus
267 1212 301 1241 de
318 1223 378 1248 jure
389 1214 495 1243 deferre·
507 1234 513 1241 .
527 1217 538 1246 ]
561 1215 630 1242 Item
641 1211 752 1250 quando
760 1210 824 1238 liuic
835 1210 921 1238 verbo

122 1262 251 1291 negativa
271 1256 443 1291 praeponitur
453 1276 461 1287 ,
482 1253 666 1283 necessitatem
686 1252 818 1290 importat
829 1271 837 1283 ,
859 1260 920 1278 cum

120 1302 211 1321 autem
221 1295 385 1323 affirmative
396 1296 520 1333 ponitur,
533 1292 719 1323 necessitatem
730 1302 788 1319 non
798 1290 914 1319 inducit.

122 1332 211 1362 Gioss‘.
222 1334 250 1361 in
260 1335 367 1372 Regula
380 1347 405 1364 z.
415 1335 450 1364 de
460 1335 562 1374 regulis
572 1336 630 1372 Jur.
653 1335 683 1362 iu
691 1331 771 1361 sexto
782 1353 791 1365 ,
811 1332 837 1363 ξ.
849 1333 920 1361 Non

121 1374 226 1412 potest.
251 1376 323 1403 Item
339 1376 427 1413 Poffe.
447 1376 520 1404 Vide
538 1380 654 1404 Occurro
667 1394 673 1401 .

79 1413 156 1443 Post·
167 1434 175 1441 .
187 1416 243 1443 FR-
256 1417 416 1454 praepostiio
426 1438 434 1449 ‚
444 1417 530 1455 polita
540 1416 602 1444 loco
614 1437 620 1447 .
631 1420 681 1443 Fer
693 1413 765 1450 [Qui
775 1412 830 1441 line
840 1412 917 1441 omni

976 937 1012 955 ne
1023 948 1032 960 ‚
1051 934 1093 956 16.
1104 927 1196 966 quaest.
1210 938 1223 965 3
1231 949 1237 955 .
1256 928 1387 957 definitur
1397 949 1404 956 .
1429 928 1657 963 [l’ostliminium
1674 928 1713 957 est
1730 930 1772 963 jus

977 967 1030 995 ami
1036 967 1075 996 ss'ae
1087 969 1125 996 rei
1136 969 1326 1006 recuperandae
1337 970 1367 998 ab
1376 979 1518 1001 extraneo,
1531 973 1558 998 δι
1568 969 1598 997 in
1610 969 1707 998 statum
1717 968 1774 1007 pri—

976 1008 1076 1036 stinum
1087 1009 1272 1042 restituendz,
1283 1009 1310 1038 ff.
1320 1010 1353 1038 de
1362 1020 1419 1048 cap.
1429 1013 1456 1038 δι
1466 1009 1563 1048 potest.
1575 1020 1664 1039 rever.
1673 1010 1755 1048 postli
1763 1026 1774 1032 —

976 1049 1093 1076 minium
1103 1069 1110 1076 .
1129 1050 1220 1077 Datur
1236 1059 1325 1078 autem
1342 1050 1493 1079 secundum
1512 1051 1586 1089 leges
1597 1050 1774 1089 postliminio

975 1089 1176 1118 revertentibus
1185 1111 1193 1122 ,
1204 1089 1339 1119 redssbria
1351 1091 1422 1120 intra
1434 1091 1646 1129 quadriennium
1659 1110 1666 1118 .
1677 1089 1775 1120 Instit-

976 1130 1010 1158 de
1021 1130 1070 1158 εᾶ-
1080 1131 1106 1161 §.
1119 1129 1204 1158 rursus
1214 1131 1310 1160 .·Cod.
1319 1132 1352 1160 de
1364 1131 1452 1170 integ.
1464 1131 1550 1159 restit.
1563 1131 1632 1159 l.ult.
1646 1131 1672 1160 Si
1682 1140 1775 1159 tamen

977 1181 1034 1198 non
1045 1170 1169 1209 potuerit
1180 1182 1261 1210 agere
1274 1171 1304 1200 in
1313 1171 1366 1200 hoc
1376 1172 1560 1211 quadriennio
1572 1193 1580 1204 ‚
1601 1181 1648 1210 per
1666 1171 1775 1210 aliquos

975 1211 1033 1240 dies
1045 1211 1198 1240 restituitur
1207 1213 1241 1240 ad
1250 1223 1306 1245 eos,
1316 1213 1342 1242 ff.
1353 1224 1387 1241 ex
1398 1213 1492 1252 quibus
1502 1212 1582 1241 causis
1591 1214 1675 1249 majo.
1688 1213 1708 1240 l.
1719 1210 1771 1240 sed

975 1252 1024 1280 etfi
1036 1262 1084 1290 per
1093 1261 1242 1290 praetorem
1252 1275 1260 1286 ,
1279 1253 1306 1284 §.
1319 1254 1337 1282 fi
1349 1254 1421 1282 seriae
1433 1275 1440 1281 .
1465 1253 1618 1282 Secundum
1635 1263 1751 1282 canones
1762 1273 1772 1285 ,

975 1302 1037 1361 cuim
1048 1303 1104 1321 non
1113 1303 1201 1322 currat
1210 1293 1240 1322 in
1251 1293 1304 1323 hoc
1313 1293 1371 1323 casu
1381 1293 1552 1334 praescriptio
1562 1316 1570 1327 ,
1593 1304 1652 1322 non
1661 1293 1772 1322 dabitur

973 1344 1003 1362 re
1015 1332 1121 1362 cifloria
1131 1354 1137 1361 .

935 1376 1134 1403 Posrutnus
1145 1395 1151 1402 .
1163 1377 1220 1404 PR.
1234 1376 1379 1414 Expofitus
1389 1399 1395 1409 ,
1406 1375 1583 1415 presentati-is
1592 1396 1599 1403 .
1618 1377 1653 1404 In
1663 1384 1772 1403 extrav.

973 1424 1074 1443 comm.
1085 1415 1118 1443 de
1129 1415 1255 1454 postulat.
1267 1418 1404 1455 praelator.

121 1454 182 1493 lege
194 1456 350 1493 vagabundi
362 1458 464 1485 vadunt
476 1457 535 1494 post
546 1456 623 1484 istam
634 1464 732 1483 terram
743 1475 752 1487 ‚
763 1464 820 1482 ¹¹0⁰
831 1453 919 1481 sman-
934 1459 1072 1486 Postero
1082 1476 1089 1483 .
1109 1458 1165 1486 FR-
1177 1458 1289 1486 verbum
1299 1480 1306 1490 ,
1319 1457 1455 1496 fignificat
1465 1456 1627 1492 desiderium
1637 1454 1714 1484 suum
1722 1465 1771 1484 ex-

121 1504 165 1522 tur
179 1497 284 1533 vagari,
295 1500 322 1524 δε
332 1496 509 1535 deceptiones
520 1496 677 1524 hominibus
692 1504 781 1534 agere.
793 1496 830 1523 In
839 1495 919 1522 Con-

122 1534 177 1562 stit.
188 1536 285 1563 Laroli
295 1538 391 1575 Magni
403 1559 409 1569 ‚
422 1538 468 1565 lib.
484 1548 493 1565 i
501 1557 508 1564 .
518 1546 591 1572 c.79.

82 1576 320 1604 postcommun-10
332 1598 340 1609 ,
363 1578 397 1605 fic
415 1578 587 1616 appellantur
597 1575 683 1606 Miil'ae
703 1585 794 1615 preces
808 1584 885 1614 ,quae
905 1585 919 1602 a

973 1506 1076 1534 ponere
1086 1518 1094 1529 ‚
1106 1497 1151 1525 vel
1160 1497 1237 1526 alteri
1249 1498 1438 1527 contradicere
1449 1519 1455 1525 .
1467 1496 1553 1527 Gloss‘.
1568 1498 1598 1525 in
1607 1508 1630 1524 c.
1641 1497 1715 1525 Cum
1726 1497 1772 1525 Sa-

973 1537 1094 1566 cerdotis
1104 1558 1112 1570 ‚
1126 1538 1172 1566 lib.
1190 1549 1212 1566 i.
1224 1539 1353 1567 decretal.
1364 1539 1398 1567 de
1408 1538 1625 1577 procuratoribus
1635 1558 1641 1565 .
1653 1538 1727 1565 Item
1739 1536 1772 1566 si-

973 1578 1090 1616 gnificat
1102 1577 1266 1616 respondere
1277 1600 1284 1606 .
1308 1581 1380 1609 Vide
1399 1579 1548 1617 Respondet)
1560 1598 1567 1605 .

122 1615 291 1643 Celebrante
300 1616 359 1654 post
371 1618 607 1646 communionem
618 1617 776 1649 recitantur,
790 1620 818 1644 δε
831 1625 860 1643 in
870 1616 919 1644 ali-
932 1619 1132 1647 Posrunnus
1143 1639 1150 1647 .
1174 1620 1247 1648 Vide
1264 1621 1385 1656 Postumo
1394 1641 1401 1647 .

119 1654 214 1693 quibus
233 1657 396 1693 pervetustis
414 1659 566 1687 Ritualibus
586 1659 751 1696 complenda
772 1658 901 1686 dicuntur
911 1676 918 1683 .
932 1659 1075 1688 Posnmo
1087 1681 1095 1693 ,
1105 1659 1173 1688 idest
1185 1681 1192 1692 ‚
1202 1659 1314 1699 sequor.
1326 1667 1338 1696 [
1350 1661 1456 1692 Caeteri
1470 1670 1535 1688 vcro
1545 1657 1692 1698 Proplietae
1705 1680 1712 1692 ,
1721 1657 1773 1689 etfi

121 1698 156 1724 ln
168 1696 381 1726 sacramentario
400 1699 425 1727 S.
436 1699 567 1738 Gregorii
578 1701 655 1736 Papae
668 1701 716 1728 Ad
733 1698 917 1736 complendam

121 1737 274 1775 appellatur
284 1758 291 1765 .
307 1740 363 1767 PR.
376 1741 449 1767 Item
458 1744 486 1768 ὅ(
496 1741 634 1777 Complexo
648 1740 677 1767 in
695 1738 753 1768 vita
763 1740 789 1768 S.
801 1737 918 1766 Bettha-

119 1786 154 1805 rii
166 1778 312 1806 Abb.Vidc
327 1781 534 1818 complendanl:
548 1782 655 1817 Contra
665 1789 747 1818 quem
758 1779 841 1807 riturn
850 1788 917 1816 quo-

123 1817 192 1844 tidie
200 1819 377 1849 Celcbrantes
385 1831 469 1859 agunt
481 1843 489 1854 ‚
508 1822 555 1860 qui
567 1823 596 1850 in
607 1820 662 1849 fine
676 1819 761 1850 Mifl'ae
773 1841 781 1853 ‚
803 1819 918 1847 velante

119 1866 180 1886 eam
200 1858 294 1887 fideles
312 1863 515 1890 communicare
534 1861 625 1890 solent
637 1882 643 1888 .
664 1862 699 1889 In
719 1859 825 1890 Rituali
844 1860 918 1887 enim

122 1900 205 1927 Rom.
217 1900 244 1926 in
255 1899 300 1927 tit.
312 1901 346 1929 de
358 1902 532 1930 Eucharilliae
545 1904 661 1932 Sacram.
679 1901 720 1930 his
732 1901 820 1930 verbis
838 1910 917 1929 cave—

122 1948 180 1966 tur:
204 1940 398 1973 [Communio
410 1953 499 1971 aurem
510 1945 606 1982 populi
628 1944 699 1971 intra
711 1942 815 1971 Miil‘am
826 1941 916 1969 statim

122 1979 182 2018 post
193 1983 418 2011 communionem
429 1984 580 2013 Sacerdotis
589 1983 748 2013 celebrantis
767 1982 828 2010 fieri
837 1982 914 2011 debet

119 2020 193 2064 cmii
205 2022 368 2061 quandoque
385 2034 421 2058 >ex
432 2024 654 2054 rationabilicaul
664 2036 671 2050 ι
691 2025 749 2062 post
761 2022 865 2051 initiam
884 2023 917 2052 fit

122 2062 244 2090 iacienda
257 2067 268 2094 )
280 2073 341 2091 cum
351 2066 488 2095 orationes
498 2088 506 2098 ,
528 2077 587 2104 quae
601 2067 630 2094 in
640 2066 717 2093 Milia.
728 2065 786 2102 post
796 2074 918 2092 commu-

122 2102 236 2131 nionem
248 2103 376 2132 dicuntur
387 2126 395 2137 ,
408 2116 464 2134 non
475 2106 562 2135 solum
572 2107 605 2135 ad
616 2106 789 2136 Sacerdotem
802 2127 809 2138 ,
820 2104 868 2133 sed
879 2115 917 2132 et-

122 2143 175 2170 iam
185 2144 217 2171 ad
227 2145 293 2171 alios
304 2156 538 2175 communicantes
546 2147 669 2185 spectent
681 2149 712 2178 .]
732 2146 918 2183 Rationabilis

120 2182 197 2211 causa
208 2183 270 2211 estet
280 2206 288 2217 ,
300 2187 411 2223 quando
420 2188 571 2217 multitudo
581 2210 588 2221 ‚
601 2192 628 2216 δε
641 2198 697 2218 non
709 2187 825 2225 paucitas
844 2197 918 2214 coin-

121 2227 324 2254 muntcaiitium
333 2238 486 2260 concurrit5
497 2239 560 2257 nam
572 2229 600 2256 in
611 2238 702 2267 priino
712 2227 772 2256 casu
784 2225 858 2257 Miss'i.
868 2238 918 2267 pro

119 2275 179 2292 non
189 2268 454 2297 communicantibus
466 2279 494 2297 in
504 2271 618 2308 longurn
628 2269 919 2308 protraheretur‚quod

120 2307 150 2334 in
158 2304 278 2335 secundo
286 2307 347 2337 casu
359 2320 416 2338 non
425 2308 579 2339 succederet
589 2329 599 2336 -
613 2311 686 2339 Vide
697 2314 860 2339 Communia
870 2330 878 2338 .

79 2349 220 2378 Postumi
231 2368 238 2375 ·
249 2351 306 2379 PR.
317 2360 375 2388 pars
385 2351 506 2390 corporis
517 2350 651 2389 posterior
664 2363 672 2382 ς
693 2351 765 2379 unde
777 2361 807 2378 in
817 2353 883 2379 Vita
894 2352 919 2380 S.

120 2389 255 2420 Gulielini
269 2391 336 2421 Abb.
347 2392 380 2421 de
389 2401 522 2433 equorum
533 2391 629 2428 dorfis,
640 2391 675 2423 fic
688 2392 835 2422 Matthaeus
845 2391 919 2423 Pari-

977 1700 1068 1736 Moyfi
1078 1700 1233 1738 postumam
1244 1722 1251 1728 .
1261 1702 1368 1730 Tertull
1391 1700 1494 1730 advers.
1505 1703 1591 1729 Gcnt.
1601 1711 1624 1728 c.
1641 1702 1698 1736 ¹9·]
1712 1700 1773 1728 De-

973 1741 1018 1768 bet
1029 1750 1117 1779 igitur
1126 1741 1181 1769 line
1191 1740 1357 1780 aspiratione
1371 1741 1461 1774 scribi,
1472 1742 1537 1770 licut
1552 1752 1584 1770 ex
1595 1741 1715 1779 antiquis
1725 1740 1772 1768 in—

972 1780 1167 1819 scriptionibus
1178 1784 1321 1821 colligitur
1331 1805 1338 1816 ‚
1359 1787 1387 1811 &
1399 1782 1493 1820 parlim
1510 1793 1542 1810 ex
1553 1782 1650 1810 eodem
1661 1781 1772 1810 Tertul-

975 1821 1053 1849 liano
1063 1841 1070 1848 .
1082 1823 1207 1857 [Omnis
1217 1824 1293 1852 enim
1303 1823 1507 1852 consummatio
1518 1844 1526 1855 ,
1536 1833 1614 1861 atque
1626 1821 1768 1861 perfeftio,

974 1862 1023 1890 etfi
1033 1863 1133 1890 ordine
1142 1863 1292 1900 postumat:
1315 1864 1408 1899 effet‘tii
1419 1875 1510 1893 tamen
1520 1864 1664 1901 anticipat.
1682 1863 1717 1891 de
1726 1872 1770 1890 re-

972 1901 1083 1930 surrect.
1093 1913 1167 1931 carn.
1179 1915 1285 1942 cap.45.
1297 1908 1309 1937 ]
1324 1905 1392 1934 Ideo
1403 1906 1475 1934 finus
1486 1905 1543 1943 poll
1553 1903 1688 1944 genitoris
1697 1912 1772 1933 mor-

973 1953 1030 1971 tem
1041 1953 1117 1971 natus
1127 1965 1136 1976 ,
1157 1947 1295 1981 Postumus
1309 1968 1316 1979 ,
1336 1949 1363 1975 ὅ(
1382 1957 1437 1974 non
1458 1944 1772 1983 1³0stlmmusappellan-

973 1985 1021 2012 dus
1031 1985 1086 2014 est5
1108 1984 1225 2023 ideoque
1236 1989 1346 2015 Latinus
1357 1987 1478 2015 Latinius
1488 1985 1655 2016 Thesauriim
1665 1987 1770 2024 linguae

974 2026 1079 2053 Latiziae
1090 2046 1098 2057 ,
1117 2025 1354 2065 &consequenter
1365 2027 1531 2066 Calcpinum
1549 2027 1666 2065 corrigit
1680 2037 1687 2057 ἱ
1706 2036 1771 2054 nam

975 2075 1076 2094 nomen
1085 2064 1138 2093 hoc
1148 2077 1205 2094 non
1219 2078 1234 2095 a
1254 2069 1311 2104 Post
1319 2069 1435 2096 humum
1448 2090 1455 2101 ‚
1475 2067 1544 2096 idest
1555 2068 1615 2106 post
1627 2068 1771 2095 humatum

974 2109 1085 2135 Patrem
1095 2127 1103 2138 ,
1112 2116 1142 2135 ut
1155 2117 1339 2137 communiter
1348 2108 1468 2137 creditur
1478 2131 1487 2142 ‚
1495 2107 1543 2137 scd
1553 2119 1566 2137 a
1575 2108 1700 2141 diffione
1710 2109 1770 2144 Post

974 2155 1106 2176 extamus
1117 2148 1259 2178 derivatur
1269 2160 1276 2179 ς
1291 2159 1371 2187 quare
1380 2150 1568 2179 'lei-tullianus
1579 2148 1690 2179 afferens
1699 2148 1770 2187 legis

975 2186 1098 2216 mosaice
1118 2198 1286 2227 praeceptum
1299 2211 1308 2222 ‚
1330 2191 1358 2218 in
1369 2200 1424 2228 quo
1432 2189 1559 2219 suscitare
1567 2186 1771 2222 semenfsratris

974 2228 1070 2267 absque
1081 2229 1171 2258 liberis
1182 2229 1278 2259 decessi
1293 2253 1298 2262 ,
1309 2229 1478 2270 disponitur,
1489 2231 1522 2260 fic
1531 2232 1672 2270 eleganter
1681 2229 1769 2268 loqui.

975 2273 1038 2307 tui-1:
1054 2275 1066 2304 [
1078 2270 1147 2298 Ideo
1157 2270 1212 2298 illis
1224 2281 1256 2299 ex
1267 2269 1315 2300 suo
1324 2281 1425 2311 genere
1435 2272 1545 2305 vicaria,
1556 2276 1583 2301 δι
1595 2272 1668 2310 quast
1676 2272 1770 2309 postu-

975 2321 1017 2339 ma
1027 2309 1131 2339 soboles
1140 2310 1330 2349 supparabatur
1344 2335 1352 2346 ,
1371 2313 1405 2342 de
1415 2314 1588 2352 monogamia
1597 2335 1606 2346 ‚
1630 2324 1653 2341 c.
1665 2323 1690 2345 7.
1702 2314 1715 2346 1
1732 2312 1773 2339 le-

976 2353 1052 2392 gitur
1062 2352 1128 2380 item
1137 2353 1208 2390 apud
1217 2354 1334 2382 eundem
1345 2355 1513 2393 Scriptorem
1522 2355 1699 2391 Postumum
1710 2362 1772 2391 par-

976 2393 1103 2431 ticipium
1115 2413 1122 2420 .
1133 2395 1189 2423 FR.
1201 2394 1274 2424 Vide
1284 2395 1389 2426 Gen-l.
1402 2407 1427 2425 2.
1438 2406 1462 2423 c.
1480 2401 1524 2424 16.

1691 2436 1746 2465 Po-
