<?xml version="1.0" encoding="UTF-8"?>
<!DOCTYPE html PUBLIC "-//W3C//DTD XHTML 1.0 Transitional//EN"
    "http://www.w3.org/TR/xhtml1/DTD/xhtml1-transitional.dtd">
<html xmlns="http://www.w3.org/1999/xhtml" xml:lang="en" lang="en">
 <head>
  <title>
</title>
<meta http-equiv="Content-Type" content="text/html;charset=utf-8" />
  <meta name='ocr-system' content='tesseract 3.04.00' />
  <meta name='ocr-capabilities' content='ocr_page ocr_carea ocr_par ocr_line ocrx_word'/>
</head>
<body>
  <div class='ocr_page' id='page_1' title='image "./dominicimacrimel00magr/dominicimacrimel00magr_0543.png"; bbox 0 0 1866 2526; ppageno 0'>
   <div class='ocr_carea' id='block_1_1' title="bbox 462 45 567 88">
    <p class='ocr_par' dir='ltr' id='par_1_1' title="bbox 462 45 567 88">
     <span class='ocr_line' id='line_1_1' title="bbox 462 45 567 88; baseline -0.01 0"><span class='ocrx_word' id='word_1_1' title='bbox 462 45 567 88; x_wconf 89' lang='lat' dir='ltr'>PA</span> 
     </span>
    </p>
   </div>
   <div class='ocr_carea' id='block_1_2' title="bbox 96 102 912 2422">
    <p class='ocr_par' dir='ltr' id='par_1_2' title="bbox 103 102 912 632">
     <span class='ocr_line' id='line_1_2' title="bbox 104 102 906 143; baseline -0.004 -7"><span class='ocrx_word' id='word_1_2' title='bbox 104 115 147 136; x_wconf 87' lang='lat' dir='ltr'>rat</span> <span class='ocrx_word' id='word_1_3' title='bbox 155 126 164 139; x_wconf 89' lang='lat'>,</span> <span class='ocrx_word' id='word_1_4' title='bbox 173 105 225 136; x_wconf 79' lang='lat' dir='ltr'>ead</span> <span class='ocrx_word' id='word_1_5' title='bbox 233 105 399 143; x_wconf 75' lang='lat' dir='ltr'>Set-Congr.</span> <span class='ocrx_word' id='word_1_6' title='bbox 409 103 471 134; x_wconf 82' lang='lat' dir='ltr'>Rit.</span> <span class='ocrx_word' id='word_1_7' title='bbox 486 104 606 142; x_wconf 80' lang='lat' dir='ltr'>17.Jun.</span> <span class='ocrx_word' id='word_1_8' title='bbox 621 108 703 132; x_wconf 83' lang='lat'><strong>160⁶.</strong></span> <span class='ocrx_word' id='word_1_9' title='bbox 716 102 745 133; x_wconf 90' lang='lat' dir='ltr'>Si</span> <span class='ocrx_word' id='word_1_10' title='bbox 756 108 824 133; x_wconf 79' lang='lat' dir='ltr'>vei-o</span> <span class='ocrx_word' id='word_1_11' title='bbox 833 104 906 133; x_wconf 88' lang='lat' dir='ltr'>Pon-</span> 
     </span>
     <span class='ocr_line' id='line_1_3' title="bbox 105 143 910 185; baseline -0.005 -8"><span class='ocrx_word' id='word_1_12' title='bbox 105 147 245 176; x_wconf 83' lang='lat' dir='ltr'>tificaliter</span> <span class='ocrx_word' id='word_1_13' title='bbox 255 143 403 185; x_wconf 79' lang='lat' dir='ltr'><strong>Episcopus</strong></span> <span class='ocrx_word' id='word_1_14' title='bbox 410 145 529 174; x_wconf 89' lang='lat' dir='ltr'>celebret</span> <span class='ocrx_word' id='word_1_15' title='bbox 540 166 549 178; x_wconf 94' lang='lat'><em>‚</em></span> <span class='ocrx_word' id='word_1_16' title='bbox 569 154 634 173; x_wconf 83' lang='lat' dir='ltr'>tunc</span> <span class='ocrx_word' id='word_1_17' title='bbox 646 145 680 173; x_wconf 82' lang='lat' dir='ltr'>ad</span> <span class='ocrx_word' id='word_1_18' title='bbox 688 144 854 174; x_wconf 87' lang='lat' dir='ltr'>affistentem</span> <span class='ocrx_word' id='word_1_19' title='bbox 865 146 910 174; x_wconf 88' lang='lat' dir='ltr'>Sa-</span> 
     </span>
     <span class='ocr_line' id='line_1_4' title="bbox 106 185 909 225; baseline -0.005 -8"><span class='ocrx_word' id='word_1_20' title='bbox 106 187 246 217; x_wconf 86' lang='lat' dir='ltr'>cerdotem</span> <span class='ocrx_word' id='word_1_21' title='bbox 255 185 356 225; x_wconf 63' lang='lat' dir='ltr'>speQat</span> <span class='ocrx_word' id='word_1_22' title='bbox 365 185 397 215; x_wconf 82' lang='lat' dir='ltr'>ab</span> <span class='ocrx_word' id='word_1_23' title='bbox 407 196 442 214; x_wconf 90' lang='lat' dir='ltr'>eo</span> <span class='ocrx_word' id='word_1_24' title='bbox 451 196 545 225; x_wconf 81' lang='lat' dir='ltr'>pacem</span> <span class='ocrx_word' id='word_1_25' title='bbox 552 185 676 225; x_wconf 86' lang='lat' dir='ltr'>accipere</span> <span class='ocrx_word' id='word_1_26' title='bbox 687 206 696 218; x_wconf 91' lang='lat'><em>‚</em></span> <span class='ocrx_word' id='word_1_27' title='bbox 718 187 767 225; x_wconf 89' lang='lat' dir='ltr'>qui</span> <span class='ocrx_word' id='word_1_28' title='bbox 780 185 909 215; x_wconf 84' lang='lat' dir='ltr'>accedens</span> 
     </span>
     <span class='ocr_line' id='line_1_5' title="bbox 107 225 911 266; baseline -0.005 -8"><span class='ocrx_word' id='word_1_29' title='bbox 107 228 218 258; x_wconf 79' lang='lat' dir='ltr'>adlatus</span> <span class='ocrx_word' id='word_1_30' title='bbox 230 225 358 266; x_wconf 79' lang='lat' dir='ltr'>Episcopi</span> <span class='ocrx_word' id='word_1_31' title='bbox 367 227 511 255; x_wconf 78' lang='lat' dir='ltr'>dexterum</span> <span class='ocrx_word' id='word_1_32' title='bbox 522 249 529 260; x_wconf 95' lang='lat'>,</span> <span class='ocrx_word' id='word_1_33' title='bbox 552 231 582 257; x_wconf 74' lang='grc' dir='ltr'>ὅ(</span> <span class='ocrx_word' id='word_1_34' title='bbox 589 228 751 265; x_wconf 82' lang='lat' dir='ltr'>genuflexus</span> <span class='ocrx_word' id='word_1_35' title='bbox 760 226 911 256; x_wconf 79' lang='lat' dir='ltr'>ostulando</span> 
     </span>
     <span class='ocr_line' id='line_1_6' title="bbox 109 266 911 308; baseline -0.002 -11"><span class='ocrx_word' id='word_1_36' title='bbox 109 269 181 308; x_wconf 87' lang='lat' dir='ltr'>prius</span> <span class='ocrx_word' id='word_1_37' title='bbox 190 268 292 297; x_wconf 81' lang='lat' dir='ltr'>Altare</span> <span class='ocrx_word' id='word_1_38' title='bbox 303 288 311 300; x_wconf 92' lang='lat'><em>‚</em></span> <span class='ocrx_word' id='word_1_39' title='bbox 333 267 432 306; x_wconf 88' lang='lat' dir='ltr'>accipit</span> <span class='ocrx_word' id='word_1_40' title='bbox 443 269 473 297; x_wconf 87' lang='lat' dir='ltr'>ab</span> <span class='ocrx_word' id='word_1_41' title='bbox 483 267 544 307; x_wconf 89' lang='lat' dir='ltr'>ipso</span> <span class='ocrx_word' id='word_1_42' title='bbox 554 266 690 306; x_wconf 79' lang='lat' dir='ltr'>Episcopo</span> <span class='ocrx_word' id='word_1_43' title='bbox 700 277 793 306; x_wconf 82' lang='lat' dir='ltr'>pacem</span> <span class='ocrx_word' id='word_1_44' title='bbox 804 289 811 300; x_wconf 88' lang='lat'>,</span> <span class='ocrx_word' id='word_1_45' title='bbox 832 270 860 296; x_wconf 77' lang='grc' dir='ltr'>δε</span> <span class='ocrx_word' id='word_1_46' title='bbox 877 266 911 295; x_wconf 88' lang='lat' dir='ltr'>ad</span> 
     </span>
     <span class='ocr_line' id='line_1_7' title="bbox 105 307 910 347; baseline -0.004 -9"><span class='ocrx_word' id='word_1_47' title='bbox 105 309 221 338; x_wconf 86' lang='lat' dir='ltr'>chorum</span> <span class='ocrx_word' id='word_1_48' title='bbox 230 319 264 337; x_wconf 89' lang='lat' dir='ltr'>eo</span> <span class='ocrx_word' id='word_1_49' title='bbox 273 307 374 336; x_wconf 82' lang='lat' dir='ltr'>ordine</span> <span class='ocrx_word' id='word_1_50' title='bbox 384 329 392 341; x_wconf 94' lang='lat'><em>‚</em></span> <span class='ocrx_word' id='word_1_51' title='bbox 404 319 460 347; x_wconf 85' lang='lat' dir='ltr'>quo</span> <span class='ocrx_word' id='word_1_52' title='bbox 468 307 621 337; x_wconf 86' lang='lat' dir='ltr'>incensatio</span> <span class='ocrx_word' id='word_1_53' title='bbox 630 308 752 338; x_wconf 81' lang='lat' dir='ltr'>adhibita</span> <span class='ocrx_word' id='word_1_54' title='bbox 772 308 826 337; x_wconf 84' lang='lat' dir='ltr'>fuit</span> <span class='ocrx_word' id='word_1_55' title='bbox 835 329 843 341; x_wconf 89' lang='lat'>‚</span> <span class='ocrx_word' id='word_1_56' title='bbox 863 307 910 336; x_wconf 87' lang='lat' dir='ltr'>de-</span> 
     </span>
     <span class='ocr_line' id='line_1_8' title="bbox 107 348 911 387; baseline -0.004 -9"><span class='ocrx_word' id='word_1_57' title='bbox 107 349 160 378; x_wconf 84' lang='lat' dir='ltr'>fert</span> <span class='ocrx_word' id='word_1_58' title='bbox 169 369 178 376; x_wconf 87' lang='lat'><strong>.</strong></span> <span class='ocrx_word' id='word_1_59' title='bbox 187 349 338 382; x_wconf 83' lang='lat' dir='ltr'>Diaconus‚</span> <span class='ocrx_word' id='word_1_60' title='bbox 349 353 377 378; x_wconf 90' lang='lat'>&amp;</span> <span class='ocrx_word' id='word_1_61' title='bbox 391 349 574 378; x_wconf 86' lang='lat' dir='ltr'>Subdiaconus</span> <span class='ocrx_word' id='word_1_62' title='bbox 583 350 696 387; x_wconf 85' lang='lat' dir='ltr'>quando</span> <span class='ocrx_word' id='word_1_63' title='bbox 706 348 911 378; x_wconf 80' lang='lat' dir='ltr'>communicari.</span> 
     </span>
     <span class='ocr_line' id='line_1_9' title="bbox 106 389 910 428; baseline -0.002 -10"><span class='ocrx_word' id='word_1_64' title='bbox 106 400 160 423; x_wconf 86' lang='lat' dir='ltr'>tur,</span> <span class='ocrx_word' id='word_1_65' title='bbox 170 390 202 418; x_wconf 88' lang='lat' dir='ltr'>ab</span> <span class='ocrx_word' id='word_1_66' title='bbox 211 390 308 419; x_wconf 88' lang='lat' dir='ltr'>eodem</span> <span class='ocrx_word' id='word_1_67' title='bbox 321 389 458 428; x_wconf 83' lang='lat' dir='ltr'>Episcopo</span> <span class='ocrx_word' id='word_1_68' title='bbox 468 399 560 428; x_wconf 84' lang='lat' dir='ltr'>pacem</span> <span class='ocrx_word' id='word_1_69' title='bbox 569 389 688 424; x_wconf 81' lang='lat' dir='ltr'>sumant,</span> <span class='ocrx_word' id='word_1_70' title='bbox 699 390 754 419; x_wconf 86' lang='lat' dir='ltr'>duo</span> <span class='ocrx_word' id='word_1_71' title='bbox 764 399 832 418; x_wconf 85' lang='lat' dir='ltr'>vero</span> <span class='ocrx_word' id='word_1_72' title='bbox 841 389 910 417; x_wconf 66' lang='lat' dir='ltr'>Dia-</span> 
     </span>
     <span class='ocr_line' id='line_1_10' title="bbox 104 427 912 469; baseline -0.004 -10"><span class='ocrx_word' id='word_1_73' title='bbox 104 431 172 459; x_wconf 89' lang='lat' dir='ltr'>coni</span> <span class='ocrx_word' id='word_1_74' title='bbox 180 429 329 460; x_wconf 74' lang='lat' dir='ltr'>affistentes</span> <span class='ocrx_word' id='word_1_75' title='bbox 338 431 371 459; x_wconf 85' lang='lat' dir='ltr'>ab</span> <span class='ocrx_word' id='word_1_76' title='bbox 378 431 476 460; x_wconf 78' lang='lat' dir='ltr'>eodem</span> <span class='ocrx_word' id='word_1_77' title='bbox 487 432 569 460; x_wconf 87' lang='lat' dir='ltr'>etiam</span> <span class='ocrx_word' id='word_1_78' title='bbox 578 431 636 469; x_wconf 86' lang='lat' dir='ltr'>post</span> <span class='ocrx_word' id='word_1_79' title='bbox 648 429 825 460; x_wconf 83' lang='lat' dir='ltr'>Affistentem</span> <span class='ocrx_word' id='word_1_80' title='bbox 833 427 912 458; x_wconf 86' lang='lat' dir='ltr'>Pres-</span> 
     </span>
     <span class='ocr_line' id='line_1_11' title="bbox 103 469 911 511; baseline -0.004 -11"><span class='ocrx_word' id='word_1_81' title='bbox 103 472 232 506; x_wconf 80' lang='lat' dir='ltr'>bytemm</span> <span class='ocrx_word' id='word_1_82' title='bbox 242 471 349 500; x_wconf 85' lang='lat' dir='ltr'>sumant</span> <span class='ocrx_word' id='word_1_83' title='bbox 362 493 370 504; x_wconf 91' lang='lat'>,</span> <span class='ocrx_word' id='word_1_84' title='bbox 381 470 508 501; x_wconf 71' lang='lat' dir='ltr'>ficientes</span> <span class='ocrx_word' id='word_1_85' title='bbox 519 471 595 511; x_wconf 83' lang='lat' dir='ltr'>prius</span> <span class='ocrx_word' id='word_1_86' title='bbox 606 472 834 511; x_wconf 81' lang='lat' dir='ltr'>genuflexionem</span> <span class='ocrx_word' id='word_1_87' title='bbox 845 491 852 502; x_wconf 92' lang='lat'>,</span> <span class='ocrx_word' id='word_1_88' title='bbox 861 469 911 498; x_wconf 84' lang='lat' dir='ltr'>sed</span> 
     </span>
     <span class='ocr_line' id='line_1_12' title="bbox 105 509 910 551; baseline -0.005 -10"><span class='ocrx_word' id='word_1_89' title='bbox 105 513 203 541; x_wconf 85' lang='lat' dir='ltr'>Altare</span> <span class='ocrx_word' id='word_1_90' title='bbox 213 523 270 540; x_wconf 90' lang='lat' dir='ltr'>non</span> <span class='ocrx_word' id='word_1_91' title='bbox 278 511 435 541; x_wconf 80' lang='lat' dir='ltr'>osculantur</span> <span class='ocrx_word' id='word_1_92' title='bbox 445 531 453 539; x_wconf 89' lang='lat'><strong>.</strong></span> <span class='ocrx_word' id='word_1_93' title='bbox 463 512 588 542; x_wconf 79' lang='lat' dir='ltr'>Tandem</span> <span class='ocrx_word' id='word_1_94' title='bbox 597 513 739 551; x_wconf 69' lang='lat' dir='ltr'>prestter</span> <span class='ocrx_word' id='word_1_95' title='bbox 746 509 792 540; x_wconf 84' lang='lat' dir='ltr'>affi</span> <span class='ocrx_word' id='word_1_96' title='bbox 797 510 867 539; x_wconf 88' lang='lat' dir='ltr'>stens</span> <span class='ocrx_word' id='word_1_97' title='bbox 876 510 910 538; x_wconf 89' lang='lat' dir='ltr'>il-</span> 
     </span>
     <span class='ocr_line' id='line_1_13' title="bbox 105 550 910 591; baseline -0.002 -11"><span class='ocrx_word' id='word_1_98' title='bbox 105 554 158 580; x_wconf 85' lang='lat' dir='ltr'>iam</span> <span class='ocrx_word' id='word_1_99' title='bbox 168 552 398 582; x_wconf 78' lang='lat' dir='ltr'>caeremoniarum</span> <span class='ocrx_word' id='word_1_100' title='bbox 407 552 544 591; x_wconf 83' lang='lat' dir='ltr'>Magistro</span> <span class='ocrx_word' id='word_1_101' title='bbox 551 553 599 582; x_wconf 83' lang='lat' dir='ltr'>dat</span> <span class='ocrx_word' id='word_1_102' title='bbox 608 574 616 585; x_wconf 97' lang='lat'>,</span> <span class='ocrx_word' id='word_1_103' title='bbox 627 556 655 581; x_wconf 72' lang='grc' dir='ltr'>δε</span> <span class='ocrx_word' id='word_1_104' title='bbox 665 552 712 580; x_wconf 87' lang='lat' dir='ltr'>hic</span> <span class='ocrx_word' id='word_1_105' title='bbox 723 552 757 580; x_wconf 84' lang='lat' dir='ltr'>ad</span> <span class='ocrx_word' id='word_1_106' title='bbox 765 551 834 579; x_wconf 85' lang='lat' dir='ltr'>alios</span> <span class='ocrx_word' id='word_1_107' title='bbox 842 550 910 579; x_wconf 86' lang='lat' dir='ltr'>cho-</span> 
     </span>
     <span class='ocr_line' id='line_1_14' title="bbox 104 591 896 632; baseline -0.001 -12"><span class='ocrx_word' id='word_1_108' title='bbox 104 593 128 620; x_wconf 90' lang='lat' dir='ltr'>ri</span> <span class='ocrx_word' id='word_1_109' title='bbox 140 593 266 622; x_wconf 87' lang='lat' dir='ltr'>Clericos</span> <span class='ocrx_word' id='word_1_110' title='bbox 275 593 365 622; x_wconf 86' lang='lat' dir='ltr'>desert</span> <span class='ocrx_word' id='word_1_111' title='bbox 377 613 385 621; x_wconf 92' lang='lat'><strong>.</strong></span> <span class='ocrx_word' id='word_1_112' title='bbox 395 593 516 629; x_wconf 73' lang='lat' dir='ltr'>Quando</span> <span class='ocrx_word' id='word_1_113' title='bbox 523 603 590 622; x_wconf 86' lang='lat' dir='ltr'>vero</span> <span class='ocrx_word' id='word_1_114' title='bbox 600 591 748 632; x_wconf 66' lang='lat' dir='ltr'>Episcopus</span> <span class='ocrx_word' id='word_1_115' title='bbox 757 591 896 620; x_wconf 89' lang='lat' dir='ltr'>solummo</span> 
     </span>
    </p>

    <p class='ocr_par' dir='ltr' id='par_1_3' title="bbox 96 630 910 2422">
     <span class='ocr_line' id='line_1_15' title="bbox 103 630 909 671; baseline -0.001 -10"><span class='ocrx_word' id='word_1_116' title='bbox 103 633 140 661; x_wconf 90' lang='lat' dir='ltr'>do</span> <span class='ocrx_word' id='word_1_117' title='bbox 151 634 186 662; x_wconf 91' lang='lat' dir='ltr'>ad</span> <span class='ocrx_word' id='word_1_118' title='bbox 205 633 319 663; x_wconf 82' lang='lat' dir='ltr'>Missam</span> <span class='ocrx_word' id='word_1_119' title='bbox 338 643 473 662; x_wconf 73' lang='lat' dir='ltr'>mutatam</span> <span class='ocrx_word' id='word_1_120' title='bbox 490 632 585 662; x_wconf 82' lang='lat' dir='ltr'>affistit</span> <span class='ocrx_word' id='word_1_121' title='bbox 597 655 605 667; x_wconf 90' lang='lat'>,</span> <span class='ocrx_word' id='word_1_122' title='bbox 628 643 693 662; x_wconf 84' lang='lat' dir='ltr'>tunc</span> <span class='ocrx_word' id='word_1_123' title='bbox 714 633 853 671; x_wconf 85' lang='lat' dir='ltr'>presbyter</span> <span class='ocrx_word' id='word_1_124' title='bbox 871 630 909 660; x_wconf 84' lang='lat' dir='ltr'>as-</span> 
     </span>
     <span class='ocr_line' id='line_1_16' title="bbox 105 672 910 713; baseline -0.001 -11"><span class='ocrx_word' id='word_1_125' title='bbox 105 673 199 702; x_wconf 75' lang='lat' dir='ltr'>sistens</span> <span class='ocrx_word' id='word_1_126' title='bbox 207 673 317 713; x_wconf 85' lang='lat' dir='ltr'>sumpta</span> <span class='ocrx_word' id='word_1_127' title='bbox 325 685 341 702; x_wconf 82' lang='lat' dir='ltr'>a</span> <span class='ocrx_word' id='word_1_128' title='bbox 349 673 518 702; x_wconf 78' lang='lat' dir='ltr'>Celebrante</span> <span class='ocrx_word' id='word_1_129' title='bbox 528 684 593 712; x_wconf 86' lang='lat' dir='ltr'>pace</span> <span class='ocrx_word' id='word_1_130' title='bbox 600 695 611 711; x_wconf 92' lang='lat'>,</span> <span class='ocrx_word' id='word_1_131' title='bbox 632 674 667 702; x_wconf 83' lang='lat' dir='ltr'>ad</span> <span class='ocrx_word' id='word_1_132' title='bbox 685 672 853 712; x_wconf 85' lang='lat' dir='ltr'>Episcopum</span> <span class='ocrx_word' id='word_1_133' title='bbox 861 673 910 701; x_wconf 90' lang='lat' dir='ltr'>de-</span> 
     </span>
     <span class='ocr_line' id='line_1_17' title="bbox 104 713 909 752; baseline -0.001 -10"><span class='ocrx_word' id='word_1_134' title='bbox 104 724 196 752; x_wconf 78' lang='lat' dir='ltr'>portat</span> <span class='ocrx_word' id='word_1_135' title='bbox 207 735 216 747; x_wconf 89' lang='lat'>,</span> <span class='ocrx_word' id='word_1_136' title='bbox 235 716 282 752; x_wconf 88' lang='lat' dir='ltr'>qui</span> <span class='ocrx_word' id='word_1_137' title='bbox 291 713 461 743; x_wconf 80' lang='lat' dir='ltr'>Diacouibus</span> <span class='ocrx_word' id='word_1_138' title='bbox 471 713 652 743; x_wconf 63' lang='lat' dir='ltr'>assistentibus</span> <span class='ocrx_word' id='word_1_139' title='bbox 669 714 748 743; x_wconf 87' lang='lat' dir='ltr'>illam</span> <span class='ocrx_word' id='word_1_140' title='bbox 755 713 909 742; x_wconf 88' lang='lat' dir='ltr'>cummuni-</span> 
     </span>
     <span class='ocr_line' id='line_1_18' title="bbox 103 753 910 794; baseline -0.001 -11"><span class='ocrx_word' id='word_1_141' title='bbox 103 765 146 783; x_wconf 87' lang='lat' dir='ltr'>cat</span> <span class='ocrx_word' id='word_1_142' title='bbox 156 775 163 782; x_wconf 88' lang='lat'><strong><em>.</em></strong></span> <span class='ocrx_word' id='word_1_143' title='bbox 173 755 320 790; x_wconf 76' lang='lat' dir='ltr'>Presbyter</span> <span class='ocrx_word' id='word_1_144' title='bbox 326 764 416 783; x_wconf 88' lang='lat' dir='ltr'>autem</span> <span class='ocrx_word' id='word_1_145' title='bbox 425 753 554 789; x_wconf 85' lang='lat' dir='ltr'>affistcns,</span> <span class='ocrx_word' id='word_1_146' title='bbox 565 755 705 794; x_wconf 80' lang='lat' dir='ltr'>postquam</span> <span class='ocrx_word' id='word_1_147' title='bbox 715 754 852 793; x_wconf 83' lang='lat' dir='ltr'>Episcopo</span> <span class='ocrx_word' id='word_1_148' title='bbox 861 764 910 793; x_wconf 89' lang='lat' dir='ltr'>pa-</span> 
     </span>
     <span class='ocr_line' id='line_1_19' title="bbox 102 794 904 829; baseline 0.001 -7"><span class='ocrx_word' id='word_1_149' title='bbox 102 804 163 822; x_wconf 84' lang='lat' dir='ltr'>cem</span> <span class='ocrx_word' id='word_1_150' title='bbox 171 795 280 824; x_wconf 81' lang='lat' dir='ltr'>dederit</span> <span class='ocrx_word' id='word_1_151' title='bbox 289 816 297 828; x_wconf 92' lang='lat'>,</span> <span class='ocrx_word' id='word_1_152' title='bbox 316 796 351 824; x_wconf 85' lang='lat' dir='ltr'>ad</span> <span class='ocrx_word' id='word_1_153' title='bbox 361 794 438 824; x_wconf 87' lang='lat' dir='ltr'>suum</span> <span class='ocrx_word' id='word_1_154' title='bbox 446 796 539 824; x_wconf 85' lang='lat' dir='ltr'>locum</span> <span class='ocrx_word' id='word_1_155' title='bbox 547 796 577 824; x_wconf 92' lang='lat' dir='ltr'>in</span> <span class='ocrx_word' id='word_1_156' title='bbox 596 795 697 825; x_wconf 87' lang='lat' dir='ltr'>Choro</span> <span class='ocrx_word' id='word_1_157' title='bbox 716 795 820 824; x_wconf 84' lang='lat' dir='ltr'>recedit</span> <span class='ocrx_word' id='word_1_158' title='bbox 829 817 838 829; x_wconf 93' lang='lat'>,</span> <span class='ocrx_word' id='word_1_159' title='bbox 859 795 904 824; x_wconf 88' lang='lat' dir='ltr'>ubi</span> 
     </span>
     <span class='ocr_line' id='line_1_20' title="bbox 101 835 903 875; baseline 0.002 -13"><span class='ocrx_word' id='word_1_160' title='bbox 101 835 232 864; x_wconf 74' lang='lat' dir='ltr'>accedens</span> <span class='ocrx_word' id='word_1_161' title='bbox 239 836 422 865; x_wconf 86' lang='lat' dir='ltr'>Subdiaconus</span> <span class='ocrx_word' id='word_1_162' title='bbox 431 836 464 865; x_wconf 88' lang='lat' dir='ltr'>ad</span> <span class='ocrx_word' id='word_1_163' title='bbox 475 836 663 875; x_wconf 78' lang='lat' dir='ltr'>recipiendam</span> <span class='ocrx_word' id='word_1_164' title='bbox 674 846 767 875; x_wconf 80' lang='lat' dir='ltr'>pacem</span> <span class='ocrx_word' id='word_1_165' title='bbox 778 857 789 873; x_wconf 86' lang='lat'>,</span> <span class='ocrx_word' id='word_1_166' title='bbox 798 846 859 864; x_wconf 87' lang='lat' dir='ltr'>eam</span> <span class='ocrx_word' id='word_1_167' title='bbox 869 837 903 865; x_wconf 77' lang='lat' dir='ltr'>ad</span> 
     </span>
     <span class='ocr_line' id='line_1_21' title="bbox 100 875 908 915; baseline 0.004 -12"><span class='ocrx_word' id='word_1_168' title='bbox 100 875 168 904; x_wconf 85' lang='lat' dir='ltr'>alios</span> <span class='ocrx_word' id='word_1_169' title='bbox 176 879 252 911; x_wconf 74' lang='lat' dir='ltr'>juxta</span> <span class='ocrx_word' id='word_1_170' title='bbox 261 875 423 906; x_wconf 87' lang='lat' dir='ltr'>consuetum</span> <span class='ocrx_word' id='word_1_171' title='bbox 432 887 541 906; x_wconf 83' lang='lat' dir='ltr'>morem</span> <span class='ocrx_word' id='word_1_172' title='bbox 549 899 557 911; x_wconf 91' lang='lat'>,</span> <span class='ocrx_word' id='word_1_173' title='bbox 569 887 599 906; x_wconf 87' lang='lat' dir='ltr'>ut</span> <span class='ocrx_word' id='word_1_174' title='bbox 610 876 688 915; x_wconf 78' lang='lat' dir='ltr'>supra</span> <span class='ocrx_word' id='word_1_175' title='bbox 698 876 819 906; x_wconf 81' lang='lat' dir='ltr'>diximus</span> <span class='ocrx_word' id='word_1_176' title='bbox 830 898 838 909; x_wconf 91' lang='lat'>,</span> <span class='ocrx_word' id='word_1_177' title='bbox 860 877 908 906; x_wconf 78' lang='lat' dir='ltr'>de·</span> 
     </span>
     <span class='ocr_line' id='line_1_22' title="bbox 100 915 904 956; baseline 0.001 -12"><span class='ocrx_word' id='word_1_178' title='bbox 100 915 156 944; x_wconf 84' lang='lat' dir='ltr'>sert</span> <span class='ocrx_word' id='word_1_179' title='bbox 166 937 176 949; x_wconf 93' lang='lat'>,</span> <span class='ocrx_word' id='word_1_180' title='bbox 184 927 213 945; x_wconf 92' lang='lat' dir='ltr'>ac</span> <span class='ocrx_word' id='word_1_181' title='bbox 222 917 331 946; x_wconf 85' lang='lat' dir='ltr'>tandem</span> <span class='ocrx_word' id='word_1_182' title='bbox 340 919 468 946; x_wconf 79' lang='lat' dir='ltr'>Diacono</span> <span class='ocrx_word' id='word_1_183' title='bbox 476 918 661 946; x_wconf 79' lang='lat' dir='ltr'>communicat</span> <span class='ocrx_word' id='word_1_184' title='bbox 671 939 679 947; x_wconf 88' lang='lat'>.</span> <span class='ocrx_word' id='word_1_185' title='bbox 689 917 904 956; x_wconf 70' lang='lat' dir='ltr'>Caeoem-Ep&#39;u&#39;c.</span> 
     </span>
     <span class='ocr_line' id='line_1_23' title="bbox 102 956 906 993; baseline 0.004 -9"><span class='ocrx_word' id='word_1_186' title='bbox 102 956 150 985; x_wconf 87' lang='lat' dir='ltr'>lib.</span> <span class='ocrx_word' id='word_1_187' title='bbox 164 967 219 985; x_wconf 87' lang='lat' dir='ltr'>i.c.</span> <span class='ocrx_word' id='word_1_188' title='bbox 231 969 278 993; x_wconf 77' lang='lat'>24.</span> <span class='ocrx_word' id='word_1_189' title='bbox 296 960 370 987; x_wconf 75' lang='lat' dir='ltr'>Nam</span> <span class='ocrx_word' id='word_1_190' title='bbox 380 958 520 987; x_wconf 79' lang='lat' dir='ltr'>Diaconus</span> <span class='ocrx_word' id='word_1_191' title='bbox 542 960 572 988; x_wconf 88' lang='lat' dir='ltr'>in</span> <span class='ocrx_word' id='word_1_192' title='bbox 593 959 641 987; x_wconf 82' lang='lat' dir='ltr'>tali</span> <span class='ocrx_word' id='word_1_193' title='bbox 650 959 711 988; x_wconf 88' lang='lat' dir='ltr'>casu</span> <span class='ocrx_word' id='word_1_194' title='bbox 722 970 781 988; x_wconf 88' lang='lat' dir='ltr'>non</span> <span class='ocrx_word' id='word_1_195' title='bbox 801 959 882 987; x_wconf 87' lang='lat' dir='ltr'>debet</span> <span class='ocrx_word' id='word_1_196' title='bbox 893 969 906 987; x_wconf 89' lang='lat' dir='ltr'>a</span> 
     </span>
     <span class='ocr_line' id='line_1_24' title="bbox 100 997 906 1038; baseline 0.002 -13"><span class='ocrx_word' id='word_1_197' title='bbox 100 997 266 1026; x_wconf 82' lang='lat' dir='ltr'>Celebrante</span> <span class='ocrx_word' id='word_1_198' title='bbox 278 1009 370 1037; x_wconf 87' lang='lat' dir='ltr'>pacem</span> <span class='ocrx_word' id='word_1_199' title='bbox 380 1000 502 1038; x_wconf 87' lang='lat' dir='ltr'>recipere</span> <span class='ocrx_word' id='word_1_200' title='bbox 512 1021 519 1032; x_wconf 93' lang='lat'>,</span> <span class='ocrx_word' id='word_1_201' title='bbox 533 1000 600 1029; x_wconf 83' lang='lat' dir='ltr'>sicut</span> <span class='ocrx_word' id='word_1_202' title='bbox 611 999 641 1027; x_wconf 91' lang='lat' dir='ltr'>in</span> <span class='ocrx_word' id='word_1_203' title='bbox 651 1000 710 1028; x_wconf 87' lang='lat' dir='ltr'>aliis</span> <span class='ocrx_word' id='word_1_204' title='bbox 719 1000 817 1029; x_wconf 75' lang='lat' dir='ltr'>casibus</span> <span class='ocrx_word' id='word_1_205' title='bbox 832 999 906 1030; x_wconf 77' lang='lat' dir='ltr'>sacit3</span> 
     </span>
     <span class='ocr_line' id='line_1_25' title="bbox 99 1037 906 1079; baseline -0.001 -11"><span class='ocrx_word' id='word_1_206' title='bbox 99 1037 135 1066; x_wconf 79' lang='lat' dir='ltr'>iic</span> <span class='ocrx_word' id='word_1_207' title='bbox 146 1038 231 1066; x_wconf 83' lang='lat' dir='ltr'>enim.</span> <span class='ocrx_word' id='word_1_208' title='bbox 241 1039 266 1066; x_wconf 87' lang='lat' dir='ltr'>S.</span> <span class='ocrx_word' id='word_1_209' title='bbox 278 1042 315 1068; x_wconf 86' lang='lat' dir='ltr'>R.</span> <span class='ocrx_word' id='word_1_210' title='bbox 326 1041 434 1078; x_wconf 80' lang='lat' dir='ltr'>Congr.</span> <span class='ocrx_word' id='word_1_211' title='bbox 450 1051 459 1067; x_wconf 87' lang='grc' dir='ltr'><em>ι</em></span> <span class='ocrx_word' id='word_1_212' title='bbox 468 1052 495 1073; x_wconf 86' lang='lat'>7.</span> <span class='ocrx_word' id='word_1_213' title='bbox 505 1039 583 1079; x_wconf 81' lang='lat' dir='ltr'>Junii</span> <span class='ocrx_word' id='word_1_214' title='bbox 604 1050 613 1068; x_wconf 89' lang='lat' dir='ltr'>i</span> <span class='ocrx_word' id='word_1_215' title='bbox 621 1046 690 1070; x_wconf 85' lang='lat'><strong>⁶0⁶.</strong></span> <span class='ocrx_word' id='word_1_216' title='bbox 709 1044 738 1070; x_wconf 68' lang='grc' dir='ltr'>δε</span> <span class='ocrx_word' id='word_1_217' title='bbox 762 1049 805 1075; x_wconf 85' lang='grc' dir='ltr'>ις.</span> <span class='ocrx_word' id='word_1_218' title='bbox 825 1041 906 1069; x_wconf 68' lang='lat' dir='ltr'>Mart.</span> 
     </span>
     <span class='ocr_line' id='line_1_26' title="bbox 106 1079 905 1120; baseline 0.004 -14"><span class='ocrx_word' id='word_1_219' title='bbox 106 1083 190 1106; x_wconf 86' lang='lat'>1608.</span> <span class='ocrx_word' id='word_1_220' title='bbox 201 1079 368 1108; x_wconf 84' lang='lat' dir='ltr'>declaravit.</span> <span class='ocrx_word' id='word_1_221' title='bbox 389 1081 446 1117; x_wconf 84' lang='lat' dir='ltr'>Qui</span> <span class='ocrx_word' id='word_1_222' title='bbox 458 1080 511 1109; x_wconf 87' lang='lat' dir='ltr'>fert</span> <span class='ocrx_word' id='word_1_223' title='bbox 521 1081 630 1109; x_wconf 89' lang='lat' dir='ltr'>iconam</span> <span class='ocrx_word' id='word_1_224' title='bbox 641 1081 712 1120; x_wconf 89' lang='lat' dir='ltr'>pacis</span> <span class='ocrx_word' id='word_1_225' title='bbox 724 1103 732 1114; x_wconf 92' lang='lat'>,</span> <span class='ocrx_word' id='word_1_226' title='bbox 751 1082 795 1109; x_wconf 80' lang='lat' dir='ltr'>vel</span> <span class='ocrx_word' id='word_1_227' title='bbox 806 1080 905 1110; x_wconf 89' lang='lat' dir='ltr'>librum</span> 
     </span>
     <span class='ocr_line' id='line_1_27' title="bbox 100 1119 907 1158; baseline 0.004 -11"><span class='ocrx_word' id='word_1_228' title='bbox 100 1120 317 1158; x_wconf 82' lang='lat' dir='ltr'>Evangeliorum</span> <span class='ocrx_word' id='word_1_229' title='bbox 328 1121 361 1149; x_wconf 88' lang='lat' dir='ltr'>ad</span> <span class='ocrx_word' id='word_1_230' title='bbox 370 1119 561 1155; x_wconf 83' lang='lat' dir='ltr'>osculandum,</span> <span class='ocrx_word' id='word_1_231' title='bbox 571 1132 629 1150; x_wconf 87' lang='lat' dir='ltr'>non</span> <span class='ocrx_word' id='word_1_232' title='bbox 638 1122 719 1151; x_wconf 86' lang='lat' dir='ltr'>debet</span> <span class='ocrx_word' id='word_1_233' title='bbox 730 1121 818 1151; x_wconf 85' lang='lat' dir='ltr'>sacere</span> <span class='ocrx_word' id='word_1_234' title='bbox 826 1132 907 1151; x_wconf 89' lang='lat' dir='ltr'>reve-</span> 
     </span>
     <span class='ocr_line' id='line_1_28' title="bbox 100 1159 901 1202; baseline 0.007 -16"><span class='ocrx_word' id='word_1_235' title='bbox 100 1160 217 1187; x_wconf 82' lang='lat' dir='ltr'>rentiam</span> <span class='ocrx_word' id='word_1_236' title='bbox 226 1159 348 1198; x_wconf 68' lang='lat' dir='ltr'>personz</span> <span class='ocrx_word' id='word_1_237' title='bbox 359 1183 366 1193; x_wconf 89' lang='lat'>,</span> <span class='ocrx_word' id='word_1_238' title='bbox 386 1162 429 1190; x_wconf 88' lang='lat' dir='ltr'>cui</span> <span class='ocrx_word' id='word_1_239' title='bbox 441 1172 535 1200; x_wconf 82' lang='lat' dir='ltr'>pacem</span> <span class='ocrx_word' id='word_1_240' title='bbox 544 1183 552 1195; x_wconf 96' lang='lat'><em>‚</em></span> <span class='ocrx_word' id='word_1_241' title='bbox 569 1162 618 1191; x_wconf 89' lang='lat' dir='ltr'>vel</span> <span class='ocrx_word' id='word_1_242' title='bbox 627 1163 727 1192; x_wconf 87' lang='lat' dir='ltr'>librum</span> <span class='ocrx_word' id='word_1_243' title='bbox 738 1161 857 1202; x_wconf 84' lang='lat' dir='ltr'>porrigit</span> <span class='ocrx_word' id='word_1_244' title='bbox 867 1164 901 1192; x_wconf 85' lang='lat' dir='ltr'>ad</span> 
     </span>
     <span class='ocr_line' id='line_1_29' title="bbox 96 1199 907 1240; baseline 0.006 -13"><span class='ocrx_word' id='word_1_245' title='bbox 96 1199 276 1229; x_wconf 86' lang='lat' dir='ltr'>osculandum</span> <span class='ocrx_word' id='word_1_246' title='bbox 285 1211 316 1230; x_wconf 93' lang='lat' dir='ltr'>in</span> <span class='ocrx_word' id='word_1_247' title='bbox 327 1202 467 1240; x_wconf 86' lang='lat' dir='ltr'>principio</span> <span class='ocrx_word' id='word_1_248' title='bbox 477 1224 485 1231; x_wconf 92' lang='lat'>.</span> <span class='ocrx_word' id='word_1_249' title='bbox 494 1203 572 1231; x_wconf 62' lang='lat' dir='ltr'>Cer.</span> <span class='ocrx_word' id='word_1_250' title='bbox 583 1201 670 1240; x_wconf 87' lang='lat' dir='ltr'>Episc.</span> <span class='ocrx_word' id='word_1_251' title='bbox 682 1203 727 1231; x_wconf 85' lang='lat' dir='ltr'>lib.</span> <span class='ocrx_word' id='word_1_252' title='bbox 742 1215 751 1231; x_wconf 90' lang='lat' dir='ltr'>i</span> <span class='ocrx_word' id='word_1_253' title='bbox 759 1224 765 1231; x_wconf 91' lang='lat'><strong><em>.</em></strong></span> <span class='ocrx_word' id='word_1_254' title='bbox 775 1214 798 1231; x_wconf 89' lang='lat' dir='ltr'>c.</span> <span class='ocrx_word' id='word_1_255' title='bbox 815 1214 857 1239; x_wconf 88' lang='lat'>¹4·</span> <span class='ocrx_word' id='word_1_256' title='bbox 871 1205 907 1233; x_wconf 90' lang='lat' dir='ltr'>In</span> 
     </span>
     <span class='ocr_line' id='line_1_30' title="bbox 102 1240 905 1283; baseline 0.006 -15"><span class='ocrx_word' id='word_1_257' title='bbox 102 1240 168 1268; x_wconf 84' lang='lat' dir='ltr'>scria</span> <span class='ocrx_word' id='word_1_258' title='bbox 180 1241 471 1271; x_wconf 61' lang='lat' dir='ltr'>wincaenaDomini</span> <span class='ocrx_word' id='word_1_259' title='bbox 488 1247 517 1272; x_wconf 78' lang='grc' dir='ltr'>δε</span> <span class='ocrx_word' id='word_1_260' title='bbox 538 1243 606 1271; x_wconf 86' lang='lat' dir='ltr'>feria</span> <span class='ocrx_word' id='word_1_261' title='bbox 625 1244 663 1272; x_wconf 86' lang='lat' dir='ltr'>vi.</span> <span class='ocrx_word' id='word_1_262' title='bbox 679 1243 831 1273; x_wconf 81' lang='lat' dir='ltr'>Parasceve</span> <span class='ocrx_word' id='word_1_263' title='bbox 853 1255 905 1283; x_wconf 83' lang='lat' dir='ltr'>pax</span> 
     </span>
     <span class='ocr_line' id='line_1_31' title="bbox 100 1281 903 1319; baseline 0.004 -10"><span class='ocrx_word' id='word_1_264' title='bbox 100 1291 158 1309; x_wconf 91' lang='lat' dir='ltr'>non</span> <span class='ocrx_word' id='word_1_265' title='bbox 166 1281 247 1310; x_wconf 85' lang='lat' dir='ltr'>datur</span> <span class='ocrx_word' id='word_1_266' title='bbox 255 1304 264 1316; x_wconf 99' lang='lat'>,</span> <span class='ocrx_word' id='word_1_267' title='bbox 284 1286 358 1318; x_wconf 87' lang='lat' dir='ltr'>cujus</span> <span class='ocrx_word' id='word_1_268' title='bbox 375 1283 537 1319; x_wconf 85' lang='lat' dir='ltr'>mysterium</span> <span class='ocrx_word' id='word_1_269' title='bbox 557 1284 677 1313; x_wconf 81' lang='lat' dir='ltr'>Amalar.</span> <span class='ocrx_word' id='word_1_270' title='bbox 687 1285 723 1312; x_wconf 87' lang='lat' dir='ltr'>dc</span> <span class='ocrx_word' id='word_1_271' title='bbox 744 1284 846 1313; x_wconf 84' lang='lat' dir='ltr'>Eccles.</span> <span class='ocrx_word' id='word_1_272' title='bbox 856 1285 903 1314; x_wconf 69' lang='lat' dir='ltr'>off.</span> 
     </span>
     <span class='ocr_line' id='line_1_32' title="bbox 99 1322 903 1364; baseline 0.005 -14"><span class='ocrx_word' id='word_1_273' title='bbox 99 1322 148 1351; x_wconf 88' lang='lat' dir='ltr'>lib.</span> <span class='ocrx_word' id='word_1_274' title='bbox 164 1333 186 1350; x_wconf 84' lang='lat' dir='ltr'>i.</span> <span class='ocrx_word' id='word_1_275' title='bbox 198 1333 222 1350; x_wconf 89' lang='lat' dir='ltr'>c.</span> <span class='ocrx_word' id='word_1_276' title='bbox 237 1333 280 1361; x_wconf 88' lang='lat'>¹3-</span> <span class='ocrx_word' id='word_1_277' title='bbox 292 1323 327 1352; x_wconf 81' lang='lat' dir='ltr'>fic</span> <span class='ocrx_word' id='word_1_278' title='bbox 337 1324 473 1363; x_wconf 83' lang='lat' dir='ltr'>explicat:</span> <span class='ocrx_word' id='word_1_279' title='bbox 495 1324 715 1360; x_wconf 84' lang='lat' dir='ltr'>[Similiter&amp;a</span> <span class='ocrx_word' id='word_1_280' title='bbox 725 1326 797 1364; x_wconf 81' lang='lat' dir='ltr'>pacis</span> <span class='ocrx_word' id='word_1_281' title='bbox 806 1324 903 1354; x_wconf 92' lang='lat' dir='ltr'>osculo</span> 
     </span>
     <span class='ocr_line' id='line_1_33' title="bbox 99 1362 906 1405; baseline 0.006 -15"><span class='ocrx_word' id='word_1_282' title='bbox 99 1362 131 1390; x_wconf 89' lang='lat' dir='ltr'>in</span> <span class='ocrx_word' id='word_1_283' title='bbox 147 1362 202 1390; x_wconf 88' lang='lat' dir='ltr'>illis</span> <span class='ocrx_word' id='word_1_284' title='bbox 219 1363 312 1392; x_wconf 84' lang='lat' dir='ltr'>diebus</span> <span class='ocrx_word' id='word_1_285' title='bbox 324 1375 373 1392; x_wconf 91' lang='lat' dir='ltr'>nos</span> <span class='ocrx_word' id='word_1_286' title='bbox 384 1365 564 1398; x_wconf 83' lang='lat' dir='ltr'>abstinemus,</span> <span class='ocrx_word' id='word_1_287' title='bbox 583 1376 641 1394; x_wconf 90' lang='lat' dir='ltr'>non</span> <span class='ocrx_word' id='word_1_288' title='bbox 651 1367 726 1404; x_wconf 83' lang='lat' dir='ltr'>quod</span> <span class='ocrx_word' id='word_1_289' title='bbox 745 1367 816 1405; x_wconf 83' lang='lat' dir='ltr'>pacis</span> <span class='ocrx_word' id='word_1_290' title='bbox 827 1365 906 1395; x_wconf 89' lang='lat' dir='ltr'>oscu-</span> 
     </span>
     <span class='ocr_line' id='line_1_34' title="bbox 99 1403 902 1444; baseline 0.006 -13"><span class='ocrx_word' id='word_1_291' title='bbox 99 1403 158 1431; x_wconf 83' lang='lat' dir='ltr'>lum</span> <span class='ocrx_word' id='word_1_292' title='bbox 168 1404 269 1432; x_wconf 86' lang='lat' dir='ltr'>malum</span> <span class='ocrx_word' id='word_1_293' title='bbox 280 1404 313 1433; x_wconf 85' lang='lat' dir='ltr'>sit</span> <span class='ocrx_word' id='word_1_294' title='bbox 323 1425 332 1437; x_wconf 90' lang='lat'><em>‚</em></span> <span class='ocrx_word' id='word_1_295' title='bbox 351 1406 396 1434; x_wconf 89' lang='lat' dir='ltr'>ubi</span> <span class='ocrx_word' id='word_1_296' title='bbox 404 1406 542 1434; x_wconf 71' lang='lat' dir='ltr'>charitate</span> <span class='ocrx_word' id='word_1_297' title='bbox 551 1416 615 1434; x_wconf 86' lang='lat' dir='ltr'>vera</span> <span class='ocrx_word' id='word_1_298' title='bbox 626 1405 782 1444; x_wconf 58' lang='lat' dir='ltr'>profertum</span> <span class='ocrx_word' id='word_1_299' title='bbox 801 1406 848 1436; x_wconf 85' lang='lat' dir='ltr'>sed</span> <span class='ocrx_word' id='word_1_300' title='bbox 869 1407 902 1436; x_wconf 87' lang='lat' dir='ltr'>vi</span> 
     </span>
     <span class='ocr_line' id='line_1_35' title="bbox 99 1444 901 1484; baseline 0.005 -12"><span class='ocrx_word' id='word_1_301' title='bbox 99 1444 314 1477; x_wconf 81' lang='lat' dir='ltr'>demonstretur,</span> <span class='ocrx_word' id='word_1_302' title='bbox 324 1456 404 1483; x_wconf 83' lang='lat' dir='ltr'>quam</span> <span class='ocrx_word' id='word_1_303' title='bbox 414 1445 542 1481; x_wconf 84' lang='lat' dir='ltr'>injuriam</span> <span class='ocrx_word' id='word_1_304' title='bbox 552 1446 636 1484; x_wconf 83' lang='lat' dir='ltr'>passiis</span> <span class='ocrx_word' id='word_1_305' title='bbox 646 1447 679 1476; x_wconf 80' lang='lat' dir='ltr'>fit</span> <span class='ocrx_word' id='word_1_306' title='bbox 688 1446 816 1476; x_wconf 86' lang='lat' dir='ltr'>Christus</span> <span class='ocrx_word' id='word_1_307' title='bbox 825 1458 840 1476; x_wconf 86' lang='lat' dir='ltr'>a</span> <span class='ocrx_word' id='word_1_308' title='bbox 848 1446 901 1476; x_wconf 92' lang='lat' dir='ltr'>suo</span> 
     </span>
     <span class='ocr_line' id='line_1_36' title="bbox 99 1485 904 1527; baseline 0.006 -15"><span class='ocrx_word' id='word_1_309' title='bbox 99 1485 244 1522; x_wconf 77' lang='lat' dir='ltr'>proditore</span> <span class='ocrx_word' id='word_1_310' title='bbox 253 1505 262 1512; x_wconf 83' lang='grc'><strong>.</strong></span> <span class='ocrx_word' id='word_1_311' title='bbox 271 1487 286 1516; x_wconf 78' lang='lat' dir='ltr'>J</span> <span class='ocrx_word' id='word_1_312' title='bbox 298 1487 396 1523; x_wconf 87' lang='lat' dir='ltr'>Neque</span> <span class='ocrx_word' id='word_1_313' title='bbox 405 1486 485 1514; x_wconf 85' lang='lat' dir='ltr'>datur</span> <span class='ocrx_word' id='word_1_314' title='bbox 493 1486 524 1514; x_wconf 89' lang='lat' dir='ltr'>in</span> <span class='ocrx_word' id='word_1_315' title='bbox 534 1485 612 1516; x_wconf 84' lang='lat' dir='ltr'>Miss&#39;a</span> <span class='ocrx_word' id='word_1_316' title='bbox 623 1486 726 1516; x_wconf 82' lang='lat' dir='ltr'>Sabbati</span> <span class='ocrx_word' id='word_1_317' title='bbox 736 1488 904 1527; x_wconf 63' lang='lat' dir='ltr'>Sandi‚quia</span> 
     </span>
     <span class='ocr_line' id='line_1_37' title="bbox 100 1523 903 1564; baseline 0.006 -13"><span class='ocrx_word' id='word_1_318' title='bbox 100 1523 188 1552; x_wconf 83' lang='lat' dir='ltr'>adhuc</span> <span class='ocrx_word' id='word_1_319' title='bbox 201 1535 258 1552; x_wconf 85' lang='lat' dir='ltr'>non</span> <span class='ocrx_word' id='word_1_320' title='bbox 267 1534 327 1552; x_wconf 66' lang='lat' dir='ltr'>mm</span> <span class='ocrx_word' id='word_1_321' title='bbox 342 1524 398 1554; x_wconf 85' lang='lat' dir='ltr'>suis</span> <span class='ocrx_word' id='word_1_322' title='bbox 415 1524 568 1564; x_wconf 85' lang='lat' dir='ltr'>Discipulis</span> <span class='ocrx_word' id='word_1_323' title='bbox 588 1527 800 1556; x_wconf 73' lang='lat' dir='ltr'>annuntiaverat</span> <span class='ocrx_word' id='word_1_324' title='bbox 816 1528 903 1558; x_wconf 85' lang='lat' dir='ltr'>Chri-</span> 
     </span>
     <span class='ocr_line' id='line_1_38' title="bbox 101 1564 901 1604; baseline 0.009 -13"><span class='ocrx_word' id='word_1_325' title='bbox 101 1564 154 1592; x_wconf 83' lang='lat' dir='ltr'>stus</span> <span class='ocrx_word' id='word_1_326' title='bbox 165 1584 173 1591; x_wconf 89' lang='lat'><em>.</em></span> <span class='ocrx_word' id='word_1_327' title='bbox 181 1564 306 1593; x_wconf 85' lang='lat' dir='ltr'>Tandem</span> <span class='ocrx_word' id='word_1_328' title='bbox 315 1565 483 1604; x_wconf 79' lang='lat' dir='ltr'>relinquitur</span> <span class='ocrx_word' id='word_1_329' title='bbox 490 1566 521 1594; x_wconf 92' lang='lat' dir='ltr'>in</span> <span class='ocrx_word' id='word_1_330' title='bbox 531 1566 607 1595; x_wconf 66' lang='lat' dir='ltr'>Misia</span> <span class='ocrx_word' id='word_1_331' title='bbox 616 1566 901 1602; x_wconf 71' lang='lat' dir='ltr'>deffinetorumNam,</span> 
     </span>
     <span class='ocr_line' id='line_1_39' title="bbox 103 1604 903 1648; baseline 0.008 -16"><span class='ocrx_word' id='word_1_332' title='bbox 103 1614 133 1632; x_wconf 90' lang='lat' dir='ltr'>ut</span> <span class='ocrx_word' id='word_1_333' title='bbox 143 1604 236 1643; x_wconf 89' lang='lat' dir='ltr'>inquit</span> <span class='ocrx_word' id='word_1_334' title='bbox 245 1605 372 1634; x_wconf 77' lang='lat' dir='ltr'>Durand.</span> <span class='ocrx_word' id='word_1_335' title='bbox 380 1606 428 1634; x_wconf 83' lang='lat' dir='ltr'>lib.</span> <span class='ocrx_word' id='word_1_336' title='bbox 437 1617 465 1642; x_wconf 83' lang='lat'>4.</span> <span class='ocrx_word' id='word_1_337' title='bbox 475 1613 566 1644; x_wconf 82' lang='lat' dir='ltr'>c.53.[</span> <span class='ocrx_word' id='word_1_338' title='bbox 577 1609 613 1636; x_wconf 90' lang='lat' dir='ltr'>In</span> <span class='ocrx_word' id='word_1_339' title='bbox 625 1607 704 1637; x_wconf 76' lang='lat' dir='ltr'>Miffi</span> <span class='ocrx_word' id='word_1_340' title='bbox 716 1615 785 1638; x_wconf 82' lang='lat' dir='ltr'>vero</span> <span class='ocrx_word' id='word_1_341' title='bbox 794 1619 844 1648; x_wconf 90' lang='lat' dir='ltr'>pro</span> <span class='ocrx_word' id='word_1_342' title='bbox 855 1610 903 1639; x_wconf 90' lang='lat' dir='ltr'>de-</span> 
     </span>
     <span class='ocr_line' id='line_1_40' title="bbox 104 1644 902 1685; baseline 0.01 -13"><span class='ocrx_word' id='word_1_343' title='bbox 104 1644 202 1673; x_wconf 67' lang='lat' dir='ltr'>funflis</span> <span class='ocrx_word' id='word_1_344' title='bbox 213 1655 264 1683; x_wconf 86' lang='lat' dir='ltr'>pax</span> <span class='ocrx_word' id='word_1_345' title='bbox 283 1655 342 1674; x_wconf 90' lang='lat' dir='ltr'>non</span> <span class='ocrx_word' id='word_1_346' title='bbox 357 1646 437 1675; x_wconf 80' lang='lat' dir='ltr'>datur</span> <span class='ocrx_word' id='word_1_347' title='bbox 447 1668 454 1679; x_wconf 93' lang='lat'>‚</span> <span class='ocrx_word' id='word_1_348' title='bbox 472 1647 536 1685; x_wconf 82' lang='lat' dir='ltr'>quia</span> <span class='ocrx_word' id='word_1_349' title='bbox 546 1647 641 1676; x_wconf 84' lang='lat' dir='ltr'>fideles</span> <span class='ocrx_word' id='word_1_350' title='bbox 659 1647 759 1678; x_wconf 78' lang='lat' dir='ltr'>animae</span> <span class='ocrx_word' id='word_1_351' title='bbox 777 1653 832 1685; x_wconf 85' lang='lat' dir='ltr'>jam</span> <span class='ocrx_word' id='word_1_352' title='bbox 844 1661 902 1680; x_wconf 89' lang='lat' dir='ltr'>non</span> 
     </span>
     <span class='ocr_line' id='line_1_41' title="bbox 101 1684 901 1727; baseline 0.009 -14"><span class='ocrx_word' id='word_1_353' title='bbox 101 1684 166 1714; x_wconf 87' lang='lat' dir='ltr'>sunt</span> <span class='ocrx_word' id='word_1_354' title='bbox 179 1709 181 1713; x_wconf 26' lang='grc' dir='ltr'><em>Α</em></span> <span class='ocrx_word' id='word_1_355' title='bbox 197 1696 246 1714; x_wconf 81' lang='lat' dir='ltr'>nec</span> <span class='ocrx_word' id='word_1_356' title='bbox 255 1686 368 1715; x_wconf 85' lang='lat' dir='ltr'>ulterius</span> <span class='ocrx_word' id='word_1_357' title='bbox 378 1697 458 1716; x_wconf 86' lang='lat' dir='ltr'>erunt</span> <span class='ocrx_word' id='word_1_358' title='bbox 468 1687 499 1715; x_wconf 90' lang='lat' dir='ltr'>in</span> <span class='ocrx_word' id='word_1_359' title='bbox 509 1688 662 1717; x_wconf 80' lang='lat' dir='ltr'>turbatione</span> <span class='ocrx_word' id='word_1_360' title='bbox 671 1688 751 1727; x_wconf 85' lang='lat' dir='ltr'>hujus</span> <span class='ocrx_word' id='word_1_361' title='bbox 763 1690 860 1719; x_wconf 90' lang='lat' dir='ltr'>mundi</span> <span class='ocrx_word' id='word_1_362' title='bbox 872 1694 901 1723; x_wconf 85' lang='lat'>.]</span> 
     </span>
     <span class='ocr_line' id='line_1_42' title="bbox 102 1726 902 1770; baseline 0.005 -14"><span class='ocrx_word' id='word_1_363' title='bbox 102 1726 162 1756; x_wconf 72' lang='lat' dir='ltr'>Ubi</span> <span class='ocrx_word' id='word_1_364' title='bbox 172 1727 247 1755; x_wconf 87' lang='lat' dir='ltr'>enirn</span> <span class='ocrx_word' id='word_1_365' title='bbox 259 1728 377 1755; x_wconf 87' lang='lat' dir='ltr'>rixarum</span> <span class='ocrx_word' id='word_1_366' title='bbox 387 1749 396 1761; x_wconf 94' lang='lat'>,</span> <span class='ocrx_word' id='word_1_367' title='bbox 405 1731 443 1756; x_wconf 73' lang='grc' dir='ltr'>’δε</span> <span class='ocrx_word' id='word_1_368' title='bbox 451 1728 667 1758; x_wconf 83' lang='lat' dir='ltr'>contentionum</span> <span class='ocrx_word' id='word_1_369' title='bbox 675 1731 812 1769; x_wconf 87' lang='lat' dir='ltr'>reperitur</span> <span class='ocrx_word' id='word_1_370' title='bbox 829 1732 902 1770; x_wconf 90' lang='lat' dir='ltr'>peri—</span> 
     </span>
     <span class='ocr_line' id='line_1_43' title="bbox 100 1767 902 1808; baseline 0.007 -14"><span class='ocrx_word' id='word_1_371' title='bbox 100 1767 192 1794; x_wconf 84' lang='lat' dir='ltr'>culum</span> <span class='ocrx_word' id='word_1_372' title='bbox 201 1789 208 1800; x_wconf 89' lang='lat'>,</span> <span class='ocrx_word' id='word_1_373' title='bbox 220 1768 256 1795; x_wconf 88' lang='lat' dir='ltr'>ibi</span> <span class='ocrx_word' id='word_1_374' title='bbox 266 1768 340 1805; x_wconf 83' lang='lat' dir='ltr'>pacis</span> <span class='ocrx_word' id='word_1_375' title='bbox 348 1768 500 1798; x_wconf 85' lang='lat' dir='ltr'>remedium</span> <span class='ocrx_word' id='word_1_376' title='bbox 513 1769 670 1808; x_wconf 83' lang='lat' dir='ltr'>requiritur.</span> <span class='ocrx_word' id='word_1_377' title='bbox 679 1774 716 1799; x_wconf 88' lang='lat' dir='ltr'>Et</span> <span class='ocrx_word' id='word_1_378' title='bbox 723 1771 786 1800; x_wconf 90' lang='lat' dir='ltr'>ideo</span> <span class='ocrx_word' id='word_1_379' title='bbox 797 1772 828 1800; x_wconf 85' lang='lat' dir='ltr'>in</span> <span class='ocrx_word' id='word_1_380' title='bbox 836 1771 902 1802; x_wconf 90' lang='lat' dir='ltr'>Mis-</span> 
     </span>
     <span class='ocr_line' id='line_1_44' title="bbox 102 1806 903 1849; baseline 0.007 -14"><span class='ocrx_word' id='word_1_381' title='bbox 102 1806 136 1835; x_wconf 78' lang='lat' dir='ltr'>fis</span> <span class='ocrx_word' id='word_1_382' title='bbox 143 1806 336 1836; x_wconf 67' lang='lat' dir='ltr'>defunstorum</span> <span class='ocrx_word' id='word_1_383' title='bbox 347 1819 405 1838; x_wconf 87' lang='lat' dir='ltr'>non</span> <span class='ocrx_word' id='word_1_384' title='bbox 416 1809 631 1838; x_wconf 86' lang='lat' dir='ltr'>excludebantur</span> <span class='ocrx_word' id='word_1_385' title='bbox 639 1812 845 1849; x_wconf 59' lang='lat' dir='ltr'>Energumen‘r]</span> <span class='ocrx_word' id='word_1_386' title='bbox 857 1824 903 1841; x_wconf 88' lang='lat' dir='ltr'>ne-</span> 
     </span>
     <span class='ocr_line' id='line_1_45' title="bbox 100 1848 902 1890; baseline 0.012 -17"><span class='ocrx_word' id='word_1_387' title='bbox 100 1856 154 1885; x_wconf 88' lang='lat' dir='ltr'>que</span> <span class='ocrx_word' id='word_1_388' title='bbox 164 1848 266 1884; x_wconf 81' lang='lat' dir='ltr'>publici</span> <span class='ocrx_word' id='word_1_389' title='bbox 279 1849 446 1886; x_wconf 77' lang='lat' dir='ltr'>prenitentes</span> <span class='ocrx_word' id='word_1_390' title='bbox 456 1871 464 1883; x_wconf 95' lang='lat'><em>‚</em></span> <span class='ocrx_word' id='word_1_391' title='bbox 484 1849 548 1888; x_wconf 85' lang='lat' dir='ltr'>quia</span> <span class='ocrx_word' id='word_1_392' title='bbox 558 1861 618 1879; x_wconf 84' lang='lat' dir='ltr'>nou</span> <span class='ocrx_word' id='word_1_393' title='bbox 628 1851 739 1881; x_wconf 77' lang='lat' dir='ltr'>dabatur</span> <span class='ocrx_word' id='word_1_394' title='bbox 759 1863 810 1890; x_wconf 79' lang='lat' dir='ltr'>pax</span> <span class='ocrx_word' id='word_1_395' title='bbox 823 1874 830 1886; x_wconf 88' lang='lat'>‚</span> <span class='ocrx_word' id='word_1_396' title='bbox 852 1864 902 1883; x_wconf 88' lang='lat' dir='ltr'>nec</span> 
     </span>
     <span class='ocr_line' id='line_1_46' title="bbox 103 1887 904 1932; baseline 0.011 -18"><span class='ocrx_word' id='word_1_397' title='bbox 103 1887 264 1916; x_wconf 85' lang='lat' dir='ltr'>communio</span> <span class='ocrx_word' id='word_1_398' title='bbox 275 1889 467 1928; x_wconf 76' lang='lat' dir='ltr'>porrigebatur</span> <span class='ocrx_word' id='word_1_399' title='bbox 477 1912 485 1923; x_wconf 96' lang='lat'>,</span> <span class='ocrx_word' id='word_1_400' title='bbox 496 1901 556 1929; x_wconf 79' lang='lat' dir='ltr'>quae</span> <span class='ocrx_word' id='word_1_401' title='bbox 566 1890 676 1931; x_wconf 84' lang='lat' dir='ltr'>semper</span> <span class='ocrx_word' id='word_1_402' title='bbox 681 1902 744 1921; x_wconf 88' lang='lat' dir='ltr'>cum</span> <span class='ocrx_word' id='word_1_403' title='bbox 752 1903 817 1932; x_wconf 76' lang='lat' dir='ltr'>pace</span> <span class='ocrx_word' id='word_1_404' title='bbox 827 1895 904 1924; x_wconf 83' lang='lat' dir='ltr'>unite</span> 
     </span>
     <span class='ocr_line' id='line_1_47' title="bbox 102 1927 905 1973; baseline 0.011 -18"><span class='ocrx_word' id='word_1_405' title='bbox 102 1927 224 1961; x_wconf 76' lang='lat' dir='ltr'>dabatur,</span> <span class='ocrx_word' id='word_1_406' title='bbox 233 1928 272 1956; x_wconf 83' lang='lat' dir='ltr'>ita</span> <span class='ocrx_word' id='word_1_407' title='bbox 281 1939 312 1957; x_wconf 88' lang='lat' dir='ltr'>ut</span> <span class='ocrx_word' id='word_1_408' title='bbox 319 1931 391 1967; x_wconf 89' lang='lat' dir='ltr'>apud</span> <span class='ocrx_word' id='word_1_409' title='bbox 400 1931 437 1958; x_wconf 90' lang='lat' dir='ltr'>D.</span> <span class='ocrx_word' id='word_1_410' title='bbox 447 1931 632 1970; x_wconf 82' lang='lat' dir='ltr'>Cyprianum,</span> <span class='ocrx_word' id='word_1_411' title='bbox 638 1931 764 1972; x_wconf 80' lang='lat' dir='ltr'>aliosque</span> <span class='ocrx_word' id='word_1_412' title='bbox 771 1938 849 1963; x_wconf 79' lang='lat' dir='ltr'>Dare</span> <span class='ocrx_word' id='word_1_413' title='bbox 854 1942 905 1973; x_wconf 77' lang='lat' dir='ltr'>pa-</span> 
     </span>
     <span class='ocr_line' id='line_1_48' title="bbox 103 1969 908 2014; baseline 0.011 -18"><span class='ocrx_word' id='word_1_414' title='bbox 103 1979 163 1997; x_wconf 85' lang='lat' dir='ltr'>cem</span> <span class='ocrx_word' id='word_1_415' title='bbox 170 1969 305 2008; x_wconf 79' lang='lat' dir='ltr'>iignificet</span> <span class='ocrx_word' id='word_1_416' title='bbox 315 1971 458 2010; x_wconf 86' lang='lat' dir='ltr'>porrigere</span> <span class='ocrx_word' id='word_1_417' title='bbox 464 1974 763 2012; x_wconf 81' lang='lat' dir='ltr'>communionem‚qiiae</span> <span class='ocrx_word' id='word_1_418' title='bbox 774 1985 788 2002; x_wconf 85' lang='lat' dir='ltr'>a</span> <span class='ocrx_word' id='word_1_419' title='bbox 797 1975 837 2003; x_wconf 88' lang='lat' dir='ltr'>s.1</span> <span class='ocrx_word' id='word_1_420' title='bbox 839 1984 908 2014; x_wconf 78' lang='lat' dir='ltr'>gna-</span> 
     </span>
     <span class='ocr_line' id='line_1_49' title="bbox 103 2009 906 2055; baseline 0.01 -19"><span class='ocrx_word' id='word_1_421' title='bbox 103 2009 147 2037; x_wconf 80' lang='lat' dir='ltr'>tio</span> <span class='ocrx_word' id='word_1_422' title='bbox 154 2011 279 2045; x_wconf 79' lang='lat' dir='ltr'>Mai-tyre</span> <span class='ocrx_word' id='word_1_423' title='bbox 290 2032 297 2043; x_wconf 92' lang='lat'>‚</span> <span class='ocrx_word' id='word_1_424' title='bbox 318 2012 396 2049; x_wconf 81' lang='lat' dir='ltr'>epist.</span> <span class='ocrx_word' id='word_1_425' title='bbox 411 2022 420 2040; x_wconf 89' lang='lat' dir='ltr'>i</span> <span class='ocrx_word' id='word_1_426' title='bbox 427 2023 458 2048; x_wconf 84' lang='lat'>4.</span> <span class='ocrx_word' id='word_1_427' title='bbox 465 2012 499 2041; x_wconf 86' lang='lat' dir='ltr'>ad</span> <span class='ocrx_word' id='word_1_428' title='bbox 508 2012 609 2052; x_wconf 84' lang='lat' dir='ltr'>Ephes.</span> <span class='ocrx_word' id='word_1_429' title='bbox 618 2019 680 2043; x_wconf 81' lang='lat' dir='ltr'>Pax</span> <span class='ocrx_word' id='word_1_430' title='bbox 690 2015 792 2052; x_wconf 75' lang='lat' dir='ltr'>Chnsti</span> <span class='ocrx_word' id='word_1_431' title='bbox 812 2017 906 2055; x_wconf 82' lang='lat' dir='ltr'>appel-</span> 
     </span>
     <span class='ocr_line' id='line_1_50' title="bbox 102 2050 906 2090; baseline 0.01 -12"><span class='ocrx_word' id='word_1_432' title='bbox 102 2050 158 2078; x_wconf 87' lang='lat' dir='ltr'>lata</span> <span class='ocrx_word' id='word_1_433' title='bbox 166 2050 204 2079; x_wconf 87' lang='lat' dir='ltr'>est</span> <span class='ocrx_word' id='word_1_434' title='bbox 213 2071 223 2078; x_wconf 87' lang='lat'><em>.</em></span> <span class='ocrx_word' id='word_1_435' title='bbox 240 2053 275 2078; x_wconf 82' lang='lat' dir='ltr'>Et</span> <span class='ocrx_word' id='word_1_436' title='bbox 283 2052 438 2090; x_wconf 87' lang='lat' dir='ltr'>antiquitus</span> <span class='ocrx_word' id='word_1_437' title='bbox 449 2054 534 2082; x_wconf 87' lang='lat' dir='ltr'>etiam</span> <span class='ocrx_word' id='word_1_438' title='bbox 553 2065 612 2082; x_wconf 90' lang='lat' dir='ltr'>non</span> <span class='ocrx_word' id='word_1_439' title='bbox 626 2054 737 2084; x_wconf 85' lang='lat' dir='ltr'>dabatur</span> <span class='ocrx_word' id='word_1_440' title='bbox 760 2056 906 2086; x_wconf 85' lang='lat' dir='ltr'>Monachis</span> 
     </span>
     <span class='ocr_line' id='line_1_51' title="bbox 103 2092 906 2136; baseline 0.01 -18"><span class='ocrx_word' id='word_1_441' title='bbox 103 2099 158 2129; x_wconf 82' lang='lat' dir='ltr'>pax</span> <span class='ocrx_word' id='word_1_442' title='bbox 166 2112 175 2124; x_wconf 91' lang='lat'><em>‚</em></span> <span class='ocrx_word' id='word_1_443' title='bbox 196 2101 227 2120; x_wconf 92' lang='lat' dir='ltr'>ut</span> <span class='ocrx_word' id='word_1_444' title='bbox 237 2092 382 2120; x_wconf 82' lang='lat' dir='ltr'>Dur-andus</span> <span class='ocrx_word' id='word_1_445' title='bbox 391 2093 494 2122; x_wconf 83' lang='lat' dir='ltr'>ibidem</span> <span class='ocrx_word' id='word_1_446' title='bbox 511 2093 600 2123; x_wconf 72' lang='lat' dir='ltr'>aflei-it</span> <span class='ocrx_word' id='word_1_447' title='bbox 609 2115 619 2122; x_wconf 86' lang='lat'><strong>.</strong></span> <span class='ocrx_word' id='word_1_448' title='bbox 636 2100 650 2130; x_wconf 91' lang='lat'><strong>[</strong></span> <span class='ocrx_word' id='word_1_449' title='bbox 669 2096 745 2124; x_wconf 85' lang='lat' dir='ltr'>Hinc</span> <span class='ocrx_word' id='word_1_450' title='bbox 754 2096 811 2129; x_wconf 89' lang='lat' dir='ltr'>est,</span> <span class='ocrx_word' id='word_1_451' title='bbox 831 2099 906 2136; x_wconf 88' lang='lat' dir='ltr'>quod</span> 
     </span>
     <span class='ocr_line' id='line_1_52' title="bbox 103 2131 906 2174; baseline 0.01 -15"><span class='ocrx_word' id='word_1_452' title='bbox 103 2131 186 2160; x_wconf 75' lang='lat' dir='ltr'>etiam</span> <span class='ocrx_word' id='word_1_453' title='bbox 195 2132 271 2160; x_wconf 86' lang='lat' dir='ltr'>inter</span> <span class='ocrx_word' id='word_1_454' title='bbox 278 2133 430 2162; x_wconf 78' lang='lat' dir='ltr'>Monachus</span> <span class='ocrx_word' id='word_1_455' title='bbox 449 2144 501 2172; x_wconf 84' lang='lat' dir='ltr'>pax</span> <span class='ocrx_word' id='word_1_456' title='bbox 521 2145 579 2163; x_wconf 90' lang='lat' dir='ltr'>non</span> <span class='ocrx_word' id='word_1_457' title='bbox 597 2136 678 2163; x_wconf 86' lang='lat' dir='ltr'>datur</span> <span class='ocrx_word' id='word_1_458' title='bbox 688 2156 696 2168; x_wconf 89' lang='lat'>,</span> <span class='ocrx_word' id='word_1_459' title='bbox 716 2137 780 2174; x_wconf 83' lang='lat' dir='ltr'>quia</span> <span class='ocrx_word' id='word_1_460' title='bbox 799 2139 906 2167; x_wconf 87' lang='lat' dir='ltr'>Mundo</span> 
     </span>
     <span class='ocr_line' id='line_1_53' title="bbox 102 2172 906 2214; baseline 0.009 -14"><span class='ocrx_word' id='word_1_461' title='bbox 102 2172 206 2201; x_wconf 87' lang='lat' dir='ltr'>mortui</span> <span class='ocrx_word' id='word_1_462' title='bbox 217 2183 379 2210; x_wconf 83' lang='lat' dir='ltr'>reputantur</span> <span class='ocrx_word' id='word_1_463' title='bbox 387 2194 398 2202; x_wconf 83' lang='lat'><em>.</em></span> <span class='ocrx_word' id='word_1_464' title='bbox 420 2176 434 2206; x_wconf 89' lang='lat'><em>]</em></span> <span class='ocrx_word' id='word_1_465' title='bbox 444 2175 566 2211; x_wconf 87' lang='lat' dir='ltr'>Quando</span> <span class='ocrx_word' id='word_1_466' title='bbox 573 2177 645 2214; x_wconf 80' lang='lat' dir='ltr'>Papa</span> <span class='ocrx_word' id='word_1_467' title='bbox 661 2175 826 2206; x_wconf 88' lang='lat' dir='ltr'>solemniter</span> <span class='ocrx_word' id='word_1_468' title='bbox 835 2179 906 2207; x_wconf 86' lang='lat' dir='ltr'>cele-</span> 
     </span>
     <span class='ocr_line' id='line_1_54' title="bbox 103 2212 906 2253; baseline 0.009 -13"><span class='ocrx_word' id='word_1_469' title='bbox 103 2212 196 2241; x_wconf 86' lang='lat' dir='ltr'>brabat</span> <span class='ocrx_word' id='word_1_470' title='bbox 208 2234 216 2245; x_wconf 94' lang='lat'>,</span> <span class='ocrx_word' id='word_1_471' title='bbox 235 2214 559 2245; x_wconf 86' lang='lat' dir='ltr'>Primiccriuscantorum</span> <span class='ocrx_word' id='word_1_472' title='bbox 575 2215 679 2245; x_wconf 76' lang='lat' dir='ltr'>solebat</span> <span class='ocrx_word' id='word_1_473' title='bbox 687 2220 744 2253; x_wconf 74' lang='lat' dir='ltr'>ejus</span> <span class='ocrx_word' id='word_1_474' title='bbox 762 2216 906 2248; x_wconf 84' lang='lat' dir='ltr'>humerum</span> 
     </span>
     <span class='ocr_line' id='line_1_55' title="bbox 102 2253 906 2297; baseline 0.01 -16"><span class='ocrx_word' id='word_1_475' title='bbox 102 2253 247 2282; x_wconf 82' lang='lat' dir='ltr'>dexterum</span> <span class='ocrx_word' id='word_1_476' title='bbox 257 2254 418 2284; x_wconf 71' lang='lat' dir='ltr'>deosculare</span> <span class='ocrx_word' id='word_1_477' title='bbox 428 2277 436 2289; x_wconf 90' lang='lat'><em>‚</em></span> <span class='ocrx_word' id='word_1_478' title='bbox 453 2256 488 2285; x_wconf 85' lang='lat' dir='ltr'>ad</span> <span class='ocrx_word' id='word_1_479' title='bbox 497 2257 687 2286; x_wconf 87' lang='lat' dir='ltr'>denotandum</span> <span class='ocrx_word' id='word_1_480' title='bbox 697 2259 840 2297; x_wconf 82' lang='lat' dir='ltr'>Angelum</span> <span class='ocrx_word' id='word_1_481' title='bbox 859 2271 906 2289; x_wconf 83' lang='lat' dir='ltr'>an—</span> 
     </span>
     <span class='ocr_line' id='line_1_56' title="bbox 103 2295 907 2330; baseline 0.011 -9"><span class='ocrx_word' id='word_1_482' title='bbox 103 2295 281 2323; x_wconf 77' lang='lat' dir='ltr'>nuntiantem</span> <span class='ocrx_word' id='word_1_483' title='bbox 290 2295 442 2324; x_wconf 85' lang='lat' dir='ltr'>Pastoribus</span> <span class='ocrx_word' id='word_1_484' title='bbox 451 2297 560 2326; x_wconf 86' lang='lat' dir='ltr'>Christi</span> <span class='ocrx_word' id='word_1_485' title='bbox 571 2298 811 2330; x_wconf 69' lang='lat' dir='ltr'>Nativitatem3ita</span> <span class='ocrx_word' id='word_1_486' title='bbox 821 2302 907 2330; x_wconf 90' lang='lat' dir='ltr'>Inno-</span> 
     </span>
     <span class='ocr_line' id='line_1_57' title="bbox 103 2335 907 2373; baseline 0.011 -11"><span class='ocrx_word' id='word_1_487' title='bbox 103 2335 212 2363; x_wconf 80' lang='lat' dir='ltr'>centius</span> <span class='ocrx_word' id='word_1_488' title='bbox 221 2336 337 2366; x_wconf 76' lang='lat' dir='ltr'>111.1ib.</span> <span class='ocrx_word' id='word_1_489' title='bbox 349 2337 417 2366; x_wconf 66' lang='lat' dir='ltr'>20de</span> <span class='ocrx_word' id='word_1_490' title='bbox 427 2338 511 2373; x_wconf 84' lang='lat' dir='ltr'>Myst.</span> <span class='ocrx_word' id='word_1_491' title='bbox 522 2337 608 2367; x_wconf 69' lang='lat' dir='ltr'>Miss&#39;ae</span> <span class='ocrx_word' id='word_1_492' title='bbox 617 2360 626 2372; x_wconf 89' lang='lat'><em>‚</em></span> <span class='ocrx_word' id='word_1_493' title='bbox 636 2349 659 2367; x_wconf 90' lang='lat' dir='ltr'>c.</span> <span class='ocrx_word' id='word_1_494' title='bbox 677 2350 719 2367; x_wconf 88' lang='grc' dir='ltr'>ιο.</span> <span class='ocrx_word' id='word_1_495' title='bbox 730 2341 842 2369; x_wconf 84' lang='lat' dir='ltr'>Deinde</span> <span class='ocrx_word' id='word_1_496' title='bbox 853 2342 907 2371; x_wconf 90' lang='lat' dir='ltr'>duo</span> 
     </span>
     <span class='ocr_line' id='line_1_58' title="bbox 102 2373 906 2422; baseline 0.01 -18"><span class='ocrx_word' id='word_1_497' title='bbox 102 2373 265 2409; x_wconf 72' lang='lat' dir='ltr'>Affistentes</span> <span class='ocrx_word' id='word_1_498' title='bbox 272 2377 399 2407; x_wconf 78' lang='lat' dir='ltr'>Diaconi</span> <span class='ocrx_word' id='word_1_499' title='bbox 409 2378 484 2408; x_wconf 80' lang='lat' dir='ltr'>idem</span> <span class='ocrx_word' id='word_1_500' title='bbox 494 2378 626 2410; x_wconf 78' lang='lat' dir='ltr'>faciebant</span> <span class='ocrx_word' id='word_1_501' title='bbox 635 2400 646 2415; x_wconf 92' lang='lat'>,</span> <span class='ocrx_word' id='word_1_502' title='bbox 663 2379 813 2411; x_wconf 76' lang='lat' dir='ltr'>osculando</span> <span class='ocrx_word' id='word_1_503' title='bbox 832 2383 906 2422; x_wconf 82' lang='lat' dir='ltr'>prius</span> 
     </span>
    </p>
   </div>
   <div class='ocr_carea' id='block_1_3' title="bbox 396 2481 486 2490">
    <p class='ocr_par' dir='ltr' id='par_1_4' title="bbox 396 2481 486 2490">
     <span class='ocr_line' id='line_1_59' title="bbox 396 2481 486 2490; baseline 0.044 -4"><span class='ocrx_word' id='word_1_504' title='bbox 396 2481 399 2486; x_wconf 88' lang='lat'>.</span> <span class='ocrx_word' id='word_1_505' title='bbox 450 2482 486 2490; x_wconf 34' lang='grc' dir='ltr'>ἣ</span> 
     </span>
    </p>
   </div>
   <div class='ocr_carea' id='block_1_4' title="bbox 1259 44 1705 99">
    <p class='ocr_par' dir='ltr' id='par_1_5' title="bbox 1259 44 1705 99">
     <span class='ocr_line' id='line_1_60' title="bbox 1259 44 1705 99; baseline 0.009 -13"><span class='ocrx_word' id='word_1_506' title='bbox 1259 44 1293 86; x_wconf 90' lang='grc' dir='ltr'><strong>Ρ</strong></span> <span class='ocrx_word' id='word_1_507' title='bbox 1323 45 1364 86; x_wconf 92' lang='grc' dir='ltr'><strong>Α</strong></span> <span class='ocrx_word' id='word_1_508' title='bbox 1623 58 1705 99; x_wconf 79' lang='lat'>515</span> 
     </span>
    </p>
   </div>
   <div class='ocr_carea' id='block_1_5' title="bbox 945 100 1782 2422">
    <p class='ocr_par' dir='ltr' id='par_1_6' title="bbox 945 100 1782 2422">
     <span class='ocr_line' id='line_1_61' title="bbox 962 100 1765 141; baseline 0.004 -9"><span class='ocrx_word' id='word_1_509' title='bbox 962 101 1062 133; x_wconf 82' lang='lat' dir='ltr'>Altare</span> <span class='ocrx_word' id='word_1_510' title='bbox 1072 123 1081 135; x_wconf 85' lang='lat'>,</span> <span class='ocrx_word' id='word_1_511' title='bbox 1105 101 1138 132; x_wconf 83' lang='lat' dir='ltr'>ad</span> <span class='ocrx_word' id='word_1_512' title='bbox 1148 100 1353 141; x_wconf 78' lang='lat' dir='ltr'>significandam</span> <span class='ocrx_word' id='word_1_513' title='bbox 1365 111 1479 141; x_wconf 79' lang='lat' dir='ltr'>paccina</span> <span class='ocrx_word' id='word_1_514' title='bbox 1488 102 1604 133; x_wconf 83' lang='lat' dir='ltr'>Christo</span> <span class='ocrx_word' id='word_1_515' title='bbox 1614 106 1642 134; x_wconf 82' lang='lat' dir='ltr'>in</span> <span class='ocrx_word' id='word_1_516' title='bbox 1660 113 1765 135; x_wconf 78' lang='lat' dir='ltr'>terram</span> 
     </span>
     <span class='ocr_line' id='line_1_62' title="bbox 963 143 1766 182; baseline 0.002 -10"><span class='ocrx_word' id='word_1_517' title='bbox 963 143 1075 173; x_wconf 85' lang='lat' dir='ltr'>allatam</span> <span class='ocrx_word' id='word_1_518' title='bbox 1084 164 1092 176; x_wconf 89' lang='lat'>‚</span> <span class='ocrx_word' id='word_1_519' title='bbox 1111 143 1213 173; x_wconf 87' lang='lat' dir='ltr'>&amp;ideo</span> <span class='ocrx_word' id='word_1_520' title='bbox 1225 144 1297 182; x_wconf 82' lang='lat' dir='ltr'>prius</span> <span class='ocrx_word' id='word_1_521' title='bbox 1307 145 1403 173; x_wconf 83' lang='lat' dir='ltr'>Altare</span> <span class='ocrx_word' id='word_1_522' title='bbox 1413 143 1601 174; x_wconf 84' lang='lat' dir='ltr'>osculabantur</span> <span class='ocrx_word' id='word_1_523' title='bbox 1613 157 1621 176; x_wconf 72' lang='lat'>5</span> <span class='ocrx_word' id='word_1_524' title='bbox 1641 147 1675 175; x_wconf 80' lang='lat' dir='ltr'>sic</span> <span class='ocrx_word' id='word_1_525' title='bbox 1687 148 1766 176; x_wconf 85' lang='lat' dir='ltr'>enim</span> 
     </span>
     <span class='ocr_line' id='line_1_63' title="bbox 965 182 1769 225; baseline 0.002 -12"><span class='ocrx_word' id='word_1_526' title='bbox 965 185 1112 221; x_wconf 80' lang='lat' dir='ltr'>Presbyter</span> <span class='ocrx_word' id='word_1_527' title='bbox 1121 182 1241 213; x_wconf 76' lang='lat' dir='ltr'>assistens</span> <span class='ocrx_word' id='word_1_528' title='bbox 1253 206 1261 218; x_wconf 90' lang='lat'>,</span> <span class='ocrx_word' id='word_1_529' title='bbox 1269 183 1356 213; x_wconf 88' lang='lat' dir='ltr'>sedin</span> <span class='ocrx_word' id='word_1_530' title='bbox 1365 183 1422 212; x_wconf 80' lang='lat' dir='ltr'>fine</span> <span class='ocrx_word' id='word_1_531' title='bbox 1430 185 1526 218; x_wconf 65' lang='lat' dir='ltr'>Miss‘ae,</span> <span class='ocrx_word' id='word_1_532' title='bbox 1537 195 1684 225; x_wconf 71' lang='lat' dir='ltr'>antequam</span> <span class='ocrx_word' id='word_1_533' title='bbox 1695 190 1769 216; x_wconf 79' lang='lat' dir='ltr'>Pon-</span> 
     </span>
     <span class='ocr_line' id='line_1_64' title="bbox 964 223 1771 259; baseline 0.002 -6"><span class='ocrx_word' id='word_1_534' title='bbox 964 223 1036 254; x_wconf 80' lang='lat' dir='ltr'>tifex</span> <span class='ocrx_word' id='word_1_535' title='bbox 1044 225 1121 255; x_wconf 80' lang='lat' dir='ltr'>datet</span> <span class='ocrx_word' id='word_1_536' title='bbox 1130 225 1353 255; x_wconf 58' lang='lat' dir='ltr'>benedictionem</span> <span class='ocrx_word' id='word_1_537' title='bbox 1363 247 1370 259; x_wconf 95' lang='lat'>,</span> <span class='ocrx_word' id='word_1_538' title='bbox 1380 224 1491 255; x_wconf 75' lang='lat' dir='ltr'>faciebat</span> <span class='ocrx_word' id='word_1_539' title='bbox 1503 238 1512 258; x_wconf 62' lang='grc' dir='ltr'><strong><em>ς</em></strong></span> <span class='ocrx_word' id='word_1_540' title='bbox 1524 227 1588 255; x_wconf 87' lang='lat' dir='ltr'>ideo</span> <span class='ocrx_word' id='word_1_541' title='bbox 1599 227 1672 256; x_wconf 88' lang='lat' dir='ltr'>idem</span> <span class='ocrx_word' id='word_1_542' title='bbox 1685 229 1771 256; x_wconf 77' lang='lat' dir='ltr'>Inno-</span> 
     </span>
     <span class='ocr_line' id='line_1_65' title="bbox 966 265 1772 305; baseline 0 -10"><span class='ocrx_word' id='word_1_543' title='bbox 966 276 1041 295; x_wconf 81' lang='lat' dir='ltr'>cent.</span> <span class='ocrx_word' id='word_1_544' title='bbox 1052 267 1100 296; x_wconf 88' lang='lat' dir='ltr'>lib.</span> <span class='ocrx_word' id='word_1_545' title='bbox 1114 272 1142 295; x_wconf 89' lang='lat'>6.</span> <span class='ocrx_word' id='word_1_546' title='bbox 1151 277 1174 294; x_wconf 88' lang='lat' dir='ltr'>c.</span> <span class='ocrx_word' id='word_1_547' title='bbox 1192 277 1238 305; x_wconf 85' lang='lat'>¹3·</span> <span class='ocrx_word' id='word_1_548' title='bbox 1246 266 1409 301; x_wconf 83' lang='lat' dir='ltr'>Mysterium</span> <span class='ocrx_word' id='word_1_549' title='bbox 1420 265 1498 304; x_wconf 77' lang='lat' dir='ltr'>hujus</span> <span class='ocrx_word' id='word_1_550' title='bbox 1509 270 1580 296; x_wconf 70' lang='lat' dir='ltr'>astus</span> <span class='ocrx_word' id='word_1_551' title='bbox 1591 267 1772 300; x_wconf 65' lang='lat' dir='ltr'>ostendimu-</span> 
     </span>
     <span class='ocr_line' id='line_1_66' title="bbox 965 306 1773 348; baseline 0.001 -13"><span class='ocrx_word' id='word_1_552' title='bbox 965 307 1064 346; x_wconf 86' lang='lat' dir='ltr'>quicns</span> <span class='ocrx_word' id='word_1_553' title='bbox 1075 318 1082 335; x_wconf 87' lang='lat'>:</span> <span class='ocrx_word' id='word_1_554' title='bbox 1102 312 1117 343; x_wconf 87' lang='lat'><strong>[</strong></span> <span class='ocrx_word' id='word_1_555' title='bbox 1125 306 1285 337; x_wconf 84' lang='lat' dir='ltr'>Ostendens</span> <span class='ocrx_word' id='word_1_556' title='bbox 1293 306 1365 336; x_wconf 88' lang='lat' dir='ltr'>hunc</span> <span class='ocrx_word' id='word_1_557' title='bbox 1377 307 1456 336; x_wconf 90' lang='lat' dir='ltr'>illum</span> <span class='ocrx_word' id='word_1_558' title='bbox 1467 307 1633 337; x_wconf 83' lang='lat' dir='ltr'>Pontificem</span> <span class='ocrx_word' id='word_1_559' title='bbox 1643 329 1652 342; x_wconf 88' lang='lat'><em>‚</em></span> <span class='ocrx_word' id='word_1_560' title='bbox 1671 309 1720 348; x_wconf 89' lang='lat' dir='ltr'>qui</span> <span class='ocrx_word' id='word_1_561' title='bbox 1730 309 1773 337; x_wconf 78' lang='lat' dir='ltr'>le-</span> 
     </span>
     <span class='ocr_line' id='line_1_67' title="bbox 965 347 1776 387; baseline 0.001 -11"><span class='ocrx_word' id='word_1_562' title='bbox 965 349 1086 377; x_wconf 84' lang='lat' dir='ltr'>cundum</span> <span class='ocrx_word' id='word_1_563' title='bbox 1098 348 1189 387; x_wconf 85' lang='lat' dir='ltr'>legem</span> <span class='ocrx_word' id='word_1_564' title='bbox 1197 347 1312 387; x_wconf 69' lang='lat' dir='ltr'>figurate</span> <span class='ocrx_word' id='word_1_565' title='bbox 1320 347 1467 377; x_wconf 84' lang='lat' dir='ltr'>dexterum</span> <span class='ocrx_word' id='word_1_566' title='bbox 1478 359 1583 377; x_wconf 85' lang='lat' dir='ltr'>armum</span> <span class='ocrx_word' id='word_1_567' title='bbox 1593 348 1716 387; x_wconf 83' lang='lat' dir='ltr'>separare</span> <span class='ocrx_word' id='word_1_568' title='bbox 1725 349 1776 377; x_wconf 86' lang='lat' dir='ltr'>dc-</span> 
     </span>
     <span class='ocr_line' id='line_1_68' title="bbox 966 388 1776 428; baseline 0 -11"><span class='ocrx_word' id='word_1_569' title='bbox 966 389 1012 417; x_wconf 87' lang='lat' dir='ltr'>bet</span> <span class='ocrx_word' id='word_1_570' title='bbox 1022 390 1052 417; x_wconf 78' lang='lat' dir='ltr'>ab</span> <span class='ocrx_word' id='word_1_571' title='bbox 1062 388 1160 417; x_wconf 85' lang='lat' dir='ltr'>hostiis</span> <span class='ocrx_word' id='word_1_572' title='bbox 1167 388 1333 422; x_wconf 85' lang='lat' dir='ltr'>salutaribus,</span> <span class='ocrx_word' id='word_1_573' title='bbox 1346 399 1379 418; x_wconf 84' lang='lat' dir='ltr'>ve</span> <span class='ocrx_word' id='word_1_574' title='bbox 1388 389 1507 427; x_wconf 80' lang='lat' dir='ltr'>pacificis</span> <span class='ocrx_word' id='word_1_575' title='bbox 1516 410 1522 418; x_wconf 89' lang='lat'>.</span> <span class='ocrx_word' id='word_1_576' title='bbox 1536 391 1546 420; x_wconf 94' lang='grc'>]</span> <span class='ocrx_word' id='word_1_577' title='bbox 1559 392 1696 428; x_wconf 84' lang='lat' dir='ltr'>Tempore</span> <span class='ocrx_word' id='word_1_578' title='bbox 1706 393 1776 420; x_wconf 85' lang='lat' dir='ltr'>Ter-</span> 
     </span>
     <span class='ocr_line' id='line_1_69' title="bbox 966 429 1773 468; baseline 0.004 -11"><span class='ocrx_word' id='word_1_579' title='bbox 966 429 1076 458; x_wconf 79' lang='lat' dir='ltr'>tulliani</span> <span class='ocrx_word' id='word_1_580' title='bbox 1087 429 1198 458; x_wconf 83' lang='lat' dir='ltr'>dabatur</span> <span class='ocrx_word' id='word_1_581' title='bbox 1207 439 1258 467; x_wconf 82' lang='lat' dir='ltr'>pax</span> <span class='ocrx_word' id='word_1_582' title='bbox 1268 439 1330 458; x_wconf 84' lang='lat' dir='ltr'>cum</span> <span class='ocrx_word' id='word_1_583' title='bbox 1339 439 1435 468; x_wconf 81' lang='lat' dir='ltr'>patena</span> <span class='ocrx_word' id='word_1_584' title='bbox 1445 452 1453 464; x_wconf 94' lang='lat'>‚</span> <span class='ocrx_word' id='word_1_585' title='bbox 1463 435 1477 465; x_wconf 86' lang='lat'>(</span> <span class='ocrx_word' id='word_1_586' title='bbox 1486 430 1533 460; x_wconf 85' lang='lat' dir='ltr'>sed</span> <span class='ocrx_word' id='word_1_587' title='bbox 1544 441 1557 459; x_wconf 71' lang='lat' dir='ltr'>a</span> <span class='ocrx_word' id='word_1_588' title='bbox 1568 433 1652 460; x_wconf 79' lang='lat' dir='ltr'>Beato</span> <span class='ocrx_word' id='word_1_589' title='bbox 1662 431 1713 460; x_wconf 88' lang='lat' dir='ltr'>Pio</span> <span class='ocrx_word' id='word_1_590' title='bbox 1724 433 1773 460; x_wconf 72' lang='lat' dir='ltr'>Pa-</span> 
     </span>
     <span class='ocr_line' id='line_1_70' title="bbox 966 469 1769 510; baseline 0.002 -12"><span class='ocrx_word' id='word_1_591' title='bbox 966 479 1000 508; x_wconf 87' lang='lat' dir='ltr'>pa</span> <span class='ocrx_word' id='word_1_592' title='bbox 1011 471 1047 498; x_wconf 93' lang='lat' dir='ltr'>V.</span> <span class='ocrx_word' id='word_1_593' title='bbox 1059 469 1228 508; x_wconf 77' lang='lat' dir='ltr'>prohibitum</span> <span class='ocrx_word' id='word_1_594' title='bbox 1241 469 1316 498; x_wconf 78' lang='lat' dir='ltr'>fuisse</span> <span class='ocrx_word' id='word_1_595' title='bbox 1327 471 1358 498; x_wconf 88' lang='lat' dir='ltr'>in</span> <span class='ocrx_word' id='word_1_596' title='bbox 1369 471 1436 499; x_wconf 66' lang='lat' dir='ltr'>diet.</span> <span class='ocrx_word' id='word_1_597' title='bbox 1446 476 1554 501; x_wconf 73' lang='lat' dir='ltr'>Pate-na</span> <span class='ocrx_word' id='word_1_598' title='bbox 1565 471 1698 503; x_wconf 79' lang='lat' dir='ltr'>diximus)</span> <span class='ocrx_word' id='word_1_599' title='bbox 1707 481 1769 510; x_wconf 69' lang='lat' dir='ltr'>quae</span> 
     </span>
     <span class='ocr_line' id='line_1_71' title="bbox 967 509 1774 549; baseline 0.002 -11"><span class='ocrx_word' id='word_1_600' title='bbox 967 519 1028 548; x_wconf 83' lang='lat' dir='ltr'>pax,</span> <span class='ocrx_word' id='word_1_601' title='bbox 1037 509 1178 549; x_wconf 83' lang='lat' dir='ltr'>subjungit</span> <span class='ocrx_word' id='word_1_602' title='bbox 1186 511 1384 544; x_wconf 84' lang='lat' dir='ltr'>Tertullianus,</span> <span class='ocrx_word' id='word_1_603' title='bbox 1395 511 1501 540; x_wconf 81' lang='lat' dir='ltr'>Aulicis</span> <span class='ocrx_word' id='word_1_604' title='bbox 1510 523 1568 542; x_wconf 90' lang='lat' dir='ltr'>non</span> <span class='ocrx_word' id='word_1_605' title='bbox 1578 512 1774 545; x_wconf 74' lang='lat' dir='ltr'>dabatur-,tam-</span> 
     </span>
     <span class='ocr_line' id='line_1_72' title="bbox 965 550 1773 591; baseline 0.005 -12"><span class='ocrx_word' id='word_1_606' title='bbox 965 560 1048 588; x_wconf 84' lang='lat' dir='ltr'>quam</span> <span class='ocrx_word' id='word_1_607' title='bbox 1055 550 1201 581; x_wconf 80' lang='lat' dir='ltr'>ambitiolis</span> <span class='ocrx_word' id='word_1_608' title='bbox 1211 572 1220 584; x_wconf 85' lang='lat'>,</span> <span class='ocrx_word' id='word_1_609' title='bbox 1229 561 1258 579; x_wconf 86' lang='lat' dir='ltr'>ac</span> <span class='ocrx_word' id='word_1_610' title='bbox 1268 551 1385 589; x_wconf 85' lang='lat' dir='ltr'>invidis,</span> <span class='ocrx_word' id='word_1_611' title='bbox 1395 553 1473 590; x_wconf 83' lang='lat' dir='ltr'>paci,</span> <span class='ocrx_word' id='word_1_612' title='bbox 1483 556 1510 581; x_wconf 76' lang='grc' dir='ltr'>δι</span> <span class='ocrx_word' id='word_1_613' title='bbox 1519 552 1609 591; x_wconf 87' lang='lat' dir='ltr'>quieti</span> <span class='ocrx_word' id='word_1_614' title='bbox 1621 551 1773 586; x_wconf 66' lang='lat' dir='ltr'>adversan-</span> 
     </span>
     <span class='ocr_line' id='line_1_73' title="bbox 964 591 1774 632; baseline 0.005 -14"><span class='ocrx_word' id='word_1_615' title='bbox 964 591 1034 619; x_wconf 80' lang='lat' dir='ltr'>tibus</span> <span class='ocrx_word' id='word_1_616' title='bbox 1046 603 1052 619; x_wconf 84' lang='lat'>:</span> <span class='ocrx_word' id='word_1_617' title='bbox 1066 593 1078 622; x_wconf 95' lang='grc'>]</span> <span class='ocrx_word' id='word_1_618' title='bbox 1090 591 1309 620; x_wconf 78' lang='lat' dir='ltr'>Circumferamr</span> <span class='ocrx_word' id='word_1_619' title='bbox 1319 602 1417 630; x_wconf 86' lang='lat' dir='ltr'>patena</span> <span class='ocrx_word' id='word_1_620' title='bbox 1426 593 1498 631; x_wconf 81' lang='lat' dir='ltr'>pacis</span> <span class='ocrx_word' id='word_1_621' title='bbox 1508 594 1583 622; x_wconf 83' lang='lat' dir='ltr'>inter</span> <span class='ocrx_word' id='word_1_622' title='bbox 1594 593 1774 632; x_wconf 71' lang='lat' dir='ltr'>fideles,pr.e-</span> 
     </span>
     <span class='ocr_line' id='line_1_74' title="bbox 965 632 1770 672; baseline 0.005 -13"><span class='ocrx_word' id='word_1_623' title='bbox 965 641 1089 669; x_wconf 83' lang='lat' dir='ltr'>tei-quam</span> <span class='ocrx_word' id='word_1_624' title='bbox 1100 641 1193 661; x_wconf 83' lang='lat' dir='ltr'>tamen</span> <span class='ocrx_word' id='word_1_625' title='bbox 1203 632 1276 660; x_wconf 87' lang='lat' dir='ltr'>inter</span> <span class='ocrx_word' id='word_1_626' title='bbox 1287 633 1401 661; x_wconf 87' lang='lat' dir='ltr'>Aulicos</span> <span class='ocrx_word' id='word_1_627' title='bbox 1410 654 1418 666; x_wconf 90' lang='lat'>,</span> <span class='ocrx_word' id='word_1_628' title='bbox 1429 644 1497 672; x_wconf 88' lang='lat' dir='ltr'>quos</span> <span class='ocrx_word' id='word_1_629' title='bbox 1508 635 1649 664; x_wconf 87' lang='lat' dir='ltr'>unanimes</span> <span class='ocrx_word' id='word_1_630' title='bbox 1658 633 1709 663; x_wconf 81' lang='lat' dir='ltr'>effe</span> <span class='ocrx_word' id='word_1_631' title='bbox 1719 656 1729 668; x_wconf 91' lang='lat'>,</span> <span class='ocrx_word' id='word_1_632' title='bbox 1739 637 1770 663; x_wconf 78' lang='grc' dir='ltr'>δε</span> 
     </span>
     <span class='ocr_line' id='line_1_75' title="bbox 963 672 1773 710; baseline 0.005 -11"><span class='ocrx_word' id='word_1_633' title='bbox 963 672 1090 710; x_wconf 78' lang='lat' dir='ltr'>pacificos</span> <span class='ocrx_word' id='word_1_634' title='bbox 1102 683 1159 702; x_wconf 86' lang='lat' dir='ltr'>non</span> <span class='ocrx_word' id='word_1_635' title='bbox 1169 673 1233 702; x_wconf 79' lang='lat' dir='ltr'>(init</span> <span class='ocrx_word' id='word_1_636' title='bbox 1244 673 1368 706; x_wconf 77' lang='lat' dir='ltr'>ambitio,</span> <span class='ocrx_word' id='word_1_637' title='bbox 1378 674 1462 703; x_wconf 89' lang='lat' dir='ltr'>lib.de</span> <span class='ocrx_word' id='word_1_638' title='bbox 1470 685 1540 704; x_wconf 83' lang='lat' dir='ltr'>orat.</span> <span class='ocrx_word' id='word_1_639' title='bbox 1552 678 1564 707; x_wconf 94' lang='lat'>]</span> <span class='ocrx_word' id='word_1_640' title='bbox 1578 677 1631 704; x_wconf 76' lang='lat' dir='ltr'>Pax</span> <span class='ocrx_word' id='word_1_641' title='bbox 1643 685 1711 704; x_wconf 88' lang='lat' dir='ltr'>vero</span> <span class='ocrx_word' id='word_1_642' title='bbox 1722 685 1773 703; x_wconf 84' lang='lat' dir='ltr'>ne-</span> 
     </span>
     <span class='ocr_line' id='line_1_76' title="bbox 962 712 1771 753; baseline 0.005 -13"><span class='ocrx_word' id='word_1_643' title='bbox 962 713 1029 741; x_wconf 87' lang='lat' dir='ltr'>dum</span> <span class='ocrx_word' id='word_1_644' title='bbox 1039 713 1071 740; x_wconf 89' lang='lat' dir='ltr'>in</span> <span class='ocrx_word' id='word_1_645' title='bbox 1081 712 1157 742; x_wconf 82' lang='lat' dir='ltr'>Missa</span> <span class='ocrx_word' id='word_1_646' title='bbox 1165 713 1275 742; x_wconf 83' lang='lat' dir='ltr'>dabatur</span> <span class='ocrx_word' id='word_1_647' title='bbox 1284 735 1292 746; x_wconf 87' lang='lat'><em>‚</em></span> <span class='ocrx_word' id='word_1_648' title='bbox 1315 712 1363 742; x_wconf 86' lang='lat' dir='ltr'>sed</span> <span class='ocrx_word' id='word_1_649' title='bbox 1371 714 1457 743; x_wconf 79' lang='lat' dir='ltr'>etiam</span> <span class='ocrx_word' id='word_1_650' title='bbox 1475 716 1535 753; x_wconf 81' lang='lat' dir='ltr'>post</span> <span class='ocrx_word' id='word_1_651' title='bbox 1546 716 1664 753; x_wconf 80' lang='lat' dir='ltr'>publicas</span> <span class='ocrx_word' id='word_1_652' title='bbox 1675 717 1771 745; x_wconf 87' lang='lat' dir='ltr'>Eccle-</span> 
     </span>
     <span class='ocr_line' id='line_1_77' title="bbox 962 753 1771 792; baseline 0.004 -11"><span class='ocrx_word' id='word_1_653' title='bbox 962 753 1007 782; x_wconf 78' lang='lat' dir='ltr'>fiae</span> <span class='ocrx_word' id='word_1_654' title='bbox 1019 759 1137 792; x_wconf 87' lang='lat' dir='ltr'>preces.[</span> <span class='ocrx_word' id='word_1_655' title='bbox 1147 754 1199 782; x_wconf 90' lang='lat' dir='ltr'>Sub</span> <span class='ocrx_word' id='word_1_656' title='bbox 1209 754 1291 783; x_wconf 77' lang='lat' dir='ltr'>finem</span> <span class='ocrx_word' id='word_1_657' title='bbox 1300 764 1410 792; x_wconf 88' lang='lat' dir='ltr'>precum</span> <span class='ocrx_word' id='word_1_658' title='bbox 1422 765 1472 784; x_wconf 88' lang='lat' dir='ltr'>nos</span> <span class='ocrx_word' id='word_1_659' title='bbox 1481 756 1555 784; x_wconf 84' lang='lat' dir='ltr'>inter</span> <span class='ocrx_word' id='word_1_660' title='bbox 1565 766 1614 784; x_wconf 82' lang='lat' dir='ltr'>nos</span> <span class='ocrx_word' id='word_1_661' title='bbox 1623 755 1717 785; x_wconf 90' lang='lat' dir='ltr'>osculo</span> <span class='ocrx_word' id='word_1_662' title='bbox 1727 755 1771 784; x_wconf 90' lang='lat' dir='ltr'>sa-</span> 
     </span>
     <span class='ocr_line' id='line_1_78' title="bbox 962 793 1771 835; baseline 0.005 -13"><span class='ocrx_word' id='word_1_663' title='bbox 962 793 1078 822; x_wconf 87' lang='lat' dir='ltr'>lutamus</span> <span class='ocrx_word' id='word_1_664' title='bbox 1089 813 1096 822; x_wconf 90' lang='lat'><em>.</em></span> <span class='ocrx_word' id='word_1_665' title='bbox 1115 794 1217 832; x_wconf 78' lang='lat' dir='ltr'>Justin.</span> <span class='ocrx_word' id='word_1_666' title='bbox 1228 793 1257 822; x_wconf 92' lang='lat' dir='ltr'>in</span> <span class='ocrx_word' id='word_1_667' title='bbox 1270 797 1394 834; x_wconf 86' lang='lat' dir='ltr'>Apolog.</span> <span class='ocrx_word' id='word_1_668' title='bbox 1412 796 1447 825; x_wconf 84' lang='lat' dir='ltr'>ad</span> <span class='ocrx_word' id='word_1_669' title='bbox 1458 796 1597 825; x_wconf 83' lang='lat' dir='ltr'>Antonin.</span> <span class='ocrx_word' id='word_1_670' title='bbox 1617 797 1712 835; x_wconf 90' lang='lat' dir='ltr'>lmp.]</span> <span class='ocrx_word' id='word_1_671' title='bbox 1734 800 1771 826; x_wconf 85' lang='lat' dir='ltr'>Et</span> 
     </span>
     <span class='ocr_line' id='line_1_79' title="bbox 963 835 1771 875; baseline 0.004 -12"><span class='ocrx_word' id='word_1_672' title='bbox 963 835 1029 863; x_wconf 88' lang='lat' dir='ltr'>ideo</span> <span class='ocrx_word' id='word_1_673' title='bbox 1039 835 1184 873; x_wconf 67' lang='lat' dir='ltr'>praedictus</span> <span class='ocrx_word' id='word_1_674' title='bbox 1192 836 1310 865; x_wconf 87' lang='lat' dir='ltr'>Tertull.</span> <span class='ocrx_word' id='word_1_675' title='bbox 1319 836 1382 865; x_wconf 91' lang='lat' dir='ltr'>eod.</span> <span class='ocrx_word' id='word_1_676' title='bbox 1391 837 1440 866; x_wconf 84' lang='lat' dir='ltr'>lib.</span> <span class='ocrx_word' id='word_1_677' title='bbox 1449 837 1483 865; x_wconf 89' lang='lat' dir='ltr'>de</span> <span class='ocrx_word' id='word_1_678' title='bbox 1493 846 1563 866; x_wconf 75' lang='lat' dir='ltr'>orat.</span> <span class='ocrx_word' id='word_1_679' title='bbox 1571 847 1595 865; x_wconf 85' lang='lat' dir='ltr'>c.</span> <span class='ocrx_word' id='word_1_680' title='bbox 1610 847 1619 865; x_wconf 89' lang='lat'>1</span> <span class='ocrx_word' id='word_1_681' title='bbox 1627 836 1710 872; x_wconf 83' lang='lat' dir='ltr'>4.hoc</span> <span class='ocrx_word' id='word_1_682' title='bbox 1723 846 1771 875; x_wconf 82' lang='lat' dir='ltr'>pa-</span> 
     </span>
     <span class='ocr_line' id='line_1_80' title="bbox 964 874 1775 916; baseline 0.005 -13"><span class='ocrx_word' id='word_1_683' title='bbox 964 875 1002 904; x_wconf 87' lang='lat' dir='ltr'>cis</span> <span class='ocrx_word' id='word_1_684' title='bbox 1011 874 1136 904; x_wconf 89' lang='lat' dir='ltr'>osculum</span> <span class='ocrx_word' id='word_1_685' title='bbox 1145 875 1267 915; x_wconf 75' lang='lat' dir='ltr'>sigillum</span> <span class='ocrx_word' id='word_1_686' title='bbox 1277 877 1413 906; x_wconf 85' lang='lat' dir='ltr'>orationis</span> <span class='ocrx_word' id='word_1_687' title='bbox 1422 877 1586 916; x_wconf 81' lang='lat' dir='ltr'>appellavit,</span> <span class='ocrx_word' id='word_1_688' title='bbox 1598 877 1673 916; x_wconf 87' lang='lat' dir='ltr'>quod</span> <span class='ocrx_word' id='word_1_689' title='bbox 1683 878 1775 907; x_wconf 71' lang='lat' dir='ltr'>telin:</span> 
     </span>
     <span class='ocr_line' id='line_1_81' title="bbox 961 917 1773 956; baseline 0.005 -12"><span class='ocrx_word' id='word_1_690' title='bbox 961 917 1092 955; x_wconf 85' lang='lat' dir='ltr'>quebatui·</span> <span class='ocrx_word' id='word_1_691' title='bbox 1101 917 1268 952; x_wconf 82' lang='lat' dir='ltr'>jejuniorum</span> <span class='ocrx_word' id='word_1_692' title='bbox 1279 926 1405 956; x_wconf 81' lang='lat' dir='ltr'>tempore</span> <span class='ocrx_word' id='word_1_693' title='bbox 1417 939 1425 950; x_wconf 92' lang='lat'>,</span> <span class='ocrx_word' id='word_1_694' title='bbox 1435 918 1479 947; x_wconf 78' lang='lat' dir='ltr'>his</span> <span class='ocrx_word' id='word_1_695' title='bbox 1491 918 1579 947; x_wconf 83' lang='lat' dir='ltr'>verbis</span> <span class='ocrx_word' id='word_1_696' title='bbox 1591 929 1597 946; x_wconf 92' lang='lat'>:</span> <span class='ocrx_word' id='word_1_697' title='bbox 1618 923 1631 953; x_wconf 90' lang='lat'>[</span> <span class='ocrx_word' id='word_1_698' title='bbox 1645 918 1708 948; x_wconf 87' lang='lat' dir='ltr'>Alia</span> <span class='ocrx_word' id='word_1_699' title='bbox 1715 921 1773 955; x_wconf 83' lang='lat' dir='ltr'>jam</span> 
     </span>
     <span class='ocr_line' id='line_1_82' title="bbox 962 955 1772 994; baseline 0.005 -9"><span class='ocrx_word' id='word_1_700' title='bbox 962 955 1133 986; x_wconf 88' lang='lat' dir='ltr'>consuetudo</span> <span class='ocrx_word' id='word_1_701' title='bbox 1144 957 1262 986; x_wconf 85' lang='lat' dir='ltr'>invaluit</span> <span class='ocrx_word' id='word_1_702' title='bbox 1273 979 1280 990; x_wconf 89' lang='lat'>,</span> <span class='ocrx_word' id='word_1_703' title='bbox 1291 961 1445 994; x_wconf 80' lang='lat' dir='ltr'>jejunantes</span> <span class='ocrx_word' id='word_1_704' title='bbox 1454 958 1547 988; x_wconf 84' lang='lat' dir='ltr'>habita</span> <span class='ocrx_word' id='word_1_705' title='bbox 1557 959 1695 992; x_wconf 81' lang='lat' dir='ltr'>oratione,</span> <span class='ocrx_word' id='word_1_706' title='bbox 1707 969 1772 989; x_wconf 79' lang='lat' dir='ltr'>cuin</span> 
     </span>
     <span class='ocr_line' id='line_1_83' title="bbox 963 996 1770 1038; baseline 0.006 -14"><span class='ocrx_word' id='word_1_707' title='bbox 963 997 1088 1025; x_wconf 82' lang='lat' dir='ltr'>fratribus</span> <span class='ocrx_word' id='word_1_708' title='bbox 1097 996 1259 1026; x_wconf 83' lang='lat' dir='ltr'>subtrahunt</span> <span class='ocrx_word' id='word_1_709' title='bbox 1268 997 1390 1028; x_wconf 87' lang='lat' dir='ltr'>osculum</span> <span class='ocrx_word' id='word_1_710' title='bbox 1402 1000 1473 1037; x_wconf 78' lang='lat' dir='ltr'>pacis</span> <span class='ocrx_word' id='word_1_711' title='bbox 1483 1021 1490 1033; x_wconf 89' lang='lat'>,</span> <span class='ocrx_word' id='word_1_712' title='bbox 1509 1000 1585 1038; x_wconf 85' lang='lat' dir='ltr'>quod</span> <span class='ocrx_word' id='word_1_713' title='bbox 1595 999 1633 1027; x_wconf 86' lang='lat' dir='ltr'>est</span> <span class='ocrx_word' id='word_1_714' title='bbox 1645 1000 1770 1038; x_wconf 88' lang='lat' dir='ltr'>fignacu-</span> 
     </span>
     <span class='ocr_line' id='line_1_84' title="bbox 961 1038 1771 1078; baseline 0.007 -13"><span class='ocrx_word' id='word_1_715' title='bbox 961 1038 1020 1066; x_wconf 89' lang='lat' dir='ltr'>lum</span> <span class='ocrx_word' id='word_1_716' title='bbox 1027 1038 1160 1066; x_wconf 80' lang='lat' dir='ltr'>orationis</span> <span class='ocrx_word' id='word_1_717' title='bbox 1171 1057 1180 1065; x_wconf 84' lang='lat'>.</span> <span class='ocrx_word' id='word_1_718' title='bbox 1200 1040 1214 1070; x_wconf 78' lang='lat' dir='ltr'>J</span> <span class='ocrx_word' id='word_1_719' title='bbox 1226 1038 1295 1068; x_wconf 84' lang='lat' dir='ltr'>Ideo</span> <span class='ocrx_word' id='word_1_720' title='bbox 1303 1041 1341 1068; x_wconf 84' lang='lat' dir='ltr'>ad</span> <span class='ocrx_word' id='word_1_721' title='bbox 1349 1040 1469 1077; x_wconf 80' lang='lat' dir='ltr'>osculum</span> <span class='ocrx_word' id='word_1_722' title='bbox 1481 1042 1628 1068; x_wconf 74' lang='lat' dir='ltr'>convenire</span> <span class='ocrx_word' id='word_1_723' title='bbox 1636 1061 1645 1073; x_wconf 91' lang='lat'>,</span> <span class='ocrx_word' id='word_1_724' title='bbox 1665 1050 1716 1078; x_wconf 88' lang='lat' dir='ltr'>pro</span> <span class='ocrx_word' id='word_1_725' title='bbox 1737 1042 1771 1071; x_wconf 83' lang='lat' dir='ltr'>fi-</span> 
     </span>
     <span class='ocr_line' id='line_1_85' title="bbox 961 1079 1772 1118; baseline 0.006 -11"><span class='ocrx_word' id='word_1_726' title='bbox 961 1080 1019 1107; x_wconf 86' lang='lat' dir='ltr'>mul</span> <span class='ocrx_word' id='word_1_727' title='bbox 1029 1089 1106 1107; x_wconf 87' lang='lat' dir='ltr'>orare</span> <span class='ocrx_word' id='word_1_728' title='bbox 1117 1079 1269 1117; x_wconf 86' lang='lat' dir='ltr'>antiquitus</span> <span class='ocrx_word' id='word_1_729' title='bbox 1278 1080 1417 1109; x_wconf 71' lang='lat' dir='ltr'>dicebatur</span> <span class='ocrx_word' id='word_1_730' title='bbox 1428 1100 1434 1107; x_wconf 91' lang='lat'>.</span> <span class='ocrx_word' id='word_1_731' title='bbox 1457 1080 1542 1115; x_wconf 83' lang='lat' dir='ltr'>Quod</span> <span class='ocrx_word' id='word_1_732' title='bbox 1552 1081 1623 1118; x_wconf 84' lang='lat' dir='ltr'>pacis</span> <span class='ocrx_word' id='word_1_733' title='bbox 1645 1079 1772 1111; x_wconf 79' lang='lat' dir='ltr'>osculum</span> 
     </span>
     <span class='ocr_line' id='line_1_86' title="bbox 962 1118 1782 1160; baseline 0.006 -13"><span class='ocrx_word' id='word_1_734' title='bbox 962 1130 1021 1147; x_wconf 88' lang='lat' dir='ltr'>non</span> <span class='ocrx_word' id='word_1_735' title='bbox 1032 1118 1121 1148; x_wconf 90' lang='lat' dir='ltr'>solum</span> <span class='ocrx_word' id='word_1_736' title='bbox 1132 1119 1163 1148; x_wconf 87' lang='lat' dir='ltr'>in</span> <span class='ocrx_word' id='word_1_737' title='bbox 1175 1120 1304 1150; x_wconf 74' lang='lat' dir='ltr'>Ecclesiis</span> <span class='ocrx_word' id='word_1_738' title='bbox 1311 1121 1426 1160; x_wconf 84' lang='lat' dir='ltr'>publicis</span> <span class='ocrx_word' id='word_1_739' title='bbox 1436 1142 1444 1154; x_wconf 94' lang='lat'>,</span> <span class='ocrx_word' id='word_1_740' title='bbox 1457 1120 1505 1150; x_wconf 87' lang='lat' dir='ltr'>sed</span> <span class='ocrx_word' id='word_1_741' title='bbox 1515 1121 1583 1150; x_wconf 84' lang='lat' dir='ltr'>&amp;in</span> <span class='ocrx_word' id='word_1_742' title='bbox 1592 1121 1708 1159; x_wconf 84' lang='lat' dir='ltr'>privatis</span> <span class='ocrx_word' id='word_1_743' title='bbox 1720 1123 1782 1152; x_wconf 60' lang='lat' dir='ltr'>do«</span> 
     </span>
     <span class='ocr_line' id='line_1_87' title="bbox 961 1160 1770 1199; baseline 0.006 -11"><span class='ocrx_word' id='word_1_744' title='bbox 961 1161 1045 1188; x_wconf 79' lang='lat' dir='ltr'>mibus</span> <span class='ocrx_word' id='word_1_745' title='bbox 1055 1161 1114 1199; x_wconf 81' lang='lat' dir='ltr'>post</span> <span class='ocrx_word' id='word_1_746' title='bbox 1123 1161 1282 1190; x_wconf 85' lang='lat' dir='ltr'>orationem</span> <span class='ocrx_word' id='word_1_747' title='bbox 1292 1162 1404 1191; x_wconf 84' lang='lat' dir='ltr'>dabatur</span> <span class='ocrx_word' id='word_1_748' title='bbox 1414 1181 1423 1189; x_wconf 85' lang='lat'><em>.</em></span> <span class='ocrx_word' id='word_1_749' title='bbox 1445 1168 1457 1197; x_wconf 91' lang='lat'>[</span> <span class='ocrx_word' id='word_1_750' title='bbox 1468 1163 1551 1190; x_wconf 86' lang='lat' dir='ltr'>Potes</span> <span class='ocrx_word' id='word_1_751' title='bbox 1562 1160 1641 1190; x_wconf 84' lang='lat' dir='ltr'>domi</span> <span class='ocrx_word' id='word_1_752' title='bbox 1660 1161 1770 1193; x_wconf 87' lang='lat' dir='ltr'>deferre</span> 
     </span>
     <span class='ocr_line' id='line_1_88' title="bbox 960 1201 1770 1240; baseline 0.006 -11"><span class='ocrx_word' id='word_1_753' title='bbox 960 1210 1054 1240; x_wconf 80' lang='lat' dir='ltr'>pacem</span> <span class='ocrx_word' id='word_1_754' title='bbox 1065 1222 1073 1234; x_wconf 97' lang='lat'>,</span> <span class='ocrx_word' id='word_1_755' title='bbox 1084 1203 1096 1232; x_wconf 94' lang='grc'>]</span> <span class='ocrx_word' id='word_1_756' title='bbox 1109 1201 1296 1231; x_wconf 84' lang='lat' dir='ltr'>Tertullianus</span> <span class='ocrx_word' id='word_1_757' title='bbox 1305 1203 1423 1232; x_wconf 77' lang='lat' dir='ltr'>dixerat.</span> <span class='ocrx_word' id='word_1_758' title='bbox 1434 1203 1505 1231; x_wconf 70' lang='lat' dir='ltr'>Haec</span> <span class='ocrx_word' id='word_1_759' title='bbox 1517 1211 1609 1231; x_wconf 76' lang='lat' dir='ltr'>tamen</span> <span class='ocrx_word' id='word_1_760' title='bbox 1620 1201 1676 1240; x_wconf 79' lang='lat' dir='ltr'>pia,</span> <span class='ocrx_word' id='word_1_761' title='bbox 1685 1213 1715 1232; x_wconf 81' lang='lat' dir='ltr'>ac</span> <span class='ocrx_word' id='word_1_762' title='bbox 1726 1215 1770 1234; x_wconf 88' lang='lat' dir='ltr'>re-</span> 
     </span>
     <span class='ocr_line' id='line_1_89' title="bbox 957 1240 1770 1287; baseline 0.006 -18"><span class='ocrx_word' id='word_1_763' title='bbox 957 1241 1057 1280; x_wconf 84' lang='lat' dir='ltr'>ligiosa</span> <span class='ocrx_word' id='word_1_764' title='bbox 1065 1240 1236 1271; x_wconf 84' lang='lat' dir='ltr'>consuetudo</span> <span class='ocrx_word' id='word_1_765' title='bbox 1247 1254 1260 1272; x_wconf 90' lang='lat' dir='ltr'>a</span> <span class='ocrx_word' id='word_1_766' title='bbox 1270 1244 1307 1272; x_wconf 78' lang='lat' dir='ltr'>D.</span> <span class='ocrx_word' id='word_1_767' title='bbox 1316 1243 1450 1282; x_wconf 78' lang='lat' dir='ltr'>Philippo</span> <span class='ocrx_word' id='word_1_768' title='bbox 1459 1244 1549 1272; x_wconf 90' lang='lat' dir='ltr'>Nerio</span> <span class='ocrx_word' id='word_1_769' title='bbox 1560 1243 1632 1287; x_wconf 61' lang='lat' dir='ltr'>pacis</span> <span class='ocrx_word' id='word_1_770' title='bbox 1643 1264 1651 1276; x_wconf 90' lang='lat'>,</span> <span class='ocrx_word' id='word_1_771' title='bbox 1662 1247 1691 1272; x_wconf 77' lang='grc' dir='ltr'>δε</span> <span class='ocrx_word' id='word_1_772' title='bbox 1700 1255 1770 1274; x_wconf 89' lang='lat' dir='ltr'>con-</span> 
     </span>
     <span class='ocr_line' id='line_1_90' title="bbox 960 1282 1770 1320; baseline 0.005 -10"><span class='ocrx_word' id='word_1_773' title='bbox 960 1282 1062 1311; x_wconf 72' lang='lat' dir='ltr'>cordiae</span> <span class='ocrx_word' id='word_1_774' title='bbox 1075 1292 1195 1312; x_wconf 83' lang='lat' dir='ltr'>amatore</span> <span class='ocrx_word' id='word_1_775' title='bbox 1206 1294 1337 1313; x_wconf 81' lang='lat' dir='ltr'>renovata</span> <span class='ocrx_word' id='word_1_776' title='bbox 1348 1284 1399 1313; x_wconf 86' lang='lat' dir='ltr'>fuit</span> <span class='ocrx_word' id='word_1_777' title='bbox 1408 1297 1423 1318; x_wconf 57' lang='lat' dir='ltr'>i</span> <span class='ocrx_word' id='word_1_778' title='bbox 1441 1284 1470 1313; x_wconf 86' lang='lat' dir='ltr'>in</span> <span class='ocrx_word' id='word_1_779' title='bbox 1479 1287 1535 1320; x_wconf 79' lang='lat' dir='ltr'>ejus</span> <span class='ocrx_word' id='word_1_780' title='bbox 1545 1293 1623 1312; x_wconf 87' lang='lat' dir='ltr'>enim</span> <span class='ocrx_word' id='word_1_781' title='bbox 1636 1285 1770 1315; x_wconf 87' lang='lat' dir='ltr'>constitu-</span> 
     </span>
     <span class='ocr_line' id='line_1_91' title="bbox 960 1323 1770 1365; baseline 0.006 -14"><span class='ocrx_word' id='word_1_782' title='bbox 960 1323 1082 1352; x_wconf 83' lang='lat' dir='ltr'>tionibus</span> <span class='ocrx_word' id='word_1_783' title='bbox 1092 1323 1186 1352; x_wconf 82' lang='lat' dir='ltr'>statuit</span> <span class='ocrx_word' id='word_1_784' title='bbox 1197 1346 1204 1357; x_wconf 85' lang='lat'>‚</span> <span class='ocrx_word' id='word_1_785' title='bbox 1216 1334 1245 1353; x_wconf 90' lang='lat' dir='ltr'>ut</span> <span class='ocrx_word' id='word_1_786' title='bbox 1256 1326 1360 1363; x_wconf 69' lang='lat' dir='ltr'>pei-afta</span> <span class='ocrx_word' id='word_1_787' title='bbox 1369 1325 1483 1354; x_wconf 87' lang='lat' dir='ltr'>mentali</span> <span class='ocrx_word' id='word_1_788' title='bbox 1492 1325 1620 1354; x_wconf 81' lang='lat' dir='ltr'>oratione</span> <span class='ocrx_word' id='word_1_789' title='bbox 1633 1323 1770 1365; x_wconf 84' lang='lat' dir='ltr'>vesperti-</span> 
     </span>
     <span class='ocr_line' id='line_1_92' title="bbox 959 1365 1773 1405; baseline 0.001 -13"><span class='ocrx_word' id='word_1_790' title='bbox 959 1374 995 1392; x_wconf 89' lang='lat' dir='ltr'>na</span> <span class='ocrx_word' id='word_1_791' title='bbox 1005 1385 1014 1397; x_wconf 92' lang='lat'>,</span> <span class='ocrx_word' id='word_1_792' title='bbox 1023 1374 1105 1403; x_wconf 86' lang='lat' dir='ltr'>quam</span> <span class='ocrx_word' id='word_1_793' title='bbox 1116 1367 1207 1393; x_wconf 84' lang='lat' dir='ltr'>Patres</span> <span class='ocrx_word' id='word_1_794' title='bbox 1217 1365 1294 1394; x_wconf 75' lang='lat' dir='ltr'>simul</span> <span class='ocrx_word' id='word_1_795' title='bbox 1303 1376 1388 1405; x_wconf 87' lang='lat' dir='ltr'>agunt</span> <span class='ocrx_word' id='word_1_796' title='bbox 1398 1387 1408 1399; x_wconf 92' lang='lat'>,</span> <span class='ocrx_word' id='word_1_797' title='bbox 1420 1375 1483 1404; x_wconf 79' lang='lat' dir='ltr'>pace</span> <span class='ocrx_word' id='word_1_798' title='bbox 1493 1365 1639 1405; x_wconf 76' lang='lat' dir='ltr'>sigilletur,</span> <span class='ocrx_word' id='word_1_799' title='bbox 1648 1366 1714 1396; x_wconf 90' lang='lat' dir='ltr'>dum</span> <span class='ocrx_word' id='word_1_800' title='bbox 1722 1369 1755 1396; x_wconf 85' lang='lat' dir='ltr'>Sa</span> <span class='ocrx_word' id='word_1_801' title='bbox 1764 1384 1773 1393; x_wconf 77' lang='grc'>,</span> 
     </span>
     <span class='ocr_line' id='line_1_93' title="bbox 958 1404 1770 1445; baseline 0.006 -13"><span class='ocrx_word' id='word_1_802' title='bbox 958 1404 1038 1432; x_wconf 82' lang='lat' dir='ltr'>crista</span> <span class='ocrx_word' id='word_1_803' title='bbox 1048 1406 1121 1443; x_wconf 83' lang='lat' dir='ltr'>pacis</span> <span class='ocrx_word' id='word_1_804' title='bbox 1131 1406 1256 1435; x_wconf 81' lang='lat' dir='ltr'>tabellam</span> <span class='ocrx_word' id='word_1_805' title='bbox 1266 1407 1300 1435; x_wconf 87' lang='lat' dir='ltr'>ad</span> <span class='ocrx_word' id='word_1_806' title='bbox 1310 1405 1433 1436; x_wconf 87' lang='lat' dir='ltr'>osculum</span> <span class='ocrx_word' id='word_1_807' title='bbox 1442 1405 1611 1437; x_wconf 57' lang='lat' dir='ltr'>circumfero</span> <span class='ocrx_word' id='word_1_808' title='bbox 1623 1407 1654 1434; x_wconf 88' lang='lat' dir='ltr'>in</span> <span class='ocrx_word' id='word_1_809' title='bbox 1663 1417 1715 1445; x_wconf 87' lang='lat' dir='ltr'>qua</span> <span class='ocrx_word' id='word_1_810' title='bbox 1723 1407 1770 1437; x_wconf 86' lang='lat' dir='ltr'>so-</span> 
     </span>
     <span class='ocr_line' id='line_1_94' title="bbox 958 1445 1773 1487; baseline 0.005 -13"><span class='ocrx_word' id='word_1_811' title='bbox 958 1445 1076 1474; x_wconf 81' lang='lat' dir='ltr'>dalitate</span> <span class='ocrx_word' id='word_1_812' title='bbox 1084 1445 1165 1482; x_wconf 81' lang='lat' dir='ltr'>hujus</span> <span class='ocrx_word' id='word_1_813' title='bbox 1176 1447 1295 1475; x_wconf 85' lang='lat' dir='ltr'>coelestis</span> <span class='ocrx_word' id='word_1_814' title='bbox 1316 1447 1443 1487; x_wconf 87' lang='lat' dir='ltr'>pignoris</span> <span class='ocrx_word' id='word_1_815' title='bbox 1463 1446 1570 1476; x_wconf 65' lang='lat' dir='ltr'>effeetus</span> <span class='ocrx_word' id='word_1_816' title='bbox 1586 1445 1749 1478; x_wconf 83' lang='lat' dir='ltr'>mirabiliter</span> <span class='ocrx_word' id='word_1_817' title='bbox 1758 1455 1773 1482; x_wconf 73' lang='lat'>,⁴</span> 
     </span>
     <span class='ocr_line' id='line_1_95' title="bbox 958 1486 1768 1526; baseline 0.005 -12"><span class='ocrx_word' id='word_1_818' title='bbox 958 1496 986 1514; x_wconf 80' lang='lat' dir='ltr'>ac</span> <span class='ocrx_word' id='word_1_819' title='bbox 997 1486 1102 1525; x_wconf 74' lang='lat' dir='ltr'>Jugiten</span> <span class='ocrx_word' id='word_1_820' title='bbox 1112 1487 1385 1526; x_wconf 79' lang='lat' dir='ltr'>emicat.Antiquitus</span> <span class='ocrx_word' id='word_1_821' title='bbox 1396 1497 1454 1516; x_wconf 90' lang='lat' dir='ltr'>mos</span> <span class='ocrx_word' id='word_1_822' title='bbox 1464 1497 1610 1526; x_wconf 89' lang='lat' dir='ltr'>puerorum</span> <span class='ocrx_word' id='word_1_823' title='bbox 1621 1497 1679 1516; x_wconf 89' lang='lat' dir='ltr'>erat</span> <span class='ocrx_word' id='word_1_824' title='bbox 1688 1487 1768 1518; x_wconf 86' lang='lat' dir='ltr'>oscu-</span> 
     </span>
     <span class='ocr_line' id='line_1_96' title="bbox 958 1526 1769 1567; baseline 0.006 -13"><span class='ocrx_word' id='word_1_825' title='bbox 958 1527 982 1555; x_wconf 89' lang='lat' dir='ltr'>la</span> <span class='ocrx_word' id='word_1_826' title='bbox 987 1526 1044 1555; x_wconf 87' lang='lat' dir='ltr'>ndo</span> <span class='ocrx_word' id='word_1_827' title='bbox 1051 1528 1194 1566; x_wconf 85' lang='lat' dir='ltr'>genitores</span> <span class='ocrx_word' id='word_1_828' title='bbox 1204 1549 1215 1561; x_wconf 76' lang='lat'><em>‚</em></span> <span class='ocrx_word' id='word_1_829' title='bbox 1224 1527 1455 1567; x_wconf 69' lang='lat' dir='ltr'>aliosque-amicos</span> <span class='ocrx_word' id='word_1_830' title='bbox 1466 1551 1474 1562; x_wconf 94' lang='lat'>,</span> <span class='ocrx_word' id='word_1_831' title='bbox 1495 1539 1570 1558; x_wconf 85' lang='lat' dir='ltr'>aures</span> <span class='ocrx_word' id='word_1_832' title='bbox 1578 1528 1769 1567; x_wconf 84' lang='lat' dir='ltr'>apprehende-</span> 
     </span>
     <span class='ocr_line' id='line_1_97' title="bbox 958 1568 1770 1607; baseline 0.005 -12"><span class='ocrx_word' id='word_1_833' title='bbox 958 1577 996 1600; x_wconf 85' lang='lat' dir='ltr'>re,</span> <span class='ocrx_word' id='word_1_834' title='bbox 1007 1570 1084 1603; x_wconf 69' lang='lat' dir='ltr'>cujus</span> <span class='ocrx_word' id='word_1_835' title='bbox 1092 1568 1326 1607; x_wconf 77' lang='lat' dir='ltr'>significationem</span> <span class='ocrx_word' id='word_1_836' title='bbox 1337 1570 1371 1599; x_wconf 82' lang='lat' dir='ltr'>fic</span> <span class='ocrx_word' id='word_1_837' title='bbox 1381 1569 1475 1599; x_wconf 87' lang='lat' dir='ltr'>Clem.</span> <span class='ocrx_word' id='word_1_838' title='bbox 1486 1571 1570 1599; x_wconf 78' lang='lat' dir='ltr'>Alex.</span> <span class='ocrx_word' id='word_1_839' title='bbox 1581 1570 1674 1598; x_wconf 88' lang='lat' dir='ltr'>strom.</span> <span class='ocrx_word' id='word_1_840' title='bbox 1691 1579 1770 1605; x_wconf 84' lang='lat' dir='ltr'>5.ex-</span> 
     </span>
     <span class='ocr_line' id='line_1_98' title="bbox 957 1608 1767 1650; baseline 0.005 -14"><span class='ocrx_word' id='word_1_841' title='bbox 957 1608 1044 1647; x_wconf 84' lang='lat' dir='ltr'>plicat</span> <span class='ocrx_word' id='word_1_842' title='bbox 1054 1620 1061 1637; x_wconf 86' lang='lat'>:</span> <span class='ocrx_word' id='word_1_843' title='bbox 1077 1615 1089 1644; x_wconf 95' lang='lat'>[</span> <span class='ocrx_word' id='word_1_844' title='bbox 1103 1611 1173 1639; x_wconf 91' lang='lat' dir='ltr'>Non</span> <span class='ocrx_word' id='word_1_845' title='bbox 1182 1620 1249 1649; x_wconf 87' lang='lat' dir='ltr'>ergo</span> <span class='ocrx_word' id='word_1_846' title='bbox 1259 1620 1363 1640; x_wconf 85' lang='lat' dir='ltr'>temere</span> <span class='ocrx_word' id='word_1_847' title='bbox 1373 1612 1462 1648; x_wconf 86' lang='lat' dir='ltr'>pueris</span> <span class='ocrx_word' id='word_1_848' title='bbox 1474 1609 1648 1650; x_wconf 75' lang='lat' dir='ltr'>praecipimus</span> <span class='ocrx_word' id='word_1_849' title='bbox 1658 1632 1666 1643; x_wconf 88' lang='lat'><em>‚</em></span> <span class='ocrx_word' id='word_1_850' title='bbox 1678 1620 1708 1639; x_wconf 90' lang='lat' dir='ltr'>ut</span> <span class='ocrx_word' id='word_1_851' title='bbox 1718 1620 1767 1649; x_wconf 84' lang='lat' dir='ltr'>ap-</span> 
     </span>
     <span class='ocr_line' id='line_1_99' title="bbox 957 1647 1769 1689; baseline 0.005 -12"><span class='ocrx_word' id='word_1_852' title='bbox 957 1647 1098 1688; x_wconf 81' lang='lat' dir='ltr'>prehensis</span> <span class='ocrx_word' id='word_1_853' title='bbox 1108 1651 1212 1679; x_wconf 84' lang='lat' dir='ltr'>auribus</span> <span class='ocrx_word' id='word_1_854' title='bbox 1222 1651 1322 1680; x_wconf 81' lang='lat' dir='ltr'>amicos</span> <span class='ocrx_word' id='word_1_855' title='bbox 1333 1650 1492 1681; x_wconf 81' lang='lat' dir='ltr'>osculentur</span> <span class='ocrx_word' id='word_1_856' title='bbox 1502 1673 1510 1685; x_wconf 92' lang='lat'>,</span> <span class='ocrx_word' id='word_1_857' title='bbox 1530 1650 1584 1680; x_wconf 83' lang='lat' dir='ltr'>hoc</span> <span class='ocrx_word' id='word_1_858' title='bbox 1593 1651 1691 1689; x_wconf 77' lang='lat' dir='ltr'>utique</span> <span class='ocrx_word' id='word_1_859' title='bbox 1698 1652 1769 1681; x_wconf 81' lang='lat' dir='ltr'>taci-</span> 
     </span>
     <span class='ocr_line' id='line_1_100' title="bbox 958 1690 1769 1732; baseline 0.004 -14"><span class='ocrx_word' id='word_1_860' title='bbox 958 1700 985 1718; x_wconf 88' lang='lat' dir='ltr'>te</span> <span class='ocrx_word' id='word_1_861' title='bbox 996 1690 1178 1728; x_wconf 83' lang='lat' dir='ltr'>fignificantes</span> <span class='ocrx_word' id='word_1_862' title='bbox 1189 1691 1346 1730; x_wconf 82' lang='lat' dir='ltr'>ingenerari</span> <span class='ocrx_word' id='word_1_863' title='bbox 1363 1703 1415 1732; x_wconf 88' lang='lat' dir='ltr'>per</span> <span class='ocrx_word' id='word_1_864' title='bbox 1431 1693 1557 1722; x_wconf 84' lang='lat' dir='ltr'>auditum</span> <span class='ocrx_word' id='word_1_865' title='bbox 1574 1690 1769 1722; x_wconf 84' lang='lat' dir='ltr'>sensumdirc-</span> 
     </span>
     <span class='ocr_line' id='line_1_101' title="bbox 957 1731 1770 1773; baseline 0.005 -15"><span class='ocrx_word' id='word_1_866' title='bbox 957 1731 1060 1759; x_wconf 69' lang='lat' dir='ltr'>&amp;ionis</span> <span class='ocrx_word' id='word_1_867' title='bbox 1069 1732 1082 1762; x_wconf 74' lang='grc'>3</span> <span class='ocrx_word' id='word_1_868' title='bbox 1092 1732 1166 1769; x_wconf 88' lang='lat' dir='ltr'>quod</span> <span class='ocrx_word' id='word_1_869' title='bbox 1175 1732 1299 1761; x_wconf 86' lang='lat' dir='ltr'>osculum</span> <span class='ocrx_word' id='word_1_870' title='bbox 1309 1731 1402 1773; x_wconf 66' lang='grc' dir='ltr'>χύτραι</span> <span class='ocrx_word' id='word_1_871' title='bbox 1411 1756 1420 1767; x_wconf 95' lang='lat'>,</span> <span class='ocrx_word' id='word_1_872' title='bbox 1430 1744 1521 1773; x_wconf 71' lang='lat' dir='ltr'>graece</span> <span class='ocrx_word' id='word_1_873' title='bbox 1531 1755 1539 1767; x_wconf 90' lang='lat'><em>‚</em></span> <span class='ocrx_word' id='word_1_874' title='bbox 1561 1734 1630 1763; x_wconf 81' lang='lat' dir='ltr'>idest</span> <span class='ocrx_word' id='word_1_875' title='bbox 1640 1754 1648 1765; x_wconf 94' lang='lat'><em>‚</em></span> <span class='ocrx_word' id='word_1_876' title='bbox 1660 1733 1716 1762; x_wconf 86' lang='lat' dir='ltr'>olla</span> <span class='ocrx_word' id='word_1_877' title='bbox 1724 1733 1770 1762; x_wconf 87' lang='lat' dir='ltr'>di-</span> 
     </span>
     <span class='ocr_line' id='line_1_102' title="bbox 957 1772 1766 1813; baseline 0.005 -14"><span class='ocrx_word' id='word_1_878' title='bbox 957 1772 1065 1800; x_wconf 82' lang='lat' dir='ltr'>cebatur</span> <span class='ocrx_word' id='word_1_879' title='bbox 1074 1792 1082 1804; x_wconf 86' lang='lat'><em>‚</em></span> <span class='ocrx_word' id='word_1_880' title='bbox 1093 1773 1155 1810; x_wconf 85' lang='lat' dir='ltr'>quia</span> <span class='ocrx_word' id='word_1_881' title='bbox 1163 1783 1243 1811; x_wconf 83' lang='lat' dir='ltr'>caput</span> <span class='ocrx_word' id='word_1_882' title='bbox 1255 1783 1303 1810; x_wconf 88' lang='lat' dir='ltr'>pei·</span> <span class='ocrx_word' id='word_1_883' title='bbox 1312 1784 1386 1802; x_wconf 85' lang='lat' dir='ltr'>aures</span> <span class='ocrx_word' id='word_1_884' title='bbox 1396 1774 1650 1813; x_wconf 76' lang='lat' dir='ltr'>apprehendebant,</span> <span class='ocrx_word' id='word_1_885' title='bbox 1662 1784 1696 1802; x_wconf 88' lang='lat' dir='ltr'>eo</span> <span class='ocrx_word' id='word_1_886' title='bbox 1705 1784 1766 1802; x_wconf 81' lang='lat' dir='ltr'>mo—</span> 
     </span>
     <span class='ocr_line' id='line_1_103' title="bbox 958 1812 1765 1854; baseline 0.004 -14"><span class='ocrx_word' id='word_1_887' title='bbox 958 1812 996 1840; x_wconf 91' lang='lat' dir='ltr'>do</span> <span class='ocrx_word' id='word_1_888' title='bbox 1005 1834 1013 1845; x_wconf 92' lang='lat'>,</span> <span class='ocrx_word' id='word_1_889' title='bbox 1025 1822 1083 1850; x_wconf 88' lang='lat' dir='ltr'>quo</span> <span class='ocrx_word' id='word_1_890' title='bbox 1089 1813 1145 1841; x_wconf 82' lang='lat' dir='ltr'>olla</span> <span class='ocrx_word' id='word_1_891' title='bbox 1158 1823 1207 1851; x_wconf 85' lang='lat' dir='ltr'>per</span> <span class='ocrx_word' id='word_1_892' title='bbox 1215 1812 1288 1842; x_wconf 82' lang='lat' dir='ltr'>ansas</span> <span class='ocrx_word' id='word_1_893' title='bbox 1297 1814 1415 1844; x_wconf 86' lang='lat' dir='ltr'>sumitur</span> <span class='ocrx_word' id='word_1_894' title='bbox 1426 1835 1437 1844; x_wconf 80' lang='grc'><strong><em>.</em></strong></span> <span class='ocrx_word' id='word_1_895' title='bbox 1445 1816 1563 1854; x_wconf 83' lang='lat' dir='ltr'>Reliqua</span> <span class='ocrx_word' id='word_1_896' title='bbox 1574 1836 1583 1843; x_wconf 83' lang='lat'>.</span> <span class='ocrx_word' id='word_1_897' title='bbox 1596 1816 1668 1844; x_wconf 89' lang='lat' dir='ltr'>Vide</span> <span class='ocrx_word' id='word_1_898' title='bbox 1678 1816 1765 1852; x_wconf 81' lang='lat' dir='ltr'>Ostu-</span> 
     </span>
     <span class='ocr_line' id='line_1_104' title="bbox 958 1853 1765 1889; baseline 0.006 -9"><span class='ocrx_word' id='word_1_899' title='bbox 958 1853 1018 1880; x_wconf 85' lang='lat' dir='ltr'>lum</span> <span class='ocrx_word' id='word_1_900' title='bbox 1027 1871 1037 1878; x_wconf 79' lang='lat'>-</span> <span class='ocrx_word' id='word_1_901' title='bbox 1048 1853 1094 1881; x_wconf 89' lang='lat' dir='ltr'>De</span> <span class='ocrx_word' id='word_1_902' title='bbox 1105 1855 1173 1882; x_wconf 90' lang='lat' dir='ltr'>Pace</span> <span class='ocrx_word' id='word_1_903' title='bbox 1183 1874 1192 1881; x_wconf 80' lang='lat'><em>.</em></span> <span class='ocrx_word' id='word_1_904' title='bbox 1211 1854 1284 1883; x_wconf 91' lang='lat' dir='ltr'>Vide</span> <span class='ocrx_word' id='word_1_905' title='bbox 1294 1860 1411 1884; x_wconf 70' lang='lat' dir='ltr'>Irenaux</span> <span class='ocrx_word' id='word_1_906' title='bbox 1419 1876 1427 1884; x_wconf 87' lang='lat'><strong>.</strong></span> <span class='ocrx_word' id='word_1_907' title='bbox 1436 1861 1567 1885; x_wconf 74' lang='lat' dir='ltr'>Irenarca</span> <span class='ocrx_word' id='word_1_908' title='bbox 1577 1878 1585 1889; x_wconf 88' lang='lat'>,</span> <span class='ocrx_word' id='word_1_909' title='bbox 1602 1857 1742 1885; x_wconf 57' lang='lat' dir='ltr'>zabarnam</span> <span class='ocrx_word' id='word_1_910' title='bbox 1755 1877 1765 1885; x_wconf 84' lang='grc'><strong>.</strong></span> 
     </span>
     <span class='ocr_line' id='line_1_105' title="bbox 962 1893 1767 1936; baseline 0.005 -15"><span class='ocrx_word' id='word_1_911' title='bbox 962 1894 1021 1922; x_wconf 77' lang='lat' dir='ltr'>FR.</span> <span class='ocrx_word' id='word_1_912' title='bbox 1031 1893 1062 1920; x_wconf 85' lang='lat' dir='ltr'>in</span> <span class='ocrx_word' id='word_1_913' title='bbox 1070 1894 1192 1932; x_wconf 80' lang='lat' dir='ltr'>antiquis</span> <span class='ocrx_word' id='word_1_914' title='bbox 1214 1894 1441 1933; x_wconf 74' lang='lat' dir='ltr'>inscriptionibus</span> <span class='ocrx_word' id='word_1_915' title='bbox 1460 1897 1571 1934; x_wconf 81' lang='lat' dir='ltr'>quando</span> <span class='ocrx_word' id='word_1_916' title='bbox 1592 1897 1767 1936; x_wconf 66' lang='lat' dir='ltr'>reperiuntur</span> 
     </span>
     <span class='ocr_line' id='line_1_106' title="bbox 959 1933 1769 1978; baseline 0.006 -16"><span class='ocrx_word' id='word_1_917' title='bbox 959 1933 1019 1962; x_wconf 76' lang='lat' dir='ltr'>haec</span> <span class='ocrx_word' id='word_1_918' title='bbox 1031 1933 1113 1962; x_wconf 81' lang='lat' dir='ltr'>verba</span> <span class='ocrx_word' id='word_1_919' title='bbox 1123 1937 1259 1975; x_wconf 57' lang='lat' dir='ltr'>§Lude-vit,</span> <span class='ocrx_word' id='word_1_920' title='bbox 1271 1936 1316 1964; x_wconf 87' lang='lat' dir='ltr'>vel</span> <span class='ocrx_word' id='word_1_921' title='bbox 1324 1937 1457 1977; x_wconf 55' lang='lat' dir='ltr'>Quiesce}</span> <span class='ocrx_word' id='word_1_922' title='bbox 1465 1941 1496 1965; x_wconf 82' lang='lat' dir='ltr'>in</span> <span class='ocrx_word' id='word_1_923' title='bbox 1503 1946 1581 1975; x_wconf 81' lang='lat' dir='ltr'>pace,</span> <span class='ocrx_word' id='word_1_924' title='bbox 1589 1937 1698 1978; x_wconf 82' lang='lat' dir='ltr'>[ignum</span> <span class='ocrx_word' id='word_1_925' title='bbox 1706 1938 1745 1966; x_wconf 87' lang='lat' dir='ltr'>est</span> <span class='ocrx_word' id='word_1_926' title='bbox 1755 1958 1769 1971; x_wconf 80' lang='grc'><strong><em>,</em></strong></span> 
     </span>
     <span class='ocr_line' id='line_1_107' title="bbox 961 1974 1763 2013; baseline 0.009 -12"><span class='ocrx_word' id='word_1_927' title='bbox 961 1974 1037 2013; x_wconf 83' lang='lat' dir='ltr'>quod</span> <span class='ocrx_word' id='word_1_928' title='bbox 1045 1974 1200 2012; x_wconf 77' lang='lat' dir='ltr'>depolitum</span> <span class='ocrx_word' id='word_1_929' title='bbox 1209 1976 1280 2004; x_wconf 86' lang='lat' dir='ltr'>illud</span> <span class='ocrx_word' id='word_1_930' title='bbox 1290 1976 1322 2005; x_wconf 84' lang='lat' dir='ltr'>sit</span> <span class='ocrx_word' id='word_1_931' title='bbox 1332 1980 1443 2012; x_wconf 79' lang='lat' dir='ltr'>alicujus</span> <span class='ocrx_word' id='word_1_932' title='bbox 1453 1977 1608 2007; x_wconf 83' lang='lat' dir='ltr'>Christiani</span> <span class='ocrx_word' id='word_1_933' title='bbox 1621 2000 1628 2012; x_wconf 87' lang='lat'>,</span> <span class='ocrx_word' id='word_1_934' title='bbox 1640 1980 1681 2007; x_wconf 79' lang='lat' dir='ltr'>ita</span> <span class='ocrx_word' id='word_1_935' title='bbox 1690 1981 1763 2007; x_wconf 83' lang='lat' dir='ltr'>Gru-</span> 
     </span>
     <span class='ocr_line' id='line_1_108' title="bbox 961 2014 1764 2058; baseline 0.005 -15"><span class='ocrx_word' id='word_1_936' title='bbox 961 2025 1034 2043; x_wconf 87' lang='lat' dir='ltr'>terus</span> <span class='ocrx_word' id='word_1_937' title='bbox 1047 2014 1081 2043; x_wconf 89' lang='lat' dir='ltr'>de</span> <span class='ocrx_word' id='word_1_938' title='bbox 1090 2015 1213 2054; x_wconf 84' lang='lat' dir='ltr'>epitaph.</span> <span class='ocrx_word' id='word_1_939' title='bbox 1223 2015 1602 2058; x_wconf 65' lang='lat' dir='ltr'>Christianorumfforrigius</span> <span class='ocrx_word' id='word_1_940' title='bbox 1612 2020 1647 2049; x_wconf 90' lang='lat' dir='ltr'>de</span> <span class='ocrx_word' id='word_1_941' title='bbox 1656 2020 1686 2049; x_wconf 83' lang='lat' dir='ltr'><em>C</em></span> <span class='ocrx_word' id='word_1_942' title='bbox 1685 2029 1764 2058; x_wconf 82' lang='lat' dir='ltr'>rypt.</span> 
     </span>
     <span class='ocr_line' id='line_1_109' title="bbox 963 2054 1578 2096; baseline 0.008 -12"><span class='ocrx_word' id='word_1_943' title='bbox 963 2056 1054 2084; x_wconf 82' lang='lat' dir='ltr'>vatic.</span> <span class='ocrx_word' id='word_1_944' title='bbox 1064 2056 1093 2083; x_wconf 92' lang='lat' dir='ltr'>in</span> <span class='ocrx_word' id='word_1_945' title='bbox 1103 2054 1219 2085; x_wconf 77' lang='lat' dir='ltr'>secunda</span> <span class='ocrx_word' id='word_1_946' title='bbox 1229 2057 1312 2095; x_wconf 85' lang='lat' dir='ltr'>impr.</span> <span class='ocrx_word' id='word_1_947' title='bbox 1322 2067 1384 2096; x_wconf 88' lang='lat' dir='ltr'>pag.</span> <span class='ocrx_word' id='word_1_948' title='bbox 1397 2065 1462 2093; x_wconf 86' lang='lat'>576.</span> <span class='ocrx_word' id='word_1_949' title='bbox 1473 2063 1502 2088; x_wconf 78' lang='grc' dir='ltr'>ὅ(</span> <span class='ocrx_word' id='word_1_950' title='bbox 1511 2060 1559 2089; x_wconf 85' lang='lat' dir='ltr'>alii</span> <span class='ocrx_word' id='word_1_951' title='bbox 1567 2080 1578 2088; x_wconf 85' lang='lat'><strong><em>.</em></strong></span> 
     </span>
     <span class='ocr_line' id='line_1_110' title="bbox 945 2097 1764 2139; baseline 0.007 -16"><span class='ocrx_word' id='word_1_952' title='bbox 945 2107 984 2124; x_wconf 55' lang='lat' dir='ltr'>ax</span> <span class='ocrx_word' id='word_1_953' title='bbox 994 2097 1113 2124; x_wconf 69' lang='lat' dir='ltr'>Domm</span> <span class='ocrx_word' id='word_1_954' title='bbox 1124 2097 1175 2126; x_wconf 79' lang='lat' dir='ltr'>Sir</span> <span class='ocrx_word' id='word_1_955' title='bbox 1186 2098 1300 2126; x_wconf 69' lang='lat' dir='ltr'>Sempzit</span> <span class='ocrx_word' id='word_1_956' title='bbox 1311 2100 1481 2130; x_wconf 61' lang='lat' dir='ltr'>Voaiscuni</span> <span class='ocrx_word' id='word_1_957' title='bbox 1493 2101 1581 2135; x_wconf 83' lang='lat' dir='ltr'>verba,</span> <span class='ocrx_word' id='word_1_958' title='bbox 1590 2111 1650 2139; x_wconf 73' lang='lat' dir='ltr'>quae</span> <span class='ocrx_word' id='word_1_959' title='bbox 1663 2100 1764 2129; x_wconf 69' lang='lat' dir='ltr'>dicun-&#39;</span> 
     </span>
     <span class='ocr_line' id='line_1_111' title="bbox 962 2137 1764 2180; baseline 0.007 -15"><span class='ocrx_word' id='word_1_960' title='bbox 962 2147 1006 2165; x_wconf 90' lang='lat' dir='ltr'>tur</span> <span class='ocrx_word' id='word_1_961' title='bbox 1015 2148 1029 2165; x_wconf 83' lang='lat' dir='ltr'>a</span> <span class='ocrx_word' id='word_1_962' title='bbox 1048 2137 1194 2166; x_wconf 80' lang='lat' dir='ltr'>Saoerdote</span> <span class='ocrx_word' id='word_1_963' title='bbox 1202 2160 1210 2171; x_wconf 95' lang='lat'>,</span> <span class='ocrx_word' id='word_1_964' title='bbox 1228 2148 1377 2177; x_wconf 84' lang='lat' dir='ltr'>antequam</span> <span class='ocrx_word' id='word_1_965' title='bbox 1385 2139 1520 2170; x_wconf 83' lang='lat' dir='ltr'>immittat</span> <span class='ocrx_word' id='word_1_966' title='bbox 1537 2143 1700 2180; x_wconf 81' lang='lat' dir='ltr'>particulam</span> <span class='ocrx_word' id='word_1_967' title='bbox 1713 2141 1764 2169; x_wconf 87' lang='lat' dir='ltr'>ho-</span> 
     </span>
     <span class='ocr_line' id='line_1_112' title="bbox 961 2177 1766 2217; baseline 0.005 -12"><span class='ocrx_word' id='word_1_968' title='bbox 961 2177 1019 2206; x_wconf 76' lang='lat' dir='ltr'>stiae</span> <span class='ocrx_word' id='word_1_969' title='bbox 1030 2177 1061 2206; x_wconf 87' lang='lat' dir='ltr'>in</span> <span class='ocrx_word' id='word_1_970' title='bbox 1070 2179 1168 2208; x_wconf 80' lang='lat' dir='ltr'>Calice</span> <span class='ocrx_word' id='word_1_971' title='bbox 1177 2199 1184 2206; x_wconf 90' lang='lat'>.</span> <span class='ocrx_word' id='word_1_972' title='bbox 1197 2179 1269 2208; x_wconf 83' lang='lat' dir='ltr'>Vide</span> <span class='ocrx_word' id='word_1_973' title='bbox 1281 2181 1375 2216; x_wconf 69' lang='lat' dir='ltr'>Hostia</span> <span class='ocrx_word' id='word_1_974' title='bbox 1383 2200 1390 2208; x_wconf 89' lang='lat'><strong>.</strong></span> <span class='ocrx_word' id='word_1_975' title='bbox 1401 2181 1427 2212; x_wconf 70' lang='grc' dir='ltr'>ξ.</span> <span class='ocrx_word' id='word_1_976' title='bbox 1438 2181 1503 2217; x_wconf 86' lang='lat' dir='ltr'>Quo</span> <span class='ocrx_word' id='word_1_977' title='bbox 1513 2191 1581 2211; x_wconf 89' lang='lat' dir='ltr'>vero</span> <span class='ocrx_word' id='word_1_978' title='bbox 1589 2183 1623 2211; x_wconf 81' lang='lat' dir='ltr'>ad</span> <span class='ocrx_word' id='word_1_979' title='bbox 1631 2192 1766 2210; x_wconf 59' lang='lat' dir='ltr'>ceremo-</span> 
     </span>
     <span class='ocr_line' id='line_1_113' title="bbox 961 2218 1763 2262; baseline 0.006 -17"><span class='ocrx_word' id='word_1_980' title='bbox 961 2219 1036 2246; x_wconf 87' lang='lat' dir='ltr'>niam</span> <span class='ocrx_word' id='word_1_981' title='bbox 1047 2218 1188 2248; x_wconf 68' lang='lat' dir='ltr'>fractionis</span> <span class='ocrx_word' id='word_1_982' title='bbox 1198 2219 1304 2249; x_wconf 73' lang='lat' dir='ltr'>Hosti-‘e</span> <span class='ocrx_word' id='word_1_983' title='bbox 1313 2240 1322 2247; x_wconf 86' lang='lat'>-</span> <span class='ocrx_word' id='word_1_984' title='bbox 1340 2221 1458 2256; x_wconf 85' lang='lat' dir='ltr'>Quando</span> <span class='ocrx_word' id='word_1_985' title='bbox 1468 2224 1539 2262; x_wconf 85' lang='lat' dir='ltr'>Papa</span> <span class='ocrx_word' id='word_1_986' title='bbox 1545 2224 1664 2252; x_wconf 78' lang='lat' dir='ltr'>celebrat</span> <span class='ocrx_word' id='word_1_987' title='bbox 1676 2224 1705 2250; x_wconf 89' lang='lat' dir='ltr'>iii</span> <span class='ocrx_word' id='word_1_988' title='bbox 1714 2225 1763 2251; x_wconf 87' lang='lat' dir='ltr'>Ba-</span> 
     </span>
     <span class='ocr_line' id='line_1_114' title="bbox 962 2258 1764 2302; baseline 0.006 -15"><span class='ocrx_word' id='word_1_989' title='bbox 962 2258 1036 2287; x_wconf 83' lang='lat' dir='ltr'>filica</span> <span class='ocrx_word' id='word_1_990' title='bbox 1045 2260 1071 2288; x_wconf 87' lang='lat' dir='ltr'>S.</span> <span class='ocrx_word' id='word_1_991' title='bbox 1081 2261 1175 2288; x_wconf 75' lang='lat' dir='ltr'>Mariae</span> <span class='ocrx_word' id='word_1_992' title='bbox 1186 2262 1309 2296; x_wconf 70' lang='lat' dir='ltr'>Maioris,</span> <span class='ocrx_word' id='word_1_993' title='bbox 1319 2261 1355 2290; x_wconf 72' lang='lat' dir='ltr'>ad</span> <span class='ocrx_word' id='word_1_994' title='bbox 1365 2262 1447 2291; x_wconf 82' lang='lat' dir='ltr'>verba</span> <span class='ocrx_word' id='word_1_995' title='bbox 1458 2267 1518 2292; x_wconf 81' lang='lat' dir='ltr'>Pax</span> <span class='ocrx_word' id='word_1_996' title='bbox 1527 2268 1641 2293; x_wconf 76' lang='lat' dir='ltr'>Domini</span> <span class='ocrx_word' id='word_1_997' title='bbox 1644 2264 1685 2302; x_wconf 84' lang='lat' dir='ltr'>fit</span> <span class='ocrx_word' id='word_1_998' title='bbox 1688 2264 1710 2299; x_wconf 80' lang='lat' dir='ltr'><em>s</em></span> <span class='ocrx_word' id='word_1_999' title='bbox 1706 2274 1764 2292; x_wconf 85' lang='lat' dir='ltr'>em-</span> 
     </span>
     <span class='ocr_line' id='line_1_115' title="bbox 958 2300 1763 2344; baseline 0.006 -17"><span class='ocrx_word' id='word_1_1000' title='bbox 958 2307 1024 2338; x_wconf 78' lang='lat' dir='ltr'>per,</span> <span class='ocrx_word' id='word_1_1001' title='bbox 1044 2300 1105 2334; x_wconf 68' lang='lat' dir='ltr'>&amp;n</span> <span class='ocrx_word' id='word_1_1002' title='bbox 1113 2300 1224 2330; x_wconf 86' lang='lat' dir='ltr'>Chorus</span> <span class='ocrx_word' id='word_1_1003' title='bbox 1241 2301 1302 2330; x_wconf 81' lang='lat' dir='ltr'>silet</span> <span class='ocrx_word' id='word_1_1004' title='bbox 1311 2303 1342 2330; x_wconf 93' lang='lat' dir='ltr'>in</span> <span class='ocrx_word' id='word_1_1005' title='bbox 1352 2304 1515 2333; x_wconf 84' lang='lat' dir='ltr'>memoriam</span> <span class='ocrx_word' id='word_1_1006' title='bbox 1536 2305 1608 2334; x_wconf 83' lang='lat' dir='ltr'>illius</span> <span class='ocrx_word' id='word_1_1007' title='bbox 1621 2304 1763 2344; x_wconf 86' lang='lat' dir='ltr'>prodigii,</span> 
     </span>
     <span class='ocr_line' id='line_1_116' title="bbox 963 2341 1766 2385; baseline 0.006 -17"><span class='ocrx_word' id='word_1_1008' title='bbox 963 2341 1079 2379; x_wconf 83' lang='lat' dir='ltr'>quando</span> <span class='ocrx_word' id='word_1_1009' title='bbox 1090 2341 1120 2370; x_wconf 92' lang='lat' dir='ltr'>in</span> <span class='ocrx_word' id='word_1_1010' title='bbox 1132 2342 1179 2370; x_wconf 89' lang='lat' dir='ltr'>die</span> <span class='ocrx_word' id='word_1_1011' title='bbox 1189 2341 1297 2371; x_wconf 82' lang='lat' dir='ltr'>Paschz</span> <span class='ocrx_word' id='word_1_1012' title='bbox 1306 2343 1457 2373; x_wconf 82' lang='lat' dir='ltr'>celebranti</span> <span class='ocrx_word' id='word_1_1013' title='bbox 1466 2346 1504 2374; x_wconf 91' lang='lat' dir='ltr'>ibi</span> <span class='ocrx_word' id='word_1_1014' title='bbox 1512 2347 1548 2375; x_wconf 91' lang='lat' dir='ltr'>D.</span> <span class='ocrx_word' id='word_1_1015' title='bbox 1561 2348 1649 2385; x_wconf 88' lang='lat' dir='ltr'>Greg.</span> <span class='ocrx_word' id='word_1_1016' title='bbox 1660 2344 1766 2384; x_wconf 84' lang='lat' dir='ltr'>Angeli</span> 
     </span>
     <span class='ocr_line' id='line_1_117' title="bbox 961 2380 1487 2422; baseline 0.011 -13"><span class='ocrx_word' id='word_1_1017' title='bbox 961 2380 1164 2421; x_wconf 81' lang='lat' dir='ltr'>responderunt</span> <span class='ocrx_word' id='word_1_1018' title='bbox 1173 2395 1180 2412; x_wconf 85' lang='lat'>:</span> <span class='ocrx_word' id='word_1_1019' title='bbox 1190 2389 1230 2413; x_wconf 68' lang='lat' dir='ltr'>Et</span> <span class='ocrx_word' id='word_1_1020' title='bbox 1238 2384 1412 2422; x_wconf 70' lang='lat' dir='ltr'>cumspintu</span> <span class='ocrx_word' id='word_1_1021' title='bbox 1422 2394 1470 2415; x_wconf 83' lang='lat' dir='ltr'>tuo</span> <span class='ocrx_word' id='word_1_1022' title='bbox 1478 2406 1487 2414; x_wconf 84' lang='lat'><em>.</em></span> 
     </span>
    </p>
   </div>
   <div class='ocr_carea' id='block_1_6' title="bbox 1374 2426 1726 2456">
    <p class='ocr_par' dir='ltr' id='par_1_7' title="bbox 1374 2426 1726 2456">
     <span class='ocr_line' id='line_1_118' title="bbox 1374 2426 1726 2456; baseline 0.006 -2"><span class='ocrx_word' id='word_1_1023' title='bbox 1374 2426 1439 2454; x_wconf 77' lang='lat' dir='ltr'>Kk</span> <span class='ocrx_word' id='word_1_1024' title='bbox 1482 2439 1497 2456; x_wconf 78' lang='lat' dir='ltr'>i.</span> <span class='ocrx_word' id='word_1_1025' title='bbox 1664 2428 1726 2456; x_wconf 69' lang='lat' dir='ltr'>Pax</span> 
     </span>
    </p>
   </div>
  </div>
 </body>
</html>
