1866 2526
359 39 470 84 CO

118 100 181 138 quia
190 99 269 139 supet
284 99 339 129 hoc
348 99 381 129 ad
390 107 440 127 nos
447 96 550 125 clamor
557 94 649 123 denuo
667 93 817 123 ascenderit
827 115 834 127 ‚
858 102 916 121 non

119 141 268 179 poterimus
286 137 503 170 conniventibus
522 135 610 165 oculis
622 136 803 175 pertransire,
829 135 914 170 μὰς-

116 180 211 211 emal.
220 182 266 210 tit.
276 192 325 220 33.
334 191 358 210 c.
371 187 419 210 26-

79 223 201 252 Conon.
220 221 343 252 FR.hoc
354 221 460 261 figi-ium
471 218 544 258 saepe
564 218 594 247 in
617 217 821 247 numismatibus
842 218 913 254 Imp.

119 263 180 302 post
190 262 407 292 Constantinum
417 263 550 300 Magnum
565 258 689 289 incusum
700 260 838 297 reperitur
849 269 855 285 :
868 257 913 286 sed

117 313 172 343 quo
182 304 216 332 ad
224 307 282 340 ejus
292 302 524 343 significationem
542 301 618 330 varie
636 301 668 329 ab
690 300 853 329 Austoribus
873 309 913 326 ar-

116 344 212 383 guitur
222 365 230 372 .
253 344 313 373 Alii
322 344 396 373 enim
406 344 440 372 lic
450 342 609 370 combinant
622 354 628 368 :
641 341 741 371 CON.
749 342 815 370 OB.
825 339 891 368 idest
905 360 912 372 ,

119 384 473 422 Constantincpmlfignata
482 405 489 411 .
505 383 565 412 Alii
579 392 645 410 vero
656 392 717 410 cuin
728 381 910 418 interpunftis

116 425 223 454 malunt
233 425 391 464 intelligere
402 446 409 457 ,
433 424 467 453 fic
480 436 485 452 ε
497 423 692 453 c.O.N.O.B.
702 431 733 451 ut
741 421 813 459 apud
824 421 912 450 Adol-

115 465 202 506 phum
212 467 357 496 Oceanum
370 488 377 498 ‚
388 465 437 493 sol.
448 476 461 503 3
471 470 515 503 83.
529 465 576 503 qui
588 465 619 492 in
627 461 834 492 numismatibus
857 462 912 490 Pla-

117 507 157 536 vii
166 507 362 537 Valentiniani
373 507 463 545 inquit
474 520 481 534 .-
497 505 717 541 [C.O.N.O.B.
726 502 793 541 quid
805 503 851 531 fibi
865 513 911 530 ve-

1261 31 1303 74 C
1332 33 1375 74 O
1633 47 1709 77 211

973 94 1037 124 dere
1049 114 1056 126 ,
1077 91 1152 133 quod
1162 89 1288 120 Christus
1300 89 1332 119 sit
1355 100 1433 119 verus
1443 89 1528 119 homo
1537 92 1568 122 -]
1592 94 1624 120 Et
1636 93 1745 132 inferius
1756 104 1765 121 :

974 141 987 172 [
1003 134 1090 165 Unde
1101 133 1149 162 ille
1159 154 1165 165 ,
1188 133 1235 170 qui
1247 131 1320 160 vidit
1334 154 1341 166 ,
1353 131 1543 160 testiinonium
1554 131 1712 169 perhibuit',
1733 136 1764 161 δε

973 175 1162 205 testimonium
1170 176 1225 210 ejus
1235 173 1274 202 est
1287 183 1381 202 verum
1391 195 1399 206 ,
1420 173 1485 211 quia
1495 181 1550 201 tres
1558 171 1620 200 sunt
1630 173 1676 211 qui
1687 174 1761 202 testi-

973 217 1101 246 monium
1111 216 1178 244 dant
1191 214 1220 243 in
1230 224 1300 242 terra
1310 235 1317 247 ‚
1336 213 1446 252 spiritus
1457 234 1464 246 ‚
1485 223 1567 252 acqua
1577 235 1584 245 ‚
1597 217 1624 242 ὅ(
1635 213 1758 253 sanguis:

973 258 1048 298 quod
1057 280 1066 291 ‚
1085 256 1218 285 videlicet
1228 277 1236 289 ,
1260 254 1389 284 Christus
1398 255 1430 284 sit
1440 264 1519 283 verus
1527 254 1615 283 homo
1625 265 1660 283 eit
1670 254 1759 282 :inimi

972 299 1101 328 rationali
1113 301 1159 330 ,-&
1170 297 1290 326 humana
1297 306 1377 324 carne
1386 295 1528 324 subsistens
1538 306 1545 326 ς
1557 295 1687 333 probatur
1694 317 1703 328 ‚
1725 306 1759 324 cic

972 351 1004 369 eo
1015 339 1077 379 quia
1084 338 1213 378 spiritum
1224 337 1339 366 vitalem
1348 337 1436 366 emilit
1445 337 1480 365 de
1492 347 1560 366 vero
1569 346 1762 375 corporeque-

971 382 1049 410 batur
1058 403 1065 414 ‚
1084 379 1214 419 quoniam
1224 389 1257 407 cx
1268 389 1302 408 eo
1310 377 1417 417 sanguis
1425 377 1517 406 exivit
1528 399 1536 410 ,
1555 381 1582 406 δι
1592 387 1658 415 :iqua
1666 378 1697 407 .]
1723 381 1759 406 Et

971 423 1030 460 post
1042 432 1120 460 pium
1131 420 1263 452 ostendit,
1273 419 1347 459 qnod
1358 419 1421 447 ideo
1432 419 1462 447 in
1471 419 1645 447 Sam-amento
1656 417 1761 446 Eucha-

970 463 1052 492 ristiae
1066 460 1230 491 admiscetur
1240 471 1308 500 aqua
1321 460 1396 493 vino,
1407 459 1453 488 lib.
1463 470 1491 497 3.
1503 459 1642 489 Decretal.
1654 458 1699 487 tit.
1712 469 1761 493 4¹·

967 514 1024 543 cap.
1036 508 1061 532 8.

115 547 150 577 lit
160 570 169 582 ‚
191 548 412 576 multi-haetenus
424 545 525 585 assequi
534 555 592 574 non
613 554 726 583 potuere
736 565 744 576 ‚
767 543 911 571 Cedreiuis
928 546 1124 573 Coxszcuno
1135 565 1144 572 .
1155 546 1213 573 FR.
1224 542 1379 582 baptismus.
1391 547 1402 577 [
1416 545 1449 570 Et
1459 541 1495 569 ad
1503 540 1595 574 fldem,
1606 544 1634 570 δε
1645 540 1679 569 ad
1690 551 1757 569 con-

113 589 313 628 interprctatur
321 589 459 618 Civitates
468 608 478 621 ,
487 588 607 620 Omnes,
618 585 742 616 Nosti-23,
751 584 905 618 Obedianr,

115 631 295 659 Benerationi
305 650 314 657 .

73 669 283 704 Commium,
304 670 396 708 portio
407 690 415 702 ‚
437 668 482 698 seu
494 667 638 707 praebenda
650 688 659 700 ,
680 676 740 705 quae
763 666 838 695 inter
847 667 907 694 Mo-

115 711 217 740 nachos
228 711 460 750 compartiebatur
468 730 475 737 .
500 709 588 745 [Duo
604 707 732 737 conradia
741 705 909 735 monachalia

966 584 1140 614 secutionem
1149 585 1348 623 proper-andam
1361 605 1369 611 .
1387 584 1412 612 S.
1421 582 1561 620 Cyprizn.
1574 581 1622 611 lib.
1632 593 1659 620 3.
1669 581 1758 611 ’resti-

969 626 1091 655 monior.
1102 635 1200 654 contra
1211 625 1320 663 Judaeos
1329 646 1337 658 ‚
1349 626 1448 660 c.97.]
1462 625 1556 661 Atque
1567 623 1640 652 idem
1652 624 1758 652 Auctor

966 667 1056 696 utitur
1067 666 1152 695 verbo
1163 667 1316 705 Consequor
1325 675 1376 704 pro
1385 665 1522 703 baptizor.
1533 663 1624 699 [Poste
1634 674 1695 693 eum
1706 664 1756 693 sta-

968 708 1021 736 tim
1028 706 1160 746 consequi
1172 728 1179 740 ,
1191 706 1237 745 qui
1247 717 1311 735 vere
1319 705 1469 735 crediderit
1480 727 1488 738 ‚
1499 715 1523 733 c.
1535 715 1583 742 43,

113 753 273 791 exigentem
291 762 353 786 jure
369 760 505 789 perpetuo
522 760 555 778 cx
575 750 651 778 dono
662 747 800 782 cujusdam
822 747 908 777 Abba—
924 749 1125 778 Cor-isimon.
1150 747 1414 777 FR.c0nscntiens.
1433 745 1526 776 Gloffi
1544 745 1756 781 i115.dccrctal.

115 793 151 821 tis
162 813 170 820 .
193 791 295 820 Matth.
306 791 391 820 Paris.
401 792 431 819 in
443 789 511 820 Vita.
525 790 633 819 Gulicl.
652 789 721 818 Abb.
736 791 747 820 ]
761 787 877 817 Fortass‘e
895 799 908 816 a

967 790 1012 818 tit.
1024 800 1072 827 34.
1083 800 1107 817 c.
1119 801 1146 824 4.

113 833 196 863 verbo
209 833 334 862 Conrado
343 832 487 861 derivatur
495 853 506 867 ,
529 832 592 870 quia
602 830 696 869 portio
705 829 767 858 haec
775 830 809 858 :id
819 840 908 868 aequa-
925 831 1112 860 consevi-un
1124 833 1324 859 AN1MAL1uM·
1337 829 1411 859 Vide
1419 829 1591 858 Peri-valiam
1601 848 1609 856 .

113 884 141 903 ta
167 873 292 903 mensura
310 883 360 911 pro
387 873 521 901 alimento
547 870 757 910 uniuscujusque
775 869 907 899 Monachi
925 873 1108 905 consequen
1120 892 1128 903 ‚
1151 871 1238 903 idest,
1257 870 1401 908 baptizor.
1426 870 1501 899 Vide
1513 871 1692 907 Consecutio.

112 924 169 944 erat
178 924 189 946 ς
207 915 255 943 alii
265 924 357 942 tamen
368 914 540 942 Conradium
549 913 646 951 legunt
657 932 667 940 .

71 956 322 986 Conamiomms
333 977 341 988 ‚
364 953 484 991 ejusdem
494 954 635 992 regionis.
656 952 768 988 [Unde
788 961 859 991 ego,
881 954 907 978 ὅ(

113 996 226 1034 quidam
235 995 444 1034 conregionales
453 994 538 1022 nostri
547 993 601 1022 hoc
610 1003 732 1022 murmur
750 1003 808 1020 non
818 1001 908 1030 aequss-

114 1036 228 1064 nimiter
238 1035 420 1074 accipientem
441 1044 538 1072 utpote
558 1036 693 1063 Romana?
712 1032 836 1062 Ecclesiae
854 1032 907 1060 filii

111 1077 253 1105 unanimes
263 1075 377 1104 scribere
387 1075 560 1103 decrevimus
570 1074 705 1103 sanstitati
716 1073 812 1103 vestrae
825 1093 832 1100 .
854 1074 907 1101 Ivo

112 1119 231 1147 Cat-not.
241 1116 320 1155 epist.
337 1127 401 1152 109.
414 1116 448 1144 ad
466 1114 559 1144 Pasch.
570 1117 666 1154 Papam
678 1135 685 1142 .
706 1117 718 1146 ]
730 1114 804 1143 Vide
815 1116 907 1151 Regio-

113 1159 188 1186 nalis
198 1180 206 1186 .

924 913 1190 947 Coxszquurivun
1201 934 1209 944 ‚
1220 910 1435 949 consequentia:
1448 917 1460 946 [
1472 911 1541 948 Quae
1553 920 1608 939 tam
1618 910 1753 948 importu-

966 953 995 981 ni
1007 952 1109 982 silentii
1118 951 1192 980 causa
1203 956 1212 981 ?
1223 962 1284 990 quae
1295 953 1366 980 ratio
1379 963 1435 981 tarn
1447 961 1528 980 mutae
1538 973 1547 984 ‚
1557 955 1585 980 &
1596 951 1701 980 silentis
1709 951 1755 980 di-

964 992 1103 1022 lectionis?
1115 993 1160 1021 Est
1171 1003 1205 1021 ne
1216 993 1324 1030 inquam
1336 992 1366 1021 in
1376 993 1498 1022 Britania
1507 991 1751 1030 consequutivum,

963 1045 992 1062 ut
1011 1033 1056 1062 ubi
1067 1033 1196 1062 sterilitas
1216 1033 1292 1071 panis
1303 1055 1311 1066 ‚
1332 1031 1460 1072 sequatur
1470 1037 1497 1062 ὃ(
1507 1032 1626 1061 defectio
1642 1032 1755 1062 cordis?

964 1077 1057 1104 Petrus
1068 1074 1212 1107 Cellenfis,
1221 1073 1267 1102 lib.
1284 1084 1306 1101 i.
1316 1074 1395 1113 epist.
1410 1076 1476 1110 15.]
1490 1074 1566 1107 idest,
1576 1072 1640 1102 esset
1651 1084 1686 1102 ne
1697 1072 1753 1102 sot-

963 1115 1026 1144 tass'e
1037 1114 1098 1143 talis
1108 1114 1315 1153 consequentia,
1324 1124 1354 1144 ut
1364 1115 1410 1144 ubi
1419 1114 1494 1144 deest
1504 1115 1591 1154 panis,
1602 1113 1679 1143 ibi&
1690 1124 1751 1145 ver-

963 1156 995 1185 b:
1005 1155 1135 1185 deficiant
1145 1160 1156 1184 ἓ

72 1200 285 1229 (ἶοκςςιεκτιΑ
297 1219 304 1231 ‚
326 1196 472 1236 aliquando
481 1206 584 1225 nomeu
594 1195 649 1224 hoc
657 1195 820 1225 consensum
831 1216 838 1227 ‚
861 1193 905 1222 seu
925 1198 1149 1226 Con-siminus
1159 1215 1166 1224 .
1191 1195 1264 1225 Vide
1273 1197 1488 1234 Racimburgius
1499 1218 1506 1225 .

114 1240 246 1268 notitiam
256 1238 389 1277 fignificat
400 1258 407 1265 .
429 1243 442 1272 [
459 1238 639 1272 Presbyteros
648 1246 742 1266 autem
752 1259 760 1269 ‚
783 1246 829 1264 aut
839 1236 906 1264 Dia-
922 1238 1098 1267 Corinium
1107 1259 1116 1271 ,
1127 1237 1270 1276 quomodo
1279 1237 1387 1266 differat
1397 1249 1412 1266 2
1420 1247 1561 1277 prgcepto
1570 1258 1579 1266 ,
1598 1237 1672 1267 Vide
1682 1243 1752 1268 Ρη,

110 1289 195 1308 conos
205 1280 333 1308 ordin-:re
351 1289 408 1307 non
427 1279 543 1306 audeant
556 1299 564 1311 ‚
588 1287 688 1315 praeter
709 1275 904 1305 conscientiam

962 1287 1070 1316 ceptum
1081 1299 1088 1306 .

113 1319 261 1364 Episcopi..
272 1320 336 1348 Ifid.
348 1319 394 1347 lib.
406 1319 442 1347 de
452 1318 546 1347 eccles.
557 1318 602 1347 off,
614 1330 636 1347 c.
648 1326 675 1347 6.
687 1320 700 1349 ]
714 1319 770 1347 Ubi
781 1317 815 1346 de
825 1316 900 1347 Cho·
921 1319 1095 1348 Consiinm
1105 1320 1218 1348 MALUM
1227 1339 1236 1347 .
1257 1322 1314 1350 FR.
1326 1319 1471 1349 consilium
1484 1318 1556 1348 necis
1567 1341 1577 1353 ,
1598 1319 1617 1348 l.
1627 1319 1646 1349 si
1658 1318 1751 1348 homi-

113 1360 264 1400 repiscopis
273 1360 331 1399 agit
342 1380 349 1387 .
363 1366 375 1395 [
387 1359 618 1398 Archiepiscopos
628 1359 662 1388 ad
670 1359 833 1388 Concilium
849 1369 904 1386 non

962 1370 1008 1388 nes
1017 1382 1025 1393 ‚
1037 1361 1072 1388 de
1081 1359 1255 1399 aggressione
1265 1360 1294 1389 in
1306 1361 1368 1390 vico
1379 1360 1446 1389 sacta
1457 1380 1466 1388 .

112 1402 222 1431 vocabis
232 1402 289 1431 sine
308 1400 476 1429 conscientia
495 1401 615 1430 Romani
633 1399 778 1429 Pontificis
788 1420 795 1426 .
818 1401 904 1428 Inno-
919 1402 1150 1430 consistentis
1162 1423 1170 1434 ‚
1183 1401 1283 1439 publici
1293 1403 1461 1440 poenitentes
1470 1421 1477 1429 .
1489 1400 1562 1430 Vide
1574 1407 1753 1441 Hyemantef.

113 1453 187 1471 cent.
198 1442 305 1472 III.lib.
321 1453 342 1470 1.
353 1442 431 1480 epist.
440 1441 606 1470 decvenNec
618 1440 681 1469 licet
691 1440 824 1479 aliquibus
833 1440 903 1479 apud
919 1443 1173 1471 CONSISTORIALIS
1186 1444 1376 1472 Amoenus
1390 1463 1398 1470 .
1421 1441 1496 1471 Vide
1508 1441 1640 1480 Defensor
1650 1462 1659 1470 .

111 1483 272 1521 semetipsos
281 1483 413 1511 Concilia.
424 1482 479 1510 line
491 1482 772 1520 Metropolitanorum
781 1503 789 1514 ,
800 1485 827 1510 δε
839 1481 905 1519 Epi·
921 1483 1154 1511 Consisrouum
1165 1505 1173 1516 ,
1192 1493 1207 1510 a.
1219 1484 1302 1512 verbo
1313 1483 1428 1521 Consiste
1437 1502 1445 1510 .
1464 1481 1558 1511 Gloss.
1569 1482 1598 1510 in
1607 1482 1750 1512 Clement.

111 1523 257 1562 scoporum
267 1521 433 1550 conscientia
442 1544 449 1554 ‚
459 1527 486 1551 δε
497 1533 528 1550 co
534 1521 632 1551 nsensu
643 1522 731 1550 facere
741 1544 749 1554 ‚
767 1533 828 1550 can.
842 1533 904 1560 pro-

113 1574 174 1603 pter
186 1585 194 1595 ,
216 1563 278 1591 dist.
293 1564 358 1594 18.]
373 1564 430 1591 FR.
440 1565 511 1591 Item
522 1563 656 1602 significat
669 1562 766 1591 lubere
774 1562 902 1592 secretam

112 1603 328 1642 intelligentiam
339 1613 400 1632 cum
408 1603 472 1635 reis,
483 1603 545 1631 dist.
562 1614 584 1631 1.
595 1604 629 1632 de
647 1603 749 1642 poenit.
767 1614 827 1632 can.
847 1608 902 1633 Aut

113 1644 181 1673 fasta
192 1666 200 1676 ‚
211 1645 238 1675 ξ.
250 1643 419 1672 conscientia
428 1645 567 1672 latronum
582 1665 590 1676 ,
608 1649 635 1674 ὅ(
644 1655 703 1673 can.
715 1644 825 1683 quidam
835 1667 844 1678 ‚
861 1651 902 1674 18.

113 1696 141 1724 q.
162 1696 188 1714 z.
198 1684 380 1714 Conscientia
394 1695 459 1723 pura
472 1684 545 1713 Vide
553 1686 703 1714 subtilitas
714 1706 721 1712 .

72 1727 294 1755 Causennis-us
308 1748 316 1758 ,
337 1725 550 1754 contenebrolus
561 1747 568 1758 ,
591 1736 603 1753 :i
613 1736 701 1764 graecx
711 1725 833 1754 dictione
843 1738 905 1757 σκο-

112 1763 191 1800 τεινῦς
202 1787 210 1799 ,
223 1776 289 1794 iun..
322 1765 496 1794 tenebrosus:
511 1765 740 1800 [Conscotinum
751 1777 828 1795 tuum
838 1769 850 1799 ]
862 1767 891 1795 di

114 1806 156 1834 xit
165 1806 200 1834 de
207 1805 340 1836 haeretico
349 1806 459 1836 Lucifer
468 1807 589 1835 caralita
595 1818 643 1835 nus
654 1819 661 1835 z
684 1807 812 1836 haeretici
829 1808 904 1837 enim

116 1845 288 1874 tenebrosum
299 1846 330 1875 in
338 1848 473 1876 erroribus
483 1847 656 1876 intellecmm
663 1847 763 1877 habent
774 1870 782 1877 .

72 1887 289 1917 CON5ECRATIO
301 1908 309 1920 ‚
320 1891 377 1924 ejus
386 1898 518 1923 etymon.
531 1889 605 1918 Vide
617 1890 788 1918 Chirotonia.
797 1888 906 1918 Conse—

113 1927 200 1955 cratio
211 1927 315 1956 Airai-is
325 1949 332 1956 .
345 1929 420 1957 Vide
430 1930 531 1958 Altare
541 1951 548 1958 .
557 1929 749 1959 Consecratio
759 1930 884 1959 Eccleliae
897 1952 904 1958 .

114 1968 189 1996 Vide
198 1967 316 2004 Ecclesia.
329 1970 491 2006 consecratio
501 1991 508 1998 .
531 1972 567 2000 In
584 1969 792 2000 consecratione
800 1971 904 2000 Gallia-

113 2018 173 2037 rum
184 2008 271 2047 chis
281 2030 288 2040 ,
299 2009 343 2037 cui
353 2007 400 2038 sub
409 2019 520 2050 utraque
529 2011 617 2049 {pecie
627 2013 829 2040 Sacramentum
839 2023 904 2041 con-

112 2049 220 2078 ceditur
232 2070 238 2077 .
252 2048 327 2077 Vide
337 2054 499 2081 Communia
507 2072 515 2079 .
536 2053 632 2081 Oleum
642 2055 774 2082 Sanffum
783 2074 791 2080 .
802 2055 859 2083 PR.
870 2055 904 2082 In

112 2089 320 2118 consecratione
330 2089 470 2130 sanguinis
477 2091 584 2122 Christi
600 2093 716 2132 ponitur
734 2104 801 2132 aqua
813 2116 821 2127 ,
843 2105 902 2133 quae

113 2130 190 2159 varia
198 2131 327 2166 mysteria
338 2131 465 2161 continet
474 2155 481 2166 ‚
505 2133 539 2161 de
549 2133 644 2172 quibus
653 2135 834 2163 Innocentius
844 2137 902 2164 III.

111 2181 211 2210 egens,
233 2172 282 2200 illa
301 2173 381 2201 verba
397 2173 434 2201 D.
446 2174 561 2211 Joannis
571 2175 755 2213 Evangelistae
776 2175 902 2210 adducit,

115 2218 127 2247 [
138 2215 204 2240 Tres
215 2210 280 2240 sunt
288 2233 297 2244 ‚
318 2213 366 2251 qui
376 2213 566 2243 testimonium
575 2214 641 2243 dunt
650 2216 680 2243 iri
689 2215 762 2244 coelo
772 2237 780 2248 ,
802 2218 882 2246 Pater
893 2239 902 2251 ‚

115 2253 275 2284 Verbum,&
285 2253 550 2290 SpiritusSanstus‚&
559 2253 589 2283 hi
599 2265 654 2284 tres
662 2266 748 2285 unum
757 2255 820 2285 sunt
831 2261 899 2290 δια]

112 2296 140 2321 δε
149 2293 246 2331 probat
255 2304 289 2322 ex
300 2293 344 2322 his
353 2295 428 2333 quod
439 2294 566 2325 Christus
574 2296 607 2325 {it
614 2306 695 2326 verus
705 2298 780 2326 Deus
791 2319 800 2330 ‚
810 2298 901 2338 inqui-

113 2343 179 2378 ens:
194 2337 251 2369 [Et
262 2343 316 2363 tres
326 2334 392 2364 sunt
401 2358 410 2369 ‚
431 2345 481 2375 qut
493 2336 682 2367 testimonium
692 2338 760 2366 dant
772 2339 803 2366 in
812 2349 882 2368 terra
893 2362 900 2373 ,

111 2373 224 2413 §pu-itus
235 2397 244 2409 ,
254 2385 320 2414 aqua
329 2398 338 2411 ,
350 2380 379 2407 ὃς
389 2375 497 2418 sanguis
507 2398 514 2406 .
525 2378 579 2407 Per
587 2377 642 2408 hoc
649 2379 802 2410 intendens
810 2380 900 2412 osten-

960 1523 994 1551 de
1003 1522 1073 1551 sent.
1085 1527 1111 1552 ὅ(
1122 1534 1149 1551 re
1158 1523 1244 1560 judic.
1255 1535 1279 1552 c.
1292 1536 1318 1552 2.
1328 1523 1493 1552 coadunatio
1501 1522 1657 1561 sapientum
1667 1523 1705 1552 est
1716 1523 1752 1551 ad

960 1563 1163 1592 consulendum
1172 1586 1180 1597 ,
1203 1575 1232 1593 ut
1242 1564 1281 1593 est
1291 1567 1390 1594 Romae
1400 1572 1493 1592 coram
1502 1563 1639 1592 Pontifice
1648 1563 1751 1592 Cardi—

961 1605 1063 1633 nalium
1072 1615 1123 1644 pro
1133 1605 1281 1633 trastandis
1293 1604 1538 1643 SedisApostolicae
1548 1604 1672 1643 negotiis
1680 1605 1751 1633 Col-

960 1645 1063 1685 legium
1073 1668 1081 1680 ,
1104 1645 1151 1674 sed
1165 1646 1236 1684 apud
1246 1645 1590 1675 Tertullianum-mundum
1601 1667 1609 1677 ,
1628 1644 1676 1674 seu
1693 1654 1751 1673 ter—

959 1697 1017 1715 ram
1028 1686 1160 1726 fignificat
1170 1708 1177 1718 ‚
1189 1687 1251 1725 quisi
1262 1687 1292 1714 in
1304 1697 1334 1714 ea
1343 1686 1472 1715 viventes
1481 1685 1633 1714 consistunt
1641 1706 1649 1713 .
1661 1687 1750 1721 [Nam

961 1727 1011 1756 etii
1019 1727 1108 1763 juvari
1119 1749 1127 1760 ‚
1147 1726 1190 1755 seu
1204 1727 1267 1756 laedi
1278 1725 1359 1756 habet
1369 1736 1441 1755 terra
1449 1749 1458 1760 ‚
1480 1727 1510 1755 id
1520 1737 1628 1765 quoque
1637 1736 1751 1765 propter

960 1767 1106 1797 homiuem
1118 1790 1125 1800 ,
1140 1778 1168 1796 ut
1179 1768 1226 1796 ille
1236 1771 1357 1804 juvetur,
1370 1767 1427 1796 sive
1436 1768 1553 1796 laedatur
1563 1777 1611 1806 pcr
1620 1767 1749 1797 consisto-

962 1810 998 1838 rii
1007 1808 1047 1836 sui
1056 1809 1147 1837 exitus
1158 1831 1165 1841 ‚
1188 1812 1243 1847 qu'o
1255 1809 1341 1848 magis
1351 1807 1406 1846 ipse
1416 1807 1538 1847 pensabit
1550 1819 1558 1839 ς
1581 1818 1749 1848 quapropoer

964 1850 1043 1878 illum
1052 1850 1136 1878 etiam
1146 1860 1216 1879 terra
1227 1850 1345 1888 patietur
1355 1871 1362 1882 ‚
1375 1850 1410 1877 de
1418 1849 1500 1878 resur.
1511 1859 1585 1878 carn.
1594 1859 1617 1876 c.
1629 1855 1675 1878 26.
1687 1851 1700 1880 1
1713 1853 1748 1878 Et

962 1891 992 1919 in
1003 1890 1102 1919 eodem
1109 1889 1190 1919 sensu
1210 1891 1338 1919 Sidonius
1348 1890 1538 1927 Conſsslorium
1547 1889 1698 1928 appellavit
1706 1890 1749 1919 lo-

960 1940 1022 1960 cum
1032 1953 1040 1964 ,
1063 1930 1108 1960 ubi
1119 1932 1152 1960 :id
1173 1929 1368 1970 quiescendum
1380 1931 1538 1966 cubicularii
1557 1931 1729 1960 morabantur
1740 1953 1751 1961 .

963 1978 976 2007 [
987 1974 1059 2002 Nam
1071 1982 1120 2011 per
1129 1972 1182 2000 hoc
1194 1993 1202 2005 ‚
1213 1973 1287 2011 quod
1299 1972 1327 2000 in
1339 1971 1512 2010 Aquilonem
1518 1970 1607 2000 solum
1616 1970 1731 2011 patescit
1739 1993 1752 2006 ,

961 2012 1041 2041 hauet
1050 2013 1126 2041 diem
1136 2035 1144 2047 ,
1157 2024 1215 2041 non
1225 2013 1306 2041 habet
1316 2012 1402 2040 solem
1412 2034 1420 2044 ‚
1431 2013 1578 2048 interjefto
1585 2009 1750 2042 consistorio

962 2054 1127 2093 perangusto
1136 2076 1145 2088 ,
1167 2053 1211 2083 ubi
1219 2052 1405 2082 somnolentia
1413 2053 1640 2082 cubiculariorum
1650 2075 1659 2087 ,
1673 2051 1748 2083 'dor-

962 2094 1080 2124 mitandi
1092 2094 1181 2134 potius
1194 2116 1202 2127 ‚
1222 2104 1303 2133 quam
1312 2093 1472 2123 dormiendi
1489 2095 1564 2123 locus
1572 2095 1612 2123 est
1622 2117 1630 2128 ,
1649 2094 1697 2123 lib.'
1709 2107 1738 2124 ι.

961 2135 1039 2175 epist.
1051 2147 1076 2165 2.
1087 2137 1101 2167 ]
1123 2138 1179 2165 FR.
1192 2136 1227 2164 In
1235 2134 1306 2164 sacra
1317 2145 1409 2164 tamen
1418 2135 1518 2175 pagina
1527 2134 1625 2164 sedilia
1634 2135 1664 2164 in
1675 2137 1748 2165 atrio

960 2177 1058 2206 Palatii
1078 2176 1165 2216 polita
1176 2175 1311 2215 significat
1320 2196 1328 2203 .
1352 2179 1409 2211 [Et
1419 2175 1495 2205 stetit
1513 2176 1545 2205 in
1566 2176 1638 2205 atrio
1648 2176 1748 2206 domus

959 2218 1047 2257 Regis
1055 2240 1063 2251 ‚
1073 2216 1147 2257 quod
1156 2227 1211 2245 erat
1225 2216 1340 2246 interius
1349 2226 1445 2245 contra
1454 2216 1594 2246 Basilicam
1603 2216 1690 2256 Regis
1699 2229 1707 2249 ἢ
1720 2228 1748 2246 at

959 2259 1008 2288 ille
1017 2257 1124 2289 sedebat
1140 2256 1219 2296 super
1229 2256 1329 2286 solium
1336 2256 1414 2286 suum
1436 2259 1466 2287 in
1475 2257 1639 2287 consistorio
1648 2259 1746 2296 palatii

933 2296 935 2300 ¹
959 2308 1055 2329 contra
1065 2299 1164 2328 ostium
1175 2299 1271 2327 domus
1282 2319 1290 2326 .
1298 2297 1404 2332 Esther,
1414 2310 1438 2327 c.
1451 2308 1476 2334 ς.
1486 2310 1514 2328 n.
1531 2310 1554 2327 1.
1564 2301 1577 2331 ]
1589 2300 1748 2336 Imperator·

958 2338 1070 2369 habebat
1079 2339 1161 2369 ctiam
1170 2338 1248 2368 suum
1258 2339 1447 2369 consistorium
1460 2364 1468 2376 ‚
1478 2340 1547 2368 idest
1558 2361 1567 2373 ‚
1578 2339 1726 2367 concilium
1735 2359 1746 2368 .

960 2382 1011 2419 [Si
1028 2380 1139 2421 quando
1147 2381 1180 2411 lis
1190 2379 1314 2421 speratur
1321 2380 1495 2452 ilbnoffmm
1507 2379 1746 2453 inferriicffififfo‘
