1866 2526
471 33 583 80 CO

113 97 323 132 mitiadititur.
348 91 533 133 Κοιμπνγῖειον
550 106 565 124 2
579 95 664 124 verbo
672 90 827 131 κημέομαι
837 115 845 128 ,
866 93 913 122 id-'

114 144 172 177 est,
192 141 322 172 (imario,
343 138 500 167 derivatur.
524 136 553 166 Si
581 137 611 165 in
629 137 718 166 Momi
730 136 806 164 lance
823 145 908 174 pone-

115 182 302 214 renturarnbae
320 178 487 217 opiniones,
508 177 578 206 circei
601 175 681 215 hujus
697 176 828 206 dieiionis
846 185 908 211 ery-

114 233 183 254 mon
192 245 200 256 ‚
230 231 304 252 certe
326 229 439 259 utraque
459 217 488 247 in
510 218 663 248 rifibilitate
683 229 760 257 sque
781 217 887 246 libraret
900 227 906 247 ;

115 263 216 295 Gioss'ae
228 286 234 293 .
256 262 363 292 scilicet
377 282 384 292 ,
405 269 458 289 una
468 261 497 288 in
507 269 565 298 cap.
574 259 661 288 Sacris
679 260 717 289 cst
737 257 886 288 canonibus
899 279 907 290 ,

113 303 331 342 Desepulmrss,
353 300 397 329 ubi
409 300 445 330 fic
458 300 567 338 inquit:
593 301 821 336 [Coemeterium
839 298 904 327 dici-

112 356 182 374 mra
193 345 282 374 cimen
289 352 382 384 graece
393 363 401 374 ‚
412 341 486 380 quod
497 341 536 370 est
547 350 642 370 aurum
653 342 758 374 latine3
771 343 798 369 ὅ(
809 349 889 368 teron
900 361 907 372 ‚

112 387 189 426 quod
199 385 236 415 est
245 394 317 414 terra
329 394 335 410 τ
356 382 420 411 inde
431 383 618 411 ccx-meterium
630 403 638 415 ,
649 383 723 420 quafi
731 391 808 410 aurea
819 390 888 410 terra
898 400 907 412 ,

115 427 178 466 quia
187 426 226 455 cst
243 424 350 454 caetcris
367 424 529 462 pretiosior.
549 425 561 454 ]
582 423 675 452 Altera
686 433 752 452 vero
761 422 860 459 opinio
868 420 906 448 est

110 467 248 497 Gulielmi
259 466 385 495 Diu-andi
397 486 404 497 ‚
414 465 460 493 lib.
475 475 498 492 i.
507 474 564 502 cap.
581 473 605 499 5.
615 463 781 498 Rationem:
791 463 907 491 Coeme—

115 508 215 537 terium
225 507 326 536 'dicii-ur
334 516 348 533 :i
357 506 448 533 cimcn
460 526 467 537 ,
489 505 565 544 quod
575 505 613 533 cst
622 505 700 533 dulce
710 525 718 537 ,
739 507 766 531 ὃ(
785 502 886 531 sterion
898 523 905 535 ,

113 549 189 588 quod
197 548 235 577 est
253 548 350 576 statius
375 546 411 574 ibi
419 546 495 574 enim
513 545 628 574 dulciter
646 544 836 574 defiinstoruiii
855 543 906 570 ofla

1238 33 1277 76 C
1308 34 1349 77 O
1614 49 1684 86 191

961 92 1016 122 fico
1034 92 1156 122 Auaore
1174 92 1312 130 reperitur
1329 90 1439 120 usitatz.
1460 91 1534 119 lieni
1542 91 1746 122 coemeterium

959 132 1064 162 dicitur
1074 133 1282 174 Polyandrmm,
1293 131 1371 164 idest,
1384 132 1534 160 multorum
1542 130 1749 168 hominum‚seit

959 173 1154 206 humanorum,
1164 171 1270 202 scilicet
1279 195 1287 206 ,
1300 181 1446 211 corporum
1457 171 1613 210 depositum
1622 193 1629 200 .
1643 177 1744 207 [con-

959 215 1099 244 fluebatad
1108 217 1164 251 ejus
1174 214 1370 252 polyandrium
1381 211 1506 241 diversus
1525 213 1622 251 populi
1631 223 1746 243 concur—

960 255 1012 284 sus.
1024 257 1059 285 In
1069 256 1127 285 vita
1137 256 1162 283 S.
1176 254 1286 284 Probati
1295 254 1420 289 Presbyt.
1432 255 1445 284 ]
1456 255 1511 282 FR.
1523 254 1693 284 Coemeteria
1699 256 1747 285 de-

959 295 1114 326 scribuntur
1122 308 1137 326 a
1147 296 1184 324 D.
1198 297 1377 331 Hieronymo
1387 303 1455 323 tom.
1468 305 1495 328 4.
1504 292 1584 332 super
1596 297 1677 324 Ezec.
1687 307 1711 325 c.
1724 309 1751 332 4·

960 341 989 366 ὃ(
1000 347 1014 365 a
1024 337 1176 367 prudentio
1185 337 1216 364 in
1226 336 1326 373 hymn.
1336 337 1360 365 S.
1372 335 1524 374 Hippolyti
1535 337 1618 363 Mart.
1629 337 1683 365 Pro
1691 347 1747 365 coe-

962 379 1084 407 meteriis
1101 378 1258 418 reparandis
1273 385 1404 406 tenentur
1423 374 1551 414 Episcopi
1564 386 1687 414 quartam
1700 388 1747 416 ap-

961 419 1063 457 plicare
1075 442 1082 453 ‚
1092 430 1151 459 cap.
1160 417 1295 447 sancimus
1304 440 1312 450 ,
1337 428 1346 446 i
1355 429 1381 446 2.
1392 428 1419 456 q.
1432 427 1459 454 3.
1471 418 1632 451 Synonyma
1642 439 1649 446 .
1673 419 1749 448 Vide

961 464 1040 490 Area
1049 482 1057 494 ,
1072 463 1217 490 Arenaria
1226 480 1235 492 ‚
1247 461 1402 497 Bisomatos
1412 478 1420 490 ,
1434 458 1611 486 Catacumba
1621 479 1628 490 ‚
1649 463 1746 488 Conci-

958 502 1030 529 lium
1042 507 1201 543 Martyrum
1212 521 1229 533 ,-
1241 505 1394 540 Hypogeum
1404 519 1413 532 ,
1423 499 1597 536 Mausoleum
1608 519 1616 532 ,
1627 501 1750 528 Parada-

955 543 1006 578 sus
1018 563 1026 574 ,
1047 543 1190 571 Tumbula
1200 562 1208 569 .

114 588 259 628 quiescunt
271 599 278 618 ς
303 588 345 616 vel
356 588 419 625 quia
428 585 491 615 sunt
500 585 608 615 cimices
619 607 628 619 ‚
646 586 715 615 idest
724 607 732 619 ‚
745 593 851 613 vermes
860 583 905 611 ul—
920 583 1027 611 Com
1039 584 1157 612 Domui
1169 604 1176 610 .
1188 582 1261 611 Vide
1269 584 1353 610 feria
1366 583 1472 620 quinta
1481 583 1511 608 in
1522 584 1611 610 Coena
1618 585 1747 610 Domini.

115 641 158 658 tra
166 629 278 659 modum
292 626 561 658 soetenxes.]Certefi
572 626 719 655 Diu-andus
729 624 901 665 epitaphium
921 624 1131 653 CoExAcuiuni
1141 644 1148 651 .
1172 624 1245 652 Vide
1267 628 1362 660 sigma
1374 643 1381 650 .

114 669 250 705 cujusdmi
262 668 386 697 hominis
394 667 498 697 sordidi
508 666 614 706 legiflet
624 689 632 700 ‚
644 668 740 706 utique
751 667 819 695 bene
831 665 904 694 didi-
918 665 1028 693 Coena«
1052 667 1134 693 Puni
1147 686 1153 696 ,
1176 665 1211 693 fic
1221 664 1374 703 appellatur
1394 661 1458 690 feria
1474 660 1549 690 sexta
1560 663 1672 700 majoris
1683 662 1748 692 heb<

114 710 189 739 ciss'et
199 709 382 739 differentiam
394 709 469 737 inter
476 708 585 736 cimices
595 729 603 740 ,
622 712 649 737 ὃ(
661 717 831 736 moi-tuorum
842 716 903 734 ver-

114 750 315 789 mes3scriptum
325 750 399 777 enim
410 749 457 777 ille
468 749 498 777 in
508 748 556 777 suo
567 748 692 786 sepulcro
703 749 736 778 lic
747 748 902 786 reliquerat.-

155 791 299 824 pediculi,
310 790 421 818 cimices
431 811 438 822 ,
457 791 559 827 pulices
571 811 579 822 ‚
600 790 668 818 mala
678 790 753 818 tui-ba
764 790 854 817 valete
865 809 872 819 ‚

152 833 198 861 Sat
225 831 302 860 vobis
310 852 318 864 ,
340 831 513 869 nimiumque
532 830 624 860 datum
645 830 683 859 est
695 852 703 863 ,
731 833 787 866 jam
807 829 901 858 nutrio

196 882 302 901 vermes
312 892 320 900 .

960 705 1084 734 domadae
1094 706 1123 734 ab
1134 705 1293 744 Augustino
1305 726 1313 737 ,
1323 707 1352 732 δε
1363 705 1475 732 Irenaeo
1486 724 1493 735 ‚
1503 703 1601 732 modiis
1612 704 1746 742 loquendi

959 746 1042 774 etiam
1051 757 1063 775 :i
1072 746 1231 775 Gentilibus
1241 746 1370 773 usitatus:
1383 755 1397 772 a
1408 743 1553 772 Plutarcho
1564 766 1573 777 ‚
1583 743 1701 777 scilicet,
1713 745 1748 773 de

959 784 1004 814 esu
1014 787 1102 815 carnis
1111 807 1119 819 ‚
1129 790 1156 815 δε
1169 787 1303 823 Apulejus
1315 806 1322 817 ‚
1339 790 1351 819 [
1365 785 1410 813 Ad
1420 793 1525 822 puram,
1536 788 1565 813 δε
1575 784 1632 813 fine
1641 786 1743 814 anima-

956 827 1024 856 libus
1033 836 1151 859 coenam,
1164 829 1176 858 ]
1188 827 1270 856 dixit.
1283 826 1356 854 Vide
1367 824 1526 857 Baronfflm,
1535 834 1578 852 an.
1589 835 1602 862 3
1610 836 1636 859 4.
1648 836 1690 853 n.i
1701 836 1748 860 54.

956 872 985 896 ὅ(
994 867 1070 907 seqq.
1078 867 1154 897 -Vide
1163 871 1191 896 ἃ
1200 866 1400 905 hicJejunium
1413 885 1420 893 .
1440 866 1531 894 ecem
1541 865 1634 894 aestiva
1645 886 1652 894 .
1674 866 1748 895 Vide

107 913 199 948 <Quod
210 913 230 941 fi
239 914 273 942 de
283 912 340 942 sola
349 911 447 941 mortis
456 912 587 942 memoria
594 912 700 953 sapiens
709 912 834 942 dixerat:
846 916 860 946 t
871 911 902 940 Ο
956 909 1102 938 Thamnus
1113 929 1120 936 .
1299 950 1304 953 .
1431 947 1436 951 ι
1470 947 1475 951 ¹
1693 946 1699 951 .

111 964 185 982 mors
193 962 273 993 quam
283 964 368 982 :iri-irs:
385 953 424 983 est
432 955 562 982 memoria
571 963 630 983 tua!
657 952 758 982 Eccles.
771 964 819 988 4¹·
845 962 868 979 i.
888 953 899 982 ]
917 950 1121 978 COENATICUM
1133 971 1141 982 ‚
1165 949 1325 988 recognitio
1352 948 1478 978 abhatiali
1507 946 1608 976 mensae
1637 947 1729 976 debita
1741 968 1748 975 .

115 995 202 1030 Quam
214 993 373 1022 amarissima
384 1004 451 1032 ergo
459 995 513 1022 crit
525 997 580 1030 ejus
589 993 850 1023 acceffiovDurando
859 1002 901 1020 er-
936 1025 942 1029 Ι
961 996 972 1024 [
984 991 1057 1018 Cum
1068 999 1129 1034 toto
1137 989 1363 1029 quadragesimali
1381 987 1492 1018 censum
1505 987 1622 1027 piscium
1632 1009 1639 1021 ,
1664 998 1748 1028 quem

120 1045 159 1074 go
169 1033 436 1072 ejusdem‘sapientis
446 1035 537 1062 verbis
547 1034 711 1072 respondere
724 1035 818 1062 liceret
830 1055 837 1067 ,
854 1033 901 1076 qiii

116 1079 258 1104 Amarum
270 1084 320 1112 pro
329 1076 418 1103 Dulce
429 1074 511 1103 sumit
523 1097 531 1108 ‚
541 1076 672 1105 Proverb.
687 1086 732 1108 27.
753 1086 779 1107 7.
797 1074 901 1103 Glofla-

957 1040 1034 1058 more
1045 1030 1203 1059 Provimiae
1213 1032 1379 1059 coexmicum
1390 1040 1495 1057 vocant
1507 1050 1515 1061 ‚
1526 1039 1574 1067 per
1584 1029 1642 1057 vim
1653 1028 1746 1058 fratri-

957 1070 1156 1110 busla'oiluliss‘et
1169 1091 1175 1098 .
1200 1072 1268 1100 Vita
1278 1073 1306 1100 S.
1317 1073 1404 1099 Maur.
1414 1070 1483 1099 Abb.
1494 1080 1551 1108 cap.
1566 1081 1575 1098 i
1583 1081 1609 1108 3.

114 1115 170 1144 tori
181 1125 270 1143 :iurem
281 1125 314 1143 ex
325 1118 381 1150 ejus
393 1116 480 1143 verbis
493 1115 714 1154 respondendum
725 1137 732 1148 ‚
754 1115 829 1153 quod
857 1124 901 1142 au·
945 1121 1089 1140 okxlsCIA
1100 1133 1108 1145 ,
1119 1121 1209 1150 graece
1217 1108 1348 1143 nocido-mx
1359 1122 1369 1141 ς
1381 1109 1428 1139 sed
1440 1120 1532 1149 potzus
1542 1110 1652 1139 viderur
1663 1119 1698 1139 ex
1709 1111 1748 1139 12-

113 1165 172 1184 rum
182 1155 266 1193 Crisi's
274 1165 365 1194 graece
385 1156 515 1193 appellari
526 1157 634 1184 dixerat
644 1178 651 1189 ,
664 1160 690 1185 ὃ(
714 1167 771 1184 non
783 1159 880 1183 Cimcn
892 1176 900 1187 ,

111 1206 141 1224 ut
161 1195 248 1225 visum
257 1195 334 1224 estin
346 1196 412 1223 dier.
423 1197 634 1233 Apocrisarius.
654 1197 706 1225 Sed
726 1196 760 1224 ad
777 1193 842 1224 seria
859 1206 900 1224 re-

108 1237 228 1266 deundo:
240 1236 275 1264 de
286 1236 339 1264 hoc
352 1236 482 1264 vocabulo
491 1239 689 1265 coemeterium
698 1237 730 1266 fit
739 1235 812 1276 saepe
824 1246 900 1264 men-

112 1278 154 1305 tio
164 1287 244 1315 penes
257 1278 283 1306 S.
296 1278 387 1305 Patres
397 1298 404 1309 ,
416 1275 548 1305 Athamas.
560 1277 590 1305 in
601 1279 724 1317 Apolog.
735 1277 854 1306 Tertull.
865 1277 900 1305 de

112 1318 202 1346 anima
215 1339 223 1350 ,
240 1328 264 1345 c.
279 1327 292 1353 5
302 1328 324 1345 i.
334 1317 474 1355 Cyprian.
496 1328 538 1356 ep.
552 1323 596 1346 82.
608 1322 642 1347 Et
652 1319 728 1357 prior
738 1319 863 1347 oninium
875 1319 899 1347 S.

114 1359 247 1388 Clemens
258 1379 265 1390 ,
285 1358 331 1386 lib.
343 1364 369 1385 6.
380 1358 504 1387 Constit.
517 1359 614 1396 Apost.
624 1369 681 1397 cep.
694 1371 740 1398 30.
751 1358 795 1388 De
804 1359 898 1398 quibus

957 1153 1018 1180 tino
1029 1152 1090 1180 haec
1100 1151 1290 1190 voxusurpeta
1303 1163 1309 1182 ς
1324 1161 1386 1180 nam
1396 1161 1453 1179 rem
1464 1151 1630 1179 coenabilem
1642 1150 1748 1190 fignifi-

952 1193 1176 1229 cai.[Quomodo
1186 1203 1348 1232 autem,quae
1361 1193 1392 1220 in
1403 1193 1543 1220 memoriis
1551 1190 1748 1223 sanstorums&

956 1243 1128 1262 mortuorum
1139 1233 1301 1266 offeruntur,
1312 1238 1340 1263 ὃ(
1350 1231 1481 1261 coeniscia
1492 1232 1676 1271 appellantur,
1687 1243 1747 1261 om-

956 1274 984 1302 ni
996 1285 1097 1312 genere
1108 1274 1242 1303 fruetuum
1253 1284 1349 1304 ornata
1370 1273 1403 1302 ad
1415 1274 1498 1302 altare
1514 1272 1664 1302 offerantur
1674 1294 1683 1306 ,
1703 1274 1748 1302 di-

956 1315 1011 1343 lces
1030 1326 1062 1344 ex
1073 1317 1200 1344 oratione
1211 1316 1307 1356 Magni
1328 1313 1474 1344 Athanasii
1493 1314 1531 1343 de
1552 1315 1586 1343 iis
1599 1335 1607 1347 ‚
1627 1314 1676 1353 qui
1683 1314 1748 1343 dor-

952 1356 1074 1385 mierunt
1085 1377 1092 1384 .
1115 1355 1267 1385 Balsamon.
1279 1357 1309 1385 in
1320 1367 1379 1384 can.
1390 1367 1417 1390 4.
1430 1355 1558 1393 Apostol.

114 1397 227 1437 copiose
237 1400 319 1427 etiem
338 1398 398 1436 egit
419 1399 447 1427 iii
465 1398 509 1427 sua
519 1401 610 1428 Roma
617 1400 795 1428 Subterranea
806 1402 898 1428 Anto-
913 1396 1099 1431 Contionum
1111 1419 1119 1430 ‚
1130 1396 1329 1426 Monachorum
1339 1397 1473 1425 habitatio
1483 1417 1490 1429 ‚
1501 1407 1516 1425 a
1527 1406 1614 1435 graeca
1621 1396 1747 1425 distione

112 1440 172 1468 nius
181 1440 272 1469 Rosius
285 1439 438 1468 Melitensis
448 1462 455 1473 ‚
466 1444 493 1469 ὃ(
504 1451 562 1468 non
573 1442 714 1469 Romanus
725 1463 733 1473 ,
745 1450 774 1468 ut
786 1441 820 1469 :id
829 1441 899 1469 illud

113 1478 288 1518 posthumum
298 1489 365 1517 opus
386 1481 538 1518 appositum
559 1479 628 1509 fuit:
651 1482 715 1510 vide
726 1479 897 1510 Franciscurn

112 1520 226 1549 Abelam
247 1521 277 1548 in
288 1518 341 1547 Tua
350 1517 445 1549 Me'lita
457 1521 607 1554 Illustram,
619 1522 664 1549 tit.
673 1522 707 1551 de
719 1522 810 1551 Claris
823 1523 898 1550 Viris

116 1559 191 1588 illius
201 1559 300 1588 Insuiae
313 1571 319 1590 ;
333 1569 413 1598 quem
424 1561 532 1590 Bofium
542 1572 740 1591 commentatus
751 1563 789 1590 est
801 1563 897 1591 Paulus

111 1600 244 1639 Aringiiis
256 1601 493 1639 Congrcgationis
502 1604 631 1632 Oratorii
651 1603 686 1631 de
696 1604 775 1632 Urbe
785 1605 900 1639 Presby-

113 1651 163 1668 rcr.
174 1643 372 1669 Coemeteriuvn
380 1641 483 1670 dicitur
491 1644 574 1671 etiam
586 1643 686 1672 atrium
699 1644 821 1673 Ecclefise
834 1665 842 1677 ,
853 1644 898 1673 ubi

111 1681 259 1719 antiquitus
268 1681 362 1710 fideles
370 1680 570 1721 sepeliebantur
581 1695 587 1709 τ
599 1689 612 1719 [
623 1684 669 1713 Ut
677 1684 711 1713 de
721 1684 860 1723 sepulcrix,
871 1685 908 1714 δεῖ

110 1720 266 1750 hominibus
285 1720 452 1760 sepeliendis
471 1723 543 1753 nihil
562 1725 681 1753 muneris
691 1726 804 1764 exigant
816 1747 822 1759 ,
846 1726 895 1754 niii

111 1761 193 1795 sorte,
202 1764 249 1801 qui
258 1761 400 1800 sepelitur,
413 1764 628 1801 vivensjufl'erit
636 1758 773 1799 Ecclefiae,
784 1767 814 1795 in
825 1769 898 1802 cujus

111 1802 183 1831 atrio
192 1801 400 1841 sepelitur,&c.]
414 1808 447 1833 Et
458 1804 760 1840 mox:[Prohibendiim
769 1807 807 1836 est
815 1807 898 1836 etiam

107 1841 256 1871 secundum
266 1847 395 1879 majorum
406 1846 530 1874 instituta
539 1868 546 1879 ‚
566 1857 597 1875 ut
609 1847 640 1875 iri
649 1847 766 1877 Ecclesia
775 1848 892 1877 nuliate-

110 1893 161 1912 nus
171 1882 336 1926 sepeliantur
348 1896 355 1916 ς
365 1884 412 1915 sed
424 1887 453 1915 in
463 1888 535 1916 atrio
545 1909 553 1920 ‚
573 1896 618 1916 aut
628 1889 657 1917 in
669 1889 776 1927 porticu
787 1911 795 1922 ‚
815 1899 859 1917 aut
868 1889 896 1917 in

110 1923 238 1952 exhedris
250 1925 374 1954 Ecciefiae
387 1946 395 1954 .
413 1927 493 1956 Intra
502 1929 631 1958 Ecclefias
649 1940 717 1958 vero
729 1951 736 1962 ,
754 1939 801 1958 aut
811 1940 896 1968 prope

110 1965 208 1993 Altare
217 1987 225 1997 ‚
238 1965 282 1993 ubi
293 1967 402 2004 Corpus
412 1988 420 2000 ‚
438 1971 466 1997 ὅ(
476 1969 587 2009 Sanguis
596 1970 715 1999 Domini
728 1970 875 1999 conficitur
886 1993 894 2004 ‚

109 2006 269 2034 nullatenus
278 2005 445 2043 sepeliantur
454 2030 462 2042 ‚
482 2020 540 2038 can.
553 2011 769 2049 praecipiendum
780 2012 818 2040 est
827 2033 836 2045 ‚
851 2022 894 2049 ¹3·

109 2055 136 2083 q.
151 2057 176 2074 2.
189 2047 201 2077 ]
215 2057 221 2073 :
233 2047 249 2080 ΙΙ
263 2058 269 2074 :
281 2047 392 2076 Dicitur
401 2049 485 2077 etiam
495 2053 681 2082 Catacumbffi
693 2054 767 2088 cujus
777 2062 896 2088 etymon

107 2086 228 2116 derivari
241 2087 334 2115 censet
346 2089 477 2118 Batonius
487 2091 518 2119 in
526 2092 611 2120 Notis
619 2092 652 2120 ad
662 2094 809 2128 Martyrol.
821 2104 834 2121 a
843 2105 895 2124 κα-

100 2124 138 2156 ’πὲ
157 2137 248 2166 graece
258 2149 265 2160 ,
286 2131 316 2157 ’ἀ
325 2129 415 2158 tumba
423 2130 507 2160 latine
516 2154 524 2164 ,
545 2131 610 2160 ideo
620 2133 781 2162 vocabulum
789 2144 895 2173 graeco-

108 2166 227 2196 latinum
239 2168 378 2198 existimat
387 2181 394 2197 .-
403 2167 555 2200 uzrvc'enim
566 2183 653 2211 prope
667 2173 895 2213 fignificat‚idest,

108 2216 194 2246 prope
206 2209 326 2238 tumbam
338 2231 346 2242 ,
365 2209 470 2249 efleque
477 2212 517 2240 ait
527 2223 656 2252 corrupte
667 2215 874 2243 Caraecumbam
885 2236 895 2248 ‚

106 2257 158 2285 pro
170 2251 345 2279 Catacumba
354 2270 362 2277 .
374 2252 477 2279 Verum
488 2253 612 2282 Latinius
621 2255 790 2283 contrarium
801 2254 895 2284 desen-

107 2287 149 2316 dit
157 2287 208 2318 effe
218 2311 225 2323 ,
245 2289 350 2319 scilicet
364 2312 371 2323 ‚
389 2293 550 2322 ,vocabulum
570 2294 744 2334 integraliter
753 2305 892 2335 graecum5

79 2365 82 2369 ,
107 2338 170 2373 ΜΨ
181 2328 348 2368 κατακόμβη
358 2332 449 2360 locum
461 2333 628 2371 profundum
639 2357 647 2369 ‚
660 2340 687 2364 ὃ(
698 2346 849 2364 concavum
861 2338 894 2366 fi-

105 2370 227 2407 gnificat.
238 2373 300 2401 Nec
313 2382 367 2401 vox
379 2374 470 2404 tumba
481 2374 566 2404 latina
577 2375 642 2405 esta
652 2377 732 2406 nullo
741 2377 815 2406 enim
824 2377 892 2407 clas-

954 1438 1089 1472 Κοηόβισν
1102 1458 1108 1465 .
1130 1438 1232 1467 Differt
1245 1448 1337 1467 tamen
1351 1436 1547 1466 monasterium
1559 1447 1572 1464 a
1582 1437 1724 1465 Coenobio
1733 1459 1742 1470 ,

956 1487 987 1506 ut
997 1477 1095 1506 Isidor.
1108 1479 1155 1507 lib.
1171 1490 1193 1507 i.
1203 1480 1238 1507 de
1247 1480 1338 1508 divin.
1356 1478 1402 1507 off.
1413 1488 1470 1516 cap.
1486 1489 1496 1506 1
1506 1488 1518 1512 5
1526 1499 1534 1505 .
1543 1477 1627 1505 docet
1638 1498 1647 1510 ‚
1669 1477 1746 1516 quod

957 1519 1184 1554 [Monasterium
1194 1519 1278 1559 poffit
1287 1521 1366 1548 etinni
1378 1519 1457 1547 unius
1469 1518 1599 1547 Monachi
1611 1518 1744 1547 habitatio

955 1562 1106 1598 nuncupari
1116 1572 1123 1588 :
1135 1561 1306 1590 Coenobium
1316 1570 1406 1589 autem
1418 1559 1527 1587 nonnisi
1539 1559 1746 1596 plurimorum]

955 1602 1100 1629 Maronitae
1122 1603 1206 1630 etiam
1224 1603 1357 1631 Kanubin
1376 1601 1572 1629 monasterium
1594 1609 1696 1628 vocant
1714 1600 1747 1628 iii

955 1643 1054 1669 Monte
1065 1643 1179 1676 Libano,
1189 1642 1234 1672 ubi
1245 1652 1340 1671 eorum
1351 1640 1505 1670 miriarcha
1517 1640 1624 1672 residet,
1635 1639 1665 1668 in
1674 1649 1739 1678 qua-

954 1682 1014 1710 dem
1027 1683 1099 1711 valle
1110 1683 1237 1711 fitutitum
1251 1694 1256 1710 :
1280 1683 1372 1721 ibique
1384 1682 1423 1710 sui
1435 1681 1470 1709 de
1479 1691 1522 1709 an.
1538 1690 1546 1706 1
1555 1687 1623 1716 ⁶24
1635 1690 1685 1719 pro
1695 1691 1746 1710 ne-

952 1723 1037 1761 gotiis
1056 1724 1082 1752 S.
1093 1724 1167 1752 Sedis
1180 1723 1349 1761 Apostolicae
1361 1745 1370 1757 ,
1389 1733 1419 1751 ut
1438 1722 1497 1750 dixi
1517 1723 1547 1749 in
1558 1722 1623 1749 dist.
1632 1726 1748 1760 Agape⁷

953 1764 1094 1793 Odoricus
1104 1765 1266 1799 Raynaldus
1284 1775 1326 1792 aii.
1341 1775 1372 1799 ¹5
1383 1775 1425 1799 ¹4-
1435 1762 1520 1792 refert
1531 1763 1682 1800 Epistolam
1692 1764 1743 1792 Pa-

953 1803 1081 1833 triarchae
1102 1805 1302 1834 Maronitarum
1322 1815 1355 1833 ex
1373 1805 1480 1834 Diariis
1499 1805 1537 1831 M.
1559 1804 1583 1831 S.
1594 1803 1688 1832 Pariiii
1707 1803 1743 1833 de

946 1844 1040 1874 -Grefll
1049 1846 1119 1874 olim
1129 1856 1167 1875 esc
1173 1857 1279 1874 remon.
1292 1846 1491 1889 hlagistri,quae
1503 1843 1619 1882 epistola
1628 1855 1662 1874 ex
1673 1847 1744 1874 Ara-

951 1886 1014 1914 bico
1024 1887 1092 1914 male
1105 1896 1286 1925 interpretata
1297 1888 1347 1915 iiiii
1361 1909 1368 1920 ‚
1386 1896 1494 1924 nempe,
1506 1886 1648 1914 (lamubin
1660 1907 1668 1919 ,
1692 1895 1743 1924 pro

952 1928 1084 1955 Canubm
1095 1949 1103 1960 ‚
1113 1939 1142 1956 ac
1155 1927 1308 1965 Aithiopes
1320 1929 1471 1956 Maronitas
1482 1924 1532 1954 eli'e
1543 1936 1683 1965 perperam
1693 1925 1736 1955 :is-

947 1967 1015 1996 -scrit
1027 1989 1033 1994 .
1046 1969 1118 1996 Itciii
1130 1974 1220 1998 Anum
1233 1979 1282 2006 pro
1293 1969 1379 1997 Clmri
1401 1968 1496 2007 (quod
1517 1978 1566 1996 nos
1579 1967 1743 2006 Archipres-

951 2009 1079 2043 byterum
1098 2009 1236 2041 dicimus)
1259 2011 1330 2037 Item
1351 2010 1430 2042 Klil,
1453 2009 1529 2048 quod
1546 2017 1600 2036 tam
1611 2019 1743 2038 coi-oxiam

951 2050 1117 2083 clericalem,
1127 2061 1208 2089 quain
1220 2050 1381 2083 libaiiotcm,
1391 2049 1437 2078 seu
1448 2049 1743 2089 rosmariiium'plaiuae

949 2090 1071 2129 speciem
1081 2091 1256 2130 fignificamt
1269 2101 1298 2118 in
1311 2091 1357 2118 illa
1368 2092 1483 2129 epistola
1493 2099 1598 2119 tantum
1607 2091 1643 2120 de
1652 2091 1741 2130 prima

951 2131 1153 2170 significatione
1161 2131 1249 2161 sermo
1260 2131 1307 2164 est,
1319 2142 1429 2170 nempe,
1442 2133 1476 2161 de
1487 2132 1607 2160 clericali
1617 2143 1721 2161 corona
1731 2143 1740 2163 i

950 2173 1093 2202 odoricus
1116 2183 1207 2202 tamen
1226 2174 1344 2211 plantam
1372 2173 1518 2202 rosmarini
1546 2174 1742 2212 interpretatus

952 2213 990 2241 est
1001 2235 1010 2246 ‚
1021 2213 1163 2252 additque,
1173 2213 1249 2253 quod
1263 2213 1290 2241 in
1301 2215 1462 2243 memoriam
1471 2214 1573 2253 spinea:
1586 2225 1698 2243 corona:
1712 2214 1742 2242 iii

950 2253 1038 2292 capite
1049 2255 1125 2282 Salve
1131 2255 1208 2287 toris,
1219 2255 1328 2284 Clerici
1337 2257 1482 2284 Maronitae
1496 2256 1565 2284 hanc
1576 2256 1696 2293 plantam
1707 2254 1740 2282 ed

953 2295 1068 2323 moduni
1077 2306 1188 2324 corona:
1202 2296 1230 2323 in
1241 2306 1331 2334 capite
1340 2307 1441 2336 gerunt
1453 2320 1461 2330 ‚
1482 2307 1541 2335 quae
1552 2297 1698 2325 meditatio
1707 2295 1740 2324 si-

955 2346 990 2364 ne
1001 2336 1062 2363 ullo
1081 2336 1258 2365 fimdsmento
1277 2336 1397 2366 :iss‘eritur
1407 2360 1415 2371 ,
1432 2342 1459 2367 ὃ(
1472 2337 1534 2366 eilet
1546 2337 1657 2375 quidem
1668 2336 1739 2375 apud

949 2375 1061 2405 eosdem
1071 2378 1221 2407 ridiculum
1229 2399 1247 2418 ,ι
1259 2377 1278 2408 si
1288 2378 1352 2408 talia
1370 2379 1498 2409 audirent
1508 2390 1516 2411 5
1537 2379 1599 2417 quia
1609 2377 1670 2405 talis
1680 2376 1740 2406 usus

1609 2428 1697 2448 ramo—
