<?xml version="1.0" encoding="UTF-8"?>
<!DOCTYPE html PUBLIC "-//W3C//DTD XHTML 1.0 Transitional//EN"
    "http://www.w3.org/TR/xhtml1/DTD/xhtml1-transitional.dtd">
<html xmlns="http://www.w3.org/1999/xhtml" xml:lang="en" lang="en">
 <head>
  <title>
</title>
<meta http-equiv="Content-Type" content="text/html;charset=utf-8" />
  <meta name='ocr-system' content='tesseract 3.04.00' />
  <meta name='ocr-capabilities' content='ocr_page ocr_carea ocr_par ocr_line ocrx_word'/>
</head>
<body>
  <div class='ocr_page' id='page_1' title='image "./dominicimacrimel00magr/dominicimacrimel00magr_0635.png"; bbox 0 0 1866 2526; ppageno 0'>
   <div class='ocr_carea' id='block_1_1' title="bbox 450 49 546 93">
    <p class='ocr_par' dir='ltr' id='par_1_1' title="bbox 450 49 546 93">
     <span class='ocr_line' id='line_1_1' title="bbox 450 49 546 93; baseline -0.01 0"><span class='ocrx_word' id='word_1_1' title='bbox 450 49 546 93; x_wconf 80' lang='lat' dir='ltr'>SE</span> 
     </span>
    </p>
   </div>
   <div class='ocr_carea' id='block_1_2' title="bbox 58 107 901 272">
    <p class='ocr_par' dir='ltr' id='par_1_2' title="bbox 58 107 901 272">
     <span class='ocr_line' id='line_1_2' title="bbox 58 107 901 149; baseline -0.004 -8"><span class='ocrx_word' id='word_1_2' title='bbox 58 110 172 147; x_wconf 62' lang='lat' dir='ltr'>Stoma</span> <span class='ocrx_word' id='word_1_3' title='bbox 183 134 191 147; x_wconf 91' lang='lat'><em>,</em></span> <span class='ocrx_word' id='word_1_4' title='bbox 202 113 331 143; x_wconf 85' lang='lat' dir='ltr'>horreum</span> <span class='ocrx_word' id='word_1_5' title='bbox 343 131 352 143; x_wconf 85' lang='lat'><em>‚</em></span> <span class='ocrx_word' id='word_1_6' title='bbox 372 108 403 139; x_wconf 88' lang='lat' dir='ltr'>in</span> <span class='ocrx_word' id='word_1_7' title='bbox 413 119 469 149; x_wconf 90' lang='lat' dir='ltr'>quo</span> <span class='ocrx_word' id='word_1_8' title='bbox 477 107 613 146; x_wconf 80' lang='lat' dir='ltr'>manipuli</span> <span class='ocrx_word' id='word_1_9' title='bbox 623 107 759 147; x_wconf 79' lang='lat' dir='ltr'>spicarum</span> <span class='ocrx_word' id='word_1_10' title='bbox 769 117 901 148; x_wconf 84' lang='lat' dir='ltr'>congere-</span> 
     </span>
     <span class='ocr_line' id='line_1_3' title="bbox 101 149 901 191; baseline -0.01 -6"><span class='ocrx_word' id='word_1_11' title='bbox 101 157 199 185; x_wconf 87' lang='lat' dir='ltr'>bantur</span> <span class='ocrx_word' id='word_1_12' title='bbox 208 176 217 188; x_wconf 93' lang='lat'><em>‚</em></span> <span class='ocrx_word' id='word_1_13' title='bbox 236 153 326 191; x_wconf 80' lang='lat' dir='ltr'>ibique</span> <span class='ocrx_word' id='word_1_14' title='bbox 335 150 448 180; x_wconf 80' lang='lat' dir='ltr'>scuticis</span> <span class='ocrx_word' id='word_1_15' title='bbox 457 150 560 179; x_wconf 84' lang='lat' dir='ltr'>deinde</span> <span class='ocrx_word' id='word_1_16' title='bbox 571 159 663 178; x_wconf 89' lang='lat' dir='ltr'>recens</span> <span class='ocrx_word' id='word_1_17' title='bbox 675 149 844 178; x_wconf 79' lang='lat' dir='ltr'>frumentum</span> <span class='ocrx_word' id='word_1_18' title='bbox 853 160 901 178; x_wconf 88' lang='lat' dir='ltr'>ex-</span> 
     </span>
     <span class='ocr_line' id='line_1_4' title="bbox 101 189 900 230; baseline -0.01 -4"><span class='ocrx_word' id='word_1_19' title='bbox 101 196 265 226; x_wconf 81' lang='lat' dir='ltr'>cutiebatur.</span> <span class='ocrx_word' id='word_1_20' title='bbox 287 199 299 228; x_wconf 84' lang='lat'>[</span> <span class='ocrx_word' id='word_1_21' title='bbox 311 193 337 221; x_wconf 88' lang='lat' dir='ltr'>Si</span> <span class='ocrx_word' id='word_1_22' title='bbox 350 192 409 230; x_wconf 85' lang='lat' dir='ltr'>quis</span> <span class='ocrx_word' id='word_1_23' title='bbox 418 189 535 219; x_wconf 87' lang='lat' dir='ltr'>scuriam</span> <span class='ocrx_word' id='word_1_24' title='bbox 546 199 606 218; x_wconf 89' lang='lat' dir='ltr'>cum</span> <span class='ocrx_word' id='word_1_25' title='bbox 624 191 759 219; x_wconf 87' lang='lat' dir='ltr'>animabus</span> <span class='ocrx_word' id='word_1_26' title='bbox 770 191 900 219; x_wconf 85' lang='lat' dir='ltr'>incende—</span> 
     </span>
     <span class='ocr_line' id='line_1_5' title="bbox 102 231 900 272; baseline -0.009 -7"><span class='ocrx_word' id='word_1_27' title='bbox 102 239 138 266; x_wconf 85' lang='lat' dir='ltr'>rit</span> <span class='ocrx_word' id='word_1_28' title='bbox 150 258 158 270; x_wconf 94' lang='lat'><em>‚</em></span> <span class='ocrx_word' id='word_1_29' title='bbox 180 237 209 265; x_wconf 91' lang='lat' dir='ltr'>in</span> <span class='ocrx_word' id='word_1_30' title='bbox 220 236 280 272; x_wconf 84' lang='lat' dir='ltr'>lege</span> <span class='ocrx_word' id='word_1_31' title='bbox 289 233 369 261; x_wconf 81' lang='lat' dir='ltr'>salica</span> <span class='ocrx_word' id='word_1_32' title='bbox 380 254 388 265; x_wconf 95' lang='lat'>‚</span> <span class='ocrx_word' id='word_1_33' title='bbox 407 233 452 260; x_wconf 81' lang='lat' dir='ltr'>tit·</span> <span class='ocrx_word' id='word_1_34' title='bbox 469 242 512 268; x_wconf 87' lang='lat'>¹9·</span> <span class='ocrx_word' id='word_1_35' title='bbox 524 233 537 264; x_wconf 89' lang='grc'>]</span> <span class='ocrx_word' id='word_1_36' title='bbox 557 241 590 259; x_wconf 80' lang='lat' dir='ltr'>cx</span> <span class='ocrx_word' id='word_1_37' title='bbox 602 231 733 260; x_wconf 78' lang='lat' dir='ltr'>vocabulo</span> <span class='ocrx_word' id='word_1_38' title='bbox 740 231 900 271; x_wconf 84' lang='lat' dir='ltr'>germanico</span> 
     </span>
    </p>
   </div>
   <div class='ocr_carea' id='block_1_3' title="bbox 97 274 497 315">
    <p class='ocr_par' dir='ltr' id='par_1_3' title="bbox 97 274 497 315">
     <span class='ocr_line' id='line_1_6' title="bbox 97 274 497 315; baseline -0.015 -9"><span class='ocrx_word' id='word_1_39' title='bbox 97 278 212 315; x_wconf 76' lang='lat' dir='ltr'>scheme</span> <span class='ocrx_word' id='word_1_40' title='bbox 223 296 231 304; x_wconf 85' lang='lat'><strong>.</strong></span> <span class='ocrx_word' id='word_1_41' title='bbox 247 274 319 304; x_wconf 88' lang='lat' dir='ltr'>Vide</span> <span class='ocrx_word' id='word_1_42' title='bbox 329 279 480 310; x_wconf 73' lang='lat' dir='ltr'>Manopera</span> <span class='ocrx_word' id='word_1_43' title='bbox 489 292 497 300; x_wconf 91' lang='lat'><strong>.</strong></span> 
     </span>
    </p>
   </div>
   <div class='ocr_carea' id='block_1_4' title="bbox 58 311 901 472">
    <p class='ocr_par' dir='ltr' id='par_1_4' title="bbox 58 311 901 472">
     <span class='ocr_line' id='line_1_7' title="bbox 58 311 901 351; baseline -0.008 -4"><span class='ocrx_word' id='word_1_44' title='bbox 58 319 171 347; x_wconf 70' lang='lat' dir='ltr'>seuam</span> <span class='ocrx_word' id='word_1_45' title='bbox 183 339 190 351; x_wconf 85' lang='lat'><em>‚</em></span> <span class='ocrx_word' id='word_1_46' title='bbox 210 314 346 345; x_wconf 75' lang='lat' dir='ltr'>Carnifex</span> <span class='ocrx_word' id='word_1_47' title='bbox 358 326 364 342; x_wconf 86' lang='lat'>:</span> <span class='ocrx_word' id='word_1_48' title='bbox 389 320 399 349; x_wconf 90' lang='lat'><strong>[</strong></span> <span class='ocrx_word' id='word_1_49' title='bbox 412 317 593 350; x_wconf 72' lang='lat' dir='ltr'>Amputaium</span> <span class='ocrx_word' id='word_1_50' title='bbox 609 311 648 340; x_wconf 88' lang='lat' dir='ltr'>est</span> <span class='ocrx_word' id='word_1_51' title='bbox 657 321 736 351; x_wconf 89' lang='lat' dir='ltr'>caput</span> <span class='ocrx_word' id='word_1_52' title='bbox 755 316 810 349; x_wconf 88' lang='lat' dir='ltr'>ejus</span> <span class='ocrx_word' id='word_1_53' title='bbox 819 311 901 341; x_wconf 86' lang='lat' dir='ltr'>ascu-</span> 
     </span>
     <span class='ocr_line' id='line_1_8' title="bbox 105 351 898 390; baseline -0.006 -4"><span class='ocrx_word' id='word_1_54' title='bbox 105 358 185 387; x_wconf 86' lang='lat' dir='ltr'>rione</span> <span class='ocrx_word' id='word_1_55' title='bbox 194 379 202 390; x_wconf 88' lang='lat'><em>,</em></span> <span class='ocrx_word' id='word_1_56' title='bbox 222 357 252 385; x_wconf 89' lang='lat' dir='ltr'>in</span> <span class='ocrx_word' id='word_1_57' title='bbox 263 356 329 385; x_wconf 88' lang='lat' dir='ltr'>Vita</span> <span class='ocrx_word' id='word_1_58' title='bbox 345 356 370 384; x_wconf 86' lang='lat' dir='ltr'>S.</span> <span class='ocrx_word' id='word_1_59' title='bbox 381 353 502 383; x_wconf 69' lang='lat' dir='ltr'>Vit‘iorii</span> <span class='ocrx_word' id='word_1_60' title='bbox 513 372 519 380; x_wconf 90' lang='lat'><strong>.</strong></span> <span class='ocrx_word' id='word_1_61' title='bbox 532 354 544 384; x_wconf 91' lang='grc'>]</span> <span class='ocrx_word' id='word_1_62' title='bbox 563 351 678 382; x_wconf 75' lang='lat' dir='ltr'>Dicitur</span> <span class='ocrx_word' id='word_1_63' title='bbox 693 354 772 382; x_wconf 83' lang='lat' dir='ltr'>etiam</span> <span class='ocrx_word' id='word_1_64' title='bbox 781 359 878 382; x_wconf 75' lang='lat' dir='ltr'>Scurra</span> <span class='ocrx_word' id='word_1_65' title='bbox 889 366 898 381; x_wconf 90' lang='lat'><em>:</em></span> 
     </span>
     <span class='ocr_line' id='line_1_9' title="bbox 106 391 898 438; baseline -0.01 -9"><span class='ocrx_word' id='word_1_66' title='bbox 106 400 140 429; x_wconf 79' lang='lat' dir='ltr'>fic</span> <span class='ocrx_word' id='word_1_67' title='bbox 152 398 227 428; x_wconf 88' lang='lat' dir='ltr'>enim</span> <span class='ocrx_word' id='word_1_68' title='bbox 249 398 364 435; x_wconf 84' lang='lat' dir='ltr'>legimus</span> <span class='ocrx_word' id='word_1_69' title='bbox 382 395 412 423; x_wconf 93' lang='lat' dir='ltr'>in</span> <span class='ocrx_word' id='word_1_70' title='bbox 434 404 501 422; x_wconf 90' lang='lat' dir='ltr'>tom.</span> <span class='ocrx_word' id='word_1_71' title='bbox 514 405 540 422; x_wconf 67' lang='grc' dir='ltr'>τ..</span> <span class='ocrx_word' id='word_1_72' title='bbox 559 393 772 438; x_wconf 80' lang='lat' dir='ltr'>Conciliorum:</span> <span class='ocrx_word' id='word_1_73' title='bbox 794 391 898 437; x_wconf 72' lang='lat' dir='ltr'>[Jussit</span> 
     </span>
     <span class='ocr_line' id='line_1_10' title="bbox 100 436 898 472; baseline -0.013 -3"><span class='ocrx_word' id='word_1_74' title='bbox 100 450 162 468; x_wconf 82' lang='lat' dir='ltr'>eum</span> <span class='ocrx_word' id='word_1_75' title='bbox 172 449 186 467; x_wconf 90' lang='lat' dir='ltr'>a</span> <span class='ocrx_word' id='word_1_76' title='bbox 195 437 321 467; x_wconf 74' lang='lat' dir='ltr'>scurione</span> <span class='ocrx_word' id='word_1_77' title='bbox 333 436 395 464; x_wconf 87' lang='lat' dir='ltr'>duci</span> <span class='ocrx_word' id='word_1_78' title='bbox 407 456 414 467; x_wconf 87' lang='lat'><em>,</em></span> <span class='ocrx_word' id='word_1_79' title='bbox 433 438 461 463; x_wconf 75' lang='grc' dir='ltr'>δε</span> <span class='ocrx_word' id='word_1_80' title='bbox 472 438 540 463; x_wconf 76' lang='lat' dir='ltr'>lotas</span> <span class='ocrx_word' id='word_1_81' title='bbox 551 443 656 472; x_wconf 85' lang='lat' dir='ltr'>regiam</span> <span class='ocrx_word' id='word_1_82' title='bbox 671 443 815 463; x_wconf 85' lang='lat' dir='ltr'>civitatem</span> <span class='ocrx_word' id='word_1_83' title='bbox 826 443 898 460; x_wconf 83' lang='lat' dir='ltr'>occi-</span> 
     </span>
    </p>
   </div>
   <div class='ocr_carea' id='block_1_5' title="bbox 101 472 896 556">
    <p class='ocr_par' dir='ltr' id='par_1_5' title="bbox 101 472 896 556">
     <span class='ocr_line' id='line_1_11' title="bbox 101 472 896 512; baseline -0.009 -4"><span class='ocrx_word' id='word_1_84' title='bbox 101 481 131 509; x_wconf 87' lang='lat' dir='ltr'>di</span> <span class='ocrx_word' id='word_1_85' title='bbox 143 501 150 509; x_wconf 86' lang='lat'>.</span> <span class='ocrx_word' id='word_1_86' title='bbox 162 482 174 512; x_wconf 92' lang='lat'><em>]</em></span> <span class='ocrx_word' id='word_1_87' title='bbox 185 479 308 508; x_wconf 79' lang='lat' dir='ltr'>Tandem</span> <span class='ocrx_word' id='word_1_88' title='bbox 317 476 361 504; x_wconf 80' lang='lat' dir='ltr'>alii</span> <span class='ocrx_word' id='word_1_89' title='bbox 374 476 502 512; x_wconf 70' lang='lat' dir='ltr'>obscurio</span> <span class='ocrx_word' id='word_1_90' title='bbox 512 472 626 502; x_wconf 81' lang='lat' dir='ltr'>scribere</span> <span class='ocrx_word' id='word_1_91' title='bbox 637 474 743 502; x_wconf 85' lang='lat' dir='ltr'>malunt</span> <span class='ocrx_word' id='word_1_92' title='bbox 752 494 760 502; x_wconf 87' lang='lat'><em>.</em></span> <span class='ocrx_word' id='word_1_93' title='bbox 778 474 842 504; x_wconf 86' lang='lat' dir='ltr'>Alia</span> <span class='ocrx_word' id='word_1_94' title='bbox 851 472 896 508; x_wconf 85' lang='lat' dir='ltr'>sy-</span> 
     </span>
     <span class='ocr_line' id='line_1_12' title="bbox 102 515 492 556; baseline -0.018 -6"><span class='ocrx_word' id='word_1_95' title='bbox 102 530 222 556; x_wconf 80' lang='lat' dir='ltr'>nonyma</span> <span class='ocrx_word' id='word_1_96' title='bbox 232 540 238 547; x_wconf 92' lang='lat'>.</span> <span class='ocrx_word' id='word_1_97' title='bbox 251 518 324 547; x_wconf 74' lang='lat' dir='ltr'>Vide</span> <span class='ocrx_word' id='word_1_98' title='bbox 336 515 474 554; x_wconf 69' lang='lat' dir='ltr'>Carnifex</span> <span class='ocrx_word' id='word_1_99' title='bbox 484 536 492 543; x_wconf 90' lang='lat'>.</span> 
     </span>
    </p>
   </div>
   <div class='ocr_carea' id='block_1_6' title="bbox 58 554 898 595">
    <p class='ocr_par' dir='ltr' id='par_1_6' title="bbox 58 554 898 595">
     <span class='ocr_line' id='line_1_13' title="bbox 58 554 898 595; baseline -0.01 -5"><span class='ocrx_word' id='word_1_100' title='bbox 58 563 194 591; x_wconf 61' lang='lat' dir='ltr'>Seu-ma</span> <span class='ocrx_word' id='word_1_101' title='bbox 207 580 214 587; x_wconf 92' lang='lat'><strong>.</strong></span> <span class='ocrx_word' id='word_1_102' title='bbox 227 562 283 589; x_wconf 67' lang='lat' dir='ltr'>Ht-</span> <span class='ocrx_word' id='word_1_103' title='bbox 295 559 358 586; x_wconf 79' lang='lat' dir='ltr'>lanx</span> <span class='ocrx_word' id='word_1_104' title='bbox 370 579 376 589; x_wconf 90' lang='lat'><em>,</em></span> <span class='ocrx_word' id='word_1_105' title='bbox 387 555 494 595; x_wconf 79' lang='lat' dir='ltr'>patina,</span> <span class='ocrx_word' id='word_1_106' title='bbox 504 561 516 590; x_wconf 93' lang='lat'><strong>[</strong></span> <span class='ocrx_word' id='word_1_107' title='bbox 528 554 663 583; x_wconf 85' lang='lat' dir='ltr'>Scutelam</span> <span class='ocrx_word' id='word_1_108' title='bbox 672 563 830 593; x_wconf 79' lang='lat' dir='ltr'>argenteam</span> <span class='ocrx_word' id='word_1_109' title='bbox 839 554 898 582; x_wconf 90' lang='lat' dir='ltr'>cui-</span> 
     </span>
    </p>
   </div>
   <div class='ocr_carea' id='block_1_7' title="bbox 57 595 895 841">
    <p class='ocr_par' dir='ltr' id='par_1_7' title="bbox 57 595 895 841">
     <span class='ocr_line' id='line_1_14' title="bbox 99 595 895 639; baseline -0.016 -8"><span class='ocrx_word' id='word_1_110' title='bbox 99 603 161 631; x_wconf 87' lang='lat' dir='ltr'>dam</span> <span class='ocrx_word' id='word_1_111' title='bbox 171 599 339 630; x_wconf 80' lang='lat' dir='ltr'>Monasterio</span> <span class='ocrx_word' id='word_1_112' title='bbox 351 595 504 639; x_wconf 56' lang='lat' dir='ltr'>reliquiss&#39;e3</span> <span class='ocrx_word' id='word_1_113' title='bbox 514 595 590 632; x_wconf 79' lang='lat' dir='ltr'>lib.3.</span> <span class='ocrx_word' id='word_1_114' title='bbox 600 595 895 630; x_wconf 76' lang='lat' dir='ltr'>Decretal.tit.:.6.c.4.</span> 
     </span>
     <span class='ocr_line' id='line_1_15' title="bbox 57 635 808 680; baseline -0.017 -8"><span class='ocrx_word' id='word_1_115' title='bbox 57 644 132 671; x_wconf 70' lang='lat' dir='ltr'>Servi</span> <span class='ocrx_word' id='word_1_116' title='bbox 142 653 204 672; x_wconf 72' lang='lat' dir='ltr'>irrit</span> <span class='ocrx_word' id='word_1_117' title='bbox 217 663 224 674; x_wconf 87' lang='lat'><em>‚</em></span> <span class='ocrx_word' id='word_1_118' title='bbox 234 645 261 670; x_wconf 73' lang='grc' dir='ltr'>ὃ(</span> <span class='ocrx_word' id='word_1_119' title='bbox 270 639 425 676; x_wconf 77' lang='lat' dir='ltr'>Scutifems</span> <span class='ocrx_word' id='word_1_120' title='bbox 438 656 445 663; x_wconf 84' lang='lat'>.</span> <span class='ocrx_word' id='word_1_121' title='bbox 459 636 532 664; x_wconf 84' lang='lat' dir='ltr'>Vide</span> <span class='ocrx_word' id='word_1_122' title='bbox 542 635 623 663; x_wconf 75' lang='lat' dir='ltr'>Pelta</span> <span class='ocrx_word' id='word_1_123' title='bbox 635 656 643 662; x_wconf 89' lang='lat'>.</span> <span class='ocrx_word' id='word_1_124' title='bbox 803 675 808 680; x_wconf 46' lang='grc'><em>.</em></span> 
     </span>
     <span class='ocr_line' id='line_1_16' title="bbox 57 674 893 717; baseline -0.002 -11"><span class='ocrx_word' id='word_1_125' title='bbox 57 684 176 712; x_wconf 56' lang='lat' dir='ltr'>scu-sna</span> <span class='ocrx_word' id='word_1_126' title='bbox 188 702 195 709; x_wconf 92' lang='lat'>.</span> <span class='ocrx_word' id='word_1_127' title='bbox 216 684 273 711; x_wconf 69' lang='lat' dir='ltr'>FR,</span> <span class='ocrx_word' id='word_1_128' title='bbox 286 681 320 708; x_wconf 90' lang='lat' dir='ltr'>de</span> <span class='ocrx_word' id='word_1_129' title='bbox 328 688 380 717; x_wconf 80' lang='lat' dir='ltr'>qua</span> <span class='ocrx_word' id='word_1_130' title='bbox 397 677 428 705; x_wconf 83' lang='lat' dir='ltr'>fit</span> <span class='ocrx_word' id='word_1_131' title='bbox 439 676 547 704; x_wconf 88' lang='lat' dir='ltr'>mentio</span> <span class='ocrx_word' id='word_1_132' title='bbox 560 696 568 707; x_wconf 92' lang='lat'><em>,</em></span> <span class='ocrx_word' id='word_1_133' title='bbox 587 685 614 712; x_wconf 88' lang='lat'>3.</span> <span class='ocrx_word' id='word_1_134' title='bbox 625 678 728 714; x_wconf 85' lang='lat' dir='ltr'>Reg.e.</span> <span class='ocrx_word' id='word_1_135' title='bbox 740 686 766 708; x_wconf 93' lang='lat'>7.</span> <span class='ocrx_word' id='word_1_136' title='bbox 779 674 823 704; x_wconf 89' lang='lat' dir='ltr'>his</span> <span class='ocrx_word' id='word_1_137' title='bbox 833 686 893 704; x_wconf 88' lang='lat' dir='ltr'>ver-</span> 
     </span>
     <span class='ocr_line' id='line_1_17' title="bbox 97 716 895 758; baseline -0.011 -6"><span class='ocrx_word' id='word_1_138' title='bbox 97 724 154 752; x_wconf 86' lang='lat' dir='ltr'>bis:</span> <span class='ocrx_word' id='word_1_139' title='bbox 168 729 179 758; x_wconf 94' lang='lat'>[</span> <span class='ocrx_word' id='word_1_140' title='bbox 193 726 225 750; x_wconf 84' lang='lat' dir='ltr'>Et</span> <span class='ocrx_word' id='word_1_141' title='bbox 235 723 334 750; x_wconf 79' lang='lat' dir='ltr'><strong>lebetes</strong></span> <span class='ocrx_word' id='word_1_142' title='bbox 343 740 351 751; x_wconf 90' lang='lat'><em>,</em></span> <span class='ocrx_word' id='word_1_143' title='bbox 363 721 390 746; x_wconf 77' lang='grc' dir='ltr'>δι</span> <span class='ocrx_word' id='word_1_144' title='bbox 401 716 500 745; x_wconf 78' lang='lat' dir='ltr'>scutras</span> <span class='ocrx_word' id='word_1_145' title='bbox 510 738 517 749; x_wconf 93' lang='lat'>,</span> <span class='ocrx_word' id='word_1_146' title='bbox 538 719 566 744; x_wconf 75' lang='grc' dir='ltr'>δ(</span> <span class='ocrx_word' id='word_1_147' title='bbox 578 716 678 744; x_wconf 84' lang='lat' dir='ltr'>amulas</span> <span class='ocrx_word' id='word_1_148' title='bbox 691 719 744 745; x_wconf 63' lang='lat' dir='ltr'>&amp;a</span> <span class='ocrx_word' id='word_1_149' title='bbox 756 718 768 748; x_wconf 94' lang='grc'>]</span> <span class='ocrx_word' id='word_1_150' title='bbox 780 716 895 752; x_wconf 86' lang='lat' dir='ltr'>Diony-</span> 
     </span>
     <span class='ocr_line' id='line_1_18' title="bbox 97 756 893 796; baseline -0.01 -3"><span class='ocrx_word' id='word_1_151' title='bbox 97 765 147 793; x_wconf 80' lang='lat' dir='ltr'>flus</span> <span class='ocrx_word' id='word_1_152' title='bbox 156 761 285 792; x_wconf 85' lang='lat' dir='ltr'>Carthus.</span> <span class='ocrx_word' id='word_1_153' title='bbox 295 761 330 789; x_wconf 86' lang='lat' dir='ltr'>fic</span> <span class='ocrx_word' id='word_1_154' title='bbox 341 757 456 796; x_wconf 80' lang='lat' dir='ltr'>exponit</span> <span class='ocrx_word' id='word_1_155' title='bbox 465 769 476 790; x_wconf 75' lang='lat' dir='ltr'>J</span> <span class='ocrx_word' id='word_1_156' title='bbox 489 764 500 793; x_wconf 90' lang='lat'>[</span> <span class='ocrx_word' id='word_1_157' title='bbox 512 759 575 786; x_wconf 85' lang='lat' dir='ltr'>Hoc</span> <span class='ocrx_word' id='word_1_158' title='bbox 585 756 633 789; x_wconf 84' lang='lat' dir='ltr'>est,</span> <span class='ocrx_word' id='word_1_159' title='bbox 645 757 706 786; x_wconf 88' lang='lat' dir='ltr'>vasa</span> <span class='ocrx_word' id='word_1_160' title='bbox 717 758 828 795; x_wconf 81' lang='lat' dir='ltr'>aequalis</span> <span class='ocrx_word' id='word_1_161' title='bbox 837 768 893 785; x_wconf 87' lang='lat' dir='ltr'>am—</span> 
     </span>
     <span class='ocr_line' id='line_1_19' title="bbox 97 797 893 841; baseline -0.008 -9"><span class='ocrx_word' id='word_1_162' title='bbox 97 803 242 841; x_wconf 88' lang='lat' dir='ltr'>plitudinis</span> <span class='ocrx_word' id='word_1_163' title='bbox 254 802 284 830; x_wconf 89' lang='lat' dir='ltr'>in</span> <span class='ocrx_word' id='word_1_164' title='bbox 294 811 341 829; x_wconf 87' lang='lat' dir='ltr'>ore</span> <span class='ocrx_word' id='word_1_165' title='bbox 351 821 358 832; x_wconf 92' lang='lat'><em>‚</em></span> <span class='ocrx_word' id='word_1_166' title='bbox 372 810 400 828; x_wconf 88' lang='lat' dir='ltr'>ac</span> <span class='ocrx_word' id='word_1_167' title='bbox 410 799 440 826; x_wconf 90' lang='lat' dir='ltr'>in</span> <span class='ocrx_word' id='word_1_168' title='bbox 450 797 537 826; x_wconf 77' lang='lat' dir='ltr'>fundo</span> <span class='ocrx_word' id='word_1_169' title='bbox 549 797 583 825; x_wconf 92' lang='lat' dir='ltr'>ad</span> <span class='ocrx_word' id='word_1_170' title='bbox 592 797 805 826; x_wconf 78' lang='lat' dir='ltr'>calefaciendum</span> <span class='ocrx_word' id='word_1_171' title='bbox 815 798 845 826; x_wconf 88' lang='lat' dir='ltr'>in</span> <span class='ocrx_word' id='word_1_172' title='bbox 856 799 893 826; x_wconf 84' lang='lat' dir='ltr'>eis</span> 
     </span>
    </p>
   </div>
   <div class='ocr_carea' id='block_1_8' title="bbox 896 492 910 535">
    <p class='ocr_par' dir='ltr' id='par_1_8' title="bbox 896 492 910 535">
     <span class='ocr_line' id='line_1_20' title="bbox 896 492 910 535; baseline 0 -2"><span class='ocrx_word' id='word_1_173' title='bbox 896 492 910 535; x_wconf 95' lang='lat' dir='ltr'>  </span> 
     </span>
    </p>
   </div>
   <div class='ocr_carea' id='block_1_9' title="bbox 1236 48 1699 108">
    <p class='ocr_par' dir='ltr' id='par_1_9' title="bbox 1236 48 1699 108">
     <span class='ocr_line' id='line_1_21' title="bbox 1236 48 1699 108; baseline 0.017 -17"><span class='ocrx_word' id='word_1_174' title='bbox 1236 48 1334 92; x_wconf 86' lang='lat' dir='ltr'>SE</span> <span class='ocrx_word' id='word_1_175' title='bbox 1617 57 1699 108; x_wconf 83' lang='lat'>607</span> 
     </span>
    </p>
   </div>
   <div class='ocr_carea' id='block_1_10' title="bbox 946 107 1752 837">
    <p class='ocr_par' dir='ltr' id='par_1_10' title="bbox 946 107 1752 837">
     <span class='ocr_line' id='line_1_22' title="bbox 955 107 1752 154; baseline 0.01 -18"><span class='ocrx_word' id='word_1_176' title='bbox 955 107 1011 136; x_wconf 86' lang='lat' dir='ltr'>lum</span> <span class='ocrx_word' id='word_1_177' title='bbox 1020 107 1228 147; x_wconf 81' lang='lat' dir='ltr'>excogitaverat</span> <span class='ocrx_word' id='word_1_178' title='bbox 1239 129 1248 142; x_wconf 93' lang='lat'>‚</span> <span class='ocrx_word' id='word_1_179' title='bbox 1259 117 1369 147; x_wconf 86' lang='lat' dir='ltr'>nempe,</span> <span class='ocrx_word' id='word_1_180' title='bbox 1381 110 1614 149; x_wconf 84' lang='lat' dir='ltr'>Panypersebasti‚</span> <span class='ocrx_word' id='word_1_181' title='bbox 1623 115 1669 153; x_wconf 88' lang='lat' dir='ltr'>qui</span> <span class='ocrx_word' id='word_1_182' title='bbox 1680 118 1752 154; x_wconf 63' lang='lat' dir='ltr'>grael</span> 
     </span>
     <span class='ocr_line' id='line_1_23' title="bbox 951 146 1752 191; baseline 0.006 -14"><span class='ocrx_word' id='word_1_183' title='bbox 951 159 983 177; x_wconf 88' lang='lat' dir='ltr'>ce</span> <span class='ocrx_word' id='word_1_184' title='bbox 993 146 1239 187; x_wconf 71' lang='grc' dir='ltr'><strong><em>πανυπερσέβαςος</em></strong></span> <span class='ocrx_word' id='word_1_185' title='bbox 1245 168 1257 185; x_wconf 85' lang='grc'><strong><em>,</em></strong></span> <span class='ocrx_word' id='word_1_186' title='bbox 1268 148 1338 178; x_wconf 78' lang='lat' dir='ltr'>idest</span> <span class='ocrx_word' id='word_1_187' title='bbox 1352 172 1360 184; x_wconf 94' lang='lat'><em>‚</em></span> <span class='ocrx_word' id='word_1_188' title='bbox 1368 159 1442 179; x_wconf 81' lang='lat' dir='ltr'>totns</span> <span class='ocrx_word' id='word_1_189' title='bbox 1452 155 1532 191; x_wconf 88' lang='lat' dir='ltr'>Augu</span> <span class='ocrx_word' id='word_1_190' title='bbox 1537 153 1587 181; x_wconf 85' lang='lat' dir='ltr'>stus</span> <span class='ocrx_word' id='word_1_191' title='bbox 1595 154 1731 184; x_wconf 75' lang='lat' dir='ltr'>dicebatur</span> <span class='ocrx_word' id='word_1_192' title='bbox 1741 176 1752 188; x_wconf 83' lang='grc'><strong>,</strong></span> 
     </span>
     <span class='ocr_line' id='line_1_24' title="bbox 952 188 1749 228; baseline 0.008 -11"><span class='ocrx_word' id='word_1_193' title='bbox 952 199 1004 228; x_wconf 83' lang='lat' dir='ltr'>qua</span> <span class='ocrx_word' id='word_1_194' title='bbox 1013 188 1151 228; x_wconf 77' lang='lat' dir='ltr'>dignitate</span> <span class='ocrx_word' id='word_1_195' title='bbox 1161 188 1327 218; x_wconf 86' lang='lat' dir='ltr'>Michaelcm</span> <span class='ocrx_word' id='word_1_196' title='bbox 1341 191 1503 221; x_wconf 86' lang='lat' dir='ltr'>Taronitam</span> <span class='ocrx_word' id='word_1_197' title='bbox 1514 194 1626 222; x_wconf 81' lang='lat' dir='ltr'>affinem</span> <span class='ocrx_word' id='word_1_198' title='bbox 1640 192 1749 224; x_wconf 35' lang='lat' dir='ltr'>decora*-</span> 
     </span>
     <span class='ocr_line' id='line_1_25' title="bbox 953 228 1749 268; baseline 0.008 -11"><span class='ocrx_word' id='word_1_199' title='bbox 953 230 995 258; x_wconf 89' lang='lat' dir='ltr'>vit</span> <span class='ocrx_word' id='word_1_200' title='bbox 1007 252 1013 262; x_wconf 89' lang='lat'><em>,</em></span> <span class='ocrx_word' id='word_1_201' title='bbox 1023 240 1052 258; x_wconf 87' lang='lat' dir='ltr'>ac</span> <span class='ocrx_word' id='word_1_202' title='bbox 1062 229 1226 268; x_wconf 81' lang='lat' dir='ltr'>participem</span> <span class='ocrx_word' id='word_1_203' title='bbox 1239 229 1267 259; x_wconf 84' lang='lat' dir='ltr'><strong><em>C</em></strong></span> <span class='ocrx_word' id='word_1_204' title='bbox 1269 228 1359 260; x_wconf 76' lang='lat' dir='ltr'>aesarei</span> <span class='ocrx_word' id='word_1_205' title='bbox 1370 231 1467 261; x_wconf 89' lang='lat' dir='ltr'>throni</span> <span class='ocrx_word' id='word_1_206' title='bbox 1478 232 1544 262; x_wconf 87' lang='lat' dir='ltr'>fecit</span> <span class='ocrx_word' id='word_1_207' title='bbox 1555 254 1562 261; x_wconf 88' lang='lat'><strong>.</strong></span> <span class='ocrx_word' id='word_1_208' title='bbox 1575 235 1749 265; x_wconf 75' lang='lat' dir='ltr'>Andronicus</span> 
     </span>
     <span class='ocr_line' id='line_1_26' title="bbox 953 269 1749 313; baseline 0.006 -14"><span class='ocrx_word' id='word_1_209' title='bbox 953 279 1020 299; x_wconf 85' lang='lat' dir='ltr'>vero</span> <span class='ocrx_word' id='word_1_210' title='bbox 1030 269 1132 308; x_wconf 85' lang='lat' dir='ltr'>Junior</span> <span class='ocrx_word' id='word_1_211' title='bbox 1148 272 1285 309; x_wconf 77' lang='lat' dir='ltr'>Joanncm</span> <span class='ocrx_word' id='word_1_212' title='bbox 1294 273 1519 302; x_wconf 85' lang='lat' dir='ltr'>Cantacuzenum</span> <span class='ocrx_word' id='word_1_213' title='bbox 1542 276 1677 313; x_wconf 78' lang='lat' dir='ltr'>Mignum</span> <span class='ocrx_word' id='word_1_214' title='bbox 1688 276 1749 304; x_wconf 92' lang='lat' dir='ltr'>Do-</span> 
     </span>
     <span class='ocr_line' id='line_1_27' title="bbox 951 311 1747 352; baseline 0.008 -14"><span class='ocrx_word' id='word_1_215' title='bbox 951 311 1093 339; x_wconf 80' lang='lat' dir='ltr'>mesticum</span> <span class='ocrx_word' id='word_1_216' title='bbox 1112 311 1246 350; x_wconf 71' lang='lat' dir='ltr'>aequalem</span> <span class='ocrx_word' id='word_1_217' title='bbox 1263 312 1494 352; x_wconf 84' lang='lat' dir='ltr'>Panyperseballo</span> <span class='ocrx_word' id='word_1_218' title='bbox 1514 315 1700 344; x_wconf 74' lang='lat' dir='ltr'>declaraverat</span> <span class='ocrx_word' id='word_1_219' title='bbox 1714 327 1720 343; x_wconf 89' lang='lat'>:</span> <span class='ocrx_word' id='word_1_220' title='bbox 1734 319 1747 347; x_wconf 73' lang='grc'>1</span> 
     </span>
     <span class='ocr_line' id='line_1_28' title="bbox 953 351 1749 393; baseline 0.008 -14"><span class='ocrx_word' id='word_1_221' title='bbox 953 355 1022 380; x_wconf 85' lang='lat' dir='ltr'>Eum</span> <span class='ocrx_word' id='word_1_222' title='bbox 1040 353 1124 391; x_wconf 85' lang='lat' dir='ltr'>longe</span> <span class='ocrx_word' id='word_1_223' title='bbox 1133 351 1317 390; x_wconf 81' lang='lat' dir='ltr'>augustiorem</span> <span class='ocrx_word' id='word_1_224' title='bbox 1335 353 1426 383; x_wconf 76' lang='lat' dir='ltr'>effecit</span> <span class='ocrx_word' id='word_1_225' title='bbox 1436 376 1443 386; x_wconf 92' lang='lat'><em>,</em></span> <span class='ocrx_word' id='word_1_226' title='bbox 1465 365 1546 393; x_wconf 82' lang='lat' dir='ltr'>quam</span> <span class='ocrx_word' id='word_1_227' title='bbox 1557 365 1621 385; x_wconf 88' lang='lat' dir='ltr'>ante</span> <span class='ocrx_word' id='word_1_228' title='bbox 1644 356 1729 385; x_wconf 80' lang='lat' dir='ltr'>fuerat</span> <span class='ocrx_word' id='word_1_229' title='bbox 1742 377 1749 388; x_wconf 84' lang='lat'><em>,</em></span> 
     </span>
     <span class='ocr_line' id='line_1_29' title="bbox 951 391 1750 434; baseline 0.008 -15"><span class='ocrx_word' id='word_1_230' title='bbox 951 391 1081 421; x_wconf 83' lang='lat' dir='ltr'>conceffis</span> <span class='ocrx_word' id='word_1_231' title='bbox 1091 391 1263 422; x_wconf 77' lang='lat' dir='ltr'>vestimentis</span> <span class='ocrx_word' id='word_1_232' title='bbox 1274 415 1282 427; x_wconf 91' lang='lat'>,</span> <span class='ocrx_word' id='word_1_233' title='bbox 1291 395 1389 423; x_wconf 83' lang='lat' dir='ltr'>calceis</span> <span class='ocrx_word' id='word_1_234' title='bbox 1400 416 1407 427; x_wconf 89' lang='lat'>,</span> <span class='ocrx_word' id='word_1_235' title='bbox 1420 398 1447 424; x_wconf 76' lang='grc' dir='ltr'>ὃ(</span> <span class='ocrx_word' id='word_1_236' title='bbox 1458 397 1520 434; x_wconf 86' lang='lat' dir='ltr'>equi</span> <span class='ocrx_word' id='word_1_237' title='bbox 1529 397 1699 425; x_wconf 75' lang='lat' dir='ltr'>ornamentis</span> <span class='ocrx_word' id='word_1_238' title='bbox 1709 397 1750 426; x_wconf 78' lang='lat' dir='ltr'>lu—</span> 
     </span>
     <span class='ocr_line' id='line_1_30' title="bbox 950 433 1747 476; baseline 0.006 -16"><span class='ocrx_word' id='word_1_239' title='bbox 950 433 987 460; x_wconf 85' lang='lat' dir='ltr'>tei</span> <span class='ocrx_word' id='word_1_240' title='bbox 1009 433 1111 461; x_wconf 85' lang='lat' dir='ltr'>coloris</span> <span class='ocrx_word' id='word_1_241' title='bbox 1122 455 1129 466; x_wconf 95' lang='lat'><em>,</em></span> <span class='ocrx_word' id='word_1_242' title='bbox 1149 442 1178 461; x_wconf 90' lang='lat' dir='ltr'>ut</span> <span class='ocrx_word' id='word_1_243' title='bbox 1189 433 1263 462; x_wconf 88' lang='lat' dir='ltr'>inter</span> <span class='ocrx_word' id='word_1_244' title='bbox 1282 434 1490 474; x_wconf 82' lang='lat' dir='ltr'>imperatoriam</span> <span class='ocrx_word' id='word_1_245' title='bbox 1508 436 1677 476; x_wconf 86' lang='lat' dir='ltr'>dignitatem</span> <span class='ocrx_word' id='word_1_246' title='bbox 1690 447 1747 465; x_wconf 81' lang='lat' dir='ltr'>ma-</span> 
     </span>
     <span class='ocr_line' id='line_1_31' title="bbox 951 472 1750 511; baseline 0.008 -11"><span class='ocrx_word' id='word_1_247' title='bbox 951 472 1026 502; x_wconf 87' lang='lat' dir='ltr'>xime</span> <span class='ocrx_word' id='word_1_248' title='bbox 1035 474 1147 503; x_wconf 76' lang='lat' dir='ltr'>illustris</span> <span class='ocrx_word' id='word_1_249' title='bbox 1155 472 1219 502; x_wconf 70' lang='lat' dir='ltr'>ess&#39;et</span> <span class='ocrx_word' id='word_1_250' title='bbox 1230 496 1238 507; x_wconf 91' lang='lat'>‚</span> <span class='ocrx_word' id='word_1_251' title='bbox 1247 475 1324 504; x_wconf 90' lang='lat' dir='ltr'>citat.</span> <span class='ocrx_word' id='word_1_252' title='bbox 1336 477 1448 506; x_wconf 70' lang='lat' dir='ltr'>Auc&#39;tor.</span> <span class='ocrx_word' id='word_1_253' title='bbox 1461 477 1507 506; x_wconf 90' lang='lat' dir='ltr'>lib.</span> <span class='ocrx_word' id='word_1_254' title='bbox 1517 489 1544 511; x_wconf 87' lang='lat'>7.</span> <span class='ocrx_word' id='word_1_255' title='bbox 1556 480 1568 510; x_wconf 84' lang='lat' dir='ltr'>J</span> <span class='ocrx_word' id='word_1_256' title='bbox 1581 478 1662 507; x_wconf 89' lang='lat' dir='ltr'>Soliti</span> <span class='ocrx_word' id='word_1_257' title='bbox 1673 478 1750 507; x_wconf 84' lang='lat' dir='ltr'>enim</span> 
     </span>
     <span class='ocr_line' id='line_1_32' title="bbox 947 515 1749 558; baseline 0.009 -17"><span class='ocrx_word' id='word_1_258' title='bbox 947 523 1030 542; x_wconf 79' lang='lat' dir='ltr'>erant</span> <span class='ocrx_word' id='word_1_259' title='bbox 1040 516 1203 543; x_wconf 76' lang='lat' dir='ltr'>Graecorum</span> <span class='ocrx_word' id='word_1_260' title='bbox 1212 515 1395 554; x_wconf 77' lang='lat' dir='ltr'>Imperatores</span> <span class='ocrx_word' id='word_1_261' title='bbox 1405 516 1460 555; x_wconf 79' lang='lat' dir='ltr'>pila</span> <span class='ocrx_word' id='word_1_262' title='bbox 1478 518 1506 546; x_wconf 95' lang='lat' dir='ltr'>in</span> <span class='ocrx_word' id='word_1_263' title='bbox 1516 518 1698 558; x_wconf 77' lang='lat' dir='ltr'>dignitatibus</span> <span class='ocrx_word' id='word_1_264' title='bbox 1708 519 1749 547; x_wconf 91' lang='lat' dir='ltr'>lu-</span> 
     </span>
     <span class='ocr_line' id='line_1_33' title="bbox 950 554 1750 598; baseline 0.008 -16"><span class='ocrx_word' id='word_1_265' title='bbox 950 554 1015 582; x_wconf 80' lang='lat' dir='ltr'>dere</span> <span class='ocrx_word' id='word_1_266' title='bbox 1027 567 1034 583; x_wconf 91' lang='lat'>.·</span> <span class='ocrx_word' id='word_1_267' title='bbox 1047 565 1108 583; x_wconf 88' lang='lat' dir='ltr'>nam</span> <span class='ocrx_word' id='word_1_268' title='bbox 1118 556 1202 583; x_wconf 86' lang='lat' dir='ltr'>modo</span> <span class='ocrx_word' id='word_1_269' title='bbox 1210 555 1400 590; x_wconf 85' lang='lat' dir='ltr'>sublimabant,</span> <span class='ocrx_word' id='word_1_270' title='bbox 1411 561 1438 586; x_wconf 66' lang='grc' dir='ltr'>ἃ</span> <span class='ocrx_word' id='word_1_271' title='bbox 1449 559 1672 598; x_wconf 82' lang='lat' dir='ltr'>quandoquidem</span> <span class='ocrx_word' id='word_1_272' title='bbox 1682 569 1750 588; x_wconf 88' lang='lat' dir='ltr'>eun-</span> 
     </span>
     <span class='ocr_line' id='line_1_34' title="bbox 949 594 1752 633; baseline 0.007 -11"><span class='ocrx_word' id='word_1_273' title='bbox 949 594 1012 623; x_wconf 89' lang='lat' dir='ltr'>dem</span> <span class='ocrx_word' id='word_1_274' title='bbox 1022 596 1137 624; x_wconf 83' lang='lat' dir='ltr'>titulum</span> <span class='ocrx_word' id='word_1_275' title='bbox 1146 597 1339 633; x_wconf 77' lang='lat' dir='ltr'>deprimebant</span> <span class='ocrx_word' id='word_1_276' title='bbox 1351 619 1358 626; x_wconf 91' lang='lat'>.</span> <span class='ocrx_word' id='word_1_277' title='bbox 1377 598 1479 627; x_wconf 82' lang='lat' dir='ltr'>Mulier</span> <span class='ocrx_word' id='word_1_278' title='bbox 1487 609 1576 629; x_wconf 88' lang='lat' dir='ltr'>autem</span> <span class='ocrx_word' id='word_1_279' title='bbox 1586 600 1752 630; x_wconf 82' lang='lat' dir='ltr'>Sebastocra-</span> 
     </span>
     <span class='ocr_line' id='line_1_35' title="bbox 950 637 1749 681; baseline 0.008 -18"><span class='ocrx_word' id='word_1_280' title='bbox 950 637 1021 664; x_wconf 84' lang='lat' dir='ltr'>toris</span> <span class='ocrx_word' id='word_1_281' title='bbox 1031 637 1250 674; x_wconf 63' lang='lat' dir='ltr'>Sebastocrattsta</span> <span class='ocrx_word' id='word_1_282' title='bbox 1261 638 1407 670; x_wconf 64' lang='lat' dir='ltr'>dicebatun·</span> <span class='ocrx_word' id='word_1_283' title='bbox 1418 639 1453 667; x_wconf 81' lang='lat' dir='ltr'>sic</span> <span class='ocrx_word' id='word_1_284' title='bbox 1463 642 1688 681; x_wconf 68' lang='lat' dir='ltr'>Panypersebasta</span> <span class='ocrx_word' id='word_1_285' title='bbox 1697 642 1749 671; x_wconf 72' lang='lat' dir='ltr'>Pa-</span> 
     </span>
     <span class='ocr_line' id='line_1_36' title="bbox 950 676 1749 716; baseline 0.01 -13"><span class='ocrx_word' id='word_1_286' title='bbox 950 676 1133 715; x_wconf 84' lang='lat' dir='ltr'>nypersebasti</span> <span class='ocrx_word' id='word_1_287' title='bbox 1151 687 1221 706; x_wconf 82' lang='lat' dir='ltr'>uxor</span> <span class='ocrx_word' id='word_1_288' title='bbox 1229 679 1412 716; x_wconf 78' lang='lat' dir='ltr'>appellabatur</span> <span class='ocrx_word' id='word_1_289' title='bbox 1421 690 1431 710; x_wconf 64' lang='grc' dir='ltr'><strong><em>ς</em></strong></span> <span class='ocrx_word' id='word_1_290' title='bbox 1452 680 1488 708; x_wconf 87' lang='lat' dir='ltr'>ita</span> <span class='ocrx_word' id='word_1_291' title='bbox 1498 682 1573 710; x_wconf 87' lang='lat' dir='ltr'>enim</span> <span class='ocrx_word' id='word_1_292' title='bbox 1593 682 1668 711; x_wconf 82' lang='lat' dir='ltr'>idem</span> <span class='ocrx_word' id='word_1_293' title='bbox 1677 685 1749 711; x_wconf 88' lang='lat' dir='ltr'>Gre-</span> 
     </span>
     <span class='ocr_line' id='line_1_37' title="bbox 949 717 1748 760; baseline 0.01 -16"><span class='ocrx_word' id='word_1_294' title='bbox 949 726 1016 754; x_wconf 86' lang='lat' dir='ltr'>gora</span> <span class='ocrx_word' id='word_1_295' title='bbox 1028 738 1037 750; x_wconf 93' lang='lat'><em>‚</em></span> <span class='ocrx_word' id='word_1_296' title='bbox 1049 718 1096 746; x_wconf 90' lang='lat' dir='ltr'>lib.</span> <span class='ocrx_word' id='word_1_297' title='bbox 1109 722 1134 746; x_wconf 86' lang='lat'>8.</span> <span class='ocrx_word' id='word_1_298' title='bbox 1143 717 1286 747; x_wconf 86' lang='lat' dir='ltr'>Theodori</span> <span class='ocrx_word' id='word_1_299' title='bbox 1298 719 1462 749; x_wconf 71' lang='lat' dir='ltr'>Metochitae</span> <span class='ocrx_word' id='word_1_300' title='bbox 1474 721 1569 755; x_wconf 82' lang='lat' dir='ltr'>filiam,</span> <span class='ocrx_word' id='word_1_301' title='bbox 1580 727 1607 752; x_wconf 72' lang='grc' dir='ltr'>ὅ(</span> <span class='ocrx_word' id='word_1_302' title='bbox 1617 723 1686 752; x_wconf 69' lang='lat' dir='ltr'>disti</span> <span class='ocrx_word' id='word_1_303' title='bbox 1698 722 1748 760; x_wconf 86' lang='lat' dir='ltr'>Jo-</span> 
     </span>
     <span class='ocr_line' id='line_1_38' title="bbox 948 757 1747 797; baseline 0.013 -13"><span class='ocrx_word' id='word_1_304' title='bbox 948 757 1028 786; x_wconf 87' lang='lat' dir='ltr'>annis</span> <span class='ocrx_word' id='word_1_305' title='bbox 1038 757 1258 797; x_wconf 82' lang='lat' dir='ltr'>Panypersebasti</span> <span class='ocrx_word' id='word_1_306' title='bbox 1270 769 1386 789; x_wconf 89' lang='lat' dir='ltr'>uxorem</span> <span class='ocrx_word' id='word_1_307' title='bbox 1399 770 1478 789; x_wconf 80' lang='lat' dir='ltr'>vocat</span> <span class='ocrx_word' id='word_1_308' title='bbox 1489 784 1495 795; x_wconf 95' lang='lat'><em>,</em></span> <span class='ocrx_word' id='word_1_309' title='bbox 1508 773 1537 791; x_wconf 90' lang='lat' dir='ltr'>ac</span> <span class='ocrx_word' id='word_1_310' title='bbox 1547 763 1674 793; x_wconf 80' lang='lat' dir='ltr'>similiter</span> <span class='ocrx_word' id='word_1_311' title='bbox 1682 764 1747 793; x_wconf 80' lang='lat' dir='ltr'>Cae-</span> 
     </span>
     <span class='ocr_line' id='line_1_39' title="bbox 946 795 1440 837; baseline 0.012 -12"><span class='ocrx_word' id='word_1_312' title='bbox 946 795 1011 826; x_wconf 84' lang='lat' dir='ltr'>saris</span> <span class='ocrx_word' id='word_1_313' title='bbox 1020 802 1120 836; x_wconf 82' lang='lat' dir='ltr'>conjux</span> <span class='ocrx_word' id='word_1_314' title='bbox 1133 800 1277 837; x_wconf 72' lang='lat' dir='ltr'>Cesarista</span> <span class='ocrx_word' id='word_1_315' title='bbox 1285 801 1423 831; x_wconf 71' lang='lat' dir='ltr'>dicebatur</span> <span class='ocrx_word' id='word_1_316' title='bbox 1434 821 1440 828; x_wconf 92' lang='lat'>·</span> 
     </span>
    </p>
   </div>
   <div class='ocr_carea' id='block_1_11' title="bbox 93 836 1581 918">
    <p class='ocr_par' dir='ltr' id='par_1_11' title="bbox 93 836 1581 918">
     <span class='ocr_line' id='line_1_40' title="bbox 95 836 1515 882; baseline 0 -10"><span class='ocrx_word' id='word_1_317' title='bbox 95 853 192 882; x_wconf 88' lang='lat' dir='ltr'>aquam</span> <span class='ocrx_word' id='word_1_318' title='bbox 204 864 212 876; x_wconf 89' lang='lat'><em>‚</em></span> <span class='ocrx_word' id='word_1_319' title='bbox 230 843 294 874; x_wconf 87' lang='lat' dir='ltr'>vel,</span> <span class='ocrx_word' id='word_1_320' title='bbox 314 850 344 869; x_wconf 88' lang='lat' dir='ltr'>ut</span> <span class='ocrx_word' id='word_1_321' title='bbox 353 838 563 878; x_wconf 86' lang='lat' dir='ltr'>aliquidicunt‚</span> <span class='ocrx_word' id='word_1_322' title='bbox 583 836 617 866; x_wconf 87' lang='lat' dir='ltr'>ad</span> <span class='ocrx_word' id='word_1_323' title='bbox 635 839 796 876; x_wconf 86' lang='lat' dir='ltr'>ponendum</span> <span class='ocrx_word' id='word_1_324' title='bbox 816 839 847 866; x_wconf 89' lang='lat' dir='ltr'>in</span> <span class='ocrx_word' id='word_1_325' title='bbox 855 839 893 867; x_wconf 84' lang='lat' dir='ltr'>eis</span> <span class='ocrx_word' id='word_1_326' title='bbox 906 836 1156 869; x_wconf 66' lang='lat' dir='ltr'>SEciierMtssffi</span> <span class='ocrx_word' id='word_1_327' title='bbox 1169 859 1176 867; x_wconf 87' lang='lat'>.</span> <span class='ocrx_word' id='word_1_328' title='bbox 1200 841 1275 870; x_wconf 86' lang='lat' dir='ltr'>Vide</span> <span class='ocrx_word' id='word_1_329' title='bbox 1296 846 1392 871; x_wconf 82' lang='lat' dir='ltr'>Canon</span> <span class='ocrx_word' id='word_1_330' title='bbox 1412 844 1495 882; x_wconf 71' lang='lat' dir='ltr'>Meffae</span> <span class='ocrx_word' id='word_1_331' title='bbox 1508 865 1515 872; x_wconf 93' lang='lat'>.</span> 
     </span>
     <span class='ocr_line' id='line_1_41' title="bbox 93 878 1581 918; baseline 0.001 -5"><span class='ocrx_word' id='word_1_332' title='bbox 93 885 220 913; x_wconf 81' lang='lat' dir='ltr'>carbones</span> <span class='ocrx_word' id='word_1_333' title='bbox 231 883 266 912; x_wconf 87' lang='lat' dir='ltr'>de</span> <span class='ocrx_word' id='word_1_334' title='bbox 284 882 362 911; x_wconf 84' lang='lat' dir='ltr'>altari</span> <span class='ocrx_word' id='word_1_335' title='bbox 377 879 600 909; x_wconf 84' lang='lat' dir='ltr'>holocaustorum</span> <span class='ocrx_word' id='word_1_336' title='bbox 616 888 740 917; x_wconf 81' lang='lat' dir='ltr'>acceptos</span> <span class='ocrx_word' id='word_1_337' title='bbox 751 882 804 908; x_wconf 64' lang='grc' dir='ltr'>διε.</span> <span class='ocrx_word' id='word_1_338' title='bbox 825 880 854 908; x_wconf 92' lang='lat' dir='ltr'>in</span> <span class='ocrx_word' id='word_1_339' title='bbox 865 891 892 918; x_wconf 88' lang='lat'>3.</span> <span class='ocrx_word' id='word_1_340' title='bbox 906 878 1095 909; x_wconf 71' lang='lat' dir='ltr'>SECRETARIA</span> <span class='ocrx_word' id='word_1_341' title='bbox 1105 900 1112 908; x_wconf 86' lang='lat'><strong>.</strong></span> <span class='ocrx_word' id='word_1_342' title='bbox 1136 880 1210 910; x_wconf 83' lang='lat' dir='ltr'>Vide</span> <span class='ocrx_word' id='word_1_343' title='bbox 1229 882 1391 912; x_wconf 75' lang='lat' dir='ltr'>Audientia</span> <span class='ocrx_word' id='word_1_344' title='bbox 1399 886 1563 914; x_wconf 76' lang='lat' dir='ltr'>litterarum</span> <span class='ocrx_word' id='word_1_345' title='bbox 1574 907 1581 914; x_wconf 92' lang='lat'><strong>.</strong></span> 
     </span>
    </p>
   </div>
   <div class='ocr_carea' id='block_1_12' title="bbox 53 928 892 1206">
    <p class='ocr_par' dir='ltr' id='par_1_12' title="bbox 53 928 892 1206">
     <span class='ocr_line' id='line_1_42' title="bbox 94 928 475 966; baseline -0.021 -11"><span class='ocrx_word' id='word_1_346' title='bbox 94 928 205 964; x_wconf 78' lang='lat' dir='ltr'>Regum</span> <span class='ocrx_word' id='word_1_347' title='bbox 216 946 225 958; x_wconf 88' lang='lat'><em>,</em></span> <span class='ocrx_word' id='word_1_348' title='bbox 236 934 291 962; x_wconf 80' lang='lat' dir='ltr'>cap.</span> <span class='ocrx_word' id='word_1_349' title='bbox 303 934 329 956; x_wconf 89' lang='lat'>7.</span> <span class='ocrx_word' id='word_1_350' title='bbox 340 932 388 950; x_wconf 84' lang='lat' dir='ltr'>art.</span> <span class='ocrx_word' id='word_1_351' title='bbox 404 931 446 949; x_wconf 81' lang='lat' dir='ltr'>xi.</span> <span class='ocrx_word' id='word_1_352' title='bbox 472 963 475 966; x_wconf 22' lang='grc' dir='ltr'><strong>Δ</strong></span> 
     </span>
     <span class='ocr_line' id='line_1_43' title="bbox 55 961 618 994; baseline -0.011 0"><span class='ocrx_word' id='word_1_353' title='bbox 55 968 178 994; x_wconf 59' lang='grc' dir='ltr'>ἓςυτυΜ</span> <span class='ocrx_word' id='word_1_354' title='bbox 189 986 195 993; x_wconf 88' lang='grc'><em>.</em></span> <span class='ocrx_word' id='word_1_355' title='bbox 207 965 280 993; x_wconf 87' lang='lat' dir='ltr'>Vide</span> <span class='ocrx_word' id='word_1_356' title='bbox 289 969 407 992; x_wconf 81' lang='lat' dir='ltr'>AEratus</span> <span class='ocrx_word' id='word_1_357' title='bbox 419 961 489 989; x_wconf 75' lang='lat' dir='ltr'>orbes</span> <span class='ocrx_word' id='word_1_358' title='bbox 501 981 508 988; x_wconf 86' lang='lat'><strong><em>.</em></strong></span> <span class='ocrx_word' id='word_1_359' title='bbox 519 961 598 989; x_wconf 76' lang='lat' dir='ltr'>Pelea</span> <span class='ocrx_word' id='word_1_360' title='bbox 611 981 618 988; x_wconf 96' lang='lat'>.</span> 
     </span>
     <span class='ocr_line' id='line_1_44' title="bbox 53 1001 891 1042; baseline -0.002 -10"><span class='ocrx_word' id='word_1_361' title='bbox 53 1009 181 1036; x_wconf 61' lang='lat' dir='ltr'>chpwys</span> <span class='ocrx_word' id='word_1_362' title='bbox 195 1027 202 1039; x_wconf 90' lang='lat'><em>‚</em></span> <span class='ocrx_word' id='word_1_363' title='bbox 211 1002 310 1042; x_wconf 66' lang='grc' dir='ltr'><em>σκύφος</em></span> <span class='ocrx_word' id='word_1_364' title='bbox 319 1026 326 1036; x_wconf 86' lang='grc'><em>,</em></span> <span class='ocrx_word' id='word_1_365' title='bbox 349 1013 393 1030; x_wconf 80' lang='lat' dir='ltr'>vas</span> <span class='ocrx_word' id='word_1_366' title='bbox 403 1002 504 1030; x_wconf 75' lang='lat' dir='ltr'>sacrum</span> <span class='ocrx_word' id='word_1_367' title='bbox 516 1023 523 1034; x_wconf 94' lang='lat'><em>,</em></span> <span class='ocrx_word' id='word_1_368' title='bbox 542 1012 597 1040; x_wconf 90' lang='lat' dir='ltr'>quo</span> <span class='ocrx_word' id='word_1_369' title='bbox 607 1001 783 1030; x_wconf 75' lang='lat' dir='ltr'>evacuabatur</span> <span class='ocrx_word' id='word_1_370' title='bbox 793 1001 891 1030; x_wconf 89' lang='lat' dir='ltr'>vinum</span> 
     </span>
     <span class='ocr_line' id='line_1_45' title="bbox 92 1041 891 1080; baseline -0.005 -5"><span class='ocrx_word' id='word_1_371' title='bbox 92 1047 238 1075; x_wconf 68' lang='lat' dir='ltr'>colle-(tum</span> <span class='ocrx_word' id='word_1_372' title='bbox 250 1055 280 1072; x_wconf 84' lang='lat' dir='ltr'>in</span> <span class='ocrx_word' id='word_1_373' title='bbox 292 1043 377 1072; x_wconf 70' lang='lat' dir='ltr'>Miss&#39;s:</span> <span class='ocrx_word' id='word_1_374' title='bbox 387 1042 570 1071; x_wconf 81' lang='lat' dir='ltr'>oblationibus</span> <span class='ocrx_word' id='word_1_375' title='bbox 582 1064 590 1075; x_wconf 90' lang='lat'><em>,</em></span> <span class='ocrx_word' id='word_1_376' title='bbox 600 1041 824 1080; x_wconf 87' lang='lat' dir='ltr'>quotiescumque</span> <span class='ocrx_word' id='word_1_377' title='bbox 838 1044 891 1072; x_wconf 86' lang='lat' dir='ltr'>Ca-</span> 
     </span>
     <span class='ocr_line' id='line_1_46' title="bbox 95 1083 891 1121; baseline -0.004 -6"><span class='ocrx_word' id='word_1_378' title='bbox 95 1089 130 1115; x_wconf 81' lang='lat' dir='ltr'>lix</span> <span class='ocrx_word' id='word_1_379' title='bbox 143 1086 305 1115; x_wconf 83' lang='lat' dir='ltr'>sustentatus</span> <span class='ocrx_word' id='word_1_380' title='bbox 323 1095 336 1112; x_wconf 86' lang='lat' dir='ltr'>a</span> <span class='ocrx_word' id='word_1_381' title='bbox 345 1084 516 1112; x_wconf 86' lang='lat' dir='ltr'>Subdiacono</span> <span class='ocrx_word' id='word_1_382' title='bbox 525 1084 705 1121; x_wconf 79' lang='lat' dir='ltr'>implebatur:</span> <span class='ocrx_word' id='word_1_383' title='bbox 728 1087 740 1117; x_wconf 91' lang='lat'>[</span> <span class='ocrx_word' id='word_1_384' title='bbox 753 1083 842 1119; x_wconf 86' lang='lat' dir='ltr'>Quem</span> <span class='ocrx_word' id='word_1_385' title='bbox 853 1083 891 1112; x_wconf 89' lang='lat' dir='ltr'>se-</span> 
     </span>
     <span class='ocr_line' id='line_1_47' title="bbox 92 1123 892 1167; baseline -0.003 -12"><span class='ocrx_word' id='word_1_386' title='bbox 92 1138 186 1166; x_wconf 74' lang='lat' dir='ltr'>quitur</span> <span class='ocrx_word' id='word_1_387' title='bbox 195 1137 256 1155; x_wconf 86' lang='lat' dir='ltr'>curii</span> <span class='ocrx_word' id='word_1_388' title='bbox 273 1125 377 1163; x_wconf 86' lang='lat' dir='ltr'>scypho</span> <span class='ocrx_word' id='word_1_389' title='bbox 388 1123 467 1162; x_wconf 86' lang='lat' dir='ltr'>super</span> <span class='ocrx_word' id='word_1_390' title='bbox 475 1125 612 1162; x_wconf 77' lang='lat' dir='ltr'>planetam</span> <span class='ocrx_word' id='word_1_391' title='bbox 627 1124 779 1167; x_wconf 81' lang='lat' dir='ltr'>Acolyrus,</span> <span class='ocrx_word' id='word_1_392' title='bbox 799 1124 828 1152; x_wconf 87' lang='lat' dir='ltr'>in</span> <span class='ocrx_word' id='word_1_393' title='bbox 837 1135 892 1163; x_wconf 84' lang='lat' dir='ltr'>quo</span> 
     </span>
     <span class='ocr_line' id='line_1_48' title="bbox 91 1164 892 1206; baseline -0.004 -9"><span class='ocrx_word' id='word_1_394' title='bbox 91 1169 163 1197; x_wconf 70' lang='lat' dir='ltr'>&lt;alix</span> <span class='ocrx_word' id='word_1_395' title='bbox 176 1169 304 1206; x_wconf 88' lang='lat' dir='ltr'>impletus</span> <span class='ocrx_word' id='word_1_396' title='bbox 322 1165 483 1196; x_wconf 79' lang='lat' dir='ltr'>refunditur</span> <span class='ocrx_word' id='word_1_397' title='bbox 493 1185 500 1193; x_wconf 85' lang='lat'><strong><em>.</em></strong></span> <span class='ocrx_word' id='word_1_398' title='bbox 521 1165 594 1194; x_wconf 77' lang='lat' dir='ltr'>ord.</span> <span class='ocrx_word' id='word_1_399' title='bbox 605 1168 687 1194; x_wconf 86' lang='lat' dir='ltr'>Rom.</span> <span class='ocrx_word' id='word_1_400' title='bbox 701 1167 712 1196; x_wconf 95' lang='grc'>]</span> <span class='ocrx_word' id='word_1_401' title='bbox 729 1164 802 1194; x_wconf 87' lang='lat' dir='ltr'>Vide</span> <span class='ocrx_word' id='word_1_402' title='bbox 813 1166 892 1194; x_wconf 86' lang='lat' dir='ltr'>Cola-</span> 
     </span>
    </p>
   </div>
   <div class='ocr_carea' id='block_1_13' title="bbox 95 1213 221 1238">
    <p class='ocr_par' dir='ltr' id='par_1_13' title="bbox 95 1213 221 1238">
     <span class='ocr_line' id='line_1_49' title="bbox 95 1213 221 1238; baseline -0.008 -1"><span class='ocrx_word' id='word_1_403' title='bbox 95 1213 198 1238; x_wconf 74' lang='lat' dir='ltr'>tarium</span> <span class='ocrx_word' id='word_1_404' title='bbox 213 1229 221 1236; x_wconf 89' lang='lat'><em>.</em></span> 
     </span>
    </p>
   </div>
   <div class='ocr_carea' id='block_1_14' title="bbox 49 1247 889 1284">
    <p class='ocr_par' dir='ltr' id='par_1_14' title="bbox 49 1247 889 1284">
     <span class='ocr_line' id='line_1_50' title="bbox 49 1247 889 1284; baseline -0.004 -5"><span class='ocrx_word' id='word_1_405' title='bbox 49 1252 474 1281; x_wconf 67' lang='lat' dir='ltr'>Serl‘ALOSAGITTIPELLIGEu,</span> <span class='ocrx_word' id='word_1_406' title='bbox 503 1247 631 1275; x_wconf 87' lang='lat' dir='ltr'>Herculis</span> <span class='ocrx_word' id='word_1_407' title='bbox 651 1256 889 1284; x_wconf 67' lang='lat' dir='ltr'>cognomentunu</span> 
     </span>
    </p>
   </div>
   <div class='ocr_carea' id='block_1_15' title="bbox 91 1284 890 1490">
    <p class='ocr_par' dir='ltr' id='par_1_15' title="bbox 91 1284 890 1490">
     <span class='ocr_line' id='line_1_51' title="bbox 93 1284 890 1329; baseline -0.005 -9"><span class='ocrx_word' id='word_1_408' title='bbox 93 1302 126 1320; x_wconf 86' lang='lat' dir='ltr'>ex</span> <span class='ocrx_word' id='word_1_409' title='bbox 137 1301 170 1320; x_wconf 86' lang='lat' dir='ltr'>eo</span> <span class='ocrx_word' id='word_1_410' title='bbox 181 1291 245 1329; x_wconf 86' lang='lat' dir='ltr'>quia</span> <span class='ocrx_word' id='word_1_411' title='bbox 255 1290 362 1318; x_wconf 90' lang='lat' dir='ltr'>clavam</span> <span class='ocrx_word' id='word_1_412' title='bbox 373 1289 474 1316; x_wconf 71' lang='lat' dir='ltr'>ferebat</span> <span class='ocrx_word' id='word_1_413' title='bbox 484 1309 492 1320; x_wconf 96' lang='lat'><em>‚</em></span> <span class='ocrx_word' id='word_1_414' title='bbox 503 1297 562 1325; x_wconf 81' lang='lat' dir='ltr'>quae</span> <span class='ocrx_word' id='word_1_415' title='bbox 571 1298 585 1315; x_wconf 88' lang='lat' dir='ltr'>a</span> <span class='ocrx_word' id='word_1_416' title='bbox 594 1288 702 1316; x_wconf 59' lang='lat' dir='ltr'>Grecis</span> <span class='ocrx_word' id='word_1_417' title='bbox 712 1284 841 1317; x_wconf 65' lang='lat' dir='ltr'>omnim</span> <span class='ocrx_word' id='word_1_418' title='bbox 849 1289 890 1316; x_wconf 90' lang='lat' dir='ltr'>di-</span> 
     </span>
     <span class='ocr_line' id='line_1_52' title="bbox 91 1327 889 1369; baseline -0.005 -9"><span class='ocrx_word' id='word_1_419' title='bbox 91 1342 180 1361; x_wconf 84' lang='lat' dir='ltr'>citur:</span> <span class='ocrx_word' id='word_1_420' title='bbox 200 1331 289 1369; x_wconf 82' lang='lat' dir='ltr'>itaque</span> <span class='ocrx_word' id='word_1_421' title='bbox 301 1339 403 1360; x_wconf 89' lang='lat' dir='ltr'>nomen</span> <span class='ocrx_word' id='word_1_422' title='bbox 413 1327 467 1357; x_wconf 89' lang='lat' dir='ltr'>hoc</span> <span class='ocrx_word' id='word_1_423' title='bbox 484 1337 535 1356; x_wconf 87' lang='lat' dir='ltr'>tria</span> <span class='ocrx_word' id='word_1_424' title='bbox 544 1328 675 1361; x_wconf 83' lang='lat' dir='ltr'>denotat,</span> <span class='ocrx_word' id='word_1_425' title='bbox 695 1327 748 1355; x_wconf 83' lang='lat' dir='ltr'>hoc</span> <span class='ocrx_word' id='word_1_426' title='bbox 760 1328 797 1357; x_wconf 82' lang='lat' dir='ltr'>est</span> <span class='ocrx_word' id='word_1_427' title='bbox 809 1351 816 1361; x_wconf 84' lang='lat'><em>,</em></span> <span class='ocrx_word' id='word_1_428' title='bbox 838 1330 889 1357; x_wconf 79' lang='lat' dir='ltr'>cla-</span> 
     </span>
     <span class='ocr_line' id='line_1_53' title="bbox 92 1369 888 1413; baseline -0.004 -12"><span class='ocrx_word' id='word_1_429' title='bbox 92 1382 154 1401; x_wconf 83' lang='lat' dir='ltr'>vam</span> <span class='ocrx_word' id='word_1_430' title='bbox 163 1394 172 1405; x_wconf 96' lang='lat'><em>‚</em></span> <span class='ocrx_word' id='word_1_431' title='bbox 191 1370 300 1410; x_wconf 85' lang='lat' dir='ltr'>sagittas</span> <span class='ocrx_word' id='word_1_432' title='bbox 312 1392 318 1402; x_wconf 74' lang='grc'>,</span> <span class='ocrx_word' id='word_1_433' title='bbox 339 1371 518 1399; x_wconf 79' lang='lat' dir='ltr'>&amp;leoninam</span> <span class='ocrx_word' id='word_1_434' title='bbox 537 1369 636 1407; x_wconf 85' lang='lat' dir='ltr'>pellem</span> <span class='ocrx_word' id='word_1_435' title='bbox 647 1389 656 1401; x_wconf 92' lang='lat'><em>‚</em></span> <span class='ocrx_word' id='word_1_436' title='bbox 675 1378 756 1412; x_wconf 80' lang='lat' dir='ltr'>quam</span> <span class='ocrx_word' id='word_1_437' title='bbox 776 1370 888 1413; x_wconf 86' lang='lat' dir='ltr'>Alcides</span> 
     </span>
     <span class='ocr_line' id='line_1_54' title="bbox 91 1410 886 1452; baseline -0.005 -10"><span class='ocrx_word' id='word_1_438' title='bbox 91 1411 201 1452; x_wconf 69' lang='lat' dir='ltr'>gestasse</span> <span class='ocrx_word' id='word_1_439' title='bbox 219 1414 304 1441; x_wconf 76' lang='lat' dir='ltr'>fertur</span> <span class='ocrx_word' id='word_1_440' title='bbox 314 1431 321 1438; x_wconf 88' lang='lat'>.</span> <span class='ocrx_word' id='word_1_441' title='bbox 341 1417 353 1446; x_wconf 88' lang='grc'>[</span> <span class='ocrx_word' id='word_1_442' title='bbox 365 1411 482 1440; x_wconf 81' lang='lat' dir='ltr'>Tametsi</span> <span class='ocrx_word' id='word_1_443' title='bbox 491 1410 616 1437; x_wconf 83' lang='lat' dir='ltr'>adoratus</span> <span class='ocrx_word' id='word_1_444' title='bbox 624 1420 639 1437; x_wconf 89' lang='lat' dir='ltr'>a</span> <span class='ocrx_word' id='word_1_445' title='bbox 650 1410 727 1437; x_wconf 79' lang='lat' dir='ltr'>vobis</span> <span class='ocrx_word' id='word_1_446' title='bbox 737 1430 744 1441; x_wconf 90' lang='lat'><em>,</em></span> <span class='ocrx_word' id='word_1_447' title='bbox 771 1420 818 1448; x_wconf 87' lang='lat' dir='ltr'>qui</span> <span class='ocrx_word' id='word_1_448' title='bbox 829 1421 886 1440; x_wconf 87' lang='lat' dir='ltr'>eru-</span> 
     </span>
     <span class='ocr_line' id='line_1_55' title="bbox 91 1450 888 1490; baseline -0.005 -7"><span class='ocrx_word' id='word_1_449' title='bbox 91 1453 237 1483; x_wconf 82' lang='lat' dir='ltr'>bescendus</span> <span class='ocrx_word' id='word_1_450' title='bbox 248 1450 286 1481; x_wconf 85' lang='lat' dir='ltr'>est</span> <span class='ocrx_word' id='word_1_451' title='bbox 307 1450 643 1488; x_wconf 77' lang='lat' dir='ltr'>scytalofiigitti-pelliger</span> <span class='ocrx_word' id='word_1_452' title='bbox 652 1470 660 1482; x_wconf 91' lang='lat'><em>‚</em></span> <span class='ocrx_word' id='word_1_453' title='bbox 677 1450 724 1488; x_wconf 86' lang='lat' dir='ltr'>qui</span> <span class='ocrx_word' id='word_1_454' title='bbox 735 1459 821 1478; x_wconf 88' lang='lat' dir='ltr'>totam</span> <span class='ocrx_word' id='word_1_455' title='bbox 830 1451 888 1490; x_wconf 90' lang='lat' dir='ltr'>epi-</span> 
     </span>
    </p>
   </div>
   <div class='ocr_carea' id='block_1_16' title="bbox 889 938 907 1466">
    <p class='ocr_par' dir='ltr' id='par_1_16' title="bbox 889 938 907 1466">
     <span class='ocr_line' id='line_1_56' title="bbox 892 938 907 1102; baseline 0 -114"><span class='ocrx_word' id='word_1_456' title='bbox 892 938 907 1102; x_wconf 95' lang='lat' dir='ltr'>    </span> 
     </span>
     <span class='ocr_line' id='line_1_57' title="bbox 891 1102 907 1302; baseline 0 -115"><span class='ocrx_word' id='word_1_457' title='bbox 891 1102 907 1302; x_wconf 95' lang='lat' dir='ltr'>    </span> 
     </span>
     <span class='ocr_line' id='line_1_58' title="bbox 890 1302 906 1360; baseline 0 1166"><span class='ocrx_word' id='word_1_458' title='bbox 890 1302 906 1360; x_wconf 95' lang='lat' dir='ltr'> </span> 
     </span>
     <span class='ocr_line' id='line_1_59' title="bbox 889 1360 903 1466; baseline 0 -76"><span class='ocrx_word' id='word_1_459' title='bbox 889 1360 903 1466; x_wconf 95' lang='lat' dir='ltr'>   </span> 
     </span>
    </p>
   </div>
   <div class='ocr_carea' id='block_1_17' title="bbox 907 921 1746 966">
    <p class='ocr_par' dir='ltr' id='par_1_17' title="bbox 907 921 1746 966">
     <span class='ocr_line' id='line_1_60' title="bbox 907 921 1746 966; baseline 0.008 -18"><span class='ocrx_word' id='word_1_460' title='bbox 907 921 1135 954; x_wconf 73' lang='grc' dir='ltr'>ΒεεκετΑκιυΜ,</span> <span class='ocrx_word' id='word_1_461' title='bbox 1155 922 1227 960; x_wconf 88' lang='lat' dir='ltr'>apud</span> <span class='ocrx_word' id='word_1_462' title='bbox 1244 923 1456 960; x_wconf 85' lang='lat' dir='ltr'>Juristaslocum</span> <span class='ocrx_word' id='word_1_463' title='bbox 1468 926 1623 965; x_wconf 80' lang='lat' dir='ltr'>significat,</span> <span class='ocrx_word' id='word_1_464' title='bbox 1644 926 1672 955; x_wconf 90' lang='lat' dir='ltr'>in</span> <span class='ocrx_word' id='word_1_465' title='bbox 1691 937 1746 966; x_wconf 83' lang='lat' dir='ltr'>quo</span> 
     </span>
    </p>
   </div>
   <div class='ocr_carea' id='block_1_18' title="bbox 942 963 1748 1481">
    <p class='ocr_par' dir='ltr' id='par_1_18' title="bbox 942 963 1748 1481">
     <span class='ocr_line' id='line_1_61' title="bbox 946 963 1748 1003; baseline 0.01 -14"><span class='ocrx_word' id='word_1_466' title='bbox 946 963 1184 1001; x_wconf 75' lang='lat' dir='ltr'>congregabantur</span> <span class='ocrx_word' id='word_1_467' title='bbox 1192 964 1302 1001; x_wconf 87' lang='lat' dir='ltr'>Judices</span> <span class='ocrx_word' id='word_1_468' title='bbox 1314 975 1364 1003; x_wconf 89' lang='lat' dir='ltr'>pro</span> <span class='ocrx_word' id='word_1_469' title='bbox 1375 967 1514 996; x_wconf 86' lang='lat' dir='ltr'>audientia</span> <span class='ocrx_word' id='word_1_470' title='bbox 1528 989 1535 1000; x_wconf 88' lang='lat'><em>‚</em></span> <span class='ocrx_word' id='word_1_471' title='bbox 1556 972 1584 998; x_wconf 77' lang='grc' dir='ltr'>δε</span> <span class='ocrx_word' id='word_1_472' title='bbox 1598 968 1690 997; x_wconf 86' lang='lat' dir='ltr'>litium</span> <span class='ocrx_word' id='word_1_473' title='bbox 1699 969 1748 997; x_wconf 87' lang='lat' dir='ltr'>dc-</span> 
     </span>
     <span class='ocr_line' id='line_1_62' title="bbox 947 1002 1746 1047; baseline 0.009 -18"><span class='ocrx_word' id='word_1_474' title='bbox 947 1002 1063 1035; x_wconf 73' lang='lat' dir='ltr'>cffione,</span> <span class='ocrx_word' id='word_1_475' title='bbox 1075 1004 1094 1030; x_wconf 92' lang='lat' dir='ltr'>l.</span> <span class='ocrx_word' id='word_1_476' title='bbox 1106 1004 1157 1031; x_wconf 90' lang='lat' dir='ltr'>ult.</span> <span class='ocrx_word' id='word_1_477' title='bbox 1169 1004 1205 1032; x_wconf 86' lang='lat' dir='ltr'>C.</span> <span class='ocrx_word' id='word_1_478' title='bbox 1216 1004 1259 1032; x_wconf 92' lang='lat' dir='ltr'>ubi</span> <span class='ocrx_word' id='word_1_479' title='bbox 1269 1005 1361 1033; x_wconf 73' lang='lat' dir='ltr'>Senat.</span> <span class='ocrx_word' id='word_1_480' title='bbox 1373 1008 1418 1036; x_wconf 83' lang='lat' dir='ltr'>vel</span> <span class='ocrx_word' id='word_1_481' title='bbox 1428 1006 1543 1037; x_wconf 84' lang='lat' dir='ltr'>Clariss.</span> <span class='ocrx_word' id='word_1_482' title='bbox 1554 1013 1581 1038; x_wconf 73' lang='grc' dir='ltr'>δε</span> <span class='ocrx_word' id='word_1_483' title='bbox 1591 1009 1653 1037; x_wconf 88' lang='lat' dir='ltr'>alibi</span> <span class='ocrx_word' id='word_1_484' title='bbox 1665 1008 1746 1047; x_wconf 71' lang='lat' dir='ltr'>saepe.</span> 
     </span>
     <span class='ocr_line' id='line_1_63' title="bbox 947 1043 1747 1089; baseline 0.01 -20"><span class='ocrx_word' id='word_1_485' title='bbox 947 1043 1024 1078; x_wconf 89' lang='lat' dir='ltr'>Quin</span> <span class='ocrx_word' id='word_1_486' title='bbox 1035 1046 1063 1071; x_wconf 91' lang='lat'><strong>&amp;</strong></span> <span class='ocrx_word' id='word_1_487' title='bbox 1078 1044 1127 1082; x_wconf 80' lang='lat' dir='ltr'>ipfi</span> <span class='ocrx_word' id='word_1_488' title='bbox 1137 1044 1228 1072; x_wconf 75' lang='lat' dir='ltr'>Gi-aeci</span> <span class='ocrx_word' id='word_1_489' title='bbox 1251 1043 1373 1084; x_wconf 75' lang='grc' dir='ltr'><strong><em>σε’κρεταν</em></strong></span> <span class='ocrx_word' id='word_1_490' title='bbox 1387 1048 1482 1077; x_wconf 84' lang='lat' dir='ltr'>dixere</span> <span class='ocrx_word' id='word_1_491' title='bbox 1494 1049 1608 1078; x_wconf 76' lang='lat' dir='ltr'>Senatus</span> <span class='ocrx_word' id='word_1_492' title='bbox 1616 1052 1747 1089; x_wconf 81' lang='lat' dir='ltr'>&#39;Congre-</span> 
     </span>
     <span class='ocr_line' id='line_1_64' title="bbox 945 1084 1748 1129; baseline 0.01 -18"><span class='ocrx_word' id='word_1_493' title='bbox 945 1084 1089 1122; x_wconf 80' lang='lat' dir='ltr'>gationeni</span> <span class='ocrx_word' id='word_1_494' title='bbox 1099 1105 1106 1112; x_wconf 91' lang='lat'><em>.</em></span> <span class='ocrx_word' id='word_1_495' title='bbox 1129 1084 1214 1122; x_wconf 88' lang='lat' dir='ltr'>Apud</span> <span class='ocrx_word' id='word_1_496' title='bbox 1234 1085 1433 1118; x_wconf 79' lang='lat' dir='ltr'>Eccleliasticos</span> <span class='ocrx_word' id='word_1_497' title='bbox 1449 1098 1520 1118; x_wconf 88' lang='lat' dir='ltr'>vero</span> <span class='ocrx_word' id='word_1_498' title='bbox 1540 1089 1686 1128; x_wconf 70' lang='lat' dir='ltr'>scriptores</span> <span class='ocrx_word' id='word_1_499' title='bbox 1698 1100 1748 1129; x_wconf 81' lang='lat' dir='ltr'>pro</span> 
     </span>
     <span class='ocr_line' id='line_1_65' title="bbox 947 1124 1747 1168; baseline 0.01 -16"><span class='ocrx_word' id='word_1_500' title='bbox 947 1125 1069 1153; x_wconf 87' lang='lat' dir='ltr'>ambabus</span> <span class='ocrx_word' id='word_1_501' title='bbox 1077 1124 1202 1153; x_wconf 83' lang='lat' dir='ltr'>sacristiis</span> <span class='ocrx_word' id='word_1_502' title='bbox 1213 1126 1362 1164; x_wconf 84' lang='lat' dir='ltr'>accipitur,</span> <span class='ocrx_word' id='word_1_503' title='bbox 1382 1128 1412 1158; x_wconf 91' lang='lat' dir='ltr'>in</span> <span class='ocrx_word' id='word_1_504' title='bbox 1421 1139 1534 1168; x_wconf 85' lang='lat' dir='ltr'>quarum</span> <span class='ocrx_word' id='word_1_505' title='bbox 1545 1140 1597 1159; x_wconf 86' lang='lat' dir='ltr'>una</span> <span class='ocrx_word' id='word_1_506' title='bbox 1607 1130 1686 1159; x_wconf 73' lang='lat' dir='ltr'>sacrz</span> <span class='ocrx_word' id='word_1_507' title='bbox 1699 1141 1747 1159; x_wconf 83' lang='lat' dir='ltr'>ve-</span> 
     </span>
     <span class='ocr_line' id='line_1_66' title="bbox 948 1165 1744 1210; baseline 0.008 -17"><span class='ocrx_word' id='word_1_508' title='bbox 948 1165 1008 1197; x_wconf 88' lang='lat' dir='ltr'>stes,</span> <span class='ocrx_word' id='word_1_509' title='bbox 1019 1169 1047 1194; x_wconf 86' lang='lat'>&amp;</span> <span class='ocrx_word' id='word_1_510' title='bbox 1061 1165 1091 1193; x_wconf 90' lang='lat' dir='ltr'>in</span> <span class='ocrx_word' id='word_1_511' title='bbox 1100 1166 1183 1194; x_wconf 86' lang='lat' dir='ltr'>altera</span> <span class='ocrx_word' id='word_1_512' title='bbox 1194 1166 1314 1195; x_wconf 85' lang='lat' dir='ltr'>Codices</span> <span class='ocrx_word' id='word_1_513' title='bbox 1325 1168 1532 1199; x_wconf 80' lang='lat' dir='ltr'>afl&#39;ervabantur.</span> <span class='ocrx_word' id='word_1_514' title='bbox 1542 1172 1567 1200; x_wconf 90' lang='lat' dir='ltr'>S.</span> <span class='ocrx_word' id='word_1_515' title='bbox 1580 1172 1686 1201; x_wconf 86' lang='lat' dir='ltr'>Paulin.</span> <span class='ocrx_word' id='word_1_516' title='bbox 1697 1182 1744 1210; x_wconf 79' lang='lat' dir='ltr'>ep.</span> 
     </span>
     <span class='ocr_line' id='line_1_67' title="bbox 951 1205 1741 1248; baseline 0.011 -15"><span class='ocrx_word' id='word_1_517' title='bbox 951 1216 995 1234; x_wconf 63' lang='grc' dir='ltr'>ιι.</span> <span class='ocrx_word' id='word_1_518' title='bbox 1004 1207 1091 1241; x_wconf 84' lang='lat' dir='ltr'>Cujus</span> <span class='ocrx_word' id='word_1_519' title='bbox 1099 1205 1258 1242; x_wconf 85' lang='lat' dir='ltr'>synonyma</span> <span class='ocrx_word' id='word_1_520' title='bbox 1270 1228 1277 1235; x_wconf 88' lang='lat'><strong>.</strong></span> <span class='ocrx_word' id='word_1_521' title='bbox 1290 1209 1363 1238; x_wconf 90' lang='lat' dir='ltr'>Vide</span> <span class='ocrx_word' id='word_1_522' title='bbox 1372 1213 1506 1248; x_wconf 77' lang='lat' dir='ltr'>Sacmstia</span> <span class='ocrx_word' id='word_1_523' title='bbox 1518 1233 1524 1239; x_wconf 95' lang='lat'>.</span> <span class='ocrx_word' id='word_1_524' title='bbox 1547 1214 1583 1240; x_wconf 89' lang='lat' dir='ltr'>Et</span> <span class='ocrx_word' id='word_1_525' title='bbox 1593 1213 1622 1241; x_wconf 91' lang='lat' dir='ltr'>in</span> <span class='ocrx_word' id='word_1_526' title='bbox 1631 1214 1741 1242; x_wconf 74' lang='lat' dir='ltr'>Conci-</span> 
     </span>
     <span class='ocr_line' id='line_1_68' title="bbox 946 1246 1746 1286; baseline 0.013 -13"><span class='ocrx_word' id='word_1_527' title='bbox 946 1246 990 1274; x_wconf 89' lang='lat' dir='ltr'>liis</span> <span class='ocrx_word' id='word_1_528' title='bbox 1000 1258 1029 1276; x_wconf 91' lang='lat' dir='ltr'>ac</span> <span class='ocrx_word' id='word_1_529' title='bbox 1039 1256 1122 1285; x_wconf 88' lang='lat' dir='ltr'>penes</span> <span class='ocrx_word' id='word_1_530' title='bbox 1131 1249 1243 1276; x_wconf 74' lang='lat' dir='ltr'>Graecos</span> <span class='ocrx_word' id='word_1_531' title='bbox 1253 1250 1455 1286; x_wconf 75' lang='lat' dir='ltr'>Presbyterium</span> <span class='ocrx_word' id='word_1_532' title='bbox 1464 1252 1580 1281; x_wconf 85' lang='lat' dir='ltr'>denotat</span> <span class='ocrx_word' id='word_1_533' title='bbox 1591 1275 1597 1281; x_wconf 92' lang='lat'><em>.</em></span> <span class='ocrx_word' id='word_1_534' title='bbox 1609 1254 1678 1283; x_wconf 90' lang='lat' dir='ltr'>Vid.</span> <span class='ocrx_word' id='word_1_535' title='bbox 1688 1259 1746 1284; x_wconf 88' lang='lat' dir='ltr'>Ga-</span> 
     </span>
     <span class='ocr_line' id='line_1_69' title="bbox 944 1288 1746 1332; baseline 0.012 -17"><span class='ocrx_word' id='word_1_536' title='bbox 944 1288 1134 1326; x_wconf 73' lang='lat' dir='ltr'>zophylacium</span> <span class='ocrx_word' id='word_1_537' title='bbox 1143 1308 1150 1314; x_wconf 84' lang='lat'>.</span> <span class='ocrx_word' id='word_1_538' title='bbox 1171 1290 1227 1318; x_wconf 69' lang='lat' dir='ltr'>PR.</span> <span class='ocrx_word' id='word_1_539' title='bbox 1239 1291 1312 1318; x_wconf 88' lang='lat' dir='ltr'>Item</span> <span class='ocrx_word' id='word_1_540' title='bbox 1321 1293 1392 1331; x_wconf 83' lang='lat' dir='ltr'>apud</span> <span class='ocrx_word' id='word_1_541' title='bbox 1404 1293 1516 1322; x_wconf 81' lang='lat' dir='ltr'>Latinos</span> <span class='ocrx_word' id='word_1_542' title='bbox 1527 1294 1609 1322; x_wconf 84' lang='lat' dir='ltr'>etiam</span> <span class='ocrx_word' id='word_1_543' title='bbox 1627 1296 1746 1332; x_wconf 84' lang='lat' dir='ltr'>presby-</span> 
     </span>
     <span class='ocr_line' id='line_1_70' title="bbox 945 1328 1745 1372; baseline 0.014 -18"><span class='ocrx_word' id='word_1_544' title='bbox 945 1328 1044 1356; x_wconf 81' lang='lat' dir='ltr'>terium</span> <span class='ocrx_word' id='word_1_545' title='bbox 1055 1328 1190 1368; x_wconf 76' lang='lat' dir='ltr'>fignificat</span> <span class='ocrx_word' id='word_1_546' title='bbox 1202 1350 1209 1357; x_wconf 87' lang='lat'><strong><em>.</em></strong></span> <span class='ocrx_word' id='word_1_547' title='bbox 1222 1333 1373 1364; x_wconf 87' lang='lat' dir='ltr'>[Romana</span> <span class='ocrx_word' id='word_1_548' title='bbox 1385 1343 1504 1372; x_wconf 86' lang='lat' dir='ltr'>quoque.</span> <span class='ocrx_word' id='word_1_549' title='bbox 1516 1338 1543 1363; x_wconf 89' lang='lat'>&amp;</span> <span class='ocrx_word' id='word_1_550' title='bbox 1552 1335 1745 1365; x_wconf 82' lang='lat' dir='ltr'>Occidentalis</span> 
     </span>
     <span class='ocr_line' id='line_1_71' title="bbox 943 1369 1744 1405; baseline 0.014 -10"><span class='ocrx_word' id='word_1_551' title='bbox 943 1369 1059 1398; x_wconf 80' lang='lat' dir='ltr'>Ecclesia</span> <span class='ocrx_word' id='word_1_552' title='bbox 1070 1381 1083 1398; x_wconf 84' lang='lat' dir='ltr'>a</span> <span class='ocrx_word' id='word_1_553' title='bbox 1093 1369 1232 1399; x_wconf 82' lang='lat' dir='ltr'>Ministris</span> <span class='ocrx_word' id='word_1_554' title='bbox 1252 1370 1317 1400; x_wconf 83' lang='lat' dir='ltr'>sacri</span> <span class='ocrx_word' id='word_1_555' title='bbox 1329 1375 1435 1402; x_wconf 86' lang='lat' dir='ltr'>Altaris</span> <span class='ocrx_word' id='word_1_556' title='bbox 1452 1375 1481 1403; x_wconf 90' lang='lat' dir='ltr'>in</span> <span class='ocrx_word' id='word_1_557' title='bbox 1492 1374 1638 1405; x_wconf 79' lang='lat' dir='ltr'>secretario</span> <span class='ocrx_word' id='word_1_558' title='bbox 1649 1377 1744 1405; x_wconf 83' lang='lat' dir='ltr'>confe-</span> 
     </span>
     <span class='ocr_line' id='line_1_72' title="bbox 944 1410 1744 1457; baseline 0.01 -20"><span class='ocrx_word' id='word_1_559' title='bbox 944 1410 1016 1438; x_wconf 65' lang='lat' dir='ltr'>&amp;um</span> <span class='ocrx_word' id='word_1_560' title='bbox 1028 1410 1107 1440; x_wconf 79' lang='lat' dir='ltr'>offert</span> <span class='ocrx_word' id='word_1_561' title='bbox 1118 1413 1268 1446; x_wconf 81' lang='lat' dir='ltr'>Azymum.</span> <span class='ocrx_word' id='word_1_562' title='bbox 1281 1415 1448 1444; x_wconf 81' lang='lat' dir='ltr'>Humbertus</span> <span class='ocrx_word' id='word_1_563' title='bbox 1459 1417 1544 1445; x_wconf 83' lang='lat' dir='ltr'>Card.</span> <span class='ocrx_word' id='word_1_564' title='bbox 1556 1416 1586 1445; x_wconf 87' lang='lat' dir='ltr'>in</span> <span class='ocrx_word' id='word_1_565' title='bbox 1601 1418 1744 1457; x_wconf 83' lang='lat' dir='ltr'>Appendi-</span> 
     </span>
     <span class='ocr_line' id='line_1_73' title="bbox 942 1451 1251 1481; baseline 0.01 -3"><span class='ocrx_word' id='word_1_566' title='bbox 942 1461 972 1479; x_wconf 86' lang='lat' dir='ltr'>ce</span> <span class='ocrx_word' id='word_1_567' title='bbox 982 1459 1049 1479; x_wconf 90' lang='lat' dir='ltr'>tom.</span> <span class='ocrx_word' id='word_1_568' title='bbox 1067 1462 1110 1480; x_wconf 85' lang='lat'>11.</span> <span class='ocrx_word' id='word_1_569' title='bbox 1121 1451 1233 1481; x_wconf 87' lang='lat' dir='ltr'>Baronii</span> <span class='ocrx_word' id='word_1_570' title='bbox 1243 1474 1251 1481; x_wconf 93' lang='lat'><strong>.</strong></span> 
     </span>
    </p>
   </div>
   <div class='ocr_carea' id='block_1_19' title="bbox 90 1489 1630 1535">
    <p class='ocr_par' dir='ltr' id='par_1_19' title="bbox 90 1489 1630 1535">
     <span class='ocr_line' id='line_1_74' title="bbox 90 1489 1630 1535; baseline 0.003 -14"><span class='ocrx_word' id='word_1_571' title='bbox 90 1493 163 1522; x_wconf 86' lang='lat' dir='ltr'>theti</span> <span class='ocrx_word' id='word_1_572' title='bbox 184 1493 225 1520; x_wconf 88' lang='lat' dir='ltr'>sui</span> <span class='ocrx_word' id='word_1_573' title='bbox 241 1492 344 1520; x_wconf 85' lang='lat' dir='ltr'>sortem</span> <span class='ocrx_word' id='word_1_574' title='bbox 361 1501 424 1518; x_wconf 87' lang='lat' dir='ltr'>cum</span> <span class='ocrx_word' id='word_1_575' title='bbox 441 1490 568 1518; x_wconf 85' lang='lat' dir='ltr'>muliebri</span> <span class='ocrx_word' id='word_1_576' title='bbox 584 1489 662 1518; x_wconf 86' lang='lat' dir='ltr'>cursu</span> <span class='ocrx_word' id='word_1_577' title='bbox 679 1490 887 1528; x_wconf 83' lang='lat' dir='ltr'>compensavit.</span> <span class='ocrx_word' id='word_1_578' title='bbox 902 1491 1107 1521; x_wconf 67' lang='lat' dir='ltr'>Secumauius</span> <span class='ocrx_word' id='word_1_579' title='bbox 1118 1513 1125 1520; x_wconf 92' lang='lat'>.</span> <span class='ocrx_word' id='word_1_580' title='bbox 1149 1494 1222 1522; x_wconf 90' lang='lat' dir='ltr'>Vide</span> <span class='ocrx_word' id='word_1_581' title='bbox 1243 1496 1424 1524; x_wconf 76' lang='lat' dir='ltr'>silentiarius</span> <span class='ocrx_word' id='word_1_582' title='bbox 1435 1517 1442 1524; x_wconf 90' lang='lat'><em>.</em></span> <span class='ocrx_word' id='word_1_583' title='bbox 1461 1501 1610 1535; x_wconf 67' lang='lat' dir='ltr'>Symmysta</span> <span class='ocrx_word' id='word_1_584' title='bbox 1623 1519 1630 1526; x_wconf 93' lang='lat'><strong><em>.</em></strong></span> 
     </span>
    </p>
   </div>
   <div class='ocr_carea' id='block_1_20' title="bbox 49 1532 886 1897">
    <p class='ocr_par' dir='ltr' id='par_1_20' title="bbox 49 1532 886 1897">
     <span class='ocr_line' id='line_1_75' title="bbox 90 1532 440 1566; baseline -0.011 -4"><span class='ocrx_word' id='word_1_585' title='bbox 90 1533 208 1563; x_wconf 74' lang='lat' dir='ltr'>Tei-tull.</span> <span class='ocrx_word' id='word_1_586' title='bbox 217 1533 252 1560; x_wconf 89' lang='lat' dir='ltr'>de</span> <span class='ocrx_word' id='word_1_587' title='bbox 261 1532 350 1560; x_wconf 89' lang='lat' dir='ltr'>Pallio</span> <span class='ocrx_word' id='word_1_588' title='bbox 360 1551 368 1563; x_wconf 90' lang='lat'><em>‚</em></span> <span class='ocrx_word' id='word_1_589' title='bbox 379 1542 402 1559; x_wconf 91' lang='lat' dir='ltr'>c.</span> <span class='ocrx_word' id='word_1_590' title='bbox 413 1542 440 1566; x_wconf 91' lang='lat'>4.</span> 
     </span>
     <span class='ocr_line' id='line_1_76' title="bbox 49 1570 806 1612; baseline 0 -11"><span class='ocrx_word' id='word_1_591' title='bbox 49 1576 176 1603; x_wconf 64' lang='lat' dir='ltr'>§ctrina</span> <span class='ocrx_word' id='word_1_592' title='bbox 188 1594 196 1606; x_wconf 91' lang='lat'><em>,</em></span> <span class='ocrx_word' id='word_1_593' title='bbox 206 1573 300 1610; x_wconf 85' lang='lat' dir='ltr'>Regio</span> <span class='ocrx_word' id='word_1_594' title='bbox 310 1593 318 1605; x_wconf 87' lang='lat'><em>,</em></span> <span class='ocrx_word' id='word_1_595' title='bbox 330 1575 356 1599; x_wconf 68' lang='grc' dir='ltr'>δε</span> <span class='ocrx_word' id='word_1_596' title='bbox 367 1573 464 1612; x_wconf 75' lang='lat' dir='ltr'>Scytha</span> <span class='ocrx_word' id='word_1_597' title='bbox 475 1570 569 1610; x_wconf 90' lang='lat' dir='ltr'>populi</span> <span class='ocrx_word' id='word_1_598' title='bbox 590 1591 597 1599; x_wconf 87' lang='lat'>.</span> <span class='ocrx_word' id='word_1_599' title='bbox 611 1571 684 1600; x_wconf 89' lang='lat' dir='ltr'>Vide</span> <span class='ocrx_word' id='word_1_600' title='bbox 694 1577 806 1610; x_wconf 63' lang='lat' dir='ltr'>Alagog.</span> 
     </span>
     <span class='ocr_line' id='line_1_77' title="bbox 49 1611 751 1646; baseline -0.004 -3"><span class='ocrx_word' id='word_1_601' title='bbox 49 1618 180 1644; x_wconf 64' lang='lat' dir='ltr'>Stans-st</span> <span class='ocrx_word' id='word_1_602' title='bbox 193 1635 200 1646; x_wconf 91' lang='lat'><em>‚</em></span> <span class='ocrx_word' id='word_1_603' title='bbox 211 1614 286 1642; x_wconf 87' lang='lat' dir='ltr'>Urbs</span> <span class='ocrx_word' id='word_1_604' title='bbox 297 1614 326 1640; x_wconf 88' lang='lat' dir='ltr'>in</span> <span class='ocrx_word' id='word_1_605' title='bbox 338 1611 480 1640; x_wconf 77' lang='lat' dir='ltr'>Palaestina</span> <span class='ocrx_word' id='word_1_606' title='bbox 491 1632 498 1640; x_wconf 90' lang='lat'><strong>.</strong></span> <span class='ocrx_word' id='word_1_607' title='bbox 521 1612 592 1640; x_wconf 89' lang='lat' dir='ltr'>Vide</span> <span class='ocrx_word' id='word_1_608' title='bbox 602 1616 734 1642; x_wconf 79' lang='lat' dir='ltr'>Samaria</span> <span class='ocrx_word' id='word_1_609' title='bbox 743 1633 751 1640; x_wconf 92' lang='lat'><strong><em>.</em></strong></span> 
     </span>
     <span class='ocr_line' id='line_1_78' title="bbox 49 1651 886 1692; baseline 0 -8"><span class='ocrx_word' id='word_1_610' title='bbox 49 1656 230 1685; x_wconf 55' lang='lat' dir='ltr'>Senasricus</span> <span class='ocrx_word' id='word_1_611' title='bbox 243 1674 249 1680; x_wconf 94' lang='lat'>.</span> <span class='ocrx_word' id='word_1_612' title='bbox 261 1655 317 1682; x_wconf 82' lang='lat' dir='ltr'>FR.</span> <span class='ocrx_word' id='word_1_613' title='bbox 330 1651 407 1685; x_wconf 88' lang='lat' dir='ltr'>idest,</span> <span class='ocrx_word' id='word_1_614' title='bbox 419 1652 479 1690; x_wconf 88' lang='lat' dir='ltr'>pius</span> <span class='ocrx_word' id='word_1_615' title='bbox 488 1672 494 1680; x_wconf 91' lang='lat'>.</span> <span class='ocrx_word' id='word_1_616' title='bbox 509 1653 588 1688; x_wconf 89' lang='lat' dir='ltr'>[Qui</span> <span class='ocrx_word' id='word_1_617' title='bbox 599 1653 886 1692; x_wconf 82' lang='lat' dir='ltr'>contemplationide-</span> 
     </span>
     <span class='ocr_line' id='line_1_79' title="bbox 91 1692 884 1731; baseline -0.001 -7"><span class='ocrx_word' id='word_1_618' title='bbox 91 1697 144 1724; x_wconf 92' lang='lat' dir='ltr'>diti</span> <span class='ocrx_word' id='word_1_619' title='bbox 154 1693 362 1727; x_wconf 81' lang='lat' dir='ltr'>sunt,sebastici</span> <span class='ocrx_word' id='word_1_620' title='bbox 375 1698 384 1725; x_wconf 93' lang='lat'>(</span> <span class='ocrx_word' id='word_1_621' title='bbox 399 1692 466 1721; x_wconf 85' lang='lat' dir='ltr'>idest</span> <span class='ocrx_word' id='word_1_622' title='bbox 476 1714 483 1726; x_wconf 96' lang='lat'><strong><em>,</em></strong></span> <span class='ocrx_word' id='word_1_623' title='bbox 495 1694 560 1731; x_wconf 87' lang='lat' dir='ltr'>pii)</span> <span class='ocrx_word' id='word_1_624' title='bbox 574 1694 665 1723; x_wconf 87' lang='lat' dir='ltr'>vocati</span> <span class='ocrx_word' id='word_1_625' title='bbox 679 1693 742 1723; x_wconf 90' lang='lat' dir='ltr'>sunt</span> <span class='ocrx_word' id='word_1_626' title='bbox 752 1714 759 1722; x_wconf 84' lang='grc'><strong>.</strong></span> <span class='ocrx_word' id='word_1_627' title='bbox 771 1694 884 1724; x_wconf 76' lang='lat' dir='ltr'>Pliotius</span> 
     </span>
     <span class='ocr_line' id='line_1_80' title="bbox 91 1732 571 1772; baseline -0.006 -8"><span class='ocrx_word' id='word_1_628' title='bbox 91 1736 119 1764; x_wconf 91' lang='lat' dir='ltr'>in</span> <span class='ocrx_word' id='word_1_629' title='bbox 130 1734 262 1766; x_wconf 75' lang='lat' dir='ltr'>Bibliotli.</span> <span class='ocrx_word' id='word_1_630' title='bbox 273 1736 307 1763; x_wconf 86' lang='lat' dir='ltr'>de</span> <span class='ocrx_word' id='word_1_631' title='bbox 319 1733 375 1762; x_wconf 83' lang='lat' dir='ltr'>vita</span> <span class='ocrx_word' id='word_1_632' title='bbox 385 1732 552 1772; x_wconf 69' lang='lat' dir='ltr'>Pythagorae</span> <span class='ocrx_word' id='word_1_633' title='bbox 563 1753 571 1761; x_wconf 88' lang='lat'><strong>.</strong></span> 
     </span>
     <span class='ocr_line' id='line_1_81' title="bbox 49 1771 883 1813; baseline -0.002 -7"><span class='ocrx_word' id='word_1_634' title='bbox 49 1777 302 1806; x_wconf 70' lang='lat' dir='ltr'>SkBASTochTOR</span> <span class='ocrx_word' id='word_1_635' title='bbox 312 1796 321 1808; x_wconf 88' lang='lat'><em>‚</em></span> <span class='ocrx_word' id='word_1_636' title='bbox 340 1771 552 1812; x_wconf 68' lang='lat' dir='ltr'>X=ssacoxpolmp</span> <span class='ocrx_word' id='word_1_637' title='bbox 563 1796 571 1807; x_wconf 95' lang='lat'><em>,</em></span> <span class='ocrx_word' id='word_1_638' title='bbox 593 1774 714 1813; x_wconf 82' lang='lat' dir='ltr'>dignitas</span> <span class='ocrx_word' id='word_1_639' title='bbox 729 1786 787 1806; x_wconf 85' lang='lat' dir='ltr'>erat</span> <span class='ocrx_word' id='word_1_640' title='bbox 797 1777 883 1805; x_wconf 87' lang='lat' dir='ltr'>maxi-</span> 
     </span>
     <span class='ocr_line' id='line_1_82' title="bbox 90 1813 882 1856; baseline 0.003 -12"><span class='ocrx_word' id='word_1_641' title='bbox 90 1826 142 1844; x_wconf 77' lang='lat' dir='ltr'>ma:</span> <span class='ocrx_word' id='word_1_642' title='bbox 153 1813 362 1845; x_wconf 85' lang='lat' dir='ltr'>existimationis</span> <span class='ocrx_word' id='word_1_643' title='bbox 373 1824 402 1842; x_wconf 89' lang='lat' dir='ltr'>in</span> <span class='ocrx_word' id='word_1_644' title='bbox 413 1814 724 1853; x_wconf 76' lang='lat' dir='ltr'>constantinopolitana</span> <span class='ocrx_word' id='word_1_645' title='bbox 738 1817 882 1856; x_wconf 82' lang='lat' dir='ltr'>regia,quae</span> 
     </span>
     <span class='ocr_line' id='line_1_83' title="bbox 89 1855 882 1897; baseline 0.005 -14"><span class='ocrx_word' id='word_1_646' title='bbox 89 1855 312 1892; x_wconf 73' lang='lat' dir='ltr'>conjuustiffimis</span> <span class='ocrx_word' id='word_1_647' title='bbox 323 1855 499 1892; x_wconf 81' lang='lat' dir='ltr'>Imperatoris</span> <span class='ocrx_word' id='word_1_648' title='bbox 508 1856 627 1884; x_wconf 76' lang='lat' dir='ltr'>conferri</span> <span class='ocrx_word' id='word_1_649' title='bbox 637 1855 748 1890; x_wconf 79' lang='lat' dir='ltr'>solebat,</span> <span class='ocrx_word' id='word_1_650' title='bbox 760 1862 787 1886; x_wconf 77' lang='grc' dir='ltr'>δ(</span> <span class='ocrx_word' id='word_1_651' title='bbox 799 1859 882 1897; x_wconf 79' lang='lat' dir='ltr'>ligni-</span> 
     </span>
    </p>
   </div>
   <div class='ocr_carea' id='block_1_21' title="bbox 887 1558 898 1874">
    <p class='ocr_par' dir='ltr' id='par_1_21' title="bbox 887 1558 898 1874">
     <span class='ocr_line' id='line_1_84' title="bbox 887 1558 898 1874; baseline 0 652"><span class='ocrx_word' id='word_1_652' title='bbox 887 1558 898 1874; x_wconf 95' lang='lat' dir='ltr'> </span> 
     </span>
    </p>
   </div>
   <div class='ocr_carea' id='block_1_22' title="bbox 901 1532 1745 1576">
    <p class='ocr_par' dir='ltr' id='par_1_22' title="bbox 901 1532 1745 1576">
     <span class='ocr_line' id='line_1_85' title="bbox 901 1532 1745 1576; baseline 0.012 -17"><span class='ocrx_word' id='word_1_653' title='bbox 901 1532 998 1561; x_wconf 62' lang='lat' dir='ltr'>Secu</span> <span class='ocrx_word' id='word_1_654' title='bbox 1010 1555 1018 1566; x_wconf 91' lang='lat'><em>,</em></span> <span class='ocrx_word' id='word_1_655' title='bbox 1029 1532 1172 1563; x_wconf 82' lang='lat' dir='ltr'>famulatus</span> <span class='ocrx_word' id='word_1_656' title='bbox 1184 1556 1191 1567; x_wconf 91' lang='lat'><em>,</em></span> <span class='ocrx_word' id='word_1_657' title='bbox 1202 1534 1360 1565; x_wconf 79' lang='lat' dir='ltr'>fecundatio</span> <span class='ocrx_word' id='word_1_658' title='bbox 1371 1558 1379 1569; x_wconf 88' lang='lat'><em>,</em></span> <span class='ocrx_word' id='word_1_659' title='bbox 1401 1537 1560 1576; x_wconf 85' lang='lat' dir='ltr'>obsequium</span> <span class='ocrx_word' id='word_1_660' title='bbox 1570 1560 1576 1566; x_wconf 92' lang='lat'><em>.</em></span> <span class='ocrx_word' id='word_1_661' title='bbox 1600 1540 1745 1574; x_wconf 86' lang='lat' dir='ltr'>[Ratione</span> 
     </span>
    </p>
   </div>
   <div class='ocr_carea' id='block_1_23' title="bbox 941 1571 1743 1899">
    <p class='ocr_par' dir='ltr' id='par_1_23' title="bbox 941 1571 1743 1899">
     <span class='ocr_line' id='line_1_86' title="bbox 941 1571 1743 1617; baseline 0.009 -16"><span class='ocrx_word' id='word_1_662' title='bbox 941 1571 1100 1608; x_wconf 85' lang='lat' dir='ltr'>hujusmodi</span> <span class='ocrx_word' id='word_1_663' title='bbox 1113 1574 1306 1613; x_wconf 75' lang='lat' dir='ltr'>poss&#39;eslionum</span> <span class='ocrx_word' id='word_1_664' title='bbox 1319 1580 1464 1616; x_wconf 84' lang='lat' dir='ltr'>Magnates</span> <span class='ocrx_word' id='word_1_665' title='bbox 1475 1580 1640 1617; x_wconf 88' lang='lat' dir='ltr'>compellere</span> <span class='ocrx_word' id='word_1_666' title='bbox 1650 1580 1743 1609; x_wconf 87' lang='lat' dir='ltr'>nitun-</span> 
     </span>
     <span class='ocr_line' id='line_1_87' title="bbox 942 1615 1740 1650; baseline 0.008 -8"><span class='ocrx_word' id='word_1_667' title='bbox 942 1623 986 1642; x_wconf 88' lang='lat' dir='ltr'>tur</span> <span class='ocrx_word' id='word_1_668' title='bbox 997 1615 1126 1643; x_wconf 71' lang='lat' dir='ltr'>Praelatos</span> <span class='ocrx_word' id='word_1_669' title='bbox 1138 1616 1223 1645; x_wconf 85' lang='lat' dir='ltr'>facere</span> <span class='ocrx_word' id='word_1_670' title='bbox 1234 1615 1332 1645; x_wconf 64' lang='lat' dir='ltr'>seffliam</span> <span class='ocrx_word' id='word_1_671' title='bbox 1343 1619 1376 1646; x_wconf 86' lang='lat' dir='ltr'>ad</span> <span class='ocrx_word' id='word_1_672' title='bbox 1387 1619 1501 1648; x_wconf 85' lang='lat' dir='ltr'>Curiam</span> <span class='ocrx_word' id='word_1_673' title='bbox 1513 1639 1520 1646; x_wconf 86' lang='lat'><strong>.</strong></span> <span class='ocrx_word' id='word_1_674' title='bbox 1543 1619 1645 1648; x_wconf 74' lang='lat' dir='ltr'>Matth.</span> <span class='ocrx_word' id='word_1_675' title='bbox 1657 1620 1740 1650; x_wconf 81' lang='lat' dir='ltr'>Paris.</span> 
     </span>
     <span class='ocr_line' id='line_1_88' title="bbox 942 1655 1742 1699; baseline 0.01 -17"><span class='ocrx_word' id='word_1_676' title='bbox 942 1655 978 1683; x_wconf 88' lang='lat' dir='ltr'>In</span> <span class='ocrx_word' id='word_1_677' title='bbox 989 1655 1047 1683; x_wconf 86' lang='lat' dir='ltr'>vita</span> <span class='ocrx_word' id='word_1_678' title='bbox 1056 1657 1125 1685; x_wconf 88' lang='lat' dir='ltr'>Abb.</span> <span class='ocrx_word' id='word_1_679' title='bbox 1137 1660 1148 1689; x_wconf 96' lang='lat'>]</span> <span class='ocrx_word' id='word_1_680' title='bbox 1172 1659 1228 1687; x_wconf 65' lang='lat' dir='ltr'>Fit.</span> <span class='ocrx_word' id='word_1_681' title='bbox 1239 1659 1423 1688; x_wconf 86' lang='lat' dir='ltr'>communiter</span> <span class='ocrx_word' id='word_1_682' title='bbox 1443 1670 1532 1688; x_wconf 84' lang='lat' dir='ltr'>autem</span> <span class='ocrx_word' id='word_1_683' title='bbox 1553 1670 1604 1699; x_wconf 86' lang='lat' dir='ltr'>pro</span> <span class='ocrx_word' id='word_1_684' title='bbox 1614 1659 1742 1690; x_wconf 87' lang='lat' dir='ltr'>Philoso-</span> 
     </span>
     <span class='ocr_line' id='line_1_89' title="bbox 942 1694 1741 1741; baseline 0.01 -18"><span class='ocrx_word' id='word_1_685' title='bbox 942 1694 1060 1733; x_wconf 82' lang='lat' dir='ltr'>phorum</span> <span class='ocrx_word' id='word_1_686' title='bbox 1079 1696 1181 1726; x_wconf 88' lang='lat' dir='ltr'>scholis</span> <span class='ocrx_word' id='word_1_687' title='bbox 1199 1698 1370 1728; x_wconf 85' lang='lat' dir='ltr'>diversorum</span> <span class='ocrx_word' id='word_1_688' title='bbox 1391 1711 1523 1739; x_wconf 81' lang='lat' dir='ltr'>generum</span> <span class='ocrx_word' id='word_1_689' title='bbox 1535 1723 1542 1734; x_wconf 86' lang='lat'><em>‚</em></span> <span class='ocrx_word' id='word_1_690' title='bbox 1554 1703 1599 1730; x_wconf 86' lang='lat' dir='ltr'>vel</span> <span class='ocrx_word' id='word_1_691' title='bbox 1610 1702 1741 1741; x_wconf 89' lang='lat' dir='ltr'>Religio-</span> 
     </span>
     <span class='ocr_line' id='line_1_90' title="bbox 944 1738 1742 1780; baseline 0.009 -16"><span class='ocrx_word' id='word_1_692' title='bbox 944 1746 1008 1764; x_wconf 86' lang='lat' dir='ltr'>num</span> <span class='ocrx_word' id='word_1_693' title='bbox 1020 1758 1027 1769; x_wconf 91' lang='lat'><em>,</em></span> <span class='ocrx_word' id='word_1_694' title='bbox 1039 1740 1068 1765; x_wconf 71' lang='grc' dir='ltr'>ὅ(</span> <span class='ocrx_word' id='word_1_695' title='bbox 1076 1738 1236 1777; x_wconf 83' lang='lat' dir='ltr'>dogmatum</span> <span class='ocrx_word' id='word_1_696' title='bbox 1246 1740 1425 1769; x_wconf 66' lang='lat' dir='ltr'>distinftione</span> <span class='ocrx_word' id='word_1_697' title='bbox 1435 1740 1576 1780; x_wconf 83' lang='lat' dir='ltr'>usurpatur</span> <span class='ocrx_word' id='word_1_698' title='bbox 1587 1763 1594 1769; x_wconf 89' lang='lat'><strong>.</strong></span> <span class='ocrx_word' id='word_1_699' title='bbox 1605 1743 1690 1778; x_wconf 87' lang='lat' dir='ltr'>Quod</span> <span class='ocrx_word' id='word_1_700' title='bbox 1699 1753 1742 1771; x_wconf 85' lang='lat' dir='ltr'>et-</span> 
     </span>
     <span class='ocr_line' id='line_1_91' title="bbox 943 1777 1739 1822; baseline 0.01 -18"><span class='ocrx_word' id='word_1_701' title='bbox 943 1777 997 1804; x_wconf 83' lang='lat' dir='ltr'>iam</span> <span class='ocrx_word' id='word_1_702' title='bbox 1008 1777 1038 1805; x_wconf 86' lang='lat' dir='ltr'>in</span> <span class='ocrx_word' id='word_1_703' title='bbox 1049 1777 1119 1807; x_wconf 84' lang='lat' dir='ltr'>sacra</span> <span class='ocrx_word' id='word_1_704' title='bbox 1130 1780 1268 1817; x_wconf 83' lang='lat' dir='ltr'>Scriptura</span> <span class='ocrx_word' id='word_1_705' title='bbox 1279 1781 1381 1819; x_wconf 87' lang='lat' dir='ltr'>legitur</span> <span class='ocrx_word' id='word_1_706' title='bbox 1389 1802 1395 1809; x_wconf 93' lang='lat'>.</span> <span class='ocrx_word' id='word_1_707' title='bbox 1416 1788 1427 1816; x_wconf 86' lang='lat'>[</span> <span class='ocrx_word' id='word_1_708' title='bbox 1440 1783 1533 1810; x_wconf 78' lang='lat' dir='ltr'>Plures</span> <span class='ocrx_word' id='word_1_709' title='bbox 1544 1783 1654 1811; x_wconf 86' lang='lat' dir='ltr'>alterius</span> <span class='ocrx_word' id='word_1_710' title='bbox 1663 1787 1739 1822; x_wconf 49' lang='grc' dir='ltr'>έθη-</span> 
     </span>
     <span class='ocr_line' id='line_1_92' title="bbox 941 1817 1740 1862; baseline 0.01 -17"><span class='ocrx_word' id='word_1_711' title='bbox 941 1818 975 1845; x_wconf 86' lang='lat' dir='ltr'>tis</span> <span class='ocrx_word' id='word_1_712' title='bbox 984 1839 992 1850; x_wconf 93' lang='lat'><em>‚</em></span> <span class='ocrx_word' id='word_1_713' title='bbox 1003 1820 1030 1846; x_wconf 70' lang='grc' dir='ltr'>ὃ(</span> <span class='ocrx_word' id='word_1_714' title='bbox 1041 1817 1119 1847; x_wconf 68' lang='lat' dir='ltr'>seftae</span> <span class='ocrx_word' id='word_1_715' title='bbox 1129 1842 1137 1853; x_wconf 94' lang='lat'>‚</span> <span class='ocrx_word' id='word_1_716' title='bbox 1149 1832 1175 1849; x_wconf 88' lang='lat'>2.</span> <span class='ocrx_word' id='word_1_717' title='bbox 1186 1820 1248 1849; x_wconf 86' lang='lat' dir='ltr'>Esd.</span> <span class='ocrx_word' id='word_1_718' title='bbox 1260 1831 1318 1859; x_wconf 90' lang='lat' dir='ltr'>cap.</span> <span class='ocrx_word' id='word_1_719' title='bbox 1332 1828 1358 1850; x_wconf 89' lang='lat'>6.</span> <span class='ocrx_word' id='word_1_720' title='bbox 1369 1823 1524 1852; x_wconf 81' lang='lat' dir='ltr'>Secundum</span> <span class='ocrx_word' id='word_1_721' title='bbox 1533 1822 1631 1852; x_wconf 61' lang='lat' dir='ltr'>seciam</span> <span class='ocrx_word' id='word_1_722' title='bbox 1642 1845 1648 1856; x_wconf 85' lang='lat'><em>,</em></span> <span class='ocrx_word' id='word_1_723' title='bbox 1660 1834 1740 1862; x_wconf 77' lang='lat' dir='ltr'>quant</span> 
     </span>
     <span class='ocr_line' id='line_1_93' title="bbox 944 1858 1432 1899; baseline 0.01 -14"><span class='ocrx_word' id='word_1_724' title='bbox 944 1858 1041 1887; x_wconf 86' lang='lat' dir='ltr'>dicunt</span> <span class='ocrx_word' id='word_1_725' title='bbox 1051 1858 1244 1889; x_wconf 68' lang='lat' dir='ltr'>haereticorum</span> <span class='ocrx_word' id='word_1_726' title='bbox 1257 1883 1265 1895; x_wconf 95' lang='lat'><em>,</em></span> <span class='ocrx_word' id='word_1_727' title='bbox 1278 1863 1373 1891; x_wconf 72' lang='lat' dir='ltr'>Aftor.</span> <span class='ocrx_word' id='word_1_728' title='bbox 1386 1875 1432 1899; x_wconf 78' lang='lat'>24.</span> 
     </span>
    </p>
   </div>
   <div class='ocr_carea' id='block_1_24' title="bbox 89 1895 1742 1939">
    <p class='ocr_par' dir='ltr' id='par_1_24' title="bbox 89 1895 1742 1939">
     <span class='ocr_line' id='line_1_94' title="bbox 89 1895 1742 1939; baseline 0.005 -14"><span class='ocrx_word' id='word_1_729' title='bbox 89 1898 150 1926; x_wconf 78' lang='lat' dir='ltr'>ficat</span> <span class='ocrx_word' id='word_1_730' title='bbox 163 1897 358 1925; x_wconf 73' lang='lat' dir='ltr'>Vener-andum</span> <span class='ocrx_word' id='word_1_731' title='bbox 369 1895 524 1934; x_wconf 85' lang='lat' dir='ltr'>Principem</span> <span class='ocrx_word' id='word_1_732' title='bbox 534 1917 543 1929; x_wconf 89' lang='lat'><em>,</em></span> <span class='ocrx_word' id='word_1_733' title='bbox 564 1896 620 1925; x_wconf 85' lang='lat' dir='ltr'>sive</span> <span class='ocrx_word' id='word_1_734' title='bbox 630 1899 822 1927; x_wconf 78' lang='lat' dir='ltr'>Reverendam</span> <span class='ocrx_word' id='word_1_735' title='bbox 835 1901 888 1928; x_wconf 71' lang='lat'>1³0-</span> <span class='ocrx_word' id='word_1_736' title='bbox 902 1898 1054 1927; x_wconf 67' lang='lat' dir='ltr'>Szerano</span> <span class='ocrx_word' id='word_1_737' title='bbox 1065 1922 1072 1932; x_wconf 92' lang='lat'><em>,</em></span> <span class='ocrx_word' id='word_1_738' title='bbox 1084 1899 1191 1939; x_wconf 81' lang='lat' dir='ltr'>sequela</span> <span class='ocrx_word' id='word_1_739' title='bbox 1203 1923 1210 1934; x_wconf 84' lang='lat'><em>,</em></span> <span class='ocrx_word' id='word_1_740' title='bbox 1222 1902 1342 1930; x_wconf 88' lang='lat' dir='ltr'>imitatio</span> <span class='ocrx_word' id='word_1_741' title='bbox 1354 1923 1360 1929; x_wconf 95' lang='lat'>.</span> <span class='ocrx_word' id='word_1_742' title='bbox 1373 1906 1461 1938; x_wconf 86' lang='lat' dir='ltr'>[Non</span> <span class='ocrx_word' id='word_1_743' title='bbox 1473 1903 1500 1931; x_wconf 91' lang='lat' dir='ltr'>in</span> <span class='ocrx_word' id='word_1_744' title='bbox 1514 1904 1668 1933; x_wconf 80' lang='lat' dir='ltr'>vendendis</span> <span class='ocrx_word' id='word_1_745' title='bbox 1680 1914 1742 1934; x_wconf 86' lang='lat' dir='ltr'>tan-</span> 
     </span>
    </p>
   </div>
   <div class='ocr_carea' id='block_1_25' title="bbox 86 1936 887 2022">
    <p class='ocr_par' dir='ltr' id='par_1_25' title="bbox 86 1936 887 2022">
     <span class='ocr_line' id='line_1_95' title="bbox 89 1936 887 1975; baseline 0 -9"><span class='ocrx_word' id='word_1_746' title='bbox 89 1937 212 1966; x_wconf 81' lang='lat' dir='ltr'>testatem</span> <span class='ocrx_word' id='word_1_747' title='bbox 222 1959 230 1970; x_wconf 90' lang='lat'>‚</span> <span class='ocrx_word' id='word_1_748' title='bbox 250 1947 279 1965; x_wconf 83' lang='lat' dir='ltr'>ac</span> <span class='ocrx_word' id='word_1_749' title='bbox 300 1936 432 1974; x_wconf 80' lang='lat' dir='ltr'>Despotae</span> <span class='ocrx_word' id='word_1_750' title='bbox 450 1936 568 1965; x_wconf 86' lang='lat' dir='ltr'>inferior</span> <span class='ocrx_word' id='word_1_751' title='bbox 586 1948 642 1966; x_wconf 87' lang='lat' dir='ltr'>erat</span> <span class='ocrx_word' id='word_1_752' title='bbox 653 1958 659 1964; x_wconf 95' lang='lat'>.</span> <span class='ocrx_word' id='word_1_753' title='bbox 682 1940 791 1975; x_wconf 86' lang='lat' dir='ltr'>[Cujus</span> <span class='ocrx_word' id='word_1_754' title='bbox 803 1939 887 1969; x_wconf 81' lang='lat' dir='ltr'>initio</span> 
     </span>
     <span class='ocr_line' id='line_1_96' title="bbox 86 1976 887 2022; baseline 0.005 -16"><span class='ocrx_word' id='word_1_755' title='bbox 86 1978 176 2006; x_wconf 82' lang='lat' dir='ltr'>statim</span> <span class='ocrx_word' id='word_1_756' title='bbox 189 1978 244 2017; x_wconf 90' lang='lat' dir='ltr'>pari</span> <span class='ocrx_word' id='word_1_757' title='bbox 257 1977 294 2006; x_wconf 90' lang='lat' dir='ltr'>sel</span> <span class='ocrx_word' id='word_1_758' title='bbox 299 1979 321 2005; x_wconf 85' lang='lat' dir='ltr'>la</span> <span class='ocrx_word' id='word_1_759' title='bbox 330 2000 337 2010; x_wconf 88' lang='lat'><em>,</em></span> <span class='ocrx_word' id='word_1_760' title='bbox 349 1976 497 2015; x_wconf 88' lang='lat' dir='ltr'>eademque</span> <span class='ocrx_word' id='word_1_761' title='bbox 509 1976 610 2010; x_wconf 87' lang='lat' dir='ltr'>mensa,</span> <span class='ocrx_word' id='word_1_762' title='bbox 621 1982 647 2007; x_wconf 78' lang='grc' dir='ltr'>ὅ(</span> <span class='ocrx_word' id='word_1_763' title='bbox 659 1988 689 2007; x_wconf 88' lang='lat' dir='ltr'>ea</span> <span class='ocrx_word' id='word_1_764' title='bbox 696 1981 887 2022; x_wconf 81' lang='lat' dir='ltr'>proclamatio-</span> 
     </span>
    </p>
   </div>
   <div class='ocr_carea' id='block_1_26' title="bbox 941 1941 1744 2021">
    <p class='ocr_par' dir='ltr' id='par_1_26' title="bbox 941 1941 1744 2021">
     <span class='ocr_line' id='line_1_97' title="bbox 942 1941 1744 1981; baseline 0.01 -14"><span class='ocrx_word' id='word_1_765' title='bbox 942 1949 1000 1968; x_wconf 88' lang='lat' dir='ltr'>tum</span> <span class='ocrx_word' id='word_1_766' title='bbox 1010 1941 1119 1978; x_wconf 81' lang='lat' dir='ltr'>praediis</span> <span class='ocrx_word' id='word_1_767' title='bbox 1131 1962 1138 1974; x_wconf 89' lang='lat'><em>‚</em></span> <span class='ocrx_word' id='word_1_768' title='bbox 1150 1945 1177 1970; x_wconf 59' lang='grc' dir='ltr'>ἃ</span> <span class='ocrx_word' id='word_1_769' title='bbox 1188 1943 1282 1979; x_wconf 77' lang='lat' dir='ltr'>pretiis</span> <span class='ocrx_word' id='word_1_770' title='bbox 1292 1944 1437 1981; x_wconf 79' lang='lat' dir='ltr'>erogandis</span> <span class='ocrx_word' id='word_1_771' title='bbox 1449 1965 1456 1976; x_wconf 93' lang='lat'><em>‚</em></span> <span class='ocrx_word' id='word_1_772' title='bbox 1468 1943 1553 1972; x_wconf 88' lang='lat' dir='ltr'>sedin</span> <span class='ocrx_word' id='word_1_773' title='bbox 1564 1944 1603 1973; x_wconf 82' lang='lat' dir='ltr'>sui</span> <span class='ocrx_word' id='word_1_774' title='bbox 1615 1943 1744 1975; x_wconf 67' lang='lat' dir='ltr'>festatio-</span> 
     </span>
     <span class='ocr_line' id='line_1_98' title="bbox 941 1980 1577 2021; baseline 0.009 -14"><span class='ocrx_word' id='word_1_775' title='bbox 941 1991 976 2008; x_wconf 87' lang='lat' dir='ltr'>ne</span> <span class='ocrx_word' id='word_1_776' title='bbox 986 1980 1130 2019; x_wconf 83' lang='lat' dir='ltr'>proposuit</span> <span class='ocrx_word' id='word_1_777' title='bbox 1140 2002 1148 2010; x_wconf 86' lang='lat'><strong>.</strong></span> <span class='ocrx_word' id='word_1_778' title='bbox 1158 1983 1303 2011; x_wconf 79' lang='lat' dir='ltr'>S.&#39;Pauliii.</span> <span class='ocrx_word' id='word_1_779' title='bbox 1315 1983 1392 2021; x_wconf 83' lang='lat' dir='ltr'>epist.</span> <span class='ocrx_word' id='word_1_780' title='bbox 1404 1996 1430 2012; x_wconf 82' lang='lat'>2.</span> <span class='ocrx_word' id='word_1_781' title='bbox 1439 1985 1472 2012; x_wconf 84' lang='lat' dir='ltr'>ad</span> <span class='ocrx_word' id='word_1_782' title='bbox 1484 1986 1577 2013; x_wconf 84' lang='lat' dir='ltr'>Sever-</span> 
     </span>
    </p>
   </div>
   <div class='ocr_carea' id='block_1_27' title="bbox 89 2018 1738 2063">
    <p class='ocr_par' dir='ltr' id='par_1_27' title="bbox 89 2018 1738 2063">
     <span class='ocr_line' id='line_1_99' title="bbox 89 2018 1738 2063; baseline 0.005 -16"><span class='ocrx_word' id='word_1_783' title='bbox 89 2030 123 2047; x_wconf 88' lang='lat' dir='ltr'>ne</span> <span class='ocrx_word' id='word_1_784' title='bbox 133 2029 195 2048; x_wconf 85' lang='lat' dir='ltr'>eum</span> <span class='ocrx_word' id='word_1_785' title='bbox 205 2019 335 2057; x_wconf 84' lang='lat' dir='ltr'>dignatus</span> <span class='ocrx_word' id='word_1_786' title='bbox 343 2018 381 2046; x_wconf 85' lang='lat' dir='ltr'>est</span> <span class='ocrx_word' id='word_1_787' title='bbox 393 2039 400 2050; x_wconf 86' lang='lat'><em>,</em></span> <span class='ocrx_word' id='word_1_788' title='bbox 422 2018 509 2055; x_wconf 77' lang='lat' dir='ltr'>qualis</span> <span class='ocrx_word' id='word_1_789' title='bbox 520 2019 739 2049; x_wconf 80' lang='lat' dir='ltr'>Sebastocratoris</span> <span class='ocrx_word' id='word_1_790' title='bbox 749 2020 886 2050; x_wconf 88' lang='lat' dir='ltr'>honorem</span> <span class='ocrx_word' id='word_1_791' title='bbox 898 2021 1104 2050; x_wconf 68' lang='grc' dir='ltr'>δεευιΑκιτΑς</span> <span class='ocrx_word' id='word_1_792' title='bbox 1116 2043 1123 2050; x_wconf 92' lang='grc'><strong>.</strong></span> <span class='ocrx_word' id='word_1_793' title='bbox 1135 2024 1191 2051; x_wconf 75' lang='lat' dir='ltr'>FR.</span> <span class='ocrx_word' id='word_1_794' title='bbox 1205 2023 1302 2051; x_wconf 83' lang='lat' dir='ltr'>Vossio</span> <span class='ocrx_word' id='word_1_795' title='bbox 1314 2024 1541 2063; x_wconf 80' lang='lat' dir='ltr'>imperceptibilis</span> <span class='ocrx_word' id='word_1_796' title='bbox 1550 2024 1606 2055; x_wconf 83' lang='lat' dir='ltr'>visa</span> <span class='ocrx_word' id='word_1_797' title='bbox 1618 2025 1670 2055; x_wconf 73' lang='lat' dir='ltr'>Fuit</span> <span class='ocrx_word' id='word_1_798' title='bbox 1679 2025 1738 2057; x_wconf 81' lang='lat' dir='ltr'>haec</span> 
     </span>
    </p>
   </div>
   <div class='ocr_carea' id='block_1_28' title="bbox 84 2058 886 2344">
    <p class='ocr_par' dir='ltr' id='par_1_28' title="bbox 84 2058 886 2344">
     <span class='ocr_line' id='line_1_100' title="bbox 86 2058 885 2099; baseline 0.004 -12"><span class='ocrx_word' id='word_1_799' title='bbox 86 2060 196 2088; x_wconf 76' lang='lat' dir='ltr'>decebat</span> <span class='ocrx_word' id='word_1_800' title='bbox 207 2080 218 2096; x_wconf 92' lang='lat'>,</span> <span class='ocrx_word' id='word_1_801' title='bbox 229 2069 310 2097; x_wconf 88' lang='lat' dir='ltr'>quem</span> <span class='ocrx_word' id='word_1_802' title='bbox 321 2069 336 2087; x_wconf 84' lang='lat' dir='ltr'>a</span> <span class='ocrx_word' id='word_1_803' title='bbox 344 2060 422 2088; x_wconf 89' lang='lat' dir='ltr'>Patre</span> <span class='ocrx_word' id='word_1_804' title='bbox 433 2058 536 2087; x_wconf 82' lang='lat' dir='ltr'>Alexio</span> <span class='ocrx_word' id='word_1_805' title='bbox 544 2058 644 2088; x_wconf 82' lang='lat' dir='ltr'>Isacius</span> <span class='ocrx_word' id='word_1_806' title='bbox 652 2070 791 2099; x_wconf 88' lang='lat' dir='ltr'>acceperat</span> <span class='ocrx_word' id='word_1_807' title='bbox 801 2083 808 2089; x_wconf 94' lang='lat'><em>.</em></span> <span class='ocrx_word' id='word_1_808' title='bbox 831 2063 885 2092; x_wconf 90' lang='lat' dir='ltr'>Ni-</span> 
     </span>
     <span class='ocr_line' id='line_1_101' title="bbox 86 2099 885 2141; baseline 0.005 -13"><span class='ocrx_word' id='word_1_809' title='bbox 86 2110 138 2129; x_wconf 82' lang='lat' dir='ltr'>cet.</span> <span class='ocrx_word' id='word_1_810' title='bbox 149 2101 194 2129; x_wconf 83' lang='lat' dir='ltr'>lib.</span> <span class='ocrx_word' id='word_1_811' title='bbox 206 2101 255 2137; x_wconf 89' lang='lat'>3-]</span> <span class='ocrx_word' id='word_1_812' title='bbox 270 2100 326 2129; x_wconf 89' lang='lat' dir='ltr'>Ubi</span> <span class='ocrx_word' id='word_1_813' title='bbox 337 2099 372 2127; x_wconf 85' lang='lat' dir='ltr'>de</span> <span class='ocrx_word' id='word_1_814' title='bbox 379 2100 487 2136; x_wconf 81' lang='lat' dir='ltr'>Joanne</span> <span class='ocrx_word' id='word_1_815' title='bbox 498 2100 648 2128; x_wconf 71' lang='lat' dir='ltr'>comneno</span> <span class='ocrx_word' id='word_1_816' title='bbox 659 2102 730 2139; x_wconf 90' lang='lat' dir='ltr'>Imp.</span> <span class='ocrx_word' id='word_1_817' title='bbox 743 2102 867 2141; x_wconf 89' lang='lat' dir='ltr'>loquitur</span> <span class='ocrx_word' id='word_1_818' title='bbox 878 2124 885 2131; x_wconf 91' lang='lat'>.</span> 
     </span>
     <span class='ocr_line' id='line_1_102' title="bbox 86 2139 886 2178; baseline 0.004 -9"><span class='ocrx_word' id='word_1_819' title='bbox 86 2142 154 2169; x_wconf 72' lang='lat' dir='ltr'>Haer:</span> <span class='ocrx_word' id='word_1_820' title='bbox 165 2150 238 2169; x_wconf 86' lang='lat' dir='ltr'>enim</span> <span class='ocrx_word' id='word_1_821' title='bbox 249 2140 370 2178; x_wconf 85' lang='lat' dir='ltr'>dignitas</span> <span class='ocrx_word' id='word_1_822' title='bbox 380 2139 499 2177; x_wconf 81' lang='lat' dir='ltr'>iplismet</span> <span class='ocrx_word' id='word_1_823' title='bbox 508 2141 688 2178; x_wconf 81' lang='lat' dir='ltr'>Imperatoris</span> <span class='ocrx_word' id='word_1_824' title='bbox 698 2141 766 2170; x_wconf 81' lang='lat' dir='ltr'>filiis</span> <span class='ocrx_word' id='word_1_825' title='bbox 777 2153 835 2172; x_wconf 89' lang='lat' dir='ltr'>non</span> <span class='ocrx_word' id='word_1_826' title='bbox 845 2154 886 2172; x_wconf 88' lang='lat' dir='ltr'>ra-</span> 
     </span>
     <span class='ocr_line' id='line_1_103' title="bbox 86 2180 885 2221; baseline 0.006 -13"><span class='ocrx_word' id='word_1_827' title='bbox 86 2191 118 2209; x_wconf 89' lang='lat' dir='ltr'>ro</span> <span class='ocrx_word' id='word_1_828' title='bbox 128 2180 317 2209; x_wconf 80' lang='lat' dir='ltr'>conferebatur</span> <span class='ocrx_word' id='word_1_829' title='bbox 326 2202 334 2214; x_wconf 91' lang='lat'><em>,</em></span> <span class='ocrx_word' id='word_1_830' title='bbox 353 2190 435 2218; x_wconf 89' lang='lat' dir='ltr'>quem</span> <span class='ocrx_word' id='word_1_831' title='bbox 446 2181 507 2209; x_wconf 86' lang='lat' dir='ltr'>aliis</span> <span class='ocrx_word' id='word_1_832' title='bbox 519 2182 676 2220; x_wconf 85' lang='lat' dir='ltr'>Principem</span> <span class='ocrx_word' id='word_1_833' title='bbox 687 2183 841 2221; x_wconf 64' lang='lat' dir='ltr'>Augustum</span> <span class='ocrx_word' id='word_1_834' title='bbox 853 2185 885 2213; x_wconf 82' lang='lat' dir='ltr'>fi-</span> 
     </span>
     <span class='ocr_line' id='line_1_104' title="bbox 84 2221 883 2263; baseline 0.006 -14"><span class='ocrx_word' id='word_1_835' title='bbox 84 2221 218 2260; x_wconf 65' lang='lat' dir='ltr'>gnificarc</span> <span class='ocrx_word' id='word_1_836' title='bbox 226 2222 334 2250; x_wconf 84' lang='lat' dir='ltr'>malunt</span> <span class='ocrx_word' id='word_1_837' title='bbox 344 2242 352 2249; x_wconf 93' lang='lat'>.</span> <span class='ocrx_word' id='word_1_838' title='bbox 373 2223 431 2250; x_wconf 77' lang='lat' dir='ltr'>PR.</span> <span class='ocrx_word' id='word_1_839' title='bbox 443 2221 605 2260; x_wconf 83' lang='lat' dir='ltr'>Bulingerus</span> <span class='ocrx_word' id='word_1_840' title='bbox 614 2223 655 2250; x_wconf 83' lang='lat' dir='ltr'>ait</span> <span class='ocrx_word' id='word_1_841' title='bbox 673 2221 744 2252; x_wconf 83' lang='lat' dir='ltr'>hanc</span> <span class='ocrx_word' id='word_1_842' title='bbox 756 2224 883 2263; x_wconf 78' lang='lat' dir='ltr'>dignita-</span> 
     </span>
     <span class='ocr_line' id='line_1_105' title="bbox 85 2260 884 2304; baseline 0.008 -15"><span class='ocrx_word' id='word_1_843' title='bbox 85 2271 140 2290; x_wconf 88' lang='lat' dir='ltr'>tem</span> <span class='ocrx_word' id='word_1_844' title='bbox 151 2261 298 2290; x_wconf 85' lang='lat' dir='ltr'>secundam</span> <span class='ocrx_word' id='word_1_845' title='bbox 318 2260 392 2290; x_wconf 82' lang='lat' dir='ltr'>fuiss&#39;e</span> <span class='ocrx_word' id='word_1_846' title='bbox 400 2261 460 2300; x_wconf 89' lang='lat' dir='ltr'>post</span> <span class='ocrx_word' id='word_1_847' title='bbox 471 2262 623 2299; x_wconf 85' lang='lat' dir='ltr'>Despotam</span> <span class='ocrx_word' id='word_1_848' title='bbox 633 2284 642 2296; x_wconf 89' lang='lat'><em>,</em></span> <span class='ocrx_word' id='word_1_849' title='bbox 662 2273 691 2292; x_wconf 85' lang='lat' dir='ltr'>ac</span> <span class='ocrx_word' id='word_1_850' title='bbox 701 2262 812 2293; x_wconf 82' lang='lat' dir='ltr'>tertiam</span> <span class='ocrx_word' id='word_1_851' title='bbox 819 2266 884 2304; x_wconf 63' lang='lat' dir='ltr'>&#39;post</span> 
     </span>
     <span class='ocr_line' id='line_1_106' title="bbox 85 2302 881 2344; baseline 0.006 -14"><span class='ocrx_word' id='word_1_852' title='bbox 85 2303 287 2342; x_wconf 87' lang='lat' dir='ltr'>Imperatorem</span> <span class='ocrx_word' id='word_1_853' title='bbox 297 2323 304 2330; x_wconf 91' lang='lat'><em>.</em></span> <span class='ocrx_word' id='word_1_854' title='bbox 314 2302 429 2332; x_wconf 86' lang='lat' dir='ltr'>Alexius</span> <span class='ocrx_word' id='word_1_855' title='bbox 437 2302 610 2342; x_wconf 81' lang='lat' dir='ltr'>Palaeologus</span> <span class='ocrx_word' id='word_1_856' title='bbox 617 2305 775 2343; x_wconf 82' lang='lat' dir='ltr'>Imperator</span> <span class='ocrx_word' id='word_1_857' title='bbox 781 2306 881 2344; x_wconf 80' lang='lat' dir='ltr'>Joanni</span> 
     </span>
    </p>
   </div>
   <div class='ocr_carea' id='block_1_29' title="bbox 83 2343 908 2382">
    <p class='ocr_par' dir='ltr' id='par_1_29' title="bbox 83 2343 908 2382">
     <span class='ocr_line' id='line_1_107' title="bbox 83 2343 908 2382; baseline 0.007 -11"><span class='ocrx_word' id='word_1_858' title='bbox 83 2345 140 2377; x_wconf 82' lang='lat' dir='ltr'>ejus</span> <span class='ocrx_word' id='word_1_859' title='bbox 150 2343 240 2372; x_wconf 86' lang='lat' dir='ltr'>notho</span> <span class='ocrx_word' id='word_1_860' title='bbox 251 2343 322 2372; x_wconf 76' lang='lat' dir='ltr'>lianc</span> <span class='ocrx_word' id='word_1_861' title='bbox 332 2343 502 2382; x_wconf 84' lang='lat' dir='ltr'>dignitatem</span> <span class='ocrx_word' id='word_1_862' title='bbox 511 2346 667 2373; x_wconf 85' lang='lat' dir='ltr'>contulerat</span> <span class='ocrx_word' id='word_1_863' title='bbox 677 2365 685 2373; x_wconf 90' lang='lat'><strong>.</strong></span> <span class='ocrx_word' id='word_1_864' title='bbox 709 2346 788 2374; x_wconf 87' lang='lat' dir='ltr'>Idem</span> <span class='ocrx_word' id='word_1_865' title='bbox 799 2348 882 2377; x_wconf 88' lang='lat' dir='ltr'>Nice·</span> <span class='ocrx_word' id='word_1_866' title='bbox 904 2366 908 2371; x_wconf 79' lang='lat'><em>·</em></span> 
     </span>
    </p>
   </div>
   <div class='ocr_carea' id='block_1_30' title="bbox 82 2384 882 2426">
    <p class='ocr_par' dir='ltr' id='par_1_30' title="bbox 82 2384 882 2426">
     <span class='ocr_line' id='line_1_108' title="bbox 82 2384 882 2426; baseline 0.008 -15"><span class='ocrx_word' id='word_1_867' title='bbox 82 2392 111 2412; x_wconf 81' lang='lat' dir='ltr'>ta</span> <span class='ocrx_word' id='word_1_868' title='bbox 122 2405 131 2419; x_wconf 82' lang='lat'><em>,</em></span> <span class='ocrx_word' id='word_1_869' title='bbox 142 2384 188 2415; x_wconf 82' lang='lat' dir='ltr'>lib.</span> <span class='ocrx_word' id='word_1_870' title='bbox 200 2396 226 2421; x_wconf 82' lang='lat'>4.</span> <span class='ocrx_word' id='word_1_871' title='bbox 239 2384 356 2415; x_wconf 84' lang='lat' dir='ltr'>Alexius</span> <span class='ocrx_word' id='word_1_872' title='bbox 365 2393 457 2414; x_wconf 80' lang='lat' dir='ltr'>tamen</span> <span class='ocrx_word' id='word_1_873' title='bbox 466 2385 628 2417; x_wconf 80' lang='lat' dir='ltr'>Conmenus</span> <span class='ocrx_word' id='word_1_874' title='bbox 637 2387 709 2426; x_wconf 85' lang='lat' dir='ltr'>Imp.</span> <span class='ocrx_word' id='word_1_875' title='bbox 720 2387 805 2417; x_wconf 83' lang='lat' dir='ltr'>alium</span> <span class='ocrx_word' id='word_1_876' title='bbox 816 2388 882 2417; x_wconf 79' lang='lat' dir='ltr'>titu—</span> 
     </span>
    </p>
   </div>
   <div class='ocr_carea' id='block_1_31' title="bbox 936 2061 1740 2267">
    <p class='ocr_par' dir='ltr' id='par_1_31' title="bbox 936 2061 1740 2267">
     <span class='ocr_line' id='line_1_109' title="bbox 936 2061 1740 2106; baseline 0.009 -17"><span class='ocrx_word' id='word_1_877' title='bbox 936 2061 1024 2090; x_wconf 56' lang='lat' dir='ltr'>dictio</span> <span class='ocrx_word' id='word_1_878' title='bbox 1036 2083 1044 2094; x_wconf 95' lang='lat'><em>,</em></span> <span class='ocrx_word' id='word_1_879' title='bbox 1064 2064 1138 2098; x_wconf 87' lang='lat' dir='ltr'>cujus</span> <span class='ocrx_word' id='word_1_880' title='bbox 1151 2073 1242 2092; x_wconf 82' lang='lat' dir='ltr'>tamen</span> <span class='ocrx_word' id='word_1_881' title='bbox 1252 2064 1340 2102; x_wconf 87' lang='lat' dir='ltr'>prima</span> <span class='ocrx_word' id='word_1_882' title='bbox 1352 2066 1454 2094; x_wconf 87' lang='lat' dir='ltr'>vocalis</span> <span class='ocrx_word' id='word_1_883' title='bbox 1470 2064 1682 2106; x_wconf 85' lang='lat' dir='ltr'>diphthongum</span> <span class='ocrx_word' id='word_1_884' title='bbox 1692 2067 1740 2096; x_wconf 88' lang='lat' dir='ltr'>ha-</span> 
     </span>
     <span class='ocr_line' id='line_1_110' title="bbox 940 2102 1736 2145; baseline 0.01 -15"><span class='ocrx_word' id='word_1_885' title='bbox 940 2102 1002 2131; x_wconf 86' lang='lat' dir='ltr'>bere</span> <span class='ocrx_word' id='word_1_886' title='bbox 1013 2102 1122 2130; x_wconf 87' lang='lat' dir='ltr'>deberet</span> <span class='ocrx_word' id='word_1_887' title='bbox 1133 2114 1140 2134; x_wconf 68' lang='grc' dir='ltr'><em>ς</em></span> <span class='ocrx_word' id='word_1_888' title='bbox 1152 2114 1248 2132; x_wconf 83' lang='lat' dir='ltr'>verum</span> <span class='ocrx_word' id='word_1_889' title='bbox 1261 2114 1318 2133; x_wconf 87' lang='lat' dir='ltr'>turn</span> <span class='ocrx_word' id='word_1_890' title='bbox 1324 2116 1362 2134; x_wconf 81' lang='lat' dir='ltr'>ex</span> <span class='ocrx_word' id='word_1_891' title='bbox 1371 2107 1506 2145; x_wconf 86' lang='lat' dir='ltr'>exemplis</span> <span class='ocrx_word' id='word_1_892' title='bbox 1523 2118 1537 2135; x_wconf 91' lang='lat' dir='ltr'>a</span> <span class='ocrx_word' id='word_1_893' title='bbox 1546 2107 1622 2136; x_wconf 69' lang='lat' dir='ltr'>disto</span> <span class='ocrx_word' id='word_1_894' title='bbox 1632 2109 1736 2137; x_wconf 67' lang='lat' dir='ltr'>Aufio-</span> 
     </span>
     <span class='ocr_line' id='line_1_111' title="bbox 939 2143 1734 2184; baseline 0.011 -14"><span class='ocrx_word' id='word_1_895' title='bbox 939 2153 968 2171; x_wconf 86' lang='lat' dir='ltr'>re</span> <span class='ocrx_word' id='word_1_896' title='bbox 979 2143 1008 2170; x_wconf 90' lang='lat' dir='ltr'>in</span> <span class='ocrx_word' id='word_1_897' title='bbox 1017 2146 1073 2179; x_wconf 83' lang='lat' dir='ltr'>ejus</span> <span class='ocrx_word' id='word_1_898' title='bbox 1083 2145 1324 2184; x_wconf 86' lang='lat' dir='ltr'>Etymologiarum</span> <span class='ocrx_word' id='word_1_899' title='bbox 1337 2147 1450 2176; x_wconf 64' lang='lat' dir='ltr'>trafimtu</span> <span class='ocrx_word' id='word_1_900' title='bbox 1462 2168 1470 2180; x_wconf 93' lang='lat'>,</span> <span class='ocrx_word' id='word_1_901' title='bbox 1480 2157 1542 2177; x_wconf 88' lang='lat' dir='ltr'>cum</span> <span class='ocrx_word' id='word_1_902' title='bbox 1551 2148 1634 2177; x_wconf 82' lang='lat' dir='ltr'>etiam</span> <span class='ocrx_word' id='word_1_903' title='bbox 1644 2159 1677 2177; x_wconf 89' lang='lat' dir='ltr'>ex</span> <span class='ocrx_word' id='word_1_904' title='bbox 1689 2148 1734 2179; x_wconf 80' lang='lat' dir='ltr'>hic</span> 
     </span>
     <span class='ocr_line' id='line_1_112' title="bbox 938 2182 1736 2226; baseline 0.009 -15"><span class='ocrx_word' id='word_1_905' title='bbox 938 2182 1116 2222; x_wconf 88' lang='lat' dir='ltr'>sequentibus</span> <span class='ocrx_word' id='word_1_906' title='bbox 1130 2206 1138 2217; x_wconf 91' lang='lat'><em>,</em></span> <span class='ocrx_word' id='word_1_907' title='bbox 1154 2183 1215 2214; x_wconf 86' lang='lat' dir='ltr'>satis</span> <span class='ocrx_word' id='word_1_908' title='bbox 1224 2185 1365 2215; x_wconf 84' lang='lat' dir='ltr'>manifeste</span> <span class='ocrx_word' id='word_1_909' title='bbox 1375 2187 1527 2226; x_wconf 81' lang='lat' dir='ltr'>percipitur</span> <span class='ocrx_word' id='word_1_910' title='bbox 1538 2199 1596 2217; x_wconf 89' lang='lat' dir='ltr'>non</span> <span class='ocrx_word' id='word_1_911' title='bbox 1605 2189 1679 2217; x_wconf 82' lang='lat' dir='ltr'>aliud</span> <span class='ocrx_word' id='word_1_912' title='bbox 1688 2190 1736 2219; x_wconf 88' lang='lat' dir='ltr'>de-</span> 
     </span>
     <span class='ocr_line' id='line_1_113' title="bbox 939 2225 1736 2267; baseline 0.01 -15"><span class='ocrx_word' id='word_1_913' title='bbox 939 2234 1047 2257; x_wconf 88' lang='lat' dir='ltr'>notare,</span> <span class='ocrx_word' id='word_1_914' title='bbox 1059 2225 1110 2254; x_wconf 83' lang='lat' dir='ltr'>nifi</span> <span class='ocrx_word' id='word_1_915' title='bbox 1120 2226 1196 2263; x_wconf 85' lang='lat' dir='ltr'>quod</span> <span class='ocrx_word' id='word_1_916' title='bbox 1209 2227 1268 2265; x_wconf 87' lang='lat' dir='ltr'>quis</span> <span class='ocrx_word' id='word_1_917' title='bbox 1277 2236 1327 2266; x_wconf 89' lang='lat' dir='ltr'>per</span> <span class='ocrx_word' id='word_1_918' title='bbox 1336 2237 1426 2257; x_wconf 85' lang='lat' dir='ltr'>totum</span> <span class='ocrx_word' id='word_1_919' title='bbox 1437 2229 1502 2258; x_wconf 75' lang='lat' dir='ltr'>vita:</span> <span class='ocrx_word' id='word_1_920' title='bbox 1513 2227 1631 2267; x_wconf 88' lang='lat' dir='ltr'>spatium</span> <span class='ocrx_word' id='word_1_921' title='bbox 1641 2229 1670 2258; x_wconf 94' lang='lat' dir='ltr'>in</span> <span class='ocrx_word' id='word_1_922' title='bbox 1681 2229 1736 2260; x_wconf 90' lang='lat' dir='ltr'>hoc</span> 
     </span>
    </p>
   </div>
   <div class='ocr_carea' id='block_1_32' title="bbox 932 2264 1736 2350">
    <p class='ocr_par' dir='ltr' id='par_1_32' title="bbox 932 2264 1736 2350">
     <span class='ocr_line' id='line_1_114' title="bbox 932 2264 1736 2308; baseline 0.009 -16"><span class='ocrx_word' id='word_1_923' title='bbox 932 2264 1036 2293; x_wconf 75' lang='lat' dir='ltr'>&#39;saeculo</span> <span class='ocrx_word' id='word_1_924' title='bbox 1049 2265 1146 2294; x_wconf 79' lang='lat' dir='ltr'>vivens</span> <span class='ocrx_word' id='word_1_925' title='bbox 1155 2266 1189 2295; x_wconf 86' lang='lat' dir='ltr'>ad</span> <span class='ocrx_word' id='word_1_926' title='bbox 1200 2268 1306 2307; x_wconf 85' lang='lat' dir='ltr'>aliquid</span> <span class='ocrx_word' id='word_1_927' title='bbox 1315 2268 1425 2298; x_wconf 83' lang='lat' dir='ltr'>deditus</span> <span class='ocrx_word' id='word_1_928' title='bbox 1436 2291 1444 2303; x_wconf 91' lang='lat'><em>,</em></span> <span class='ocrx_word' id='word_1_929' title='bbox 1463 2270 1508 2298; x_wconf 85' lang='lat' dir='ltr'>vel</span> <span class='ocrx_word' id='word_1_930' title='bbox 1525 2270 1662 2308; x_wconf 80' lang='lat' dir='ltr'>obligatus</span> <span class='ocrx_word' id='word_1_931' title='bbox 1681 2270 1715 2300; x_wconf 85' lang='lat' dir='ltr'>fit</span> <span class='ocrx_word' id='word_1_932' title='bbox 1725 2294 1736 2306; x_wconf 90' lang='lat'><em>‚</em></span> 
     </span>
     <span class='ocr_line' id='line_1_115' title="bbox 932 2305 1736 2350; baseline 0.009 -16"><span class='ocrx_word' id='word_1_933' title='bbox 932 2315 968 2334; x_wconf 79' lang='lat' dir='ltr'>ut</span> <span class='ocrx_word' id='word_1_934' title='bbox 977 2306 1070 2344; x_wconf 82' lang='lat' dir='ltr'>praxis</span> <span class='ocrx_word' id='word_1_935' title='bbox 1080 2305 1252 2336; x_wconf 86' lang='lat' dir='ltr'>observantia</span> <span class='ocrx_word' id='word_1_936' title='bbox 1271 2307 1402 2338; x_wconf 88' lang='lat' dir='ltr'>solemnis</span> <span class='ocrx_word' id='word_1_937' title='bbox 1422 2309 1596 2349; x_wconf 80' lang='lat' dir='ltr'>prosessionis</span> <span class='ocrx_word' id='word_1_938' title='bbox 1606 2309 1736 2350; x_wconf 83' lang='lat' dir='ltr'>Religio-</span> 
     </span>
    </p>
   </div>
   <div class='ocr_carea' id='block_1_33' title="bbox 935 2345 1733 2431">
    <p class='ocr_par' dir='ltr' id='par_1_33' title="bbox 935 2345 1733 2431">
     <span class='ocr_line' id='line_1_116' title="bbox 936 2345 1733 2389; baseline 0.008 -15"><span class='ocrx_word' id='word_1_939' title='bbox 936 2345 979 2375; x_wconf 89' lang='lat' dir='ltr'>sos</span> <span class='ocrx_word' id='word_1_940' title='bbox 988 2346 1108 2385; x_wconf 87' lang='lat' dir='ltr'>exempli</span> <span class='ocrx_word' id='word_1_941' title='bbox 1119 2347 1206 2385; x_wconf 83' lang='lat' dir='ltr'>gratia</span> <span class='ocrx_word' id='word_1_942' title='bbox 1217 2348 1344 2389; x_wconf 83' lang='lat' dir='ltr'>astringit</span> <span class='ocrx_word' id='word_1_943' title='bbox 1355 2372 1363 2384; x_wconf 93' lang='lat'><em>‚</em></span> <span class='ocrx_word' id='word_1_944' title='bbox 1374 2361 1430 2389; x_wconf 89' lang='lat' dir='ltr'>quo</span> <span class='ocrx_word' id='word_1_945' title='bbox 1440 2350 1518 2379; x_wconf 86' lang='lat' dir='ltr'>sensu</span> <span class='ocrx_word' id='word_1_946' title='bbox 1529 2351 1559 2378; x_wconf 92' lang='lat' dir='ltr'>in</span> <span class='ocrx_word' id='word_1_947' title='bbox 1572 2350 1665 2380; x_wconf 75' lang='lat' dir='ltr'>ritaSi</span> <span class='ocrx_word' id='word_1_948' title='bbox 1674 2354 1733 2381; x_wconf 79' lang='lat' dir='ltr'>Ge-</span> 
     </span>
     <span class='ocr_line' id='line_1_117' title="bbox 935 2386 1731 2431; baseline 0.006 -15"><span class='ocrx_word' id='word_1_949' title='bbox 935 2386 1047 2419; x_wconf 84' lang='lat' dir='ltr'>novefae</span> <span class='ocrx_word' id='word_1_950' title='bbox 1068 2388 1138 2427; x_wconf 80' lang='lat' dir='ltr'>apud</span> <span class='ocrx_word' id='word_1_951' title='bbox 1158 2389 1324 2420; x_wconf 79' lang='lat' dir='ltr'>Bollandum</span> <span class='ocrx_word' id='word_1_952' title='bbox 1334 2401 1360 2430; x_wconf 86' lang='lat'>3.</span> <span class='ocrx_word' id='word_1_953' title='bbox 1370 2393 1432 2431; x_wconf 87' lang='lat' dir='ltr'>Jan.</span> <span class='ocrx_word' id='word_1_954' title='bbox 1448 2390 1493 2421; x_wconf 75' lang='lat' dir='ltr'>his</span> <span class='ocrx_word' id='word_1_955' title='bbox 1513 2391 1602 2421; x_wconf 84' lang='lat' dir='ltr'>verbis</span> <span class='ocrx_word' id='word_1_956' title='bbox 1610 2391 1713 2430; x_wconf 80' lang='lat' dir='ltr'>legitur</span> <span class='ocrx_word' id='word_1_957' title='bbox 1724 2406 1731 2424; x_wconf 85' lang='lat'><strong>:</strong></span> 
     </span>
    </p>
   </div>
   <div class='ocr_carea' id='block_1_34' title="bbox 1629 2435 1690 2470">
    <p class='ocr_par' dir='ltr' id='par_1_34' title="bbox 1629 2435 1690 2470">
     <span class='ocr_line' id='line_1_118' title="bbox 1629 2435 1690 2470; baseline 0.016 -1"><span class='ocrx_word' id='word_1_958' title='bbox 1629 2435 1690 2470; x_wconf 65' lang='lat' dir='ltr'>[Et</span> 
     </span>
    </p>
   </div>
  </div>
 </body>
</html>
