1866 2526
487 25 598 70 CO

130 97 174 117 ves
185 83 371 117 viterbienses
380 83 545 125 persuaserat
556 107 564 118 ,
583 93 613 112 ut
624 82 654 112 in
663 82 819 124 Episcopali
838 82 915 112 Pala-

132 129 176 157 tio
186 129 296 158 Sacrum
307 125 471 166 Collegium
481 126 578 155 XVII.
587 123 651 158 seu,
673 136 703 154 ut
725 126 772 154 alii
795 124 918 153 referunt

128 168 241 198 xvm.
251 167 445 197 Cardinalium
457 165 630 195 includerent
642 186 650 198 ‚
671 170 700 196 ὅ(
709 166 742 195 ad
751 166 915 194 electionem

129 208 275 237 Pontificis
284 208 347 236 illos
359 216 512 246 cogerent;
531 216 558 235 at
568 206 726 245 persistente
736 205 920 235 nihilominus

126 258 220 278 eorum
240 247 434 277 irresolutione
443 269 452 282 ,
473 248 539 276 licet
556 247 604 275 diu
615 246 770 276 mansissent
791 246 900 275 detenti
912 258 918 274 :

129 299 193 318 runc
215 289 372 324 Raynerius
391 291 493 318 Gattus
511 287 630 323 ejusdem
650 287 787 316 Civitatis
805 287 920 325 Capita-

129 336 195 359 iieus
205 352 213 363 ‚
235 333 264 358 ὅ(
272 329 426 359 Conclavis
436 329 537 358 Custos
549 329 650 357 tectum
662 327 783 364 cJusdem
796 328 920 361 Aulae,in

127 381 180 409 qua
190 379 268 399 erant
287 369 383 399 inclusi
394 391 402 402 ,
420 369 525 398 detexit
537 391 544 402 ‚
565 379 593 396 ut
611 368 662 398 hac
680 368 794 398 subdiali
807 368 929 425 mansio-¹

127 421 164 440 rie
172 421 218 440 eos
225 410 259 438 ad
277 410 541 440 determinationem
563 420 673 448 cogeret
684 431 692 443 ‚
714 409 759 437 ubi
783 407 866 445 usque
887 408 921 436 ad

127 451 245 490 praesens
257 452 416 480 cellularum
427 451 502 490 signa
512 459 661 479 cernuntur·
670 471 677 478 .
689 448 787 479 Adhuc
800 458 879 476 etiam
891 448 920 476 in

129 491 269 521 Archivio
280 491 400 528 ejusdem
411 491 547 520 Civitatis
565 491 708 529 originalis
727 489 799 517 b¹ulla
809 488 921 516 conscr-

127 574 275 603 Cardinali
286 573 409 603 Ostiensi
420 571 539 601 exeundi
549 571 703 600 facultatem
715 569 920 601 conceflerat,in

128 609 266 652 qiia'Bulla
276 615 373 642 XVII.
383 613 471 652 sigilla
479 613 509 641 in
519 622 579 641 cera
590 612 667 640 rubra
687 610 835 649 pendentia
857 619 918 638 cum

129 653 303 684 diversorum
312 654 471 682 sanctorum
481 652 645 691 imaginibus
657 650 916 683 disceriitintunfor-

130 695 192 724 tafl'e
203 695 294 724 Sansti
303 695 346 722 illi
357 703 435 722 erant
453 703 547 722 eorum
562 692 756 721 cardinalatus
779 692 855 720 tituli
877 690 917 719 se-

127 735 248 764 cundum
259 744 364 763 morem
376 734 449 762 illius
458 733 566 762 saeculi:
589 743 669 761 tenor
679 742 770 761 autem
778 733 858 761 bullae
877 742 917 760 ta-

127 776 160 804 lis
171 776 227 805 est.
241 781 254 811 [
265 777 326 805 Nos
337 772 511 803 miseratione
520 773 628 803 Divina
639 772 765 812 Episcopi
778 795 786 805 ,
802 774 917 808 Presby—

127 817 191 849 teri,
202 820 229 845 ὅ(
241 817 360 846 Diaconi
374 815 549 845 SacrosanRae
561 816 697 844 Romanae
710 814 835 843 Ecclesia:
848 815 916 843 Car-

127 858 234 886 dinales
246 878 253 885 .
276 857 437 886 Infirmitati
449 855 620 885 Venerabilis
635 855 735 884 Fratris
754 855 852 883 nostris
875 855 913 883 N.

129 898 265 928 Ostiensis
276 920 284 931 ,
306 902 335 927 δε
346 897 524 926 velletrensis
533 895 660 935 Episcopi
673 896 794 924 fraterno
805 904 916 932 compa-

127 948 228 967 tientes
237 937 347 970 :iffeftus
370 938 454 967 Vobis
466 938 583 967 Alberto
594 937 628 966 de
639 939 737 965 Monte
746 939 826 965 Bono
835 938 917 964 Pote-

130 979 193 1006 stati
204 999 211 1010 ,
233 979 415 1013 &Ray-nerto
428 981 516 1007 Gatto
527 999 535 1010 ,
557 979 603 1015 qui
616 988 666 1015 pro
686 977 843 1015 Capitaneo
866 977 916 1005 Vi-

130 1018 258 1046 terbienfi
269 1028 296 1046 te
307 1020 379 1057 geris
389 1040 398 1051 ‚
419 1022 447 1046 ὅ(
467 1020 622 1047 Communi
642 1018 796 1046 Viterbien.
818 1027 916 1046 tenore

130 1058 309 1097 praesentium
318 1058 366 1087 sub
373 1058 466 1087 debito
474 1058 615 1087 fidelitatis
626 1080 634 1091 ,
653 1068 708 1096 quo
721 1059 797 1087 nobis
807 1080 814 1091 ,
826 1062 853 1087 δι
867 1062 916 1086 Ec-

129 1100 217 1128 clesiae
237 1102 371 1129 Romanae
391 1099 524 1128 tenemini
536 1121 544 1132 ‚
561 1099 682 1127 dislrifte
703 1099 893 1138 praecipiendo
905 1120 912 1130 ‚

131 1140 288 1169 mandamus
298 1161 306 1173 ,
329 1150 460 1178 quatenus
470 1149 547 1173 ‚cum
559 1138 633 1168 idem
645 1139 854 1177 Episcopusjuri
865 1161 873 1172 ‚
885 1143 913 1168 &

131 1192 201 1210 voto
210 1181 257 1210 sibi
266 1181 482 1218 competentibus
495 1179 525 1208 in
542 1180 677 1208 elec'tione
688 1180 809 1208 Romani
820 1179 914 1208 Ponti-

923 231 930 302 l

129 543 212 562 vatur
223 555 230 566 ,
254 533 284 561 in
293 543 347 570 qua
359 534 467 562 Sacrum
479 531 641 570 Collegium
653 529 726 558 causa
761 528 883 557 nfirma

127 1254 235 1291 senltem
247 1260 421 1290 vacationem
430 1261 573 1289 dumtaxat
583 1282 591 1293 ‚
615 1261 713 1289 volens
723 1283 731 1294 ,
751 1272 781 1289 ut
801 1272 857 1289 non
868 1261 915 1289 ob-

129 1303 215 1331 stante
224 1306 280 1338 ejus
288 1301 406 1330 absentia
420 1323 427 1334 ,
452 1302 508 1330 sine
517 1300 579 1339 ipso
588 1300 638 1329 hac
649 1301 712 1330 vice
724 1302 807 1330 libere
819 1312 913 1340 proce-

128 1343 222 1371 damus
232 1343 265 1371 ad
274 1342 479 1381 providendum
488 1345 622 1371 Romanae
634 1342 757 1371 Ecclesiae
769 1343 802 1372 de
822 1343 915 1371 Pasto-

126 1394 157 1413 re
166 1405 174 1418 ‚
183 1393 268 1412 ratam
276 1383 414 1413 habiturus
428 1405 436 1416 ‚
446 1387 473 1411 ὃ(
482 1393 588 1422 gratam
599 1384 764 1412 elefflonein
775 1406 783 1416 ‚
795 1382 840 1412 seii
852 1394 913 1421 pro-

128 1425 262 1453 visionem
273 1445 280 1456 ,
303 1433 382 1463 quam
394 1424 428 1452 de
437 1426 568 1453 Romano
577 1424 714 1453 Pontifice
726 1423 823 1462 absque
835 1423 893 1462 ipso
903 1447 912 1458 ,

129 1468 158 1493 ὅ(
168 1468 222 1501 ejus
231 1465 410 1502 requisitione
417 1464 573 1493 duxerimus
584 1464 735 1493 faciendam
744 1486 750 1496 ,
763 1475 792 1492 ac
813 1465 915 1493 instan-

131 1514 174 1532 ter
183 1505 293 1542 petierit
305 1505 391 1532 Vobis
401 1505 536 1539 mandari,
546 1515 575 1533 ut
587 1506 621 1533 de
631 1506 738 1534 Palatio
748 1527 756 1538 ‚
768 1505 796 1532 in
805 1515 861 1543 quo
871 1505 915 1533 su-

129 1554 187 1572 mus
199 1544 293 1573 inclusi
306 1565 314 1577 ‚
325 1543 411 1582 ipsum
424 1546 620 1583 permitteretis
629 1546 706 1574 exire
718 1567 725 1577 ,
736 1546 915 1584 eumdemque

129 1583 293 1623 Episcopum
303 1585 337 1613 de
350 1584 408 1623 ipso
419 1585 524 1613 Palatio
535 1586 622 1614 statim
645 1587 738 1625 egredi
750 1586 833 1614 libere
856 1597 915 1624 per-

130 1626 245 1653 mittatis
254 1647 261 1658 ,
282 1635 330 1653 nec
342 1624 428 1663 ipsiim
438 1626 471 1654 de
481 1635 583 1655 caetero
591 1627 759 1665 aliquatenus
769 1626 914 1656 detineatis

129 1665 260 1694 invitum.
271 1666 373 1694 Datum
382 1667 502 1695 Viter'o'ii
513 1668 543 1695 in
553 1667 655 1705 palatio
665 1665 842 1705 discooperto
851 1668 914 1707 Epi-

129 1705 254 1744 scopatus
266 1706 446 1735 viterbiensis
457 1709 508 1736 VI.
519 1708 586 1735 Idus
595 1709 672 1745 Junii
694 1709 863 1738 MCCLXX.
875 1712 914 1738 A-

131 1746 264 1784 postolica
275 1746 343 1775 Sede
355 1757 479 1775 vacante.
491 1749 502 1778 ]
515 1749 572 1777 PR.
585 1748 780 1786 Factum‚qu0d
789 1749 824 1777 de
833 1750 915 1778 S.Bo-

130 1796 281 1815 naventura
291 1798 415 1816 narratur
427 1809 434 1820 ,
456 1789 486 1816 in
497 1791 552 1824 ejus
565 1788 622 1816 vita
633 1799 690 1816 non
698 1788 819 1822 habetur,
831 1799 912 1829 atque

132 1826 177 1855 hic
189 1836 226 1870 εξ
234 1837 289 1865 quo
296 1828 369 1861 loco,
379 1833 406 1857 ὁ(
418 1829 488 1867 apud
498 1838 579 1866 quem
591 1829 742 1857 Austorent
754 1831 912 1868 reperiatur,

131 1222 187 1251 ficis
196 1221 399 1249 renuntiaverit
408 1230 499 1248 coram
511 1219 600 1248 Nobis
611 1241 619 1252 ‚
641 1229 774 1258 quantum
791 1220 823 1248 ad
846 1231 899 1259 prae

133 1877 193 1895 non
202 1876 267 1895 citat
279 1878 286 1898 ς
309 1869 375 1897 ideo
393 1869 426 1897 ad
447 1869 615 1898 credendum
638 1880 694 1898 non
704 1869 782 1898 facilc
792 1870 898 1900 inclino
907 1892 913 1899 .

136 1909 199 1936 Imo
210 1918 267 1936 non
278 1908 434 1937 verificatur
445 1930 453 1942 ,
475 1910 549 1948 quod
559 1911 589 1938 in
599 1911 738 1938 Conclavi
762 1911 821 1948 post
844 1922 916 1940 mor-

136 1958 192 1976 tem
200 1948 356 1977 Clementis
366 1951 418 1977 1V.
429 1950 593 1978 Cardinales
604 1952 634 1979 ab
645 1951 703 1979 ulio
714 1952 798 1979 corifti
810 1951 917 1981 fuissent

130 1987 177 2017 sub
186 1999 219 2017 eo
233 1988 368 2027 ergastulo
378 1989 502 2021 includis
524 1989 572 2019 sed
580 1990 679 2029 sponte
698 1990 723 2019 se
735 1991 762 2020 se
773 1993 906 2021 conclude

132 2039 194 2058 rant
203 2028 237 2057 ad
247 2031 356 2067 Regum
366 2028 548 2068 persuasiones
564 2051 575 2068 ,
591 2042 621 2060 ut
632 2032 754 2060 Blondus
766 2054 773 2064 ,
792 2033 905 2066 decada.

135 2070 213 2099 libs.
226 2070 338 2098 testatur
347 2091 355 2103 ,
364 2070 399 2098 de
407 2071 531 2110 Regibus
544 2081 609 2100 tunc
620 2073 778 2101 Viter'oium
787 2075 905 2102 accedcn

135 2110 205 2139 tibus
215 2131 223 2142 ,
247 2110 374 2148 inquiens
387 2122 394 2138 :
407 2117 418 2146 [
429 2112 585 2140 Virerbium
599 2122 699 2141 venere
711 2135 717 2145 ‚
728 2114 772 2141 ubi
783 2115 905 2143 Cardtna

134 2152 172 2179 les
181 2149 232 2179 esse
243 2160 381 2180 noverant
393 2151 423 2179 in
432 2152 576 2181 Pontificis
585 2153 720 2181 electione
732 2153 854 2183 facienda
867 2177 874 2188 ,
885 2155 904 2184 si

132 2201 179 2219 cut
188 2194 217 2220 ἃς
228 2201 306 2220 antea
315 2190 475 2220 diffidentes
484 2212 491 2220 .
512 2193 659 2232 Evic'itque
671 2196 781 2232 Regum
789 2194 916 2224 exhorta-

134 2232 187 2264 tio,
198 2240 279 2270 atque
289 2231 418 2260 instantia
429 2253 438 2265 ,
447 2242 478 2261 ut
487 2232 597 2272 ingressi
611 2234 755 2263 conclave
765 2256 773 2268 ,
783 2237 876 2264 Patres
888 2237 918 2266 in

134 2271 324 2311 Theobaldum
334 2273 522 2302 convenerint
531 2275 723 2303 Placentinum
734 2276 916 2306 Leodiezisem

136 2312 371 2342 Archidiaconum
384 2335 392 2347 ,
414 2313 446 2341 in
455 2313 518 2343 Asia
527 2323 591 2343 tunc
602 2325 730 2354 agentem
746 2342 749 2345 .
759 2317 773 2347 ]
783 2317 831 2354 qui
845 2319 915 2356 post-

130 2363 164 2384 ca
173 2355 260 2395 Greg.
271 2355 303 2384 X.
314 2354 464 2395 appellatus
474 2353 527 2384 fuit
537 2375 545 2383 .
568 2355 648 2385 Idem
659 2356 744 2386 refert
755 2359 916 2393 Raynaldus

920 1894 928 2423 Ι

1256 25 1296 67 C
1325 26 1366 68 0
1623 40 1700 80 205

970 84 1034 113 loco
1042 80 1171 122 supi-acie.
1182 83 1244 112 Nec
1256 84 1294 112 est
1304 93 1400 112 verum
1410 104 1419 116 ,
1441 83 1515 122 quod
1526 83 1597 113 illud
1609 85 1692 114 fuerat
1704 82 1761 123 pir-

973 133 1047 154 mum
1057 123 1250 154 Cardinalium
1260 124 1404 154 Conclave
1415 135 1422 155 ς
1435 134 1498 152 nam
1508 133 1572 152 ante
1583 124 1637 154 hoc
1649 126 1759 154 fuerunt

974 166 1005 195 in
1023 165 1082 193 aliis
1099 164 1279 193 eleftionibus
1297 164 1416 193 conclusi
1435 165 1572 193 Elestores
1581 187 1589 199 ,
1611 174 1641 194 ut
1650 166 1762 194 testatur

972 203 1113 236 Glofl'ator
1121 204 1312 234 Decretalium
1322 205 1352 233 in
1361 215 1418 233 can.
1429 205 1492 234 licet
1503 226 1510 233 .
1534 206 1579 234 De
1591 206 1704 234 vitanda
1726 209 1762 233 Ε-

973 247 1035 276 leci.
1051 246 1079 278 §-
1097 245 1263 275 Nullatenus
1274 267 1282 274 .
1305 246 1364 275 Ubi
1373 246 1412 274 ait
1422 268 1430 279 ,
1448 246 1523 285 quod
1543 245 1760 276 discordantibus

973 286 1166 317 Cardinalibus
1186 285 1281 315 inclusi
1300 286 1412 314 fuerunt
1430 286 1460 314 in
1478 286 1616 315 eleftione
1635 286 1760 315 Honorii

974 329 1031 357 111.
1044 326 1177 366 Gregorii
1189 328 1236 356 lx.
1247 326 1392 356 Caelestini
1404 349 1411 359 ,
1433 326 1596 365 subditque:
1622 333 1634 362 [
1646 330 1679 355 Et
1691 336 1760 355 teni—

974 368 1084 407 poribus
1095 366 1193 395 nostris
1203 367 1382 396 Innocentius
1393 369 1465 401 ΙΙΙ.(
1474 368 1529 405 lege
1541 370 1616 400 IV.)
1628 377 1721 396 tamen
1731 367 1761 395 id.

974 409 1008 437 de
1018 412 1079 444 jure
1090 407 1244 436 faciendum
1264 419 1322 437 non
1341 408 1378 435 est
1389 429 1395 435 .
1408 409 1420 438 ]
1445 411 1480 437 Et
1499 408 1572 436 idem
1584 409 1704 437 mondus
1725 406 1761 436 de

975 448 1114 479 Conclavi
1125 449 1246 486 Neapoli
1256 450 1315 477 :isto
1328 470 1336 482 ,
1360 449 1531 477 Innocentio
1548 450 1602 478 IV.
1614 449 1652 478 ibi
1663 447 1760 477 defun-

974 491 1019 518 ἃο
1031 511 1039 522 ‚
1063 490 1093 518 in
1101 489 1237 518 eleEtione
1250 489 1399 518 Alexandri
1412 490 1465 517 IV.
1474 489 1508 517 de
1517 499 1590 518 anno
1606 499 1690 524 1254.
1700 488 1759 517 liaec

974 529 1057 558 refert
1066 550 1073 557 .
1089 535 1100 564 [
1113 530 1303 558 Alexandrum
1315 529 1481 558 Pontificem
1493 539 1527 558 eo
1537 530 1650 559 nomine
1660 530 1713 558 lv.
1724 540 1758 558 ex

975 570 1115 599 Rainaldo
1134 570 1284 599 Cardinale
1302 571 1355 599 Ost
1361 569 1427 598 tensi
1458 569 1573 599 natione
1596 572 1757 608 Campano:

973 610 1138 639 Cat-dinales
1150 631 1158 643 ,
1169 611 1215 649 qui
1225 621 1320 639 omnes
1331 611 1530 640 Innocentium
1539 611 1568 639 in
1579 611 1760 649 expeditione

971 650 1080 690 sequuti
1091 661 1178 683 erant,
1189 651 1289 680 inurbe
1300 651 1486 690 Neapolitana
1496 652 1573 680 brevi
1584 661 1757 680 creaverunti

971 702 1035 720 nam
1044 691 1189 720 Conclave
1200 702 1229 720 ea
1240 691 1350 721 fuerunt
1362 690 1472 731 ingressi
1483 692 1689 725 conditione,ut
1698 701 1759 720 oui-

971 732 1002 760 ni
1014 732 1160 770 postposita
1170 732 1298 770 longiore
1306 731 1400 760 debito
1411 742 1487 760 mora
1497 754 1506 766 ‚
1519 734 1595 761 rebus
1606 732 1732 762 Ecclesiae
1743 742 1758 760 a

971 771 1110 801 Manfredi
1122 772 1255 801 violentia
1267 794 1275 805 ,
1297 771 1458 810 insidiisque
1475 773 1602 811 alioquin
1621 772 1760 810 periclita-

972 813 1040 841 turis
1049 834 1057 846 ‚
1081 823 1130 851 per
1139 813 1206 842 novi
1216 812 1360 841 Pontificis
1368 813 1537 841 creationem
1557 814 1739 851 providerent
1749 824 1757 840 ε

971 858 1000 883 δε
1009 863 1054 881 eos
1066 853 1223 882 Bartolinus
1231 853 1302 890 juvit
1311 853 1492 882 Tavernarius
1501 857 1589 892 Eques
1598 854 1759 885 Parmensis,

971 903 1054 933 quem
1061 894 1244 924 Innocentius
1255 893 1386 923 Pontifex
1397 894 1538 922 Sororium
1548 893 1625 922 suum
1635 893 1758 933 Neapoli

970 937 1120 964 Praetorem
1132 956 1139 967 ,
1161 935 1377 973 Praefestumque
1387 935 1515 972 praefidio
1525 934 1690 973 imposuerat
1700 955 1708 963 .
1731 935 1760 962 Is

971 975 1046 1004 enim
1058 976 1101 1003 vin
1110 975 1228 1013 prudens
1238 975 1352 1004 honesta
1362 995 1370 1006 ,
1389 985 1417 1003 ac
1429 974 1557 1004 consueta
1569 975 1597 1004 vi
1616 974 1738 1004 adhibita
1749 995 1758 1006 ,

970 1017 1033 1044 illos
1042 1015 1105 1044 cibo
1115 1025 1164 1054 per
1175 1016 1295 1055 singulos
1305 1015 1362 1044 dies
1371 1015 1521 1045 imminuto
1532 1038 1540 1049 ,
1559 1026 1588 1044 ut
1599 1016 1628 1044 in
1638 1015 1759 1054 aliquem

970 1057 1171 1085 concordarent
1183 1078 1191 1088 ,
1214 1056 1323 1094 impulit
1336 1056 1426 1093 potius
1436 1078 1444 1089 ‚
1464 1067 1543 1095 quam
1554 1056 1676 1085 hortatus
1697 1056 1738 1085 est
1748 1076 1759 1088 ‚

972 1099 1020 1127 lib.
1031 1109 1058 1130 7.
1072 1098 1197 1126 decada.
1208 1099 1220 1129 ]
1232 1098 1291 1126 Ubi
1301 1097 1385 1125 etiam
1397 1107 1444 1135 pcr
1455 1097 1536 1126 verba
1554 1098 1694 1133 Consueta
1703 1099 1759 1129 vi,

970 1138 1001 1168 id
1013 1159 1021 1170 ,
1035 1139 1109 1177 quod
1119 1137 1198 1176 supi-a
1210 1138 1351 1168 Gloslator
1361 1138 1394 1165 de
1405 1138 1465 1166 aliis
1474 1137 1655 1166 anterioribus
1677 1138 1759 1166 Con—

971 1179 1090 1207 clavibus
1103 1188 1193 1207 narrat
1202 1199 1210 1211 ‚
1234 1178 1357 1208 Blondus
1367 1178 1503 1207 insinuare
1514 1178 1626 1207 videtur
1636 1198 1643 1204 .
1662 1180 1759 1215 Atque

971 1219 1118 1248 Passarinus
1130 1219 1165 1247 de
1176 1218 1311 1247 eleftione
1321 1219 1422 1247 Summ.
1433 1221 1515 1248 Pont.
1526 1229 1572 1257 qu.
1587 1229 1595 1246 ι
1608 1229 1630 1246 i.
1643 1228 1718 1246 num.
1734 1228 1760 1245 i.

970 1260 1114 1289 Conclave
1125 1270 1200 1288 anno
1216 1271 1223 1287 ι
1236 1270 1244 1287 ι
1256 1271 1264 1287 1
1274 1263 1299 1287 8.
1310 1259 1340 1287 in
1350 1260 1485 1288 electione
1503 1259 1618 1289 Gelasiii
1637 1260 1678 1287 ΙΙ.
1700 1269 1759 1286 ccx-

971 1300 1037 1339 pisle
1050 1310 1127 1328 tenet
1143 1322 1151 1333 ,
1172 1305 1257 1334 (nam
1267 1298 1416 1328 secundum
1425 1300 1572 1330 Batonium
1583 1310 1658 1328 anno
1673 1309 1681 1327 i
1694 1310 1722 1327 ιι
1732 1303 1757 1326 8.

971 1343 1001 1369 in
1010 1341 1174 1370 Pontificem
1183 1341 1284 1369 electus
1294 1339 1380 1368 fuerat
1390 1361 1398 1367 .
1410 1344 1422 1372 )
1431 1341 1476 1369 De
1487 1340 1619 1369 Honorio
1628 1341 1686 1368 111.
1698 1345 1759 1373 (cu-

969 1385 1010 1419 jus
1019 1381 1118 1411 elec‘tio
1127 1392 1160 1410 ex
1183 1381 1331 1416 Raynaldo
1349 1381 1450 1410 accidit
1459 1401 1470 1417 ,
1493 1391 1552 1409 an.i
1562 1387 1626 1409 216.
1638 1385 1650 1414 )
1674 1380 1760 1408 etiam

970 1422 1108 1456 Biondus,
1130 1423 1192 1451 eod.
1203 1422 1281 1455 lib.7.
1291 1422 1320 1450 in
1332 1421 1452 1460 princip.
1463 1421 1586 1450 ἀραιά-ι.
1597 1421 1635 1449 ait
1644 1443 1652 1454 ‚
1663 1420 1757 1459 quod:

972 1469 984 1498 [
995 1464 1104 1492 (ἶοῑιᾶο
1114 1463 1144 1491 in
1155 1462 1292 1492 Conciavi
1302 1462 1438 1501 Collegio
1447 1463 1558 1501 penuria
1569 1461 1624 1489 cibi
1643 1471 1690 1499 per
1700 1461 1760 1488 dies

970 1504 1091 1542 singulos
1101 1507 1200 1540 majore
1212 1503 1296 1536 faeta,
1321 1512 1351 1530 ut
1370 1502 1570 1541 properaret-it,
1593 1502 1653 1530 vim
1669 1501 1759 1530 lione-

971 1543 1112 1573 stiisimam
1120 1545 1274 1572 attulerunt
1284 1565 1291 1576 ‚
1313 1542 1536 1581 consecratusque
1545 1541 1676 1572 Pontifex
1687 1542 1759 1573 &cl

972 1586 1066 1624 Igitur
1077 1585 1166 1613 multo
1175 1594 1238 1614 ante
1248 1583 1324 1612 Sedis
1334 1584 1506 1612 vacationem
1516 1593 1564 1620 per
1572 1582 1677 1611 obitum
1689 1583 1760 1610 Cle-

971 1635 1057 1654 ment.
1070 1627 1123 1654 IV.
1133 1626 1277 1655 Conclave
1289 1634 1345 1652 erat
1358 1625 1388 1652 in
1397 1622 1444 1651 usu
1454 1643 1462 1651 .
1474 1625 1509 1652 In
1519 1623 1656 1651 elefflone
1667 1631 1760 1651 autem

974 1666 1140 1695 Innocentii
1151 1667 1205 1694 IV.
1218 1664 1326 1693 fuerunt
1337 1663 1498 1693 Cardinales
1506 1662 1645 1701 Amalphi
1654 1673 1668 1690 a
1675 1663 1761 1691 Pede-

971 1707 1030 1735 rico
1039 1707 1069 1734 in
1080 1706 1230 1735 carceribus
1239 1705 1347 1734 detenti
1357 1715 1367 1736 ᾗ
1390 1703 1476 1733 sedin
1488 1704 1613 1733 libertate
1623 1703 1762 1741 positi‚A—

972 1748 1100 1786 nagniam
1110 1746 1258 1785 confugere
1270 1767 1278 1778 ‚
1288 1746 1381 1784 ibique
1392 1745 1553 1784 praedic‘tum
1562 1743 1761 1773 Innocentium

970 1788 1001 1816 in
1011 1787 1175 1816 Pontificem
1186 1788 1329 1825 elegerunt
1339 1807 1346 1814 .
1370 1786 1522 1824 Gregorius
1531 1785 1632 1813 deinde
1641 1786 1675 1813 X.
1685 1794 1760 1813 anno

979 1839 1062 1863 1274.
1072 1828 1192 1856 sancivit
1203 1828 1236 1855 de
1247 1826 1385 1856 Conclavi
1397 1827 1495 1855 bullam
1507 1848 1515 1859 ,
1533 1835 1592 1864 quae
1603 1824 1719 1853 habetur
1729 1825 1761 1854 in

974 1879 998 1898 c.
1010 1869 1070 1898 Ubi
1081 1869 1232 1907 periculum
1244 1890 1251 1901 ,
1262 1869 1296 1896 dc
1310 1868 1388 1895 eled.
1400 1868 1429 1895 in
1440 1866 1509 1895 sext.
1521 1876 1579 1905 quae
1589 1863 1687 1904 absque
1695 1866 1760 1894 estc-

973 1911 1017 1938 ἂιι
1027 1910 1154 1938 remansit
1164 1930 1172 1941 ,
1194 1913 1222 1937 ὅ(
1233 1909 1264 1937 ab
1274 1908 1401 1937 Adriano
1415 1907 1447 1935 V.
1458 1905 1583 1945 suspensa
1597 1917 1606 1937 ς
1625 1906 1726 1934 iterum
1745 1917 1761 1935 a

974 1952 1082 1989 Joanne
1091 1952 1150 1978 XX.
1161 1955 1173 1983 (
1184 1950 1321 1987 appellato
1330 1949 1420 1979 XXI.)
1428 1947 1526 1976 eadem
1534 1945 1674 1985 suspensio
1683 1957 1760 1974 com-

974 1991 1055 2029 proba
1061 2000 1097 2021 (ας
1109 1991 1175 2019 itaut
1187 1988 1284 2028 absque
1294 1999 1347 2027 prae
1353 1989 1402 2017 vio
1411 1988 1556 2017 Conclave
1565 1987 1644 2016 eleffi
1654 1987 1760 2016 fuerint

975 2033 1105 2061 Nicolaus
1117 2032 1173 2059 111.
1186 2030 1319 2058 Martinus
1329 2030 1370 2057 11.
1382 2028 1468 2058 dietus
1477 2030 1530 2058 IV.
1551 2028 1694 2056 Honorius
1703 2029 1761 2057 lv.

974 2072 1106 2102 Nicolaus
1118 2073 1152 2099 V.
1164 2069 1407 2100 CoeleilinusV.&
1419 2069 1514 2098 abhoc
1524 2069 1625 2098 iterum
1638 2069 1761 2097 Concla-

975 2113 1020 2141 vis
1030 2113 1101 2141 bulla
1113 2121 1282 2142 renui-:itanc
1293 2109 1407 2138 tandem
1420 2120 1434 2138 a
1446 2109 1588 2138 Bonifatio
1599 2110 1684 2138 VIII.
1694 2119 1759 2137 con-

973 2153 1078 2181 firmata
1089 2152 1173 2181 fuerat
1186 2172 1193 2178 .
1205 2150 1298 2180 Gloss‘a
1310 2150 1338 2178 in
1347 2150 1411 2179 diet.
1423 2161 1481 2189 cap.
1491 2151 1551 2180 Ubi
1560 2149 1722 2189 periculum.
1731 2149 1761 2180 §-

973 2194 1110 2223 Concilio
1119 2192 1258 2231 generali.
1282 2191 1436 2220 Ciacconus
1448 2192 1478 2220 in
1499 2191 1555 2220 vita
1576 2192 1620 2229 Jo.
1631 2192 1706 2219 XXI.
1731 2194 1760 2219 δε

973 2236 1082 2263 Lauraea
1091 2236 1164 2262 tract.
1182 2243 1206 2267 5.
1218 2242 1278 2271 quae
1302 2232 1401 2260 deinde
1421 2230 1565 2261 successive
1586 2232 1616 2259 in
1633 2230 1760 2259 omnibus

973 2275 1151 2304 eleftiombus
1162 2272 1245 2311 usque
1256 2272 1290 2301 ad
1299 2271 1416 2312 praesens
1426 2277 1539 2301 executa
1548 2271 1676 2308 suit-Quo
1687 2280 1759 2308 prae-

973 2326 1051 2344 textu
1063 2315 1170 2344 Basilius
1189 2316 1293 2342 Prorex
1313 2313 1440 2342 Odoacri
1459 2313 1507 2342 sibi
1527 2322 1654 2350 arrogare
1668 2310 1759 2341 voluit

972 2356 1142 2387 Ele-,atonem
1151 2353 1294 2385 Pontificis
1306 2374 1313 2382 .
1336 2355 1408 2384 Vide
1416 2354 1606 2393 Mausoleum.
1627 2353 1761 2388 synony-

984 2416 987 2417 ν
1645 2402 1722 2420 snum
