1866 2526
560 77 612 108 ex
628 63 706 118 Ep.
717 61 768 105 ad
781 57 880 102 cor.
892 54 989 99 Gal.
1000 53 1112 96 Phil.
1124 50 1265 95 colos.
1311 33 1313 38 ‘

99 130 191 163 bomo
201 124 282 160 vivit,
290 125 331 164 ita
340 126 410 156 Cor.
421 135 434 154 a
445 125 513 164 Lap.
523 120 694 164 Augustinus
703 121 732 149 in
743 118 819 160 praef.
827 115 896 147 Pm.

1617 52 1698 101 767

951 111 1058 142 scilicet
1070 132 1079 145 ‚
1098 120 1155 145 nou
1164 120 1208 139 me
1216 108 1324 143 solum,
1345 107 1393 139 sed
1409 118 1444 141 ex
1464 118 1558 148 parte;
1580 117 1643 138 nam
1652 107 1754 136 multos

97 183 115 212 3
123 181 143 201 χ,
152 169 275 201 paulus,
285 171 313 196 ὅ(
324 167 453 204 J2c0bum
461 165 593 195 conciliat
604 186 612 198 ,
621 163 685 203 quia
695 158 898 192 Paulusdocuit
953 153 1023 184 alios
1031 151 1207 182 contristavit
1216 154 1324 180 mecum
1333 161 1343 181 ς
1357 150 1412 180 imo
1421 160 1505 180 totam
1516 148 1662 180 Ecclesiam
1673 169 1683 183 ,
1704 157 1751 177 cu-

101 207 234 242 Abraham
243 207 420 244 justificatum
431 206 507 236 fuifl'e
516 216 550 236 ex
561 205 617 235 fide
627 227 636 238 ,
654 204 795 242 tamquam
813 210 849 230 ex
859 209 898 229 ra-

100 253 178 283 dice,
192 251 221 278 δ(
231 248 412 277 fundamento
421 259 431 279 ς

99 289 271 331 justificatum
281 299 314 318 cx
328 288 454 327 operibus
465 311 473 323 ‚
483 297 620 327 tamquam
627 296 661 315 ex
672 285 759 314 fruau
768 304 777 313 .

58 334 131 370 Cap.
147 343 174 360 2.
189 341 197 358 r
205 340 232 367 3.
245 331 384 365 [Fastores
395 329 464 369 legis
471 328 696 366 justificabuntur.
708 328 720 358 ]
730 321 899 355 Contrarius

102 372 141 401 est
151 380 242 399 textus
253 370 323 399 iufra
332 392 341 404 ‚
358 382 382 399 c.
393 381 421 409 3.
442 374 506 406 [Ex
515 369 641 408 operibus
653 367 722 406 legis
735 377 792 395 non
800 363 898 402 justifi-

101 421 177 441 catur
186 411 276 440 omnis
286 421 358 440 caro.
368 412 380 443 ]
393 410 561 450 Respondeo
571 431 578 438 .
591 409 717 438 faetores
725 407 794 446 legis
805 403 899 449 justili-

99 462 206 486 cantur,
217 452 280 491 quia
289 451 374 491 gratis
384 461 493 490 accepta
499 450 696 490 justificatione
707 447 857 487 proficiunt
869 455 898 474 in

99 494 226 532 operibus
236 493 305 532 legis
316 515 322 526 ,
334 497 361 522 &t
371 501 511 521 merentur
522 503 531 524 ς
551 501 612 530 quae
623 499 714 518 tamen
725 487 825 517 merita
835 496 899 531 pro-

100 534 220 563 veniunt
231 543 368 573 tamquam
387 543 422 562 ex
433 533 525 563 radice
533 533 564 561 ab
576 531 622 560 illa
631 531 721 570 prima
728 527 899 566 justificatio-

102 585 139 604 ne
150 597 159 608 ‚
180 579 208 604 δι
228 574 264 603 fic
282 574 464 612 justificantur
477 584 533 602 non
542 571 659 602 accusati
671 579 807 609 tamquam
824 568 898 614 ¹legis

107 613 293 655 trasgress'ores
302 625 393 644 coram
402 615 475 644 Dco.
486 613 606 644 Primam
616 622 685 642 vero
693 609 898 654 justificatione,

109 656 356 695 quatcmittuntur
367 665 476 694 peccata
487 677 495 688 ,
515 664 572 683 non
583 659 722 682 merentur
731 662 764 680 ex
774 650 899 690 operibus

102 696 256 732 justiti2‚&
268 695 396 736 legis5sed
407 706 420 724 a
430 695 546 725 Christo
553 695 637 734 gratis
649 693 709 722 haec
718 691 797 722 nobis
807 691 898 720 datur.

60 737 133 776 Cap.
144 749 171 772 4.
183 748 260 766 v.20.
275 743 288 772 [
300 739 335 765 In
344 735 554 774 repromiffione
568 736 651 764 etiam
660 733 717 764 Dei
727 744 784 763 non
794 732 901 762 haefita-

104 778 146 806 vit
156 777 315 805 diffidentia
324 798 331 804 .
343 779 356 808 ]
379 777 518 816 Loquitur
526 777 562 805 de
573 775 710 806 Abraham
721 796 728 808 ,
751 774 798 814 qui
810 783 901 802 tamen

102 817 215 846 videtur
223 816 355 845 dubitasse
366 828 374 848 5
386 827 449 845 narn
463 819 537 847 Gen.
552 828 595 850 17·
605 816 708 845 dicitur
720 827 726 843 :
749 813 847 851 [Risit
861 816 900 843 A-

101 857 213 886 braham
221 858 315 886 dicens
327 858 356 885 in
365 858 449 887 corde
457 857 505 887 suo
517 869 523 886 ς
545 857 663 887 Putasne
681 854 844 885 centenar10
856 864 903 883 na-

951 196 993 232 jus
1003 204 1058 235 ego
1068 193 1220 223 membrum
1228 190 1288 221 sum
1298 214 1306 226 ,
1315 195 1344 222 ὅ(
1355 202 1418 230 pars
1427 212 1435 221 .

453 247 569 287 Jacobus
584 255 653 275 vem
663 243 771 273 :issiu-uit
780 241 899 272 eundem
912 235 984 275 Cap.
999 245 1024 272 ς.
1035 245 1062 264 ν.
1074 245 1089 263 2
1099 244 1122 262 ι.
1133 239 1147 269 [
1157 233 1214 270 Qui
1224 244 1283 263 non
1294 243 1412 263 noverat
1431 241 1570 272 peccatum
1581 253 1590 266 ,
1611 240 1663 270 pro
1674 227 1756 260 nobis

954 285 1093 317 peecatum
1104 273 1169 303 fecit
1178 294 1186 302 .
1197 276 1213 310 1
1222 274 1356 313 Loquitur
1365 274 1399 304 de
1409 273 1527 304 Chr-isto
1536 295 1543 306 ,
1553 272 1600 312 qui
1610 281 1703 301 tamen
1711 269 1758 298 se·

953 317 1075 347 cundum
1086 314 1202 348 Esaiam,
1211 324 1235 343 c·
1248 326 1260 351 5
1267 326 1294 353 3·
1308 316 1380 351 [Qui
1392 324 1533 354 peccatum
1543 323 1601 343 non
1613 312 1690 344 fecit,
1701 320 1753 340 nee

955 360 1085 389 inventus
1095 356 1134 385 est
1141 355 1221 385 dolus
1232 355 1263 385 in
1273 365 1321 385 ore
1332 360 1388 391 ejus
1400 377 1407 384 .
1419 358 1432 388 ]
1443 355 1614 394 Refpondeo
1625 375 1634 388 ,
1643 352 1762 384 Paulum

955 400 1071 429 nomine
1083 397 1186 437 peccati
1197 395 1364 426 intellexifl'e
1375 397 1550 426 oblationem
1560 406 1612 436 pro
1621 392 1739 434 peccatis
1749 414 1760 426 ,

955 441 986 469 in
999 450 1054 479 quo
1063 436 1142 467 sensu
1152 437 1228 466 dixit
1237 435 1326 467 oseas
1338 460 1348 472 ,
1359 449 1381 466 c.
1394 449 1421 473 4.
1433 438 1705 475 Comedempectata
1713 441 1760 472 po·

952 482 1012 520 pult
1023 479 1092 509 idest
1104 478 1256 508 oblationes
1267 500 1275 511 ,
1293 488 1354 517 qux
1374 488 1425 516 pro
1447 477 1564 516 peccatis
1581 477 1732 506 offeruntur
1743 495 1754 503 .

959 522 1033 552 Vide
1045 523 1119 560 Aug.
1129 520 1163 549 de
1173 519 1248 548 verb.
1260 521 1359 559 Apost.
1370 518 1422 548 ser.
1435 526 1463 549 6.

1114 581 1191 611 AD
1231 580 1554 611 GALATAS.

943 645 1002 674 ΑΡ.
1017 656 1042 673 ι..
1052 654 1079 672 v.
1090 655 1116 678 7.
1139 643 1313 681 [Creditum
1323 643 1361 672 est
1373 642 1445 672 mihi
1457 640 1641 681 Evangelium
1651 646 1762 678 praepu-

955 684 1012 716 tii;
1031 684 1098 713 licut
1118 690 1146 716 ὃ(
1164 686 1246 713 Petro
1268 683 1484 714 circumcisionis
1498 703 1504 710 .
1519 685 1530 715 ]
1555 682 1643 722 Atqui
1661 682 1759 710 Petrus

957 725 1120 765 praedicavit
1143 726 1280 755 Gentibus
1292 748 1300 759 ,
1321 729 1349 754 δε
1358 725 1457 755 Paulus
1466 723 1571 762 Judaeis
1581 745 1589 756 ,
1611 732 1642 751 ut
1651 720 1762 750 constat

956 777 990 796 ex
1003 767 1064 796 Act.
1080 767 1177 807 Apost-
1187 766 1356 806 Respondeo
1369 788 1376 795 .
1398 765 1527 804 Apostoli
1538 763 1635 802 partiti
1644 762 1708 792 sunt
1718 761 1763 790 in-

957 817 998 837 ter
1010 806 1037 836 sc
1050 818 1106 836 non
1115 809 1306 837 austoritatem
1317 830 1324 842 ‚
1343 807 1390 837 sed
1399 817 1514 846 operass
1531 816 1595 835 nam
1606 827 1613 838 ,
1633 814 1666 833 eo
1685 801 1764 841 quod

960 849 1056 879 Paulus
1067 849 1171 887 Judaeis
1181 848 1278 878 exosus
1287 849 1352 879 estet
1364 871 1372 883 ,
1383 848 1520 878 Gentibus
1532 844 1705 886 praedicavit.
1717 844 1768 871 Pe-

101 897 191 926 scetur
202 898 272 926 filius
283 903 292 928 ἓ
305 900 316 929 ]
329 897 497 936 Respondeo
506 920 513 926 .
528 899 582 928 Ista
592 899 675 929 verba
686 896 835 926 Abraham
846 906 905 924 non
960 900 1016 918 trus
1027 899 1095 918 vero
1106 890 1211 929 Judaeis
1229 890 1326 921 charus
1347 890 1412 930 ipsis
1422 888 1586 929 praedicabat
1605 885 1746 927 praecipue
1758 904 1766 910 ·

105 949 139 967 cx
150 939 355 971 incrudelitate,
365 937 411 968 sed
422 950 456 969 ex
466 939 648 969 admiratione
657 937 858 978 proveniebant
870 957 877 964 .

64 980 197 1017 Cap.14.
211 989 238 1007 v.
251 990 298 1017 23.
311 981 431 1015 [Omne
441 991 531 1010 autem
542 1003 550 1014 ‚
574 981 650 1019 quod
661 990 720 1009 non
737 978 775 1008 est
786 989 819 1007 ex
833 977 904 1010 fide,

960 932 1105 961 Caeterum
1126 940 1256 971 poterant
1277 932 1357 961 ambo
1375 930 1523 971 praedicare
1544 939 1599 958 tam
1608 926 1769 958 Gentibus,

958 982 1038 1012 quam
1048 973 1149 1012 Judaeis
1160 997 1167 1008 ‚
1193 978 1220 1003 ὅ(
1230 973 1264 1002 de
1278 973 1346 1003 facto
1359 971 1563 1012 praedicarunt.

105 1029 245 1059 peccatum
255 1020 292 1049 est
306 1022 335 1052 .]
348 1022 375 1050 Si
386 1021 440 1050 hoc
449 1023 514 1051 ess'et
527 1032 622 1051 verum
635 1043 642 1054 ‚
653 1019 814 1060 sequeretur
825 1018 903 1048 Meli·
918 1014 988 1051 Cap-
1001 1025 1028 1049 4·
1039 1024 1066 1041 v·
1080 1026 1092 1043 z
1102 1025 1125 1049 ς.
1141 1020 1152 1049 [
1165 1015 1227 1044 Sim
1236 1015 1313 1043 enim
1325 1024 1403 1042 mons
1413 1013 1451 1042 est
1464 1013 1493 1041 in
1507 1011 1604 1042 Arabia
1614 1033 1622 1045 ‚
1638 1007 1687 1048 qui
1696 1017 1766 1041 ⁶0¹1}

104 1060 194 1089 tenses
205 1082 212 1093 ,
227 1071 255 1089 v.
267 1071 294 1100 g.
305 1061 418 1100 peccasse
427 1084 437 1097 ,
459 1063 619 1092 humaniter
628 1061 656 1091 se
665 1071 795 1100 gerentes
804 1070 868 1099 erga
881 1040 915 1087 §.i

103 1102 215 1130 Paulum
227 1101 337 1140 ejusque
347 1102 435 1132 socios
445 1126 453 1137 ,
472 1115 538 1133 nam
549 1103 620 1132 :ustio
630 1104 676 1132 illa
687 1113 746 1131 non
757 1111 815 1129 erat
834 1111 866 1129 ex
880 1095 915 1128 fist

103 1142 138 1171 de
150 1162 157 1169 .
167 1142 337 1180 Respondeo
347 1164 353 1171 .
374 1145 526 1182 Apostolus
534 1144 580 1173 hic
591 1155 646 1172 non
658 1144 714 1183 agit
725 1143 759 1171 de
771 1142 824 1171 fide
835 1125 917 1182 chri-i

104 1183 190 1212 stiam
201 1205 209 1215 ,
219 1183 265 1212 scu
277 1183 495 1223 supernaturali5
517 1185 563 1214 sed
579 1185 614 1213 de
625 1185 679 1213 fide
691 1183 805 1213 naturali
818 1204 826 1216 ‚
847 1192 905 1222 qux

104 1224 145 1252 nil
157 1224 232 1253 aliud
243 1224 282 1253 est
296 1247 304 1258 ‚
322 1235 404 1264 quam
419 1227 556 1255 distamen
568 1225 685 1254 rationis
695 1247 704 1258 ‚
723 1228 751 1254 ὅ(
763 1222 908 1253 conscien—

105 1264 150 1292 tiae
161 1286 170 1298 ‚
181 1274 236 1303 quo
246 1266 306 1304 quis
319 1267 365 1295 sibi
376 1267 487 1296 videtui·
496 1269 569 1296 reste
578 1277 659 1306 agere
671 1288 678 1299 ,
692 1267 728 1295 ita
739 1263 908 1300 Chrys-Oe-

103 1315 174 1333 cum.
186 1307 267 1335 Amb.
279 1310 306 1335 ὅ(
319 1306 449 1346 Theoph.
460 1309 618 1348 Colligitur
629 1318 662 1336 ex
675 1316 744 1335 voce
753 1316 840 1345 graeca
859 1301 911 1336 vti-

105 1357 146 1380 ςις
157 1367 164 1378 ,
175 1357 227 1384 qua
239 1346 304 1376 fides
316 1346 387 1376 solet
396 1349 527 1387 appellari
540 1371 548 1382 ‚
567 1352 595 1377 δι
605 1347 680 1376 idem
689 1347 726 1376 est
736 1369 744 1380 ‚
756 1357 785 1375 ac
798 1345 906 1385 persna-

103 1386 152 1414 lio.
169 1388 259 1425 Igitur
269 1387 435 1426 quicumque
447 1399 504 1417 non
514 1389 572 1428 agit
581 1388 730 1416 secundum
740 1387 857 1416 rationis
867 1388 910 1416 di-

107 1428 212 1455 &amen
225 1448 230 1458 ,
243 1437 335 1465 peccat
349 1448 356 1455 .
366 1429 436 1457 Sunt
448 1430 508 1458 aliae
521 1429 726 1468 explicationes
736 1450 743 1461 ‚
755 1427 869 1457 sednon
879 1428 910 1456 ad

112 1476 235 1495 mentem
246 1467 376 1505 Apostoli
388 1488 395 1495 .

204 1530 251 1557 EX
275 1529 408 1558 PRIMA
433 1531 490 1560 AD
511 1531 789 1561 CORINTHIOS.

65 1590 155 1619 (Al).
170 1600 212 1619 ιο.
224 1599 252 1619 ν.
265 1592 314 1623 8.]
336 1590 506 1621 Ceciderunt
528 1603 582 1622 una
599 1591 646 1622 die
658 1591 766 1632 viginti
786 1591 838 1622 tria
848 1591 908 1620 mil·

959 1056 1068 1091 junctus
1079 1057 1117 1084 est
1129 1056 1153 1083 ei
1164 1077 1172 1089 ‚
1193 1065 1252 1094 quce
1267 1065 1338 1084 nunc
1348 1055 1385 1084 est
1397 1053 1545 1093 Jerusalem
1556 1055 1587 1084 .]
1608 1054 1689 1081 ΜΘΗς
1698 1049 1764 1078 Sim

962 1097 1049 1133 longo
1059 1095 1132 1125 inter
1141 1096 1213 1125 vallo
1223 1118 1231 1130 ,
1252 1097 1309 1125 imo
1320 1106 1382 1126 toto
1392 1095 1465 1124 coelo
1473 1094 1555 1122 distat
1566 1104 1580 1122 n.
1590 1092 1708 1122 civitate
1717 1091 1766 1128 Je-

963 1135 1089 1170 rusalem,
1100 1137 1240 1176 quomodo
1249 1137 1287 1167 est
1297 1137 1385 1177 igitur
1396 1137 1440 1166 illi
1450 1135 1624 1171 conjuneius?
1637 1131 1768 1170 Resp0n⁴

963 1178 1016 1206 deo
1026 1198 1036 1214 ,
1048 1178 1085 1206 est
1096 1179 1258 1215 conjunftus
1269 1201 1276 1212 ‚
1289 1178 1357 1207 idest
1368 1201 1375 1212 ,
1388 1177 1490 1210 affinis,
1500 1175 1546 1204 seu
1558 1175 1650 1214 potius
1661 1172 1769 1203 sunnis

964 1228 1053 1258 graeca
1064 1219 1139 1248 enim
1150 1220 1233 1248 lectio
1243 1221 1331 1249 vertit
1340 1217 1464 1257 συςοιχεῖ
1475 1239 1483 1252 ,
1501 1217 1570 1246 idest
1580 1215 1662 1244 habet
1674 1214 1769 1243 affini-

965 1270 1052 1289 tatem
1063 1281 1071 1293 ,
1082 1259 1128 1289 seu
1140 1261 1350 1290 fimilitudinem
1361 1282 1368 1289 .
1382 1262 1464 1290 Mons
1475 1266 1591 1298 namque
1603 1257 1667 1286 Sina
1677 1254 1774 1284 similis

965 1302 1003 1330 est
1017 1302 1046 1329 in
1057 1301 1224 1331 conditione
1233 1312 1295 1330 curn
1306 1300 1455 1340 jerusalem
1466 1311 1474 1332 5
1497 1300 1564 1329 sicut
1576 1297 1652 1327 enim
1664 1296 1700 1325 ibi
1712 1305 1769 1325 tra-

967 1342 1025 1371 dim
1037 1342 1088 1371 suit
1099 1342 1142 1371 lex
1154 1353 1228 1371 mere
1239 1342 1436 1371 caeremonialis
1446 1363 1454 1374 ‚
1465 1341 1582 1370 carnalis
1592 1362 1599 1374 ,
1611 1342 1639 1368 ἃ
1648 1337 1771 1369 servili55

965 1383 1003 1411 ita
1013 1382 1097 1412 etiam
1108 1383 1138 1412 in
1152 1383 1310 1422 Jerusalem.
1323 1382 1439 1423 Insuper
1448 1381 1594 1420 utrobique
1602 1387 1771 1419 generantur

966 1423 1017 1452 filii
1028 1435 1088 1453 non
1100 1425 1189 1458 liberi,
1199 1424 1247 1454 sed
1259 1423 1343 1458 servi,
1354 1425 1392 1453 ita
1403 1422 1630 1462 Theoph.Vatab.
1641 1424 1668 1450 δε
1679 1420 1770 1448 Corn.

965 1475 979 1493 a
988 1467 1054 1504 Lap.
1073 1466 1120 1504 qui
1134 1467 1228 1495 multis
1240 1465 1391 1495 rationibus
1403 1463 1581 1505 prosequitur
1591 1462 1621 1491 in
1632 1461 1684 1491 hac
1695 1460 1770 1490 fimi-

966 1506 1093 1535 litudinis
1115 1507 1279 1546 probatione
1289 1527 1296 1535 .

1108 1570 1175 1598 AD
1196 1566 1580 1599 PHILIPPENSES.

107 1631 175 1661 lia.]
196 1630 333 1669 Loquitur
343 1632 493 1671 Apostolus
513 1634 548 1662 de
560 1634 717 1663 fornicariis
733 1643 795 1662 cum
806 1631 910 1662 filiabus
925 1630 1011 1660 CAP.
1026 1641 1050 1658 2-
1062 1640 1089 1658 v.
1102 1642 1127 1663 7·
1143 1631 1192 1665 [In
1205 1629 1417 1660 similitudinem
1427 1628 1572 1657 hominum
1583 1626 1708 1658 fastum]
1723 1627 1773 1654 Er-

108 1671 192 1714 Moab
205 1693 212 1704 ,
231 1670 379 1706 secuudum
388 1672 495 1709 Chrys.
510 1673 576 1703 Ans.
588 1679 615 1704 ὅ(
628 1676 721 1711 Cajet.
734 1679 761 1703 ὃς
773 1683 863 1702 tamen
874 1674 908 1702 de

109 1711 153 1740 his
169 1712 276 1740 dicitur
295 1714 380 1741 Num.
395 1723 441 1748 25.
466 1715 584 1750 [Occisi
604 1714 666 1744 sunt
678 1715 910 1754 vigintiquatuor

108 1753 197 1781 millia
210 1754 240 1783 .]
254 1752 422 1791 Respondeo
434 1773 442 1781 .
452 1755 591 1784 Numerus
601 1756 651 1784 iste
661 1757 753 1784 minor
764 1766 777 1784 a
790 1756 815 1784 S.
825 1756 910 1784 Paulo

109 1802 336 1822 commemoratus
346 1794 594 1832 comprehenditur
617 1797 648 1825 in
657 1796 709 1826 illo
719 1800 822 1832 majore
831 1815 838 1823 .
857 1798 910 1826 Po-

111 1833 163 1863 test
174 1835 257 1862 etiam
266 1833 322 1862 dici
333 1834 359 1863 S.
370 1836 485 1864 Paulum
497 1837 620 1866 locutum
632 1836 705 1866 suiss'e
716 1838 750 1866 de
760 1836 844 1865 vituli
853 1837 904 1866 cul·

110 1875 211 1904 roribus
223 1896 231 1907 ,
249 1874 462 1910 &idololatri5‚
484 1887 515 1906 ut
534 1878 595 1907 vult
607 1879 697 1907 Corn.
718 1888 733 1906 a
753 1879 818 1916 Lap.
839 1881 866 1906 δε
878 1877 908 1906 fi<

111 1926 237 1945 numerus
248 1916 401 1945 concordat
410 1937 417 1945 .

165 1979 212 2007 Ex
233 1977 425 2008 SECUNDA
447 1979 506 2009 AD
526 1979 804 2010 CORINTHIOS.

109 2079 187 2118 supra
200 2079 352 2109 virtutem,
368 2083 380 2112 ]
404 2084 440 2110 Et
450 2091 542 2111 tamen
552 2081 626 2110 idem
639 2083 735 2110 Paulus
751 2084 852 2112 1.C0r.
868 2093 909 2110 ιο.

965 1681 1003 1709 go
1016 1671 1133 1700 nonfuit
1146 1681 1210 1700 vere
1218 1671 1305 1700 homo
1314 1692 1322 1704 ,
1332 1681 1393 1700 cum
1405 1680 1497 1699 tamen
1507 1670 1577 1698 clare
1589 1667 1683 1697 aflerat
1695 1667 1772 1704 5-Jo.
1830 1689 1836 1694 .

966 1722 989 1738 c.
1007 1722 1027 1739 ι.
1040 1717 1052 1747 [
1066 1712 1187 1741 Verbum
1198 1723 1260 1741 caro
1272 1712 1372 1741 fastum
1384 1711 1422 1740 est
1432 1713 1462 1743 -]
1475 1709 1647 1750 Respondeo
1657 1730 1665 1742 ,
1689 1707 1771 1737 faetus

966 1752 1004 1780 cst
1018 1752 1048 1780 in
1059 1753 1270 1783 similitudinem
1282 1753 1429 1782 hominum
1439 1763 1497 1781 non
1512 1749 1730 1781 accidentaliter,
1740 1758 1773 1778 ut

968 1793 1122 1823 somniabat
1134 1795 1243 1823 Faustus
1254 1816 1261 1827 ,
1284 1792 1330 1823 scd
1339 1793 1549 1823 substantialiter
1559 1813 1567 1825 ,
1586 1791 1653 1821 ficut
1674 1799 1773 1819 omnes

967 1833 1097 1864 homines
1108 1835 1240 1864 dicuntur
1251 1835 1352 1864 similes
1362 1835 1392 1863 in
1402 1834 1504 1873 specie,
1516 1832 1563 1863 seu
1573 1842 1668 1863 natura
1677 1830 1774 1860 huma-

969 1885 1003 1904 na
1013 1898 1022 1910 ‚
1032 1876 1070 1905 ita
1080 1877 1105 1904 S.
1119 1880 1192 1915 Aug.
1205 1877 1229 1905 S.
1240 1875 1342 1905 Thom.
1353 1879 1381 1905 ἃ·
1392 1875 1458 1904 alii.

1119 1937 1186 1967 AD
1208 1936 1586 1968 COLOSSENSES.

924 1999 1014 2028 CAP.
1031 2009 1055 2027 ι.
1066 2008 1093 2027 ν.
1109 2009 1118 2027 1
1129 2009 1153 2035 5.
1171 1998 1401 2038 [Primogenitus
1411 1998 1503 2027 omnis
1512 2005 1642 2027 creaturae
1654 1995 1684 2027 .]
1698 1996 1773 2034 Ergo

70 2041 97 2069 C
107 2041 163 2068 ΑΡ.
182 2049 204 2066 1.
215 2049 242 2067 v.
257 2043 282 2068 8.
308 2039 470 2076 [Quoniam
481 2040 560 2080 supra
572 2040 684 2069 modurn
704 2040 810 2080 gravati
820 2040 910 2069 sumus
966 2038 1094 2069 Christus
1104 2061 1112 2072 ,
1125 2050 1153 2067 ut
1166 2039 1236 2068 filius
1246 2041 1302 2068 Det
1331 2038 1369 2068 cst
1381 2049 1504 2068 creatura
1516 2060 1525 2071 ,
1545 2047 1576 2067 ut
1584 2037 1721 2067 volebant
1731 2039 1774 2065 A·

967 2081 1037 2109 riani
1049 2100 1056 2107 .
1075 2080 1246 2119 Respondeo
1257 2091 1264 2108 ε
1276 2080 1484 2119 primogenitus
1495 2102 1504 2114 ‚
1513 2079 1582 2108 idest
1594 2100 1603 2112 ,
1620 2077 1731 2117 genitus
1740 2076 1772 2104 ab

111 2121 217 2149 dixerat
229 2133 235 2148 .·
251 2120 374 2156 [Fidelis
384 2121 459 2151 Deus
470 2145 477 2156 ,
496 2123 544 2162 qui
556 2133 612 2151 non
622 2122 740 2160 patietur
751 2133 800 2151 vos
810 2122 908 2151 tentari
967 2131 1072 2150 :eterno
1083 2130 1147 2150 ante
1157 2131 1254 2150 omncs
1264 2131 1397 2150 creaturas
1411 2142 1420 2155 ,
1434 2121 1473 2150 ita
1485 2121 1567 2151 Amb.
1578 2118 1688 2150 Theod.
1698 2116 1773 2146 The-

107 2160 191 2200 supra
203 2161 230 2190 id
242 2184 249 2195 ‚
271 2162 345 2200 qnod
355 2163 467 2200 potestis
477 2184 484 2192 .
497 2167 510 2196 ]
529 2162 699 2202 Respondeo
714 2184 719 2191 .
741 2164 816 2192 Illud
823 2165 909 2201 supra
966 2163 1014 2201 ph.
1036 2172 1092 2190 non
1103 2162 1182 2191 enim
1202 2163 1305 2191 dicitur
1316 2184 1324 2195 ,
1344 2160 1531 2200 πρωνὸκτοςος
1541 2180 1550 2195 ,
1572 2159 1641 2189 idest
1651 2180 1659 2192 ‚
1681 2157 1772 2197 primo

108 2205 252 2231 virtutem
264 2202 398 2247 fignificat
411 2203 489 2243 supra
501 2205 572 2233 vires
585 2214 686 2233 natura:
699 2226 706 2237 ‚
727 2209 754 2234 ὅ(
765 2205 888 2243 corporis
900 2215 908 2235 ,-

965 2213 1069 2232 creatus
1079 2225 1088 2236 ,
1110 2203 1156 2232 sed
1167 2200 1338 2241 πρωνὶγακσς
1347 2224 1356 2237 ,
1367 2203 1437 2232 idest
1448 2224 1456 2236 ‚
1468 2200 1671 2241 primogenitus
1683 2219 1690 2227 .

110 2246 139 2271 ὅ(
150 2253 208 2271 non
218 2242 296 2281 supra
307 2243 405 2277 ammi,
416 2250 444 2274 δε
453 2246 548 2284 gratie
560 2245 631 2274 vires
642 2257 649 2276 3
663 2255 724 2274 narn
735 2246 842 2275 invifto
851 2246 909 2274 ani·
926 2244 996 2274 Ibid.
1007 2255 1085 2279 v.24.
1101 2250 1113 2279 [
1126 2244 1279 2282 Adimpleo
1288 2254 1328 2278 ea,
1339 2253 1398 2283 quae
1411 2243 1511 2273 desunt
1522 2241 1676 2282 pastionum
1684 2238 1773 2270 Chri-

110 2293 157 2312 mo
168 2283 376 2313 tribulationem
385 2284 455 2314 hanc
468 2287 505 2315 D.
517 2287 612 2315 Paulus
625 2287 742 2325 pertulit
752 2308 759 2314 .

61 2324 139 2363 Cap.
155 2335 182 2353 ι..
195 2333 221 2352 ν.
235 2333 262 2360 5.
275 2325 397 2364 [Siquis
408 2336 499 2355 autem
507 2327 683 2356 contristavit
695 2350 702 2361 ,
723 2339 780 2356 non
792 2337 836 2356 me
845 2338 907 2356 con-

107 2363 231 2394 tristavit
249 2385 256 2393 .
267 2367 279 2396 ]
292 2366 352 2394 Cur
364 2376 433 2406 ergo
444 2377 547 2396 tantam
556 2367 641 2396 animi
652 2368 806 2407 angustiam
817 2368 906 2397 osten-

99 2406 185 2439 ‹derat
195 2404 273 2446 supra
282 2427 290 2439 ,
304 2416 330 2436 v.
343 2418 370 2443 4.
380 2407 549 2447 Respondeo
559 2429 566 2437 .
586 2414 646 2439 Nm
655 2420 696 2439 me
707 2411 887 2448 contristavit
898 2433 907 2444 ‚

965 2286 998 2314 sti
1009 2306 1016 2313 .
1028 2288 1040 2317 ]
1056 2285 1131 2321 Quid
1143 2295 1259 2324 namque
1269 2284 1357 2314 deefl’e
1367 2285 1456 2323 potest
1465 2283 1576 2314 Christi
1587 2281 1754 2322 passionibus
1764 2301 1774 2314 ‚

964 2336 1026 2355 cum
1036 2325 1153 2365 ipsemet
1167 2326 1238 2355 dicat
1250 2327 1315 2355 Luc.
1325 2337 1372 2365 23.
1384 2329 1443 2361 [Ea
1456 2346 1464 2359 ‚
1476 2335 1535 2364 quae
1547 2323 1610 2353 sunt
1621 2323 1656 2353 de
1665 2332 1710 2352 me
1720 2344 1728 2355 ‚
1741 2320 1776 2349 fi-

964 2377 1028 2396 nem
1039 2366 1138 2395 habent
1149 2369 1180 2399 ἓ]
1195 2370 1230 2396 Et
1243 2368 1324 2405 Joan.
1342 2378 1385 2399 ¹7·
1399 2367 1501 2406 [Opus
1513 2364 1672 2395 consumavi
1684 2365 1714 2394 .]
1737 2365 1774 2391 Et

962 2407 1061 2439 clarius
1072 2407 1167 2438 David
1176 2430 1186 2444 ,
1206 2406 1310 2447 Psalm,
1325 2419 1356 2438 ιι
1361 2418 1391 2445 9.
1413 2405 1563 2448 [Copiosa
1573 2405 1645 2448 apud
1657 2413 1718 2433 eum
1731 2412 1775 2432 re-
1821 2415 1826 2420 ·

1657 2447 1734 2484 dem3
