1866 2526
165 49 248 100 718
475 45 511 86 Z
543 44 585 87 A

154 117 202 136 nas
213 106 247 136 ad
258 104 424 144 Apostolum
434 104 528 133 attulit
540 125 548 138 ‚
570 102 618 132 lib.
639 113 667 137 4-
677 99 742 131 hist.
750 100 901 140 ApostoLJ
925 101 961 129 In

156 148 255 178 eodem
274 148 335 175 loco
356 145 501 174 reiteratur
520 144 578 173 liaec
597 142 684 172 dictio
697 164 706 176 ‚
729 143 794 171 dum
803 142 837 171 de
857 141 961 170 eisdem

156 188 306 227 prohibitis
316 187 391 216 libris
402 187 494 227 agitur
504 207 513 220 ,
536 194 637 223 nempe
648 194 654 211 :
678 185 691 215 ]
704 184 749 213 Ne
759 183 829 212 forte
838 183 909 211 odor
919 182 961 210 in-

156 229 250 260 cendii
264 238 346 259 vexet
359 229 481 257 incautos
491 247 499 259 ,
522 225 647 265 appende
654 223 778 253 zabernis
787 223 890 261 lapides
901 244 909 256 ‚
933 225 962 251 ὅ(

157 270 299 308 plumbum
311 291 318 303 ,
338 273 365 299 ὃ(
376 270 457 297 mitte
469 268 498 295 in
509 276 582 295 mare
595 279 602 295 :
622 269 634 299 ]
649 265 705 301 Qui
724 275 792 293 vero
800 265 958 293 Zabarium

157 311 249 350 legere
260 312 365 339 malunt
376 331 384 342 ,
395 309 441 337 hic
451 309 585 337 Zabariis
596 330 603 341 ,
615 317 666 345 pro
675 305 810 334 Zabernis
821 304 942 334 scribunt
954 327 963 334 .

117 351 257 381 ZABurus
269 373 276 384 ,
299 348 434 390 ζοῖβελος
444 371 452 382 ,
476 349 610 378 Diabolus
623 359 629 379 5
653 348 684 375 in
693 346 793 375 aeolico
804 345 881 374 enim
891 347 964 375 idio-

158 402 229 421 mate
240 392 310 429 sa'pe
322 391 454 429 particula
465 388 500 427 ζει
511 390 625 427 ponitur
633 388 696 416 loco
706 385 753 424 όῖςὲ
764 409 773 424 ,
782 397 838 425 quo
848 388 962 417 vocabu-

1012 186 1059 215 bra
1069 195 1178 224 quoque
1192 185 1329 214 cernitur·
1353 185 1525 216 Haecsdiffio
1535 191 1635 225 Zanga
1657 188 1764 218 sortafle
1785 190 1823 220 ex'

1014 226 1133 258 Arabico
1153 226 1254 264 Zapad
1274 224 1427 264 provenit,
1455 236 1515 264 quae
1535 228 1638 257 calceos
1665 229 1819 268 significan

1015 268 1082 297 hinc
1105 264 1382 305 Arabico-hispanice
1391 267 1514 304 Zapados
1524 267 1642 307 Hispani
1653 270 1749 298 dicunt
1760 292 1768 303 ,
1790 274 1820 300 δε
1864 272 1866 306 ξ

1015 309 1128 339 Familia
1137 308 1172 337 de
1183 307 1291 346 Zapada
1302 307 1331 336 in
1343 304 1477 344 Hispania
1486 306 1517 334 in
1525 310 1579 343 ejus
1597 308 1705 348 insigne
1723 311 1821 349 genti-
1854 314 1866 351 J'

1016 351 1081 380 litio
1091 349 1215 388 quinque
1224 349 1329 378 calceos
1346 347 1485 376 laterculis
1502 347 1572 376 binis
1589 350 1722 379 coloribus
1735 352 1822 381 varia·
1858 359 1859 368 ¹

1017 401 1060 420 tos
1077 391 1158 419 habet
1170 410 1178 417 .

1013 144 1109 177 ratini,
1133 143 1163 171 in
1182 146 1238 180 ejus
1249 144 1360 181 pedibus
1378 154 1432 174 um
1448 156 1531 176 zanca
1541 157 1619 176 aurea
1630 169 1638 180 ,
1661 152 1689 177 δ(
1708 150 1759 178 alia
1776 160 1821 178 ru-
1844 136 1857 171 ‘f'

1011 114 1073 133 rum
1080 101 1156 133 Petri
1165 102 1200 131 de
1209 101 1283 131 Vico
1291 45 1431 141 quzndss
1440 103 1529 134 Urbis
1539 107 1560 135 P
1569 105 1672 136 τεεί-ἐῶ
1681 128 1691 141 ,
1713 118 1743 138 ac
1761 0 1866 205 Ty-ss}

1864 208 1866 223 i

1864 244 1866 267 i

156 434 187 461 10
205 434 222 462 S
246 432 409 461 Hilariusin
431 441 488 469 cap.
512 437 558 459 26.
580 428 683 458 Matth.
704 429 813 466 inquit:
836 434 849 463 [
867 430 963 457 Furem
977 434 1174 464 ZANGAfflUs,
1197 429 1374 469 ⁷§d772'e25,
1395 429 1492 462 Sutor,
1514 427 1561 467 qui
1579 416 1675 467 ungas
1688 432 1822 461 5052&th

157 474 279 502 ostendit
292 473 433 501 zabulum.
449 475 461 504 ]
474 472 517 499 Ita
527 471 610 500 etiam
622 470 652 499 in
661 470 772 505 hymno
781 470 806 498 S.
818 462 971 499 Michaelis'

158 513 332 553 Archangeli
342 513 464 551 legitur:

198 555 393 585 collaudamus
416 562 580 582 venerantes

197 597 307 625 Omnes
316 594 395 623 Coeli
406 593 509 622 milites
523 606 530 622 :

197 636 251 665 Sed
262 635 398 674 praecipue
420 635 565 673 primatem

200 676 332 706 coelestis
344 677 479 705 exercitus

200 716 366 746 Michaelem
388 717 419 745 in
441 716 546 745 virtute
559 735 567 742 .

200 759 404 787 conterentem
424 757 557 786 Zabulum
569 775 577 782 .

160 798 238 828 'Aliis
247 809 340 827 tamen
352 798 453 835 placuit
466 819 472 830 ,
485 807 587 825 nomen
597 795 712 825 zabulus
723 794 772 825 effe
783 794 965 833 compositum

161 850 194 867 ex
207 840 338 877 particula
350 839 390 877 ζα
400 860 408 872 ,
431 848 491 877 quae
504 838 562 866 vim
573 836 654 866 habet
663 837 780 875 augendi
795 835 966 874 consequen-

161 888 218 908 tcm
237 880 406 912 diffionem,
430 884 500 908 &ex
512 878 626 907 nomine
648 876 744 915 βελῆ,
767 877 854 910 idest,
877 876 964 904 consi-

162 921 233 948 lium
244 934 255 954 ,-
279 921 308 948 in
318 919 519 958 Etymologico
530 920 604 947 enim
614 919 648 948 fic
659 927 785 947 notatum
804 917 964 946 invenitur.-

163 966 178 995 [
197 965 231 990 Et
251 962 381 999 particula
399 962 457 993 Za,
480 970 541 998 quae
554 960 611 988 vim
632 959 711 988 habet
730 958 870 997 augendi,
893 961 920 986 ὅ(
932 968 965 985 ex

161 1011 231 1029 voce
251 1001 313 1029 Buli
325 1023 333 1034 ‚
366 1001 397 1029 fit
420 1002 547 1029 Zabulon
557 1021 565 1032 ‚
595 1004 622 1028 ὃ(
645 1010 706 1028 eum
731 999 880 1038 fignificat,
917 998 964 1035 qui

159 1042 275 1070 consilio
295 1042 332 1070 est
343 1040 544 1080 potentissimus
558 1052 563 1068 ε
588 1043 600 1072 ]
614 1044 676 1077 Ejus
686 1041 761 1068 enim
771 1038 872 1078 iniquis
883 1038 969 1067 consi.

161 1082 205 1110 liis
215 1083 245 1111 in
254 1082 404 1111 humanum
415 1092 501 1121 genus
510 1082 628 1110 multum
637 1081 724 1119 pollet
735 1101 744 1108 .

122 1123 295 1152 Zinoticus
307 1144 315 1156 ‚
336 1123 493 1151 Diabolicus
503 1143 509 1149 .
521 1124 545 1151 S.
559 1122 682 1150 Hilarius
704 1122 733 1148 in
753 1131 809 1158 cap.
825 1127 850 1148 6.
862 1118 967 1148 Matth.

163 1163 197 1192 sic
207 1163 319 1202 inquit5
343 1164 478 1191 anolicne
493 1161 632 1201 potestatis
643 1161 755 1199 spiritus
765 1161 900 1189 inserturss

119 1203 227 1232 Zicou
241 1226 249 1236 ‚
272 1201 358 1242 <olum
369 1225 376 1236 ‚
399 1204 437 1232 est
450 1204 568 1232 Diacon-
593 1202 666 1231 Vide
675 1201 755 1240 supra
777 1201 851 1240 quod
861 1201 965 1229 diflum

161 1244 239 1272 estin
251 1244 375 1272 distione
385 1245 529 1273 zabulus.
555 1250 568 1279 [
587 1243 777 1272 Ministerium
796 1241 903 1271 Christi
915 1243 968 1270 Za-

159 1295 242 1314 cones
251 1293 377 1313 exercete
386 1285 454 1313 caste
465 1304 472 1311 .
495 1284 715 1313 Commodianus
724 1305 732 1311 .

120 1326 262 1354 ZAcoxes
274 1345 281 1352 .
304 1327 424 1353 Lacones
442 1326 538 1363 populi
557 1325 628 1363 apud
640 1323 873 1353 Leunclavivum.
891 1322 969 1352 Vide

160 1371 274 1395 Tzacon
283 1384 292 1393 .

119 1406 261 1435 ZAcoRus
272 1427 281 1439 ‚
305 1402 437 1444 ζάκορος,
457 1415 507 1444 pro
518 1409 654 1435 Diacorus
668 1427 675 1439 ‚
697 1403 833 1444 δχςίκορος,
854 1403 968 1434 AEditi—

159 1457 210 1475 vus
218 1469 227 1480 ‚
249 1447 305 1475 Dei
316 1446 441 1474 minister
451 1466 459 1474 .
480 1448 614 1476 Austores
624 1446 695 1485 apud
705 1446 860 1475 Henricum
871 1444 968 1483 Steph,

160 1488 190 1515 in
203 1487 367 1526 Appendice
377 1506 384 1514 .

120 1528 206 1557 zita
219 1549 226 1555 .
251 1530 307 1557 FR.
319 1527 492 1566 depraedatio
503 1548 509 1555 .
524 1526 658 1566 [Absque
671 1526 844 1560 homicidio,
869 1527 914 1556 vel
925 1525 968 1554 in-

161 1568 280 1601 cendio,
304 1568 551 1606 &depraedatione
564 1590 571 1601 ,
593 1567 637 1597 seu
660 1570 719 1598 zala
738 1569 772 1597 de
794 1568 899 1607 populo
909 1589 916 1600 ‚
940 1571 967 1596 &c

161 1619 234 1638 terra
244 1618 320 1638 mea.
342 1609 533 1647 Incapitulaie
547 1609 707 1638 Radelchisi
727 1612 868 1639 Beneven.
889 1608 969 1637 Prin-

160 1650 216 1688 cip.
234 1651 305 1688 apud
317 1650 468 1679 Camillum
480 1651 623 1688 Peregrin.
635 1651 664 1678 in
674 1650 736 1680 hist.
755 1650 878 1687 Princip.
892 1651 969 1678 Lon—

160 1691 274 1729 gobard.
285 1701 342 1729 cap.
353 1693 403 1729 3.]
424 1694 458 1719 Et
469 1691 570 1719 ibidem
582 1712 591 1723 ,
609 1701 667 1729 cap.
683 1701 726 1728 ¹9-
740 1693 754 1722 ]
772 1691 817 1719 De
829 1690 905 1717 nullo
915 1689 966 1717 ho-

161 1731 295 1764 micidio,
321 1733 365 1760 vel
385 1731 493 1770 praeda,
515 1740 596 1769 atque
618 1732 676 1759 zala
686 1753 694 1764 ‚
717 1730 762 1759 seu
774 1730 912 1758 incendiis
926 1740 968 1758 re-

161 1773 274 1801 troaftis
292 1772 337 1800 fiat
363 1773 453 1810 aliqua
471 1771 613 1810 requisitio
624 1792 631 1805 ,
666 1772 711 1800 vel
736 1771 858 1800 vindicta
885 1775 937 1799 ἃς.
951 1773 962 1802 ]

160 1813 251 1847 Item,
269 1823 326 1851 cap.
341 1823 387 1841 21.
411 1816 560 1850 [Excepto
570 1811 746 1844 homicidio,
766 1815 795 1840 ὅ(
815 1811 964 1844 incendio,

162 1853 391 1891 depraedatione,
412 1863 441 1881 ac
464 1854 522 1881 zala
533 1873 541 1880 ⁹

121 1893 253 1923 ZANCHA
266 1916 274 1927 ‚
299 1894 385 1922 distio
403 1894 613 1931 graeco-barbara
633 1890 773 1932 Ὶζιίγγα,
793 1891 964 1920 calciamenti

160 1946 246 1974 genus
257 1956 265 1963 .
290 1933 465 1970 [Monac-hos
476 1934 597 1962 orarium
608 1934 638 1962 in
650 1932 818 1962 Monasterio
829 1954 837 1966 ‚
848 1930 893 1962 vel
904 1943 964 1961 zan.

158 1986 201 2003 cas
220 1976 318 2005 habere
337 1985 396 2003 non
414 1975 497 2003 licet.
514 1975 631 2003 concil.
648 1975 791 2003 Aurelian.
810 1984 870 2001 can.
892 1976 962 2005 22.]

159 2016 274 2045 Dicitur
295 2016 379 2045 etiam
405 2021 526 2053 Tzanga
556 2015 586 2044 in
612 2016 722 2044 Codice
750 2014 944 2044 Theodofiano
957 2026 963 2041 :

161 2063 175 2092 ζ
186 2056 278 2085 Usum
294 2066 459 2096 tzangarum
470 2078 478 2089 ‚
500 2066 580 2095 atque
600 2058 752 2085 braccarum
774 2056 846 2084 intra
858 2055 965 2083 Urbem

161 2098 352 2126 venerabilem
363 2098 470 2126 nemini
482 2097 562 2125 liceat
572 2096 698 2135 usurpare
708 2097 758 2125 lib.
773 2108 781 2124 1
790 2108 818 2132 4-
826 2096 872 2124 tit.
898 2107 906 2123 i
914 2107 940 2123 0.
952 2097 964 2127 ]

161 2138 208 2167 De
217 2140 277 2166 Ρη
283 2139 354 2167 festo
363 2141 494 2168 Romano
513 2138 542 2166 in
553 2137 753 2167 Caeremoniali
764 2140 802 2165 M.
813 2138 837 2165 S.
849 2136 965 2165 Benedi-

161 2179 198 2206 ffi
210 2178 329 2207 Basilicae
342 2180 485 2208 Vaticanae
495 2179 636 2208 Canonici
646 2179 676 2207 in
686 2177 822 2208 Bibhmh,
831 2179 967 2216 Angelica

163 2220 199 2248 de
220 2219 299 2248 Urbe
316 2220 502 2252 conservato,
525 2219 585 2248 haec
603 2219 755 2250 habentur:
784 2225 795 2254 [
815 2218 879 2248 Post
906 2228 967 2246 eum

159 2259 308 2289 Praefectus
318 2260 430 2290 indutus
439 2270 536 2288 manto
548 2260 688 2298 pretioso,
711 2265 739 2290 ὃ(
756 2260 889 2288 calceatus
902 2269 968 2287 zan-

159 2311 189 2329 ca
207 2311 258 2330 una
277 2311 356 2330 aurea
368 2324 375 2334 ‚
397 2305 425 2330 ὃ(
444 2300 528 2329 altera
537 2302 617 2329 rubea
629 2322 636 2330 .
658 2305 671 2334 ]
693 2301 772 2330 Idem
784 2301 867 2328 etiam
888 2298 967 2328 habet

159 2341 282 2370 Cencius
293 2342 465 2371 Camerarius
477 2341 508 2370 in
518 2344 573 2377 ejus
583 2344 624 2371 M.
636 2344 661 2371 S.
676 2341 873 2379 Caeremoniali
884 2360 891 2367 .
912 2342 967 2370 PR.

160 2382 283 2416 ‚Vixerbii
297 2383 329 2414 in
340 2382 456 2413 Ecclesia
466 2382 491 2412 S.
501 2383 597 2415 Mariae
608 2383 641 2414 de
651 2383 785 2414 Gradibus
802 2380 969 2420 adscpulcli-

1019 472 1171 511 Hispanice
1182 473 1325 509 Zapaa'ero
1333 492 1341 500 .

979 515 1189 543 ΖΑκΑΒο-ΓΑΝΑ
1200 533 1207 540 .
1233 514 1290 542 PR.
1300 513 1378 541 tubus
1391 532 1399 544 ‚
1417 510 1503 539 fistula
1513 519 1564 549 per
1572 519 1653 548 quam
1663 510 1821 541 transmitti,

1019 564 1065 583 tur
1082 554 1186 583 secrete
1206 564 1266 583 vox
1285 553 1320 582 ad
1337 551 1474 590 aliquem,
1497 562 1532 580 ne
1551 551 1582 579 ab
1601 551 1660 579 aliis
1678 551 1820 586 audiatur,

1021 595 1117 625 Italice
1127 596 1319 623 Czarabotana
1335 592 1490 631 appellata;
1514 590 1656 629 usurpatur
1673 600 1766 620 tamen
1783 592 1825 624 in.

1019 646 1121 676 genere
1137 634 1306 666 bombat-dx,
1331 636 1390 671 [In
1409 632 1507 662 iisdem
1527 631 1694 661 vehebantur
1702 632 1825 660 bombar-

1020 678 1062 706 dae
1073 676 1199 716 plurimae
1210 698 1218 710 ‚
1242 687 1306 714 quas
1315 674 1495 705 Zambotanas
1505 681 1605 704 vocant
1616 692 1623 699 .
1642 671 1827 708 Chalcondy-

1021 719 1064 750 la,
1086 717 1132 746 lib.
1145 719 1194 750 7·]
1214 718 1296 746 Circa
1317 727 1383 746 vero
1405 725 1529 754 tempus,
1551 714 1659 746 locum,
1681 714 1826 742 &Auem-

1022 768 1080 786 rem
1089 758 1167 794 hujus
1178 757 1381 787 terribilislimae
1400 755 1533 784 machinae
1544 777 1553 787 ‚
1575 753 1619 783 cui
1636 752 1830 792 quodcumque

1022 799 1258 838 propugnaculum
1268 798 1365 827 cedere
1381 796 1496 836 cogitur
1505 818 1513 829 ‚
1536 806 1564 823 ac
1581 794 1613 823 ab
1625 797 1681 830 ejus
1699 793 1804 822 nitrato
1816 815 1825 826 ‚

1022 844 1050 869 &-
1061 838 1211 876 sulphureo
1222 839 1336 876 pulvere
1345 839 1374 866 in
1384 836 1516 866 cuniculis
1525 834 1654 873 impolito
1663 856 1671 867 ,
1693 837 1721 862 ὃ(
1733 844 1827 863 accen-

1022 880 1053 908 so
1072 880 1267 908 montiummet
1279 879 1441 908 altitudines
1460 876 1589 909 concuti,
1612 875 1733 913 testaque
1750 874 1828 902 insu-

1023 931 1071 959 per
1081 920 1176 948 nostro
1187 930 1249 949 aevo
1262 930 1308 958 per
1316 919 1460 948 diabolicas
1470 917 1626 946 bombarum
1635 937 1644 949 ‚
1665 923 1697 943 ut
1708 924 1807 944 vocant
1816 935 1830 947 ,

1022 961 1234 990 adinventiones
1244 961 1277 989 ad
1287 960 1375 989 solum
1387 968 1513 989 corruere
1524 956 1655 985 videntur
1664 977 1672 988 ,
1681 955 1716 984 de
1730 954 1828 983 harum

1022 1002 1134 1040 inquam
1146 1001 1331 1030 machinarum
1352 998 1522 1030 inventione
1539 998 1621 1027 varia:
1632 997 1695 1025 sunt
1706 995 1828 1034 ScriPto-

1024 1053 1082 1070 rum
1093 1042 1240 1080 opiniones
1251 1063 1257 1069 .
1269 1044 1358 1077 Hujus
1367 1043 1441 1070 enim
1455 1040 1582 1067 mixturae
1594 1037 1723 1066 inventio
1733 1047 1745 1064 a
1755 1047 1827 1064 non-

1024 1083 1106 1111 nullis
1115 1082 1257 1112 Monacho
1266 1081 1386 1111 chimico
1396 1104 1404 1115 ,
1426 1083 1455 1110 ab
1466 1080 1526 1109 aliis
1534 1079 1640 1108 cuidam
1659 1076 1744 1106 scabie
1754 1077 1783 1104 in
1789 1076 1829 1105 fe-

1023 1125 1068 1152 eto
1077 1123 1222 1151 tribuitur.
1247 1125 1374 1152 Caranza
1395 1132 1486 1150 tamen
1499 1142 1506 1153 ,
1529 1120 1576 1148 lib.
1594 1130 1621 1157 3.
1641 1119 1675 1147 de
1693 1128 1723 1146 re
1744 1117 1829 1146 milit.
1852 1146 1853 1150 ,

1023 1174 1083 1202 cap.
1105 1176 1130 1192 z.
1150 1164 1243 1202 inquit
1262 1163 1338 1193 suifle
1349 1161 1548 1193 Coloniensem
1569 1159 1737 1189 chimicum5
1762 1158 1827 1186 licet

1025 1204 1179 1233 Franciscus
1199 1206 1338 1238 Petrarca,
1362 1208 1389 1234 δε
1409 1204 1545 1233 Robertus
1564 1200 1705 1229 vulturius
1723 1198 1827 1228 Archi-

1023 1246 1131 1274 medem
1143 1245 1338 1281 Syracusanum
1361 1245 1538 1274 inventorem
1558 1240 1631 1269 suifle
1651 1239 1828 1271 existiment}

1025 1286 1162 1315 refellitur
1180 1295 1273 1314 tamen
1291 1286 1351 1315 haec
1362 1286 1462 1325 opinio
1481 1291 1611 1321 tanquam
1621 1280 1760 1309 fabulosaa
1770 1281 1829 1308 Fla-

1025 1327 1073 1355 vio
1094 1326 1221 1360 Bloudo,
1243 1326 1293 1354 lib.
1317 1337 1339 1354 i.
1351 1326 1445 1354 decad.
1465 1335 1492 1362 3.
1511 1328 1538 1352 δ(
1557 1321 1706 1350 Laurentio
1724 1321 1802 1348 Valla
1816 1341 1829 1357 ,

1023 1367 1071 1395 lib.
1083 1379 1108 1396 z.
1120 1377 1178 1404 cap.
1190 1378 1236 1404 34.
1248 1366 1412 1405 Elegantiar.
1423 1370 1451 1394 ὅ(
1462 1364 1522 1392 aliis
1531 1362 1602 1400 apud
1610 1363 1764 1390 Caranzam
1773 1361 1829 1389 loc.
1860 1369 1862 1377 ·

1024 1408 1100 1436 citat.
1110 1408 1218 1436 Omnes
1235 1416 1325 1435 autem
1335 1407 1511 1435 conveniunt
1523 1425 1531 1435 ,
1553 1403 1628 1441 quod
1645 1402 1675 1429 in
1694 1411 1828 1438 praepara-
1864 1417 1866 1420 -

1025 1449 1102 1476 tione
1111 1447 1249 1486 sulphuris
1259 1457 1319 1475 cum
1331 1447 1389 1475 aliis
1399 1444 1576 1475 bituminibus
1588 1463 1596 1474 ‚
1616 1441 1676 1469 casu
1686 1442 1723 1469 ibi
1734 1441 1830 1470 favilla

1025 1488 1170 1516 incidente
1182 1509 1190 1520 ‚
1212 1487 1391 1516 velocitatem
1418 1484 1585 1515 accendendi
1599 1503 1607 1515 ,
1630 1484 1660 1509 &
1688 1481 1829 1519 impetum.

1025 1529 1137 1557 materia
1148 1528 1194 1556 illa
1204 1528 1240 1556 ita
1253 1529 1403 1566 prxbuerat
1415 1549 1425 1559 ,
1445 1536 1473 1554 ut
1484 1524 1653 1554 diobolicum
1660 1520 1775 1565 chinrici
1783 1521 1829 1549 in-

1025 1569 1138 1608 genium
1150 1570 1183 1597 ad
1194 1569 1322 1597 bellicum
1343 1578 1410 1606 opus
1427 1564 1661 1596 mixturamillam
1679 1562 1729 1590 esse
1748 1561 1834 1591 valde
1858 1588 1861 1601 1,

1025 1620 1191 1649 oportunam
1204 1609 1408 1648 excogitaverit
1420 1629 1427 1635 .
1449 1609 1518 1637 Non
1528 1605 1590 1633 satis
1602 1614 1668 1634 vero
1677 1613 1751 1631 certe
1760 1613 1829 1631 con-

1025 1652 1074 1680 ssat
1094 1651 1128 1679 de
1149 1659 1273 1689 tempore
1284 1650 1363 1685 hujus
1375 1647 1551 1677 inventionis
1564 1667 1571 1679 ‚
1594 1656 1623 1673 ac
1636 1644 1760 1676 deloco,
1782 1642 1830 1672 ubi
1855 1649 1866 2040 ¹

1847 1013 1864 1078 „4-
1850 952 1866 984 Γ

1027 1692 1148 1730 primum
1167 1691 1328 1719 executioni
1355 1689 1480 1718 mandata
1498 1687 1530 1716 fit
1541 1707 1551 1714 .
1571 1684 1732 1715 Laurentius
1753 1683 1829 1711 enim

1025 1733 1106 1761 Valla
1117 1754 1124 1764 ,
1145 1731 1229 1770 lib-3.
1242 1731 1410 1770 Elegantiai:
1427 1739 1485 1766 cap.
1508 1739 1550 1763 ¹4·
1564 1737 1619 1754 non
1628 1725 1745 1753 multum
1763 1733 1833 1752 ante

1023 1776 1079 1808 ejus
1089 1782 1200 1801 aetatem
1211 1773 1304 1811 primo
1314 1770 1399 1799 visam
1412 1768 1485 1798 fuisse
1494 1768 1533 1796 ait
1546 1779 1554 1799 5
1575 1765 1720 1803 scripserat
1731 1773 1826 1807 tamen

1025 1814 1072 1841 ille
1082 1813 1115 1842 de
1124 1824 1198 1841 anno
1217 1823 1300 1849 ¹434·
1311 1811 1419 1840 Platina
1437 1809 1468 1838 in
1488 1809 1545 1837 vita
1556 1805 1666 1836 Urbani
1684 1806 1737 1834 VI.
1756 1810 1826 1842 (qui

1023 1864 1170 1882 coronatus
1178 1854 1215 1882 est
1225 1852 1373 1881 secundum
1383 1850 1529 1880 Baronium
1541 1849 1575 1877 de
1587 1859 1631 1876 an.
1646 1850 1730 1883 1378.
1738 1850 1750 1878 )
1759 1855 1830 1874 tein-

1025 1905 1092 1933 pore
1110 1894 1189 1929 hujus
1209 1892 1351 1922 Pontificis
1362 1914 1369 1925 ,
1390 1892 1483 1930 inquit
1493 1911 1502 1923 ,
1523 1889 1576 1918 hoc
1595 1894 1764 1916 tormentum
1782 1897 1830 1915 ex-

1026 1935 1109 1974 periri
1121 1943 1264 1973 (ceperant
1275 1945 1282 1965 3
1294 1943 1353 1961 cum
1362 1943 1417 1971 quo
1425 1931 1595 1960 concordant
1609 1925 1734 1970 Rapliael
1745 1929 1757 1958 ]
1769 1928 1830 1955 Vo-

1025 1977 1173 2004 laterranus
1184 1997 1193 2008 ,
1215 1975 1262 2003 lib.
1281 1985 1327 2012 30.
1337 1974 1446 2003 Urban.
1456 1974 1618 2002 Comment.
1639 1977 1686 2008 qux
1705 1967 1741 1995 ait
1759 1965 1830 1995 hanc

1026 2016 1180 2044 machinam
1198 2027 1213 2044 a
1228 2015 1302 2043 sono
1323 2012 1469 2051 strepitoso
1492 2011 1648 2041 Bombara'a
1663 2008 1829 2047 appellatam

1024 2056 1101 2085 fuiss'e
1112 2078 1119 2089 ,
1141 2067 1221 2096 quam
1240 2055 1350 2093 quidam
1369 2057 1522 2084 Germanus
1544 2050 1676 2080 Venetias
1704 2049 1829 2078 attulerat

1024 2098 1054 2127 in
1064 2098 1149 2126 obfidi
1160 2108 1215 2126 one
1227 2095 1308 2126 Fofl‘ae
1320 2095 1448 2125 Claudiae
1458 2115 1465 2127 ‚
1489 2094 1546 2122 five
1557 2091 1667 2130 clugia:
1679 2112 1687 2124 ,
1699 2098 1757 2128 quae
1768 2089 1829 2117 vul-

1024 2138 1125 2178 gariter
1136 2139 1266 2167 Chiozza
1274 2137 1378 2165 dicitur
1387 2158 1395 2169 ,
1419 2136 1453 2163 de
1462 2145 1514 2173 qna
1522 2132 1666 2162 obsidione
1676 2132 1758 2173 etiam
1768 2130 1830 2157 1³12-

1027 2179 1085 2207 tina
1096 2179 1269 2207 mentionem
1279 2177 1342 2206 facit
1353 2199 1361 2210 ‚
1383 2180 1410 2205 ὃ(
1419 2179 1465 2212 jux
1471 2185 1497 2203 ta
1508 2173 1625 2212 Joannis
1638 2172 1744 2201 Villam
1753 2179 1829 2198 com-

1026 2229 1123 2258 putum
1134 2241 1142 2252 ,
1162 2220 1208 2247 lib.
1233 2229 1254 2246 ι.
1273 2218 1370 2246 accidit
1390 2217 1425 2245 de
1442 2226 1516 2244 anno
1530 2220 1614 2252 1380.
1624 2212 1697 2250 quod
1707 2211 1769 2239 esset
1781 2220 1829 2238 an-

1026 2271 1062 2288 no
1072 2260 1191 2288 secundo
1207 2259 1387 2288 Pontificatus
1407 2257 1515 2296 praefati
1525 2253 1634 2285 Urbani
1644 2250 1829 2281 VI-Blondus

1024 2311 1133 2340 quoque
1145 2301 1217 2329 idem
1227 2301 1265 2328 :iit
1276 2321 1284 2332 ‚
1306 2300 1353 2328 hb.
1371 2309 1414 2327 ιο.
1426 2297 1521 2326 decad.
1532 2308 1558 2325 2.
1569 2302 1669 2338 nempe
1680 2314 1688 2325 ,
1708 2291 1782 2330 quod
1792 2291 1829 2320 de

1026 2353 1100 2370 anno
1117 2352 1202 2379 ¹379·
1213 2341 1323 2369 circiter
1333 2342 1452 2378 Joannes
1462 2335 1620 2367 Barbadicus
1631 2335 1753 2362 Venetus
1762 2332 1829 2361 Dux

1027 2382 1057 2411 in
1076 2382 1187 2421 Clugiae
1204 2381 1385 2421 expeditione
1402 2386 1528 2417 magnam
1547 2375 1655 2415 copiam
1672 2372 1830 2403 bombarda-

1721 2422 1788 2443 sum
