1866 2526
131 49 207 89 374
465 36 510 78 H
544 35 581 76 Y

1263 27 1381 70 HY

116 92 233 121 habeant
250 102 310 121 cuni
331 90 392 131 quis
407 91 542 121 nascitur.
563 90 688 122 Primum
708 98 797 119 autem
811 97 896 128 genus
907 109 914 120 ‚
936 85 1158 114 HYDiioPHoBUS
1172 106 1179 118 ‚
1190 81 1350 122 u‘Jbo'cpossog,
1369 83 1417 123 qui
1427 94 1523 123 aquam
1534 82 1614 113 timet
1624 103 1630 110 .
1642 89 1654 118 [
1664 84 1735 112 Nam
1748 83 1775 110 ὅ(

117 134 204 167 idest,
213 133 348 162 stellarum
359 133 522 171 interpretes
534 133 608 171 Magi
620 131 843 170 nuncupabantur
854 140 860 156 ε
884 128 916 156 si-

118 184 164 204 cut
176 173 262 202 dehis
275 172 415 213 legiturin
424 174 576 211 Evangelio
588 193 596 205 ,
612 173 657 211 qui
669 181 765 200 natum
772 169 917 199 Christum

117 215 364 244 annunciaverunt÷
376 214 467 252 postea
477 213 531 241 hoc
542 214 654 241 nomine
664 212 716 240 soli
727 207 917 239 Mathematici

117 255 184 284 dicti
192 254 254 283 sunt
264 276 271 287 ‚
289 257 364 289 cujus
373 254 439 282 artis
450 253 563 282 scientia
572 253 654 292 usque
666 253 698 281 ad
707 250 850 280 Chi-istum
869 249 920 277 fuit

116 294 238 325 concessa
247 317 254 327 ‚
273 304 303 323 ut
313 293 429 323 Christo
447 294 524 323 edito
535 315 543 326 ‚
561 304 644 322 nemo
655 291 754 321 exinde
763 290 921 319 nativitates

118 336 229 372 alicujus
247 335 280 363 de
300 335 373 363 coelo
392 335 620 371 interpretaretur
629 354 636 360 .
660 331 816 368 Horoscopi
837 329 903 358 diecti
915 350 921 361 ‚

117 376 193 415 quod
203 375 282 404 horas
293 375 445 403 nativitatis
455 373 600 403 hominum
617 373 788 410 speculentur
806 370 922 399 diffimi-

117 418 156 449 li,
177 421 205 445 ὃ(
216 414 329 444 diverso
339 414 410 443 fafio
421 435 428 442 .
450 414 580 452 Sortilegi
592 413 655 442 sunt
665 435 673 446 ‚
695 413 741 451 qui
753 411 799 440 sub
809 410 922 439 nomine

976 128 1094 158 enectos,
1105 129 1132 154 ὃ(
1143 124 1310 162 lymphatos,
1322 124 1559 163 &hydrophobos
1569 147 1577 159 ‚
1589 133 1699 156 vocant,
1709 133 1775 160 quos

976 175 1050 203 aquae
1060 174 1236 197 necaverum,
1244 175 1290 194 aut
1299 165 1427 199 amentia,
1438 166 1483 194 vel
1492 166 1640 195 formidine
1650 172 1777 192 exercue-

977 215 1049 233 runt.
1060 204 1176 234 Tei-tull.
1188 204 1221 232 de
1229 205 1302 244 bapt.
1310 216 1368 245 cap.
1382 214 1407 242 5.
1419 208 1431 239 ]
1444 206 1488 235 ubi
1497 207 1543 235 ait.-
1556 208 1666 235 'Enec‘fos
1676 224 1684 236 ,
1696 203 1775 235 idest,

977 256 1044 284 quos
1054 255 1128 283 aquae
1140 243 1313 278 necaverunt,
1323 247 1674 285 Lymphatos,nenipe,quos
1684 252 1776 271 amen-

979 287 1018 314 tia
1031 296 1105 324 aquae
1117 284 1269 323 exagitavit
1279 306 1287 317 ,
1305 288 1333 314 δ(
1350 287 1531 324 Hydrophobos
1542 308 1550 320 ,
1570 296 1637 325 quos
1656 283 1775 312 formido

979 336 1053 364 aqux
1066 327 1182 354 terrebat
1194 325 1410 363 intelligendum
1419 327 1456 355 est
1466 346 1474 354 .
1496 329 1592 356 Solent
1603 349 1610 360 ,
1631 334 1659 355 ut
1678 326 1756 359 ajunt
1767 344 1775 356 μ

978 366 1050 394 hunc
1061 376 1134 404 aquae
1144 365 1273 393 timorem
1283 365 1486 404 apprehendere
1497 367 1549 402 illi,
1559 377 1626 406 quos
1638 365 1721 395 rabibi
1731 374 1760 391 <a
1769 380 1777 385 -

978 417 1024 435 nes
1042 406 1247 434 moi-moderant
1258 427 1265 434 .

116 461 170 486 διε.
182 457 318 495 utsupra.
330 456 457 484 Salitores
468 455 559 483 vocati
570 453 642 486 sunt,
654 453 776 491 quidum
787 451 825 480 eis
836 460 919 479 niem-
939 448 1118 475 HYDRoruri
1128 458 1164 474 ax
1179 468 1185 479 ‚
1197 444 1352 485 ὐὲῥοφῦλαξ
1361 467 1369 479 ,
1380 456 1508 485 aquarum
1517 446 1603 476 custos
1615 470 1622 482 ,
1637 455 1717 486 quem
1727 446 1776 474 La-

117 498 228 526 brorum
240 506 416 535 quaecumque
427 506 513 533 partes
521 493 644 523 salierint
656 515 663 526 ‚
674 493 776 532 aliquid
787 492 833 520 sibi
843 491 921 520 exin-

979 487 1033 515 tiiii
1048 488 1243 524 castellarum
1255 487 1452 533 nuncupabant.
1460 488 1531 516 Vide
1542 491 1671 525 Signatus
1682 495 1775 515 mmm.

117 538 152 566 de
163 536 320 576 prosperum
333 557 340 568 ,
351 535 397 564 seu
407 536 483 564 triste
495 535 640 573 significari
649 534 802 572 praedicunt
813 553 820 565 ‚
839 542 873 560 ex
883 533 920 560 D.
940 529 1180 556 Hrniioscomuu
1191 548 1197 559 ,
1218 527 1389 566 ὖᾶῥοσκαπιον
1399 548 1407 559 ,
1430 538 1504 566 aqua-¹
1514 527 1677 571 speculatioz
1697 535 1777 563 atque

117 578 277 616 Augustino
285 577 333 606 lib.
343 577 376 605 de
386 586 479 604 natura
489 576 676 607 Doemonum]
687 575 723 603 ita
735 574 805 612 apud
813 573 921 602 Gratia-

119 629 187 647 num
197 628 256 646 caii.
267 617 359 655 Igitur
367 627 452 655 genus
466 623 512 645 26.
523 617 616 655 quaest.
631 627 656 654 3.
669 616 720 644 Sed
732 613 878 652 Augustini
889 613 918 640 li>

118 659 166 687 ber
176 658 236 686 talis
248 658 346 685 nedum
358 667 451 688 extat5
464 659 520 685 iino
531 668 578 685 nec
589 657 669 685 verba
679 656 741 684 illa:
761 657 846 690 Cujus
856 653 921 682 artis

117 698 233 727 scientia
244 697 326 736 usque
338 698 371 725 :id
382 697 527 726 Christum
538 697 587 726 suit
599 697 719 725 coucessa
728 700 779 724 ἃς.
792 693 920 732 Augusti-

119 750 157 767 no
168 739 226 767 ullo
238 740 316 777 pasto
326 748 464 776 nequeunt
474 740 625 766 convenire
639 748 645 768 ς
656 738 724 765 bene
736 746 826 764 tamen
836 736 881 762 lib.
894 745 919 766 7.

118 779 153 808 de
165 780 294 808 Civitate
304 779 360 807 Dei
373 789 429 817 cap.
443 789 489 816 35.
500 779 533 807 de
544 779 753 815 Hydromautia
764 776 822 804 liasc
832 775 920 804 habet:

122 826 135 855 [
148 820 251 851 Quibus
261 819 319 847 haec
328 819 425 847 artibus
436 819 500 847 fiant
511 841 518 852 ,
529 820 578 858 ipsi
592 819 712 846 viderint
725 838 731 844 .
752 817 829 852 Nolo
847 816 921 843 enim

120 861 213 889 dicere
234 859 281 887 has
292 868 361 887 artes
370 860 453 887 etiam
472 869 535 888 ante
558 859 643 887 nostri
653 857 798 887 Salvator-is
820 856 922 884 adven-

119 911 178 930 tum
189 901 219 929 in
230 901 291 938 ipsis
299 900 471 928 Civitatibus
482 900 608 938 gentium
627 899 730 937 legibus
747 897 835 926 solere
856 907 917 934 pro<

117 941 219 974 hiberi,
231 944 257 969 ὅ(
270 950 350 978 poena
359 939 524 969 severiffima
534 940 677 969 vindicari.
690 940 767 968 Nolo
778 960 785 971 ‚
798 938 918 975 iuquam,

117 983 209 1010 dicere
222 992 228 1009 :
241 979 356 1011 fortaffis
366 981 444 1009 enim
454 981 517 1009 talia
529 992 592 1009 tunc
603 981 734 1009 licebant.
748 982 759 1011 ]
777 982 817 1007 Ex
829 979 922 1015 quibus

119 1023 266 1051 Gratianus
278 1042 286 1054 ,
303 1019 347 1049 seu
358 1021 425 1049 alius
434 1021 566 1060 quispiam
578 1022 647 1049 male
657 1029 776 1048 verterat
786 1040 792 1047 .
812 1018 864 1046 Sed
876 1019 922 1047 lib.

117 1064 151 1092 de
160 1063 279 1091 divinat.
290 1062 463 1090 Doemotium
474 1071 512 1089 to.
526 1073 551 1100 3.
564 1062 605 1090 nil
619 1062 674 1090 five
685 1071 765 1098 pauca
776 1060 810 1088 de
820 1058 852 1086 iis
864 1059 920 1098 egit

979 578 1028 606 pro
1038 578 1111 606 aquae
1124 568 1306 596 instrumento
1316 566 1459 596 libratorio
1468 577 1610 606 accipitur,
1621 567 1695 606 quod
1705 577 1718 595 a
1728 567 1779 599 Sy-

977 609 1051 637 nesio
1062 606 1149 647 Episc.
1163 608 1241 645 epist.
1257 619 1265 635 i
1276 618 1300 642 5.
1312 608 1348 635 ita
1360 606 1535 636 descnbitur:
1551 611 1614 643 [Eo
1625 607 1682 636 sum
1693 605 1778 634 infor-

979 650 1051 677 tunii
1061 648 1182 677 redactus
1195 670 1202 680 ‚
1213 658 1242 676 ut
1252 647 1441 687 hydr-oscopio
1450 659 1517 687 opus
1528 647 1648 681 habeam,
1658 647 1719 683 jube
1730 647 1778 673 mi-

982 689 1013 717 hi
1026 689 1145 717 fabi-'icari
1158 710 1163 719 ‚
1182 699 1210 716 ac
1220 689 1308 716 coemi
1320 708 1327 715 .
1350 689 1468 718 Tubulus
1479 689 1516 718 est
1534 688 1656 724 cylindri
1666 686 1779 726 figuram

979 729 1086 762 liabens,
1095 729 1167 757 tibia:
1180 729 1371 768 magnitudine
1381 750 1389 762 ,
1408 739 1487 768 atque
1501 729 1586 757 forma
1596 750 1603 756 .
1624 729 1679 758 Hic
1689 736 1779 755 muna

986 770 1091 798 redacta
1102 770 1173 797 linea
1183 769 1326 798 incisiones
1336 769 1416 798 habet
1426 791 1434 803 ‚
1453 770 1547 808 qulbus
1564 778 1692 808 aquarum
1703 766 1780 796 libra-

980 819 1103 839 mentum
1112 808 1301 848 cognoscimus
1312 823 1323 843 ,-
1345 810 1452 838 obturat
1469 820 1544 838 enim
1556 810 1634 838 illum
1644 810 1728 837 altera
1747 817 1780 835 ex

980 859 1055 889 parte
1065 860 1147 878 conus
1157 849 1282 888 aequabili
1291 850 1409 888 politura
1420 850 1553 880 'insertuss
1574 851 1612 878 ita
1622 860 1652 878 ut
1661 857 1781 877 commu*

986 892 1029 919 nis
1049 891 1080 919 sit
1091 891 1231 918 amborum
1243 890 1305 918 basis
1314 911 1322 922 ‚
1339 891 1424 924 coni,
1444 891 1575 920 videlicet
1584 912 1592 923 ‚
1614 900 1692 928 atque
1704 887 1760 916 tubi
1773 907 1780 913 .

981 933 1042 960 Hoc
1055 929 1141 968 ipsum
1155 931 1203 963 est,
1214 930 1287 968 quod
1297 931 1430 966 baryllum
1440 931 1587 969 appellant.
1598 931 1658 968 Jam
1669 939 1728 958 cum
1739 937 1780 956 tu-

980 972 1072 1000 bulum
1082 971 1148 999 inde
1159 969 1280 1009 posueris
1292 992 1300 1003 ‚
1311 971 1411 999 erectus
1421 971 1489 1000 subit
1499 992 1506 1004 ‚
1516 981 1545 999 ut
1555 972 1585 999 in
1595 981 1627 999 eo
1637 969 1780 998 incisiones

985 1012 1064 1040 facile
1077 1021 1217 1040 numerare
1227 1010 1318 1049 poffis,
1331 1022 1363 1039 ex
1374 1012 1469 1049 quibus
1478 1011 1670 1040 libramentum
1679 1018 1782 1048 cogno-

980 1052 1066 1081 scitur
1078 1072 1084 1079 .
1097 1053 1108 1082 ]
1134 1051 1207 1080 νπὲρ
1224 1052 1368 1087 Baryllum
1378 1071 1384 1078 .

122 1102 291 1142 Augustinus
304 1122 310 1129 .
323 1102 449 1131 Gratiani
460 1111 552 1130 tamen
562 1102 721 1131 Postillator
731 1101 868 1130 Ifidorum
878 1100 923 1128 lib.
941 1095 1124 1123 Hrkmfiuus
1139 1113 1145 1124 ‚
1159 1102 1234 1120 erant
1248 1093 1305 1125 ¹111,
1329 1092 1374 1131 qui
1389 1101 1499 1130 proprer
1510 1091 1631 1120 enormia.
1651 1089 1789 1130 &gravia

123 1149 147 1171 8.
159 1143 313 1181 etymolog.
323 1152 380 1180 cap.
390 1153 418 1178 9.
429 1142 505 1171 citat.
519 1144 563 1172 De
585 1143 644 1171 aliis
660 1142 789 1171 similibus
798 1140 923 1179 supersti—

118 1184 193 1212 tiosis
201 1183 298 1211 artibus
309 1203 316 1210 .
339 1182 412 1211 Vide
422 1182 467 1210 hic
480 1187 602 1221 Caragus
613 1203 620 1210 .
633 1186 773 1220 Extipices
786 1202 792 1208 .

83 1225 290 1253 Hmitomsu
302 1245 309 1256 ‚
330 1221 474 1260 ὐδρομύςης
485 1245 493 1256 ,
512 1225 558 1263 qui
576 1233 667 1252 curam
678 1222 757 1251 habet
770 1232 798 1250 in
809 1221 924 1250 Ecclesia

120 1264 285 1293 conficiendi
304 1273 397 1301 aquam
416 1264 584 1292 benedictam
597 1285 604 1296 ‚
626 1267 653 1292 δ(
674 1264 767 1292 eadem
779 1262 922 1291 Eccleliam

120 1305 253 1333 intrantes
263 1302 405 1342 aspergere
417 1324 424 1331 .
448 1305 572 1340 Synefius
583 1303 660 1342 epist.
677 1314 740 1332 121.

80 1346 374 1374 Hronopimsuiae
387 1365 395 1376 ,
414 1341 635 1384 ύδροπραεεῖῒαι,
653 1343 778 1373 haeretici
791 1365 798 1376 ‚
818 1342 864 1381 qui
877 1352 924 1380 pu-

119 1396 176 1415 ram
194 1395 290 1424 aquam
311 1385 340 1412 in
352 1383 428 1413 Miss'a
437 1384 585 1414 offerebant
598 1396 604 1415 ;
630 1384 694 1413 inde
707 1384 823 1423 Aquarii
840 1392 921 1411 etiam

122 1426 253 1465 appellati
272 1424 333 1452 sunt
342 1445 349 1452 .
371 1425 444 1452 Vide
457 1429 600 1464 Aquariis
622 1435 716 1453 contra
735 1435 802 1462 quos
822 1425 857 1451 D.
879 1425 923 1461 Jo.

118 1465 337 1503 Clirysostomus
357 1464 499 1504 scripserat
509 1487 517 1499 ‚
536 1476 569 1493 ex
589 1475 663 1500 cuius
683 1466 845 1493 auctoritate
856 1464 925 1492 male

121 1508 265 1536 intellesta
275 1506 394 1535 Armeni
404 1505 507 1537 sedueti
519 1528 527 1539 ‚
537 1506 570 1535 ad
578 1506 651 1534 aliud
661 1506 761 1534 erroris
772 1514 923 1532 extremum

121 1547 289 1576 cxcess‘erunt
300 1568 308 1580 ‚
329 1556 387 1574 non
403 1546 560 1577 adhibendo
580 1556 654 1585 aquae
672 1556 762 1585 guttas
781 1546 810 1572 in
822 1545 906 1573 calice
917 1566 924 1576 ,

119 1588 209 1617 solum
229 1587 295 1616 vinu
302 1597 328 1615 m
346 1585 490 1616 offerentes
501 1608 509 1620 ,
533 1597 648 1626 quorum
665 1597 741 1615 error
762 1585 792 1614 in
811 1585 925 1620 Syiiodo

120 1629 251 1659 Trullana
260 1639 318 1656 can.
331 1634 378 1665 36.
389 1628 529 1657 damnatus
540 1628 589 1656 fuit
601 1648 608 1654 .
630 1626 924 1665 Hydroparastatarum

119 1678 210 1699 autem
221 1668 347 1697 seduftor
358 1669 482 1696 Marcion
495 1668 545 1698 suit
556 1690 564 1701 ‚
586 1668 632 1707 qui
641 1668 752 1697 docebat
762 1676 866 1695 merum
875 1665 926 1694 ess'e

120 1710 223 1739 diaboli
244 1709 406 1748 sanguinem
418 1730 425 1742 ,
444 1709 492 1747 qui
513 1719 541 1738 ut
554 1708 713 1738 fabulabatur
724 1709 839 1737 Severus
850 1729 858 1740 ,
880 1705 926 1734 sub

120 1751 209 1780 forma
218 1750 352 1791 serpentis
361 1759 422 1777 cum
433 1759 506 1778 terra
517 1749 563 1778 sub
576 1749 696 1777 soeminae
714 1749 800 1787 figura
811 1750 926 1782 conjun-

120 1793 178 1820 &us
188 1791 273 1820 fuerat
283 1812 291 1823 ,
311 1794 338 1819 &
350 1801 411 1818 tiata
422 1792 459 1819 est
472 1791 537 1819 vitis
549 1812 556 1823 ‚
575 1801 608 1818 ex
621 1800 672 1828 qua
684 1790 769 1818 fabula
781 1789 862 1816 etiam
871 1788 926 1816 ori-

119 1833 215 1872 ginem
226 1831 319 1859 habuit
331 1830 546 1859 Manichaeorum
557 1841 632 1859 error
645 1852 652 1864 ,
663 1831 710 1869 qui
722 1829 814 1858 sellem
825 1828 926 1857 diaboli

120 1874 220 1902 vinum
229 1870 280 1900 ess'e
298 1871 445 1900 afferebant
455 1893 462 1904 ,
485 1876 511 1900 &
524 1881 650 1909 tempore
663 1871 761 1900 Leonis
772 1872 851 1908 Papae
871 1879 926 1897 non

121 1913 211 1941 conse(
220 1913 310 1941 rabant
321 1912 366 1941 sub
375 1911 464 1950 specie
474 1913 552 1941 vini.
564 1913 589 1940 S.
599 1914 644 1950 Jo.
655 1910 871 1946 Chrysostomus
883 1931 890 1942 ,
900 1913 926 1937 ὃ(

122 1955 244 1983 Irenaeus
258 1954 391 1981 Ebionem
401 1952 503 1982 ratium
514 1952 592 1988 hujus
602 1952 710 1980 haerefis
720 1952 926 1980 austoremAER.

121 1996 256 2023 Baronius
266 2003 358 2021 tamen
370 1996 423 2021 An.
439 2004 503 2029 174.
514 2003 589 2021 num.
601 2004 628 2031 3.
651 1992 796 2021 Tatianum
805 2002 838 2019 ex
850 1990 928 2025 Syria

119 2034 294 2063 Platonicum
303 2034 386 2062 refert
407 2044 440 2061 ex
452 2035 488 2062 D.
500 2034 657 2072 Augustino
675 2032 811 2070 aquarium
830 2029 927 2062 fuifl‘e5

118 2073 169 2103 sed
189 2084 282 2102 revera
293 2074 496 2103 marcionistam
508 2073 580 2102 hunc
591 2072 667 2102 fuiss‘e
682 2084 716 2101 ex
737 2072 834 2101 eodem
848 2074 929 2100 Baro-

121 2114 172 2144 nio
183 2114 283 2142 ibidem
294 2125 351 2149 n.5.
362 2118 389 2142 δε
400 2113 475 2153 seqq.
488 2114 602 2142 constat:
616 2115 632 2148 Η
644 2125 650 2141 ε
662 2113 747 2142 Aliud
756 2122 840 2151 genus
851 2121 928 2150 aqua—

122 2155 226 2183 riorum
237 2155 416 2192 reperiebatur
428 2177 435 2187 ,
454 2155 501 2193 qui
514 2164 605 2182 tamen
615 2153 761 2183 Catholici
771 2161 865 2182 erants
884 2150 930 2179 sed

124 2195 154 2223 in
164 2194 240 2223 Missa
252 2217 257 2227 ,
270 2204 328 2232 quae
341 2195 522 2223 celebrabatur
533 2195 566 2223 de
575 2205 653 2223 mane
664 2216 672 2227 ,
682 2203 774 2232 aquam
783 2191 930 2220 offerebant

121 2236 158 2264 ob
167 2245 271 2264 metum
282 2257 290 2267 ‚
301 2245 335 2262 ne
346 2236 376 2263 ab
387 2236 474 2263 odore
487 2235 546 2264 vini
559 2245 689 2274 tanquam
698 2233 841 2262 Catholici
854 2233 929 2260 dete-

123 2285 254 2314 gerentur
264 2286 277 2304 a
288 2275 524 2313 persequutoribus
535 2275 610 2306 fidei,
622 2286 651 2303 in
662 2273 796 2303 sacrificio
806 2283 873 2301 vero
885 2283 930 2301 ve-

125 2316 250 2354 spertino
262 2317 358 2344 vinum
376 2314 522 2344 offerebant
534 2338 540 2347 ,
562 2326 658 2343 contra
675 2323 791 2353 quorum
808 2323 929 2341 errorem

123 2358 148 2386 ὃ.
160 2357 320 2396 Cyprianus
330 2355 522 2395 scripseranv.
535 2359 692 2387 Baroii.An.
710 2367 723 2384 z.
731 2364 835 2392 57·¹¹·9·
845 2358 874 2383 ὃς
887 2364 929 2382 io.

982 1134 1080 1162 delicta
1091 1133 1231 1160 manebant
1241 1131 1286 1160 sub
1296 1132 1343 1160 dio
1355 1142 1440 1170 propte
1452 1133 1723 1170 Ecclefiam,ageiites
1735 1140 1783 1168 pu-

981 1174 1075 1202 blicam
1086 1173 1298 1210 poeiiitentiam5
1317 1173 1457 1201 nonenim
1468 1172 1572 1201 admissi
1594 1182 1673 1201 erant
1694 1172 1724 1199 in
1735 1174 1782 1199 Ec-

982 1214 1067 1242 cleiiae
1080 1213 1188 1252 porticu
1198 1223 1259 1241 cum
1271 1214 1329 1241 aliis
1340 1213 1538 1251 poenitentibus
1549 1234 1555 1240 .
1581 1219 1592 1248 [
1605 1217 1657 1242 Eos
1667 1234 1675 1245 ‚
1687 1222 1732 1250 qui
1743 1221 1783 1238 ra-

985 1255 1069 1282 tionis
1079 1254 1202 1291 expertia
1213 1264 1360 1281 animantia
1372 1254 1535 1286 inierunt,&
1546 1254 1591 1292 qui
1603 1253 1700 1291 leprosi
1711 1251 1782 1283 sunt,

982 1296 1027 1323 vel
1038 1294 1146 1322 filerunt
1156 1315 1164 1326 ,
1182 1293 1256 1328 juffit
1275 1295 1367 1321 Sancta
1385 1295 1510 1328 Syiiodus
1530 1294 1604 1322 inter
1621 1293 1782 1327 hyemantes

984 1345 1062 1363 orare
1073 1355 1079 1362 .
1097 1335 1211 1363 concii.
1226 1336 1330 1369 Ancyr.
1340 1344 1397 1361 can.
1414 1345 1456 1366 17.
1475 1334 1544 1372 apud
1555 1332 1741 1363 Balsamonem
1751 1352 1757 1358 .
1769 1332 1781 1361 ]

981 1376 1025 1403 De
1036 1375 1078 1403 his
1092 1375 1165 1403 euim
1176 1374 1301 1412 loquutus
1311 1374 1348 1402 est
1359 1375 1540 1402 Tertullianus
1552 1395 1559 1407 ,
1579 1375 1623 1402 ubi
1634 1374 1668 1402 de
1679 1372 1784 1411 pudici—

983 1416 1018 1443 tia
1030 1426 1110 1454 agens
1121 1436 1128 1447 ,
1140 1414 1173 1442 sic
1186 1414 1293 1452 inquit:
1318 1420 1330 1449 [
1343 1414 1472 1452 Reliquas
1482 1425 1568 1443 autem
1578 1414 1724 1443 libidinum
1743 1412 1783 1439 fu-

983 1456 1033 1485 rias
1043 1456 1137 1494 impias
1150 1476 1158 1486 ,
1169 1458 1195 1482 8<
1208 1455 1237 1482 iii
1246 1464 1360 1492 corpore
1372 1475 1380 1487 ‚
1391 1456 1418 1482 δε
1430 1465 1459 1482 in
1470 1454 1535 1482 sexu
1544 1456 1659 1489 ultrajus
1671 1461 1783 1484 naturae,

980 1507 1040 1524 non
1052 1497 1135 1524 modo
1146 1494 1245 1523 limine
1257 1516 1264 1527 ,
1286 1504 1382 1523 verum
1399 1496 1481 1523 omni
1492 1495 1616 1523 Ecclcfiae
1637 1495 1710 1522 tecto
1727 1492 1785 1520 sub-

982 1547 1124 1565 movemus
1135 1558 1142 1568 ,
1154 1536 1285 1573 quianon
1296 1534 1358 1563 suut
1369 1535 1468 1563 delicta
1480 1557 1488 1568 ,
1500 1534 1546 1563 scd
1556 1534 1674 1563 monstra
1685 1554 1691 1561 .
1705 1536 1716 1565 ]
1737 1532 1783 1561 Est

981 1587 1068 1606 autem
1080 1577 1148 1605 scitii
1160 1576 1274 1614 dignuin
1284 1596 1292 1608 ,
1305 1576 1379 1614 quod
1389 1575 1418 1603 iri
1429 1576 1570 1614 primitiva
1580 1574 1696 1605 Ecclesia
1706 1573 1787 1612 quin-

983 1629 1034 1657 que
1045 1618 1143 1657 gradus
1154 1618 1260 1655 publice
1271 1616 1471 1653 poenitcntium
1483 1617 1597 1649 fuerant,
1608 1616 1642 1644 de
1656 1615 1749 1653 quibus
1759 1614 1784 1641 S.

982 1662 1102 1697 Gregor.
1112 1658 1326 1694 Thaumaturgus
1338 1658 1510 1685 mentionem
1524 1657 1587 1685 facit
1598 1676 1605 1683 .
1616 1655 1702 1684 Primi
1712 1654 1786 1682 enim

983 1701 1092 1728 Flentes
1106 1721 1113 1731 ‚
1125 1699 1169 1727 seu
1179 1703 1311 1734 Lugentes
1321 1719 1330 1730 ‚
1352 1701 1379 1726 ὃ(
1402 1707 1416 1725 a
1424 1698 1528 1726 Latinis
1538 1703 1705 1735 Hyemantes
1716 1704 1786 1722 nun-

985 1741 1166 1778 cupabantur:
1189 1737 1219 1765 hi
1231 1737 1324 1766 cilicio
1334 1738 1423 1765 induti
1435 1759 1442 1770 ,
1457 1741 1483 1766 ὃ(
1494 1748 1570 1766 extra
1580 1735 1727 1765 Ecclesiam
1736 1733 1787 1761 hu-

984 1782 1021 1808 mi
1034 1780 1160 1819 prostrati
1178 1789 1191 1806 a
1201 1778 1323 1806 fidelibus
1334 1777 1478 1806 Ecclesiam
1497 1777 1660 1806 intrantibus
1678 1774 1787 1803 veniam

986 1822 1020 1849 de
1029 1819 1176 1849 commiffis
1186 1817 1319 1846 scandalis
1329 1818 1477 1855 poscebant
1489 1840 1495 1851 ,
1509 1819 1541 1847 de
1553 1818 1647 1857 quibus
1659 1816 1687 1844 in
1696 1816 1723 1844 d.
1734 1823 1787 1842 tra-

986 1863 1048 1890 ἑὶειῐ.
1061 1862 1094 1891 de
1104 1859 1234 1901 pudicitia
1244 1868 1300 1897 cap.
1311 1869 1338 1896 3.
1349 1859 1532 1887 Tertullianus
1542 1860 1589 1886 ait:
1604 1854 1786 1892 [Concilicia-

987 1912 1030 1930 tos
1042 1924 1049 1935 ‚
1059 1902 1249 1930 concineratos
1261 1921 1268 1931 ‚
1279 1909 1339 1926 cuni
1350 1899 1482 1928 dedecore
1493 1920 1500 1931 ,
1510 1903 1537 1927 ὃ(
1549 1899 1664 1926 hori-ore
1674 1904 1788 1932 compo-

988 1944 1050 1971 litos
1060 1964 1068 1975 ‚
1080 1942 1226 1980 prostratos
1239 1941 1267 1967 in
1277 1940 1396 1967 inedium
1406 1949 1469 1968 ante
1479 1939 1574 1968 viduas
1584 1961 1592 1971 ,
1605 1948 1665 1967 ante
1674 1934 1788 1969 Presby-

988 1993 1060 2012 teros
1070 2005 1078 2016 ,
1089 1991 1215 2011 omnium
1225 1981 1356 2016 lacrymas
1368 1979 1509 2008 suadentes
1519 2001 1526 2013 ,
1536 1980 1662 2008 omnium
1673 1976 1788 2014 vestigia

987 2025 1137 2052 lambentes
1148 2044 1156 2056 ‚
1175 2021 1302 2049 omnium
1320 2031 1408 2061 genua
1430 2020 1586 2049 detinentes
1597 2040 1603 2047 .
1615 2021 1626 2050 ]
1652 2017 1789 2046 Secundus

987 2073 1189 2102 poenitentium
1200 2062 1269 2089 ordo
1278 2071 1372 2090 eorum
1383 2071 1459 2089 erant
1472 2082 1479 2092 ,
1491 2061 1538 2099 qui
1550 2061 1704 2090 Audientes
1714 2058 1789 2099 dice-

989 2106 1102 2135 bantur5
1124 2104 1152 2132 hi
1165 2112 1279 2141 namque
1300 2112 1328 2130 in
1348 2101 1488 2130 Nax-thece
1506 2111 1567 2129 cuni
1575 2100 1789 2128 Cathecumenis

988 2144 1092 2173 admissi
1105 2154 1183 2173 erant
1194 2166 1202 2177 ,
1215 2143 1309 2181 quibus
1318 2142 1410 2171 audire
1421 2142 1532 2170 verbum
1542 2142 1598 2170 Dei
1616 2137 1789 2177 permitteba-

988 2196 1032 2214 tur
1043 2197 1050 2216 ς
1063 2185 1167 2223 expulfi
1179 2193 1270 2212 tamen
1281 2193 1357 2211 erant
1368 2192 1489 2220 tempore
1498 2180 1790 2210 consecrationis-'ser-

988 2227 1020 2254 tii
1032 2227 1194 2255 vocabantur
1203 2225 1337 2261 substrati
1350 2245 1358 2257 ‚
1384 2223 1430 2251 vel
1442 2223 1557 2258 subjecit
1568 2233 1574 2249 :
1594 2230 1656 2260 quia
1667 2219 1788 2256 aliquan-

989 2277 1018 2294 to
1028 2268 1129 2296 diutius
1141 2275 1202 2294 cum
1221 2266 1278 2296 illis
1295 2264 1509 2293 Cathecumenis
1531 2260 1787 2302 permaiiebant3f1C

989 2306 1112 2336 substrati
1132 2306 1299 2344 recipiebant
1317 2306 1346 2333 ab
1358 2303 1494 2342 Episcopo
1503 2301 1786 2341 mauuuiiiimpoilflo-

990 2358 1052 2377 nem
1062 2370 1070 2383 ,
1093 2348 1138 2387 qui
1158 2346 1238 2387 super
1256 2357 1300 2376 eos
1312 2346 1414 2385 aliquas
1432 2354 1523 2384 preces
1533 2343 1675 2372 recitabat:
1699 2341 1711 2369 [
1722 2336 1787 2364 Sub-

1682 2375 1746 2409 stra-
