1866 2526
122 151 156 170 ta
167 162 174 170 .
186 143 244 170 PR.
257 149 324 179 puto
336 162 344 173 ‚
359 140 435 179 quod
454 150 468 168 a
485 139 565 178 Nyffa
575 159 582 170 ,
597 147 696 175 nempe
706 158 713 169 ‚
725 135 833 174 septum
845 156 852 167 ,
864 144 926 168 ety-

126 192 194 211 mon
203 181 293 210 trahat
307 184 392 218 Naſja
401 180 517 208 latinum
529 201 535 212 ‚
550 179 702 216 italumque
712 177 874 204 vocabulum
883 173 926 201 se-

122 232 200 262 ptum
213 244 219 255 ,
231 220 339 251 scilicet
349 244 356 255 ‚
366 232 402 250 ex
415 220 566 250 viminibus
576 227 738 247 contextum
748 238 756 250 ‚
769 217 840 244 intra
850 215 924 254 quod

120 265 269 301 ,capiuntur
291 261 377 301 pisces
388 283 396 289 .

82 306 182 338 Nrsus
193 324 200 331 ,
214 306 271 333 FR.
283 313 338 332 vox
351 300 514 338 Syracusana
524 322 532 334 ‚
553 300 637 331 idest,
650 297 780 327 claudus-5
800 296 862 324 ideo
873 296 925 332 Sy-

123 344 241 373 racusani
256 343 389 372 Bacchum
401 346 455 371 Dio
466 343 562 382 nysam
575 351 608 368 ex
617 337 688 373 Διὸς
698 359 705 369 ,
717 341 746 366 &
757 333 855 372 Νὖσος
865 358 872 369 ,
883 337 924 364 id-

122 102 179 141 ptis
192 98 379 133 cohibentem,
393 99 490 137 procul
499 109 512 127 a
522 106 593 126 meta
604 98 749 124 curramus.
760 95 771 125 ]
784 91 857 123 Vide
868 98 937 203 ΜἿ

1273 33 1380 91 ΟΒ

980 99 1082 121 vocant
1091 114 1099 126 ‚
1111 91 1159 132 qui
1170 103 1204 122 ex
1215 93 1372 123 obedientia
1383 90 1475 122 oinnia
1485 92 1589 123 faciunt
1600 117 1608 130 ‚
1620 93 1775 127 osculantur

980 133 1007 161 se
1018 144 1116 162 mutuo
1129 144 1162 162 ex
1174 134 1334 162 obedientia
1343 156 1352 167 ,
1374 137 1401 162 ὃ(
1412 135 1463 163 alia
1482 130 1634 173 turpissima
1652 137 1753 166 faciunt
1765 159 1774 171 ,

979 184 1041 213 quae
1054 172 1203 203 honestatis
1211 175 1299 213 gratia
1311 175 1546 212 praetermittenda
1558 185 1635 213 puto,
1646 188 1675 207 ut
1686 178 1776 216 patuit
1788 185 1798 195 '
1821 173 1824 177 ¹

978 216 1012 244 de
1023 214 1157 259 societate
1166 215 1299 243 Barelotti
1311 216 1442 244 Bononiae
1455 238 1463 249 ‚
1481 217 1530 255 qui
1539 220 1631 248 omnia
1641 218 1774 248 habebant

978 265 1132 284 communia
1144 277 1151 288 ,
1162 265 1259 284 uxores
1272 255 1343 283 filios
1355 277 1363 288 ‚
1373 256 1495 284 divitias.
1506 259 1691 288 Ferdinandus
1701 261 1775 288 Cor-

977 296 1100 366 gubenfis
1112 296 1143 324 in
1154 297 1230 324 tract.
1241 296 1274 324 de
1285 296 1430 336 exigendis
1438 297 1546 326 annatis
1554 321 1562 332 ,
1583 311 1641 339 cap.
1653 301 1687 329 de
1696 300 1775 330 Obe-

1001 347 1069 365 ient.

125 386 164 426 est
175 406 183 417 ,
202 386 332 423 Juppiter
341 384 460 412 Claudus
470 381 644 420 appellabant
655 399 663 407 .
686 380 760 408 Nam
769 399 778 411 ‚
797 387 827 406 ut
836 376 922 406 refert
935 379 1134 409 ΟΒεῡιεΝτιΑ
1147 396 1154 404 .
1178 379 1235 406 FR.
1248 376 1277 406 in
1286 388 1344 406 can.
1355 376 1495 406 sciendum
1507 401 1514 410 .
1537 385 1562 409 8.
1574 392 1602 420 q,
1618 393 1640 410 1,
1653 382 1688 411 fic
1701 391 1773 409 com.

128 427 248 455 Nonnus
270 425 299 453 in
310 424 501 460 Dionyliacis.

241 480 301 484 -·-
318 465 441 502 Capiens
462 461 610 491 Atlantide
632 461 733 489 Cretus

168 506 244 536 Hinc
255 504 389 534 Bacchum
399 526 406 537 ‚
419 513 501 542 patris
510 502 591 530 illum
603 501 637 529 de
645 501 760 529 nomine
768 498 843 528 dixit

166 548 234 576 Mox
245 544 393 580 dionysum
404 567 412 578 ,
423 544 498 583 quod
510 543 615 582 gestans
626 541 685 570 haec
696 541 818 579 pondera
827 548 903 568 tanta

164 588 274 624 Poplite
292 585 400 613 claudus
422 595 455 613 iit
467 583 608 613 Saturnius
630 581 689 620 ipse
710 590 824 620 gravato
835 601 842 608 .

164 630 293 664 *Namque
303 625 437 662 Syracuiii
459 624 541 653 solita
561 623 625 653 sunt
643 623 735 651 dicere
753 620 864 657 Nysum
874 642 882 654 ,

165 668 305 697 Claudum
316 687 323 695 .
346 667 402 695 Hic
424 665 519 694 astutus
529 687 537 698 ‚
560 674 647 703 nuper
669 661 800 700 natusque
811 670 923 690 vocatus

164 712 236 739 Tum
248 708 300 737 fuit
312 719 319 735 .·
332 706 387 745 ipse
400 717 496 745 parens
507 706 603 734 femori
612 714 728 742 namque
740 701 816 731 afluit
826 703 905 730 illum
916 722 922 729 .

125 750 210 789 Apud
221 750 460 779 Natal.Comitem
470 747 546 781 lib.5.
557 745 713 781 Mythol.c.
729 755 772 781 13.
784 743 857 771 Hinc
870 748 923 782 Ny-

121 793 186 829 seus
200 801 257 820 non
266 791 303 818 est
314 799 416 818 nomen
426 787 535 819 Bacchi,
544 786 590 814 sed
602 786 676 814 illius
687 784 922 823 patronymicum

133 843 162 861 in
172 842 227 870 quo
239 831 341 859 erravit
350 830 503 868 Calepinus
514 849 520 861 ,
532 836 561 855 ut
571 838 604 855 ex
614 826 706 856 Ovid.
717 826 766 853 lib.·
774 836 800 860 4.
814 828 923 853 Metam.

125 873 271 911 colligitur
283 893 291 905 ,
315 871 361 909 qui
385 870 419 898 lic
439 869 531 907 inquit
541 888 548 896 .

168 913 313 951 Thi-iraque
324 913 391 940 daut
404 932 411 943 ,
429 908 618 947 Bacchumque
630 917 730 937 vocant
741 927 750 940 ,
771 906 925 934 Bromium-

207 964 259 991 que
271 974 278 986 ,
302 955 478 990 Lycumque,

168 995 388 1033 Indigenamque
399 1014 407 1026 ‚
429 991 570 1029 satumque
590 990 690 1018 iterum
704 1009 712 1021 ‚
733 986 876 1026 solumque
887 986 926 1014 bi-

209 1045 324 1064 matrem
334 1055 341 1062 .

977 418 1120 447 mendatur
1132 429 1137 445 :
1159 418 1351 452 [obedientia
1369 418 1488 446 victimis
1504 422 1563 454 jure
1582 423 1753 461 praeponitur
1768 442 1775 453 ,

977 460 1040 499 quia
1050 469 1097 497 per
1115 458 1240 486 victimas
1253 459 1342 486 aliena
1350 469 1414 486 caro
1424 479 1432 491 ,
1456 469 1503 497 per
1512 461 1696 491 obedientiam
1708 472 1775 490 vei-0

978 500 1106 528 voluntas
1119 499 1228 537 propria
1249 500 1377 527 mastatur
1388 502 1440 527 διε.
1452 501 1527 538 quod
1536 512 1629 531 contra
1639 502 1774 532 ariolandi

977 550 1115 579 peccatum
1134 539 1324 568 inobedientia,
1343 540 1445 568 dicitur
1457 562 1465 573 ‚
1485 550 1516 568 ut
1537 552 1636 580 quanta
1645 544 1677 573 fit
1689 542 1775 573 vii-tus

975 580 1140 610 obedientiae
1159 580 1363 608 demonstretur
1374 600 1381 607 .
1406 584 1446 609 Ex
1470 581 1586 611 adverso
1604 594 1669 622 ergo
1679 585 1776 613 melius

978 621 1133 651 ostenditur
1144 621 1211 659 quid
1221 621 1254 648 de
1265 623 1321 656 ejus
1331 621 1408 649 laude
1417 620 1551 651 sentiatur
1560 643 1567 651 .
1579 624 1605 652 Si
1616 625 1692 652 enim
1704 623 1776 663 quast

978 671 1116 701 peccatum
1129 661 1262 689 ariolandi
1275 661 1312 689 est
1323 672 1483 699 repugnare,
1495 667 1521 692 δε
1535 664 1606 702 quali
1617 663 1700 693 scelus
1717 665 1779 693 ido·

976 703 1094 732 lolatriae
1108 702 1181 730 nolle
1191 700 1369 739 acquiescere‚·
1381 701 1437 730 sola
1448 703 1495 735 est,
1506 714 1564 743 quae
1575 704 1641 733 fidei
1651 705 1777 735 meritum

978 742 1095 782 poffidet
1107 742 1264 772 obedientia
1275 763 1282 774 ‚
1306 742 1361 770 line
1372 752 1422 780 qua
1444 743 1566 782 quisquis
1579 745 1700 775 infidelis
1710 757 1777 774 con-

979 785 1101 813 vincitur
1112 805 1119 816 ,
1143 784 1224 811 etiam
1235 782 1255 812 fi
1264 782 1353 812 fidelis
1361 782 1412 812 ess'e
1424 783 1548 813 videatur
1560 805 1567 813 .
1578 788 1590 817 ]
1603 787 1676 815 Vide
1685 788 1777 816 Obau-

978 826 1103 853 abentius
1113 845 1121 852 .

939 866 1180 896 Onnmmnniis
1191 885 1198 892 .
1222 866 1278 895 PR.
1290 858 1367 894 chor‘i
1377 866 1537 897 distributor
1546 888 1554 896 .
1579 868 1710 908 [Singuli
1724 869 1775 897 Ca—

983 906 1078 935 nonici
1091 927 1098 938 ,
1122 915 1168 944 qui
1178 905 1212 934 ad
1221 906 1368 934 matutinas
1376 905 1542 937 surrexerint
1553 930 1561 941 ,
1584 910 1718 947 accipiant
1730 920 1777 947 per

981 957 1072 975 manus
1084 946 1308 974 obedientialium
1317 968 1323 978 ,
1350 947 1396 984 qui
1409 948 1443 975 :id
1452 947 1504 976 hoc
1517 949 1626 977 fuerunt
1638 950 1757 978 instituti
1770 971 1777 982 ,

981 988 1047 1017 duos
1058 987 1184 1016 denarios
1203 990 1255 1014 δα.
1266 987 1416 1016 Innoccnt.
1428 990 1497 1021 Papa
1509 991 1567 1018 ΙΙΙ.
1587 991 1656 1028 apud
1667 991 1778 1029 Torrig.

981 1029 1014 1059 de
1024 1030 1126 1066 Crypr,
1139 1027 1229 1056 Vatic.
1241 1026 1358 1065 impres’I
1371 1039 1396 1056 ι..
1406 1038 1467 1067 pag.
1480 1037 1547 1067 306.

168 1076 292 1106 Additur
312 1075 354 1104 his
372 1072 535 1112 Nyseusque
554 1093 562 1106 ,
585 1068 797 1108 indetonsusque
825 1068 908 1108 Thyo
940 1070 1111 1100 Ofiliuscus
1123 1091 1130 1102 ‚
1141 1072 1169 1096 δε
1181 1068 1281 1099 obelus
1293 1088 1301 1096 .
1312 1068 1386 1096 Vide
1397 1071 1551 1108 Astemscus
1562 1091 1568 1098 .

207 1129 273 1148 neus
283 1141 291 1152 ,

169 1163 205 1190 Et
226 1170 287 1189 cum
310 1160 399 1187 laenco
420 1156 537 1196 genialis
559 1153 681 1184 consitor
702 1161 763 1181 uvae
777 1172 784 1179 .

126 1200 174 1230 Sic
186 1200 276 1230 Chori
291 1199 377 1235 nysrei
389 1202 514 1237 Pi‘opert.
526 1197 572 1224 lib.
584 1206 610 1233 3.
621 1195 692 1233 eleg.
708 1205 749 1226 17.
762 1193 865 1221 Paimes
874 1200 927 1226 ny-

127 1241 194 1270 saeus
205 1242 359 1280 vitigineus
369 1261 376 1268 .
389 1240 436 1268 Sil.
448 1239 494 1267 lib.
507 1247 534 1270 7.

170 1283 257 1311 festas
268 1281 362 1317 nysi-0
374 1280 503 1309 redimite
513 1277 625 1316 palmite
637 1274 743 1303 mensas
756 1293 763 1301 .

125 1324 213 1359 Quod
224 1333 275 1361 pro
286 1323 367 1351 libitu
377 1331 438 1349 cuni
449 1317 630 1357 diphthongo
642 1338 649 1349 ‚
661 1317 706 1345 vcl
718 1315 773 1342 line
784 1313 907 1342 scribitur
920 1334 926 1344 ,

127 1368 157 1393 δε
167 1364 241 1392 idem
251 1363 384 1403 fignificat
396 1373 424 1390 ac
436 1360 572 1390 Baccheus
587 1380 594 1390 ,
604 1358 670 1385 lice-t
680 1365 770 1384 autem
781 1354 928 1392 aliquando

128 1415 180 1443 pro
190 1406 273 1444 Nyseo
282 1427 289 1438 ,
313 1404 368 1432 sive
377 1404 464 1443 NJsao
474 1424 481 1434 ,
496 1400 588 1440 Nysias
599 1421 606 1431 ,
617 1398 746 1437 Nyseides
758 1417 765 1428 ,
777 1396 822 1423 vel
834 1397 928 1435 Nysei-

128 1448 174 1473 dis
184 1446 335 1484 reperiatur
347 1466 354 1477 ,
379 1453 407 1471 ut
418 1443 489 1481 apud
498 1440 588 1470 Ovid.
600 1450 627 1477 3.
651 1438 787 1466 Fastorum
798 1436 910 1464 liabetur
921 1445 926 1462 :

130 1486 300 1525 [Nympliae
316 1484 443 1520 nyseidcs
456 1486 467 1514 ]
490 1484 525 1510 ita
538 1482 621 1509 etiam
641 1489 691 1517 pro
700 1477 820 1506 Baccheo
831 1498 838 1508 ,
859 1482 929 1504 Bac-

132 1529 205 1559 cheis
218 1550 227 1561 ‚
248 1526 414 1556 Baccheidos
425 1523 566 1562 usurpavit
577 1522 675 1549 Statius
687 1531 712 1547 2.
722 1517 775 1553 syl.
794 1519 891 1555 Itaque
911 1516 929 1544 si

131 1579 197 1597 vei-:i
215 1568 277 1597 effet
297 1566 427 1604 Calepini
448 1563 556 1592 assertio
568 1583 575 1594 ‚
597 1559 713 1590 Bacchus
732 1557 930 1596 cognominari

130 1610 243 1638 deberet
255 1619 311 1636 non
320 1605 463 1642 Dionysus
475 1626 482 1638 ,
501 1603 547 1633 scd
559 1599 721 1636 dio-nyseus
733 1621 741 1632 ‚
760 1599 805 1627 vel
815 1599 931 1633 dio-ny-

130 1650 201 1679 saeus
212 1670 219 1677 .

307 1938 434 1967 senionis
443 1947 510 1964 nora
520 1956 526 1962 .
551 1934 624 1962 Vide
637 1935 742 1972 Ephron
759 1955 766 1961 .

305 2061 428 2094 batur,de
438 2070 489 2098 qua
500 2067 581 2097 poena
592 2057 624 2085 fit
633 2056 745 2085 mentio
758 2057 786 2084 in
798 2054 936 2084 Theodos.

132 2099 256 2131 Codice:
278 2109 292 2139 >[
303 2101 421 2132 Oasense
434 2098 625 2139 deportationi
636 2096 846 2135 confringendis
858 2117 866 2128 ‚
889 2096 936 2124 lib.

155 2164 162 2172 .
173 2154 216 2173 tit.
250 2156 274 2172 ι.

91 2155 273 2216 0139Auniz3u'i
281 2194 325 2212 ius
339 2205 346 2216 ,
368 2181 541 2211 obedientius
550 2200 558 2210 ,
580 2185 592 2214 [
605 2178 681 2215 Quid
692 2177 779 2217 igitur
788 2176 936 2205 obaudien-

133 2227 186 2254 tius
196 2224 283 2263 potest
293 2223 354 2256 elle,
366 2233 447 2262 quain
457 2220 604 2251 utchristi
612 2219 755 2258 sequamur
767 2217 935 2256 exemplum?

133 2269 172 2297 D.
184 2264 310 2296 Ambros.
321 2264 398 2302 epist.
410 2274 456 2300 32.

91 2309 224 2338 Onnum
236 2329 244 2340 ‚
265 2305 334 2344 quid
356 2303 492 2342 significet
514 2301 586 2340 apud
618 2299 820 2330 Tertullianum
830 2319 837 2326 .
862 2296 934 2326 Vide

134 2349 278 2377 Traduce,

93 2389 291 2419 Onnitnriis
302 2406 308 2415 .
331 2387 386 2417 PR.
399 2383 608 2415 Haereticorum
623 2381 694 2412 secia
703 2401 711 2410 0
736 2379 934 2417 [obedientes

934 1234 1061 1263 ίΟΒιῑεῑυς
1084 1253 1091 1260 .

643 1995 649 2002 .
684 1977 742 2004 FR.
766 1974 882 2003 exilium
905 1973 937 2001 ad

306 2020 443 2060 quendam
453 2016 578 2057 AEgypti
588 2016 678 2044 locum
692 2037 698 2048 ,
721 2015 766 2054 qui
777 2014 851 2052 Oasis
865 2014 938 2042 dice-

941 1112 1058 1140 OBEROS
1072 1130 1078 1137 .
1089 1112 1144 1139 FR.
1154 1110 1253 1138 Cui-tis
1264 1118 1385 1146 ruptura,
1397 1108 1441 1138 seu
1453 1110 1570 1148 agrcffio
1579 1111 1662 1140 curtis
1671 1111 1779 1143 alicnae,

986 1153 1003 1181 i.
1017 1152 1036 1180 si
1047 1152 1162 1182 mulier,
1181 1150 1198 1177 l.
1210 1150 1228 1178 fi
1240 1150 1298 1187 quis
1317 1150 1454 1188 peculium
1465 1173 1472 1184 ‚
1497 1152 1530 1179 de
1540 1151 1653 1181 homine
1665 1152 1695 1180 in
1704 1162 1780 1181 curte

983 1193 1071 1220 aliena
1084 1214 1091 1224 ‚
1102 1195 1129 1220 &
1141 1192 1159 1220 1.
1169 1191 1188 1219 si
1198 1190 1289 1220 servus
1301 1212 1308 1223 ‚
1318 1190 1351 1218 de
1362 1191 1447 1229 culpis
1455 1191 1599 1222 servorum
1610 1213 1617 1220 .

1120 1234 1177 1261 FR.
1197 1232 1227 1259 in
1245 1232 1347 1259 duobus
1366 1233 1512 1260 contrariis
1531 1233 1779 1271 fignificationibus

983 1273 1124 1311 usurpatur
1134 1285 1145 1305 ,·
1169 1272 1316 1310 aliquando
1327 1282 1403 1300 enim
1422 1274 1523 1310 obesus
1534 1295 1541 1305 ‚
1564 1274 1631 1301 teste
1641 1274 1760 1303 Nonnio
1771 1295 1779 1306 ,

983 1325 1033 1353 pro
1041 1313 1157 1352 gracili,
1169 1316 1196 1341 ὃ(
1206 1311 1317 1340 corroso
1327 1312 1456 1351 accipitur
1465 1334 1472 1344 ‚
1494 1313 1641 1351 aliquando
1653 1325 1720 1342 vero
1730 1324 1781 1352 pro

985 1355 1067 1383 crasso
1078 1376 1085 1387 ,
1098 1357 1125 1382 ὅ(
1135 1352 1252 1381 carnoso
1264 1374 1272 1384 ,
1296 1353 1393 1381 eodem
1402 1354 1523 1383 Nonnio
1535 1376 1543 1386 ,
1553 1358 1581 1382 ἃ.
1590 1355 1685 1383 Gellio
1696 1355 1741 1383 lib.
1753 1366 1780 1387 7.

985 1407 1008 1424 c.
1018 1407 1044 1428 7.
1055 1394 1164 1423 testibus
1178 1422 1181 1425 ,
1192 1392 1344 1422 desumitur
1356 1393 1403 1426 ‚in
1415 1404 1470 1432 quo
1482 1394 1620 1431 postremo
1630 1395 1780 1433 significatu

987 1438 1114 1474 Hypocr.
1127 1436 1155 1462 in
1164 1432 1325 1471 :iphorifinis
1335 1434 1430 1462 docuit
1442 1445 1446 1461 :
1462 1434 1583 1469 [Grafl3i‚
1597 1439 1624 1464 ὃ(
1633 1435 1710 1464 obesa
1722 1446 1781 1463 cor-

986 1487 1050 1515 pora
1062 1499 1068 1509 ,
1081 1486 1140 1514 quae
1151 1473 1290 1502 crescendi
1301 1473 1452 1502 mensuram
1461 1475 1652 1512 impleverint,
1665 1476 1781 1504 nificito

985 1518 1124 1546 ablatione
1134 1514 1271 1554 sanguinis
1282 1516 1440 1543 minuantur
1452 1535 1460 1547 ‚
1471 1515 1501 1542 in
1512 1516 1657 1552 paralysim
1669 1538 1675 1548 ‚
1687 1520 1713 1545 &
1724 1516 1783 1554 pes-

987 1558 1051 1587 sima
1063 1557 1219 1585 morborum
1232 1565 1333 1595 genera.
1345 1565 1497 1594 erumpere,
1508 1556 1536 1583 in
1546 1566 1603 1584 can.
1615 1567 1648 1584 ne
1660 1558 1737 1590 mles,
1750 1557 1783 1586 de

988 1598 1134 1628 consecrat.
1147 1597 1208 1626 dist.
1222 1607 1247 1632 5.

948 1643 1105 1672 Ossstcrio
1119 1660 1126 1671 ‚
1141 1648 1191 1677 pro
1205 1636 1458 1675 repraesentatione,
1471 1638 1516 1666 vel
1528 1637 1710 1677 ffiggestione:
1721 1644 1737 1673 s
1748 1639 1784 1666 In

990 1681 1106 1720 peccatis
1114 1679 1166 1707 effe
1177 1688 1294 1717 quatuor
1304 1679 1401 1717 gradus
1412 1679 1507 1707 dicunt
1521 1679 1611 1708 Sanc‘ti
1621 1679 1784 1708 Patres;Ob-

988 1723 1137 1759 Jeftionem
1150 1742 1157 1752 ,
1167 1720 1212 1748 seu
1222 1720 1342 1758 primum
1355 1729 1459 1748 motum
1471 1730 1477 1749 ;
1490 1719 1670 1747 luctationem
1681 1741 1688 1752 ,
1700 1717 1784 1747 allen-

989 1764 1093 1793 sionem
1103 1784 1110 1794 ‚
1130 1765 1158 1790 ὅ(
1168 1761 1255 1790 aestum
1265 1781 1271 1787 .
1296 1761 1420 1796 Quorum
1430 1760 1484 1788 duo
1495 1759 1606 1797 quidem
1619 1760 1707 1797 prima
1726 1770 1785 1787 non

982 1803 1037 1832 effe
1048 1813 1135 1841 poenae
1148 1803 1282 1831 obnoxi25
1306 1801 1336 1828 in
1347 1801 1401 1828 duo
1412 1809 1502 1828 :uitem
1516 1821 1523 1832 ,
1545 1810 1604 1838 quae
1616 1799 1766 1838 sequuntur
1776 1821 1784 1833 ‚

994 1854 1101 1883 poenam
1111 1843 1212 1871 cadere.
1223 1841 1374 1872 Balsamon.
1390 1842 1418 1869 in
1431 1852 1520 1876 canai.
1530 1842 1655 1870 Nicaenae
1668 1841 1784 1876 Synodi.

248 1905 263 1927 '.
281 1900 342 1927 PR.
365 1896 425 1925 haec
439 1895 531 1924 littera
543 1893 571 1920 in
581 1894 658 1922 Sacra
676 1892 813 1929 Scripmra
825 1893 862 1922 est
874 1902 933 1930 per-
948 1888 1131 1918 OBITORIUM
1144 1904 1150 1910 .
1174 1883 1247 1911 Vide
1268 1883 1454 1920 Necrologmm
1465 1902 1471 1909 .

949 1929 1116 1958 OBLAGmM
1128 1946 1135 1957 ‚
1146 1933 1274 1961 corrupte
1285 1933 1317 1951 cx
1328 1924 1437 1960 Eulogio
1448 1943 1454 1950 .
1468 1921 1628 1960 Usurpatur
1636 1921 1681 1949 hic
1692 1921 1786 1950 tei-mi-

990 1978 1039 1996 nus
1049 1976 1130 2005 penes
1139 1965 1310 2003 germanicos
1321 1962 1467 2001 scriptores
1486 1963 1517 1991 ad
1527 1962 1730 2001 significandum
1743 1972 1787 2000 pa-

991 2009 1032 2037 nis
1043 2030 1052 2041 ‚
1061 2011 1088 2035 Sc
1099 2006 1158 2034 vini
1170 2005 1337 2034 oblationem
1349 2026 1356 2037 ,
1369 2004 1404 2032 ibi
1417 2002 1544 2033 Parochis
1554 2006 1670 2042 projurc
1683 2003 1787 2031 sunem-

991 2051 1012 2078 li
1020 2049 1141 2078 debitam
1151 2067 1158 2075 .

950 2093 1095 2123 OBLATio
1107 2109 1113 2114 .
1126 2090 1183 2116 FR,
1203 2093 1216 2122 [
1229 2086 1298 2125 Ipsae
1308 2087 1382 2114 enim
1393 2097 1433 2114 res
1445 2085 1567 2114 fidelium
1578 2085 1730 2113 oblationes
1740 2094 1788 2123 ap—

992 2131 1132 2171 pellantur
1143 2150 1151 2162 ‚
1174 2139 1232 2166 quae
1253 2139 1266 2156 a
1279 2128 1403 2156 fidelibus
1414 2128 1538 2155 Domino
1547 2125 1697 2154 offeruntur
1709 2147 1717 2158 ‚
1727 2135 1785 2153 can.

992 2172 1130 2202 videntes,
1148 2181 1190 2197 12.
1201 2179 1277 2207 qu.i.
1291 2172 1326 2196 Et
1338 2178 1398 2206 quae
1409 2178 1459 2206 pro
1471 2167 1593 2195 remedio
1603 2174 1786 2205 peccatorum,

993 2214 1038 2243 vel
1048 2222 1097 2251 pro
1109 2209 1193 2238 salute
1204 2232 1211 2242 ‚
1222 2213 1249 2238 &-
1259 2210 1352 2246 requie
1365 2209 1517 2237 animarum
1528 2206 1634 2236 suarum
1643 2203 1785 2243 unusquis-

992 2264 1045 2293 que
1058 2250 1217 2281 Venerabili
1229 2250 1352 2278 Eccleiiae
1363 2249 1484 2276 contulit
1494 2270 1501 2281 ,
1513 2259 1574 2276 can.
1585 2248 1699 2284 indigne
1709 2267 1717 2277 ‚
1741 2253 1750 2271 1
1760 2254 1786 2271 2·

991 2293 1085 2333 quaest.
1097 2304 1122 2321 1.-
1134 2294 1146 2322 ]
1159 2292 1231 2319 Item
1244 2300 1294 2328 pro
1304 2289 1538 2318 benedictionibus
1548 2287 1708 2316 nubentium
1718 2305 1725 2316 ,
1736 2293 1785 2321 pro

990 2334 1114 2372 exequiis
1123 2341 1294 2360 mortuorum
1305 2352 1312 2363 ,
1329 2341 1379 2369 pro
1389 2329 1510 2358 emendis
1520 2329 1551 2356 in
1562 2326 1728 2355 absolutione
1738 2334 1785 2353 ex-

987 2373 1254 2405 communicatorum
1265 2393 1273 2407 ,
1291 2381 1344 2410 pro
1353 2371 1451 2409 legatis
1460 2369 1512 2408 piis
1521 2389 1530 2402 ,
1547 2376 1579 2398 ut
1591 2365 1735 2405 colligitur
1753 2376 1784 2395 ex

1691 2407 1745 2435 Ex-
