1866 2526
226 83 280 112 ex
305 63 567 113 Proverbiis,
598 58 850 102 Ecclefiastae
864 87 877 107 ‚
897 52 1115 115 Sapientia
1133 80 1148 102 ,
1177 51 1222 102 δε
1244 51 1553 94 Ecclesiastico.

101 140 132 161 to
142 126 282 170 originali:
294 125 331 154 ita
337 124 390 153 §.13
396 122 515 152 assHier.
524 124 553 151 &
565 122 638 157 Aug.
648 119 740 147 Docet
751 114 898 152 Chrysost.

105 181 200 200 omnes
209 167 333 198 homines
352 163 402 193 css'e
414 164 556 193 mendaces
577 160 697 198 respec'tu
709 159 762 188 Dei
773 177 781 191 ,
803 157 850 196 qui
862 155 899 184 est

104 211 206 242 summa
213 207 316 238 veritas
326 227 334 239 ‚
344 203 560 234 &immutabilis
571 222 578 230 .
588 203 729 231 creatura:
741 208 829 227 autem
838 196 901 226 sunt

108 250 248 284 mendaces
259 270 266 282 ,
289 245 358 276 idest
369 267 377 279 ‚
400 255 478 275 vanae
491 266 500 279 ‚
523 248 551 274 δε
573 240 732 272 mutabiles.

212 330 278 358 EX
320 322 758 357 PROVERBIIS.

68 412 156 442 CAP.
169 417 215 440 26.
235 420 262 440 v.
273 420 300 444 4.
321 414 334 444 s
345 411 391 438 Ne
408 407 572 446 respondeas
584 404 666 434 stulto
674 405 751 439 juxta
761 401 901 432 stultitiam

108 453 181 481 stain
193 473 200 484 ,
232 461 267 479 ne
294 450 421 478 efficiaris
437 451 463 478 ei
487 448 597 477 fimilis.
615 449 627 478 ]
651 444 750 474 Statim
769 450 837 473 vero
855 443 903 472 fibi

113 491 282 522 contradicit
295 489 372 519 versu
382 489 525 529 sequenti:
547 485 722 524 [Responde
740 485 903 521 stultojuxta
921 477 948 507 C

107 534 256 564 stultitiam
264 531 349 564 suam,
362 541 398 560 ne
407 531 455 561 fibi
465 529 570 568 sapiens
580 527 714 556 videatur.
728 527 740 557 ]
753 525 903 560 Quomodo

111 575 172 604 liat-c
184 573 292 612 possunt
303 571 408 601 servari
423 593 430 605 ,
450 571 470 600 fi
479 569 543 599 sunt
553 568 689 597 contraria
698 571 708 596 ἒ
717 565 885 605 Respondeo
895 586 901 592 .

109 614 205 644 Sensus
215 614 252 642 est
262 634 269 641 .
279 615 325 642 Ne
336 611 498 651 respondeas
509 611 592 639 stulto
603 608 692 637 verbis
701 630 708 641 ‚
727 607 790 646 quia
800 608 902 637 oleum,

107 660 137 685 δε
146 665 258 694 operam
266 653 379 692 perdes5
398 652 446 682 sed
457 652 610 681 verberibus
620 649 799 687 corripiendo
808 671 816 683 ,
836 646 904 684 ejus-

109 707 162 735 que
175 696 349 734 petulantem
360 694 481 732 linguam
490 691 661 721 coercendo÷
682 689 757 728 quod
775 690 845 718 clare
857 689 903 717 de-

109 737 241 765 monstrat
251 734 309 774 ipse
319 735 430 772 Sapiens
444 732 524 763 versu
545 732 681 771 superiori
691 730 803 758 dicens:
827 729 905 765 [Fla-

108 778 211 816 gellum
223 785 305 814 eque,
316 778 345 803 &
356 784 444 803 camus
453 774 569 806 annm&
580 773 658 810 vit-ga
669 772 698 799 in
709 769 792 799 dorso
802 771 905 809 impru-

107 817 258 847 dentium-1
271 815 369 844 Melius
380 824 472 843 tamen
482 813 656 852 explicari‚&
668 812 828 840 concordari
844 810 906 849 pos-

106 857 171 886 sunt
183 857 280 886 hiduo
289 858 401 884 Textus.
413 857 518 885 Primus
531 864 603 883 vetat
617 851 823 891 responlionem
835 855 907 884 juxta

108 898 254 927 stultitiam
265 918 273 930 ‚
284 896 416 926 nimirum
427 919 436 930 ,
449 907 483 925 ne
493 894 657 934 respondeas
670 893 761 926 stulte,
775 894 840 922 licut
851 892 906 931 ipse

109 939 204 967 stultus
216 960 223 970 ,
235 947 268 966 ne
280 937 406 965 efficiaris
417 938 441 967 ei
452 937 546 966 fimilis
557 957 564 964 .
577 934 714 965 Secundus
724 936 826 963 Textus
835 934 908 969 jubet

110 978 279 1017 respondere
287 980 364 1012 juxta
374 977 706 1011 stultitiam‚nimirum,ut
719 985 840 1003 meretur
852 976 908 1010 ejus

109 1019 224 1048 stultitia
234 1031 240 1047 :
251 1018 324 1047 unde
332 1021 444 1047 Graecus
457 1019 555 1047 vertit:
571 1016 639 1052 πρός
650 1013 700 1047 τᾶὀ
709 1012 786 1046 ἷκε-ἶνες
796 1011 909 1054 rippam]-

108 1059 164 1094 νίας
178 1064 215 1093 ὃς,
228 1053 305 1090 uxta*
315 1057 366 1089 vlu}
374 1056 525 1100 οἶφροσιιὺἰω
534 1058 605 1089 adr}
615 1078 622 1085 ·

193 1143 260 1170 EX
304 1139 782 1171 ECCLESIASTE.

77 1222 166 1252 CAP.
185 1233 207 1251 ι.
227 1233 254 1250 v.
265 1224 315 1258 4.]
338 1226 422 1252 Terra
432 1222 462 1252 in
473 1231 608 1253 aeternum
619 1221 692 1253 stat]
713 1220 823 1249 Contra
842 1228 909 1248 vetto

110 1261 174 1291 Isai.
194 1265 264 1297 25·]
286 1263 453 1302 Agitatione
474 1262 619 1303 agitabitur
638 1271 709 1290 terra
721 1261 787 1290 ficut
797 1260 890 1289 ebrius
902 1280 909 1291 ‚

112 1307 141 1332 δε
152 1303 290 1332 auferetur
300 1324 307 1331 .
319 1306 331 1335 ]
344 1303 513 1343 Respondeo
523 1325 531 1336 ,
544 1313 615 1331 terra
626 1301 759 1331 auferetur
770 1322 777 1333 ,
789 1311 847 1329 non
856 1309 911 1339 quo

117 1344 150 1387 ad
160 1343 336 1413 {tililllantiam
346 1366 354 1377 ,
376 1344 422 1373 sed
432 1355 488 1383 quo
497 1345 529 1373 ad
541 1344 640 1372 incolas
652 1364 660 1377 ,
683 1346 711 1372 ὅ(
722 1341 838 1370 :edificia
851 1362 859 1374 ‚
881 1348 910 1368 ut

113 1394 150 1413 att
160 1406 185 1414 .-
231 1395 280 1413 ter.

71 1425 142 1463 Cap.
153 1436 179 1457 7.
190 1435 216 1452 v.
226 1435 267 1457 ¹7·
279 1430 292 1460 [
303 1424 374 1453 Noli
385 1424 435 1453 effe
445 1424 529 1460 justus
541 1424 667 1452 multum.
680 1424 692 1454 ]
707 1423 777 1451 Haec
787 1422 910 1451 Salomo-

114 1466 156 1492 nis
167 1463 302 1492 sententia
313 1485 322 1496 ‚
342 1475 400 1493 non
409 1464 498 1493 solum
507 1464 633 1493 continet
653 1463 828 1491 difficultates
852 1473 910 1490 non

114 1515 208 1544 paucas
219 1526 226 1537 ‚
238 1503 285 1534 sed
295 1504 451 1533 adversatur
460 1505 579 1534 confiliis
592 1503 767 1542 Evangelicis
781 1513 787 1530 :
799 1509 812 1539 [
826 1503 909 1534 Beati,

116 1546 163 1584 qui
174 1544 306 1574 esuriunt
316 1567 324 1578 ‚
335 1549 361 1574 ὃ(
372 1546 611 1582 fitiuntjustitiam
623 1546 710 1575 ‚Man
719 1556 741 1572 c.
755 1554 780 1580 5.
792 1554 818 1572 v.
830 1545 872 1575 6.]
883 1553 909 1571 ac

1619 62 1698 102 755

959 120 986 140 te
997 120 1027 140 in
1037 120 1117 139 utero
1128 108 1263 149 pot-ravin
1275 111 1302 139 δι
1312 108 1364 137 hoc
1374 117 1480 146 tempus
1490 107 1601 137 videtur
1609 115 1757 137 commune

958 151 1084 181 omnibus
1110 150 1270 180 hominibus
1285 162 1295 181 ι
1317 147 1487 188 Respondeo
1503 169 1510 176 .
1543 147 1755 178 Perscstiffimus

960 191 1087 222 nascendi
1099 192 1232 220 terminus
1247 190 1311 220 sunt
1324 200 1428 220 novem
1437 188 1542 218 menses
1559 187 1658 218 solares
1678 198 1754 218 com-

961 233 1030 272 pleti
1041 254 1050 266 ‚
1059 232 1104 261 seu
1114 233 1209 261 decem
1219 232 1324 261 lunares
1333 230 1467 264 inchoati,
1476 238 1592 270 quorum
1603 229 1646 258 hic
1657 229 1756 259 memi-

961 274 1004 302 nit
1014 273 1149 303 Salarnon.
1158 276 1252 302 Mater
1264 282 1354 302 autem
1364 270 1584 302 Machabaeorum
1595 269 1756 309 loquebatur

962 315 997 343 de
1007 315 1141 344 mensibus
1152 312 1283 342 solaribus
1292 330 1302 341 0

1001 398 1068 425 EX
1110 391 1674 425 ECCLESIASTICO.

950 478 1008 507 ΛΡ.
1030 488 1053 506 1.
1073 488 1102 505 va
1124 482 1167 505 16.
1189 473 1329 511 [Initium
1350 472 1491 514 sapientiae
1512 472 1598 502 timor
1617 471 1758 506 Domini,

960 521 988 545 ὅ(
1006 528 1067 546 cum
1088 517 1210 545 fidelibus
1229 516 1260 544 in
1278 517 1361 545 vulva
1371 516 1507 544 increatus
1516 513 1555 543 est
1565 534 1572 541 .
1584 515 1597 544 ]
1609 513 1760 549 Quomodo

962 557 1016 586 hoc
1027 558 1095 587 stare
1106 558 1193 595 potest
1203 567 1266 586 cum
1276 566 1310 586 eo
1321 579 1328 590 ,
1350 557 1424 595 quod
1434 555 1472 584 ait
1493 556 1518 584 S.
1529 555 1604 584 Paul.
1617 553 1715 592 Epltes.
1730 565 1758 582 2.

961 600 1071 628 Omnes
1082 608 1132 626 nos
1143 597 1213 626 nasci
1224 598 1296 627 filios
1305 597 1353 626 ira:
1365 602 1374 626 ?
1396 595 1566 635 Respondeo
1578 617 1586 624 .
1608 596 1687 624 Hanc
1707 593 1760 622 ess'e

962 639 1145 677 hyperbolem
1156 649 1164 670 ς
1176 638 1299 677 loquitur
1308 639 1383 668 enim
1393 639 1428 667 de
1439 638 1472 666 iis
1483 636 1540 674 ,qui
1550 647 1563 665 a
1573 645 1667 665 tenera
1675 643 1759 663 :etate

968 681 1060 709 Deum
1071 681 1168 708 timere
1178 679 1316 717 incipiunt
1327 692 1338 714 ,·
1351 679 1402 709 nisi
1413 678 1481 708 velis
1495 677 1656 715 intelligere
1667 675 1701 704 de
1712 685 1759 703 na-

965 730 1023 748 tura
1034 741 1044 756 ,
1059 720 1191 749 &indole
1201 720 1305 758 optima
1316 741 1324 753 ,
1334 724 1361 750 δε
1371 720 1403 749 ad
1413 720 1544 758 pietatem
1555 717 1685 756 proclivi,
1694 725 1758 754 qua:

964 762 1049 789 timor
1057 761 1175 789 Domini
1187 761 1278 789 vocari
1288 761 1376 798 potest
1387 780 1395 787 .
1413 762 1477 789 Hoc
1486 769 1579 788 tamen
1589 757 1623 786 ad
1633 757 1758 786 litteram

966 801 1111 840 impletum
1121 801 1199 829 estin
1209 803 1282 830 Beat.
1292 802 1371 840 Virg.
1384 801 1554 830 immaculata
1563 798 1758 836 conceptione;

963 841 1075 881 insuper
1083 842 1118 870 de
1129 843 1154 871 S.
1165 842 1288 880 Joannis,
1298 846 1325 871 ἃ
1339 842 1468 881 Jeremiae
1480 842 1510 870 in
1521 849 1600 869 utero
1609 838 1759 867 san-stifica-

964 883 1042 911 tione
1052 904 1058 910 .
1070 883 1167 921 Aliqui
1181 883 1344 922 intelligunt
1355 882 1427 911 hunc
1438 882 1529 910 locum
1539 880 1573 909 de
1583 878 1761 919 praedestina-

966 924 1001 952 tis
1011 945 1020 957 ,
1031 924 1127 963 quibus
1138 924 1167 951 in
1177 923 1289 952 instanti
1300 923 1447 952 creationis
1458 922 1610 951 destinatur
1619 918 1711 959 gloria
1721 938 1728 946 .

924 964 995 1003 Cap.
1006 974 1032 1002 3.
1045 975 1072 993 v.
1088 971 1130 993 16.
1145 966 1240 1000 [Nam
1252 974 1302 1002 pro
1312 973 1426 1003 peccato
1437 964 1530 992 matris
1540 962 1698 991 restituetur
1709 959 1761 988 tibi

964 1006 1067 1034 bonum
1077 1026 1084 1033 .
1096 1008 1107 1038 ]
1122 1005 1272 1042 Quomodo
1281 1016 1314 1033 ex
1325 1015 1435 1044 peccato
1446 1005 1536 1033 oritur
1545 1003 1656 1036 bonum,
1665 1001 1761 1030 dicen-

966 1056 993 1074 te
1004 1046 1141 1084 Apostolo
1161 1046 1194 1074 ad
1204 1048 1288 1075 Rom.
1299 1053 1326 1075 6.
1348 1045 1514 1085 [Stipendia
1525 1044 1628 1083 peccati
1639 1045 1731 1071 mors?
1744 1044 1760 1076 1

966 1086 1134 1125 Respondeo
1146 1108 1154 1120 ,
1167 1096 1306 1125 peccatum
1319 1088 1412 1116 matris
1422 1108 1430 1120 ,
1441 1087 1475 1115 de
1485 1096 1541 1124 quo
1549 1083 1594 1112 hic
1605 1083 1642 1112 est
1651 1081 1741 1112 sermo
1751 1103 1761 1115 ‚

967 1127 1041 1156 nihil
1051 1128 1126 1157 aliud
1136 1127 1279 1167 fignificat,
1292 1138 1372 1166 quam
1386 1127 1514 1163 injuriam
1527 1137 1540 1154 a
1550 1124 1662 1154 molesta
1673 1133 1762 1152 matre

966 1168 1072 1197 illatam
1082 1190 1090 1202 ,
1113 1179 1195 1208 quam
1204 1168 1223 1197 st
1232 1168 1304 1197 filius
1314 1168 1452 1207 patienter
1465 1168 1563 1196 tolerat
1572 1187 1581 1200 ,
1603 1164 1763 1194 restituetur:

966 1209 992 1237 ei
1013 1210 1115 1238 bonum
1127 1230 1136 1237 .
1668 1208 1671 1209 ⁷

928 1247 998 1288 Cap.
1009 1262 1037 1283 7.
1052 1261 1080 1279 v.
1097 1261 1140 1287 15·
1154 1252 1244 1286 [Non
1253 1249 1335 1279 iteres
1347 1248 1499 1279 verbumin
1508 1246 1633 1277 oratione
1645 1247 1713 1278 tua]
1732 1248 1762 1274 ὅ(

968 1301 1059 1320 tamen
1069 1290 1197 1320 Christus
1206 1290 1345 1320 Dominus
1355 1289 1453 1320 Matth.
1465 1295 1511 1318 26.
1525 1288 1644 1325 [Tertio
1654 1287 1744 1316 oravit
1753 1306 1765 1318 ,

968 1332 1095 1360 eumdem
1106 1332 1263 1360 sermonem
1275 1332 1369 1360 dicens
1379 1352 1386 1359 .
1399 1334 1411 1363 ]
1423 1330 1602 1368 Respondeo,
1611 1328 1657 1357 hic
1668 1326 1764 1366 prohi-

969 1373 1048 1401 betur
1059 1373 1165 1401 inutilis
1175 1374 1317 1401 verborum
1327 1372 1468 1401 reiteratio
1477 1392 1484 1403 ,
1495 1380 1575 1409 quam
1584 1369 1668 1398 etiam
1677 1367 1765 1397 Chri,

970 1414 1023 1442 ssus
1034 1413 1176 1451 prohibuit
1189 1434 1196 1440 .
1209 1412 1310 1442 Matth.
1320 1420 1346 1442 6.
1358 1411 1496 1441 Postumus
1505 1410 1589 1440 etiam
1598 1409 1691 1438 dicere
1700 1428 1710 1444 ,
1721 1417 1766 1436 re·

967 1454 1103 1493 prehendi
1112 1454 1301 1493 garrulitatem
1312 1454 1342 1482 in
1352 1452 1479 1481 sermone
1490 1450 1618 1480 familiari
1629 1469 1636 1477 .
1655 1453 1768 1478 Emma-

969 1496 1033 1523 nuel
1051 1493 1088 1523 δὴ
1105 1494 1193 1523 allerit
1212 1493 1256 1523 his
1275 1494 1363 1524 verbis
1382 1493 1511 1522 inculcari
1527 1490 1715 1521 attentionem
1733 1489 1765 1518 in

965 1536 1135 1569 oratione‚ut
1146 1546 1204 1564 non
1213 1535 1244 1564 fit
1254 1545 1323 1574 opus
1332 1544 1455 1574 repetere
1467 1534 1547 1562 verba
1556 1531 1639 1561 semel
1650 1532 1768 1570 prolata·

114 1586 175 1615 aliis
186 1586 392 1624 quamplurimis
402 1587 470 1615 locis
480 1588 550 1616 Sacr.
559 1586 705 1624 Scriptttrae
716 1606 724 1613 .
733 1583 909 1623 Respondeo.
927 1577 997 1615 Cap·
1014 1587 1057 1615 ¹3-
1069 1587 1095 1604 v.
1111 1587 1119 1604 1
1131 1587 1155 1605 1.
1177 1582 1189 1612 [
1201 1576 1273 1606 Noli
1284 1575 1335 1608 efl'e
1344 1575 1458 1604 humilis
1476 1575 1506 1602 in
1522 1573 1655 1611 sapientia
1674 1581 1718 1600 tua
1729 1591 1736 1599 ·
1747 1573 1764 1602 1

115 1628 185 1656 Non
195 1627 278 1656 debet
290 1625 341 1655 effe
351 1626 437 1656 homo
447 1627 530 1663 justus
540 1627 656 1655 multum
667 1648 674 1659 ‚
686 1625 753 1656 idest
764 1647 772 1658 ‚
782 1626 812 1654 in
822 1635 911 1653 exter-

115 1677 149 1695 na
160 1666 228 1696 facie
237 1689 246 1700 ,
272 1666 335 1706 quia
345 1677 424 1696 verus
432 1668 514 1704 justus
524 1678 582 1696 non
593 1667 715 1695 imitatur
733 1665 909 1704 pharisaicam

114 1708 281 1744 jastantiaim
290 1707 335 1736 sed
347 1709 433 1736 coelat
445 1708 570 1736 virtutes:
585 1707 621 1736 ita
631 1710 705 1746 Aug.
717 1708 911 1743 Lyran.Cajet.

114 1748 177 1777 Alii
188 1758 255 1778 vero
264 1749 427 1788 intelligunt
436 1748 497 1777 haec
508 1749 588 1777 verba
598 1748 632 1777 de
641 1747 744 1783 justitia
756 1747 911 1775 'vindicati—

115 1798 150 1817 να
162 1800 169 1820 5
179 1788 218 1818 ita
229 1810 237 1822 ‚
251 1799 280 1817 ut
291 1800 347 1818 non
357 1790 451 1818 debeat
462 1789 545 1825 judex
558 1810 566 1822 ‚
578 1789 624 1818 vel
633 1787 757 1827 superior
768 1788 819 1816 esse
831 1787 912 1816 nimis

116 1829 210 1872 justuS,
223 1830 354 1859 nimirum
363 1829 509 1869 rigorosus
520 1829 567 1858 scd
577 1838 711 1858 errantem
720 1839 802 1858 ovem
814 1828 909 1856 hume-

116 1879 153 1897 ris
162 1869 255 1899 levare
267 1881 273 1897 :
284 1871 321 1899 ita
329 1872 354 1900 S.
367 1871 463 1900 Ambr.
472 1871 596 1910 Deniqu.
608 1872 645 1899 R.
657 1870 738 1898 Aben
747 1872 816 1898 Ezra
827 1869 910 1897 intel-

970 1620 1032 1647 Hoc
1051 1617 1194 1646 manifeste
1211 1626 1345 1656 repugnat
1355 1615 1464 1646 Christi
1484 1614 1605 1644 consiliis
1621 1612 1714 1642 multis
1734 1612 1766 1639 in

969 1658 1036 1687 locis
1049 1679 1056 1686 .
1068 1657 1237 1697 Respondeo
1247 1680 1255 1691 ,
1269 1658 1380 1696 Sapiens
1393 1656 1518 1695 loquitur
1527 1654 1573 1682 hic
1582 1653 1615 1682 de
1625 1653 1711 1682 animi
1721 1653 1768 1681 ab·

966 1700 1088 1736 jefflone
1099 1721 1107 1732 ,
1117 1709 1177 1737 quae
1190 1700 1321 1728 maculam
1331 1697 1414 1728 infert
1425 1697 1486 1726 viro
1494 1694 1634 1733 sapienti5
1653 1704 1711 1723 non
1720 1703 1768 1722 au-

970 1750 1027 1768 tem
1038 1740 1071 1768 de
1083 1741 1186 1768 virtute
1195 1739 1359 1768 humilitatis
1369 1760 1377 1771 ‚
1400 1747 1480 1777 quam
1491 1735 1617 1766 Christus
1626 1743 1768 1763 commen-

969 1781 1014 1809 dat
1027 1801 1033 1808 .
1045 1781 1099 1808 Vel
1112 1780 1206 1808 melitis
1215 1801 1221 1808 .
1234 1780 1346 1818 Sapiens
1357 1790 1413 1808 non
1424 1778 1502 1808 debet
1513 1776 1606 1806 abduci
1616 1785 1629 1804 a
1641 1785 1707 1804 vero
1717 1797 1726 1808 ‚
1737 1778 1767 1803 δε

970 1824 1046 1850 recto
1057 1842 1064 1853 ‚
1074 1820 1163 1859 specie
1174 1821 1341 1850 humilitatis
1352 1842 1359 1853 ,
1369 1824 1397 1849 ὃ(
1410 1817 1585 1855 subjeffionis
1598 1827 1605 1847 ς
1617 1814 1663 1844 sed
1673 1816 1766 1855 potius

969 1863 1123 1891 libertatem
1134 1860 1245 1899 spiritus
1254 1872 1304 1900 pro
1316 1861 1430 1891 veritate
1439 1859 1558 1888 retinere
1566 1857 1646 1886 debet
1655 1876 1664 1884 .

115 1911 181 1948 ligtt
192 1911 322 1948 praedie'ta
334 1913 413 1940 verba
423 1912 457 1940 de
469 1911 593 1944 nimia‚ac
601 1909 734 1949 superflua
742 1909 863 1948 corporis
875 1909 913 1938 af—
929 1903 1001 1942 Cap·
1013 1907 1039 1931 8·
1053 1912 1080 1929 V·
1095 1913 1117 1929 1·
1131 1907 1142 1936 [
1155 1902 1212 1940 Qui
1227 1912 1300 1931 V1v1t
1312 1903 1341 1930 in
1352 1910 1486 1930 arternum
1496 1921 1504 1933 ‚
1514 1898 1619 1927 cressvlt
1629 1896 1722 1926 0fflfli²
1732 1896 1767 1926 fi-

116 1951 281 1993 flietatione:
293 1952 414 1990 quando,
426 1952 567 1985 nimirum,
581 1949 732 1980 indiscrete
741 1950 859 1987 jejuniis,
871 1950 913 1978 vi-

115 1991 194 2034 giliis
205 2012 212 2024 ‚
223 2002 253 2020 ac
263 1992 521 2022 mortificationibus
532 2001 694 2021 maceramus
713 2001 810 2030 corpus
821 2012 830 2024 ,
849 1991 914 2020 ficut

116 2032 238 2069 agricola
247 2053 255 2065 ‚
265 2033 313 2070 qui
325 2034 411 2062 nimia
421 2034 561 2063 anxietate
569 2041 654 2064 vexat
665 2041 788 2071 campum
799 2053 806 2064 ,
815 2041 846 2060 ut
858 2030 913 2060 fru-

117 2073 174 2100 etus
183 2072 309 2110 copiosos
321 2074 445 2114 colligam
457 2074 512 2102 erit
524 2083 641 2112 namque
652 2074 757 2102 inutilis
766 2073 915 2102 labor-Un—

118 2114 153 2140 de
165 2113 280 2142 Plinius:
296 2120 308 2149 [
319 2116 395 2144 Bene
403 2116 494 2144 colere
506 2114 680 2144 neceffirium
691 2113 740 2148 cst,
751 2113 857 2152 opusne
868 2113 914 2143 da-

119 2153 245 2183 mnosum
256 2175 264 2183 .
275 2155 323 2183 hb.
338 2166 347 2183 1
356 2159 381 2183 8.
390 2154 487 2185 histor.
499 2166 556 2184 nar.
565 2164 622 2194 cap.
635 2162 663 2184 6.

117 2237 185 2264 EX
226 2237 432 2268 LIBRO
472 2232 876 2266 SAPIENTIAE.

973 1944 1029 1973 mul
1040 1963 1046 1970 .
1058 1944 1071 1974 ]
1085 1944 1148 1971 Hoc
1160 1952 1293 1982 repugnat
1303 1945 1377 1972 Gen.
1388 1952 1445 1979 cap.
1454 1953 1476 1969 ι.
1487 1940 1530 1969 ubi
1539 1938 1584 1968 sex
1594 1939 1685 1967 diebus
1695 1938 1768 1966 dict,

972 1995 1018 2014 tur
1028 1985 1102 2012 Deus
1110 1983 1206 2012 creasse
1215 1982 1344 2012 universa
1357 2003 1364 2010 .
1376 1982 1543 2021 Respondeo
1554 1992 1565 2014 ,-
1578 1979 1648 2007 illud
1657 1979 1769 2012 Simul,

971 2035 1060 2065 graece
1070 2024 1171 2063 legitur
1182 2025 1251 2055 κοινῆ
1260 2046 1267 2057 ‚
1278 2024 1346 2053 idest
1357 2045 1365 2056 ‚
1377 2024 1577 2054 Communiten
1588 2018 1634 2048 seu
1644 2022 1769 2052 Pariter,

974 2066 1106 2095 nimirum
1118 2086 1126 2097 ‚
1137 2066 1211 2094 nulla
1222 2076 1250 2094 re
1260 2064 1367 2104 prorsus
1375 2073 1486 2102 excepta
1496 2083 1503 2090 .
1518 2062 1571 2091 Vel
1581 2070 1642 2089 cum
1652 2062 1767 2089 Rabano

971 2117 1018 2146 per
1029 2109 1132 2134 Omnia
1143 2106 1272 2145 intellige
1282 2106 1409 2134 omnium
1420 2113 1509 2133 rerum
1523 2101 1663 2130 materiam
1673 2122 1682 2134 ›
1703 2110 1766 2138 ‘'lu-³3

973 2148 1066 2186 primo
1076 2147 1120 2175 die
1131 2146 1208 2177 fimul
1218 2147 1347 2185 produsta
1359 2145 1420 2177 suit5
1432 2145 1505 2174 unde
1516 2154 1550 2172 ex
1561 2141 1613 2171 hoc
1625 2142 1687 2171 loco
1696 2140 1768 2170 male

973 2187 1117 2226 colligitur
1125 2196 1182 2216 uno
1193 2188 1238 2216 die
1248 2189 1339 2217 Deum
1346 2185 1442 2215 creass'e
1450 2184 1544 2214 omnia
1555 2204 1563 2212 .

934 2231 1005 2268 Cap.
1016 2240 1063 2264 40.
1075 2238 1100 2255 v.
1114 2239 1162 2265 29.
1174 2235 1186 2264 [
1199 2229 1251 2257 Fili
1262 2228 1292 2257 in
1303 2237 1430 2266 tempore
1442 2227 1508 2256 vitae
1519 2234 1573 2254 tuae
1584 2233 1619 2252 ne
1629 2222 1769 2262 indigeas,·

77 2316 165 2348 CAP·
176 2329 203 2351 7.
223 2329 252 2347 v.
265 2330 290 2348 2.
311 2319 324 2350 ]
343 2319 447 2348 Decem
465 2318 599 2348 mensium
623 2326 747 2355 tempore
763 2315 919 2356 coagulatus

976 2269 1074 2298 melius
1084 2268 1121 2296 est
1131 2269 1207 2297 enim
1217 2270 1306 2303 mori,
1327 2279 1405 2308 quam
1415 2267 1564 2306 indigere]
1583 2263 1773 2294 Contrarium

977 2309 1071 2342 docuit
1082 2307 1209 2339 Christus
1219 2310 1367 2342 Dominus,
1379 2309 1425 2348 qui
1434 2307 1534 2337 Matth.
1550 2316 1594 2344 19.
1604 2307 1652 2336 ait:
1663 2307 1676 2338 1
1688 2304 1716 2334 Si
1727 2304 1771 2332 vis

985 2350 1115 2393 perfefius
1124 2350 1175 2380 css'e
1185 2372 1194 2385 ‚
1205 2352 1275 2381 vade
1286 2373 1294 2386 ‚
1304 2351 1395 2381 vende
1404 2349 1496 2379 omnia
1513 2356 1574 2388 quae
1584 2347 1664 2377 habes
1675 2368 1682 2380 ,
1701 2349 1729 2374 ὃ(
1740 2343 1776 2372 da

979 2391 1137 2436 pauperibus
1147 2413 1154 2423 ι
1164 2394 1177 2426 ]
1189 2396 1224 2424 Et
1235 2393 1299 2423 alibi
1311 2404 1318 2422 ε
1332 2390 1432 2430 [Beati
1441 2387 1706 2431 pattperesspiritu.]
1715 2388 1776 2417 Ru

1362 2433 1408 2464 Bb
1419 2432 1434 2461 b
1476 2443 1492 2461 2
1655 2427 1739 2469 spon-

118 2359 179 2388 sttm
197 2359 368 2399 insanguine
390 2359 558 2389 exsemine.
582 2362 594 2391 ]
615 2360 726 2388 Contra
751 2367 819 2387 vero
836 2366 920 2387 mater

119 2399 348 2436 Machabaeorum,
362 2413 388 2431 ι.
398 2399 493 2431 Mach.
504 2411 531 2435 7.
542 2400 624 2430 dixit:
638 2405 652 2436 [
663 2401 776 2430 Novem
787 2397 920 2428 mensibus
