1866 2526
141 119 237 152 pmm,
245 109 433 144 morticinum,
445 112 474 139 ὃ(
487 109 691 148 strangulatum.
702 106 761 138 Alii
772 117 863 138 tamen
871 107 932 138 sen-

144 155 245 183 tientes
259 161 382 192 apertam
399 151 610 190 repugnantiam
628 149 708 185 hujus
724 149 931 188 significationis

142 203 203 222 eum
222 194 309 223 verbis
317 193 438 222 Domini
457 191 562 224 nostri,
581 190 698 219 dicentis
707 211 715 222 ,
732 190 930 235 quod-edamus

140 234 274 274 quidquid
283 234 360 262 nobis
369 243 520 272 apponatur
532 253 539 265 .
561 235 590 260 ὅ(
602 241 659 260 non
666 231 741 269 quod
751 241 834 260 intrat
843 232 874 260 in
883 242 913 260 os
921 252 929 264 ‚

137 274 300 313 coinquinat
309 273 454 304 hominem
467 294 475 306 ,
492 283 521 301 :ic
531 270 682 302 Pharisaeos
691 293 700 304 ‚
723 270 878 311 Scribasque
887 271 929 300 in-

135 315 258 353 crepat-iz
268 337 277 348 ‚
297 315 390 344 dicens
401 327 407 342 :
428 316 478 343 Vae
490 313 566 343 vobis
575 316 627 342 &c-
637 311 684 351 qui
693 312 829 340 mundatis
839 333 848 346 ‚
869 323 929 351 qute

135 353 203 384 foris
212 355 261 386 ests
272 359 300 384 5<
309 356 382 384 alibi:
393 358 461 384 Ecce
471 353 565 383 omnia
576 353 676 382 munda
684 352 748 381 sunt
758 353 845 382 vobis.
856 354 930 382 Item

134 398 191 432 ejus
201 399 295 427 Praeco
306 396 402 425 Paulus
410 396 496 431 ajebat
505 418 513 428 ‚
530 394 637 424 Omnia
649 392 830 436 mundasum
850 403 926 423 mun-

135 437 176 466 dis
186 459 194 470 ,
205 441 232 465 δε
243 436 398 466 infidelibus
408 435 481 465 nihil
491 434 529 464 est
538 434 676 462 mundum.
694 444 717 462 ι.
728 436 786 462 Tit.
803 444 825 461 1.
836 436 930 472 Atque

134 479 272 516 optimum
282 477 320 506 est
329 479 416 516 gratia
426 475 541 505 stabilire
549 485 596 504 cor
606 496 615 508 ,
627 485 685 517 non
695 472 772 502 escis.
785 473 927 518 AdyHebr.

134 529 192 556 cap.
207 529 250 556 ¹3·
259 521 287 546 δ(
297 518 394 546 fimilia
403 538 411 550 ‚
422 516 486 546 ideo
495 517 532 544 D.
541 516 700 553 Cyprianus
711 524 759 552 per
776 513 928 543 distionem

134 562 303 596 sanguinem
313 558 455 587 intellexit
463 556 657 586 homicidium
669 555 742 583 unde
754 553 827 582 hunc
838 555 927 583 locum

134 601 255 637 legerat.-
270 603 283 634 [
295 599 437 628 Abstinete
448 608 495 626 vos
504 609 535 626 aa>
543 595 729 637 idolothytas,
749 598 777 623 δε
787 595 928 633 sanguinis

133 639 273 672 cautione,
282 643 310 668 ὅ(
320 638 512 667 fornicatione.
525 638 570 667 Ad
581 636 690 672 Quirin.
701 636 747 664 lib.
765 646 773 663 r
780 637 822 672 3.]
838 640 878 664 Ac
889 637 926 679 D?

133 680 301 720 Augustinus
309 689 406 708 contra
417 677 541 706 Faustum
552 677 630 717 supra
640 675 731 715 inquit
742 687 748 703 ι
761 682 772 711 [
785 676 868 713 Quod
878 677 926 720 alii

130 731 191 750 non
208 720 242 749 sic
261 720 439 758 intelligunt:
459 717 506 747 sed
525 729 539 746 a
549 717 679 756 sanguine
697 726 866 755 pracceptum
876 717 926 760 elle

130 760 317 790 abstinendum
330 781 339 792 ,
360 769 394 787 ne
403 760 463 798 quis
473 758 628 787 homicidio
639 757 666 786 se
675 759 848 786 contaminet
860 760 872 789 ]
887 767 926 785 ita

129 801 212 830 etiam
221 798 436 834 chrysostomus
445 798 562 838 supra,ac
573 798 733 836 Radulplius
746 798 924 826 Flaviaccnlis

127 841 159 868 in
169 841 214 869 lib.
228 849 252 875 ς.
273 840 364 868 Levit.
381 851 438 878 cap.
449 851 475 878 3.
499 841 609 878 inquit:
634 839 856 874 [communiter
876 849 924 877 per

124 880 286 920 sanguinem
294 881 430 919 appetitus
440 880 581 918 accipitur.
596 882 683 914 [Item
695 879 767 908 Beda
777 881 815 908 ait
826 901 834 913 ‚
848 880 924 915 [No-

126 921 202 950 mine
220 922 297 950 enim
314 921 454 960 sanguinis
473 921 655 960 propaginem
672 920 758 948 carnis
779 920 902 959 designat
915 941 921 948 .

129 964 167 992 In
177 972 234 1000 cap.
248 973 290 995 ¹7·
303 963 366 990 Αᾶ.
380 962 491 999 Apelt]
504 963 576 990 Item
586 962 622 990 D.
632 961 783 1000 Gregorius
793 963 863 1000 Papa
875 971 923 998 per

132 1002 293 1041 sanguinem
301 1011 439 1040 peccatum
448 1002 594 1041 intelligit,
604 1003 650 1031 lib.
668 1012 710 1039 ¹3·
719 1012 775 1040 cap.
787 1008 813 1031 6.
823 1002 854 1030 in
864 1011 921 1039 cap.

135 1050 178 1072 16.
189 1043 251 1080 Job.
263 1046 290 1071 <St
301 1044 330 1070 in
340 1043 445 1082 Regist.
458 1044 535 1081 epist.
551 1053 615 1079 ης.
625 1043 733 1071 Contra
745 1053 836 1071 tamen
849 1042 918 1070 hanc

123 1083 383 1121 interpretationem
395 1083 524 1112 nonnulli
541 1094 601 1112 cum
612 1083 740 1122 Origene
750 1082 896 1122 insurgunt
910 1105 917 1116 ‚

124 1125 247 1153 dicentes
256 1146 264 1157 ,
275 1124 350 1162 quod
359 1123 505 1154 homicidii
517 1135 683 1163 praeceptum
693 1123 779 1152 t'uisset
801 1124 831 1152 ab
843 1127 915 1163 Apo-

122 1165 201 1195 stolis
208 1164 340 1203 superflue
351 1167 485 1195 Gentibus
501 1166 536 1194 ad
555 1165 645 1200 fidem*
659 1164 796 1194 conversis
807 1165 916 1203 impoli-

128 1216 204 1236 mms
217 1215 280 1234 nam
290 1205 352 1235 ideo
361 1207 392 1234 ab
403 1205 570 1242 idolothytis
587 1211 616 1236 δε
625 1217 638 1234 a
651 1205 829 1234 fornicatione
838 1205 916 1234 absti-

125 1257 190 1275 nere
201 1246 256 1275 illis
264 1256 372 1275 cautum
381 1246 432 1275 filit
443 1268 451 1280 ‚
469 1248 532 1286 quia
543 1256 625 1286 penes
635 1246 764 1276 Gentiles
774 1247 840 1275 tales
855 1256 916 1285 pro⁴

123 1286 275 1316 bibitiones
283 1297 343 1315 non
349 1288 488 1318 extabant,
499 1287 608 1326 insuper
618 1287 636 1316 fi
648 1297 815 1325 praeceptum
825 1287 916 1316 hoini-

119 1327 190 1356 cidii
200 1326 396 1366 prohibuiss'ent
406 1349 415 1361 ,
436 1328 585 1357 debuerant
594 1329 673 1358 fimul
689 1332 717 1357 ὅ(
728 1328 779 1356 alia
789 1329 916 1366 capitalia

125 1368 239 1396 crimina
249 1367 331 1397 etiam
350 1380 384 1398 ne
394 1378 532 1406 patrarent
542 1391 550 1402 ,
569 1380 615 1398 eos
632 1379 746 1397 monere
766 1369 894 1408 Apostoli
907 1380 914 1400 ς

122 1407 189 1437 hinc
197 1409 341 1448 Origenes
358 1410 389 1438 in
407 1410 484 1448 epist.
504 1410 536 1439 ad
545 1412 628 1439 Rom.
640 1421 696 1449 cap.
715 1420 757 1447 13.
768 1409 813 1438 lib.
823 1421 852 1446 9.
872 1410 916 1438 in-

119 1450 197 1486 quit:
209 1449 347 1486 Quoniam
356 1449 469 1488 quidem
479 1461 575 1478 caetera
585 1451 702 1479 crimina
713 1449 804 1478 seculi
815 1451 916 1489 legibus

121 1489 287 1523 judicantur,
295 1488 461 1527 superfluum
471 1491 623 1524 videbatur,
634 1501 663 1519 ea
673 1491 770 1519 divina
780 1492 843 1530 lege
853 1502 916 1529 pro-

123 1527 216 1557 hibere
225 1549 234 1561 ‚
244 1539 303 1566 quae
315 1528 482 1560 sufficienter
491 1530 606 1559 humana
615 1532 676 1570 lege
686 1531 858 1570 picstuntur:
870 1533 916 1561 illa

121 1568 179 1596 sola
189 1590 197 1601 ‚
215 1569 250 1596 dc
260 1569 354 1607 quibus
366 1571 409 1599 lex
421 1569 538 1600 humana
558 1571 631 1600 nihil
641 1572 766 1605 dixerat,
785 1572 915 1612 religioni

127 1608 272 1638 videbatur
280 1611 430 1640 convenire
440 1611 584 1642 decernere
593 1634 602 1646 ‚
621 1623 654 1641 ex
665 1622 720 1652 quo
728 1623 838 1651 apparet
848 1636 856 1648 ,
873 1618 915 1650 ju-

123 1650 197 1679 dices
215 1651 310 1679 mundi
330 1660 434 1690 partem
452 1654 599 1682 maximam
609 1654 665 1682 Dei
682 1653 750 1692 legis
758 1654 875 1692 implere
884 1658 913 1687 .]

123 1690 215 1729 Igitur
229 1712 237 1723 ,
249 1690 267 1720 fi
279 1702 327 1720 nec
338 1703 386 1731 per
396 1692 555 1732 sanguinem
566 1716 574 1727 ,
584 1698 611 1723 ὃ(
621 1693 778 1723 finibcatum
789 1705 916 1734 poterant

120 1731 250 1768 Apostoli
261 1732 420 1772 intelligere
433 1735 611 1764 Hebraeorum
621 1733 843 1771 observantiam(
854 1748 917 1766 nam

121 1771 212 1800 verbis
222 1771 330 1801 Christi
338 1774 562 1804 contradixissent
570 1796 580 1808 ,
590 1785 623 1804 ex
634 1779 686 1811 jam
695 1776 784 1806 allatis
797 1799 805 1811 ‚
816 1782 845 1808 ὅ(
856 1778 916 1817 ipfi-

120 1820 178 1839 met
198 1812 328 1850 Apostoli
346 1825 415 1843 onus
434 1815 501 1854 legis
521 1815 594 1844 haud
612 1815 753 1854 imponere
770 1819 916 1847 contestati

121 1850 185 1879 sunt
193 1855 208 1883 )
220 1862 268 1880 nee
280 1852 459 1884 homicidium
471 1856 664 1885 intellexerant
676 1878 683 1889 ,
699 1857 762 1894 quia
771 1859 918 1895 debuerant

120 1893 235 1920 aliorum
244 1894 328 1922 etiam
336 1897 494 1925 mortalium
503 1897 651 1926 criminum
662 1896 851 1928 abstinentiam
863 1910 927 1929 mo„

122 1942 190 1961 nere
201 1954 210 1965 ,
229 1943 351 1964 remanet
362 1945 467 1965 tantum
476 1937 510 1965 de
518 1936 648 1976 sanguine
658 1958 667 1970 ‚
687 1937 756 1967 idest
767 1939 896 1969 suffocato
908 1927 927 1975 ‚l

120 1983 169 2010 per
179 1973 439 2012 interpretationem
449 1978 607 2016 intelligere
618 1989 626 2009 5
647 1987 711 2006 nam
722 1981 821 2018 Suffiyco
839 1979 930 2019 penesl

118 2013 231 2043 Latinos
242 2015 326 2044 etiam
333 2016 504 2057 fustan-rigare
513 2018 645 2056 fignificat
656 2030 662 2046 :
684 2018 719 2047 fic
741 2021 896 2059 Propertius
911 2045 918 2056 ‚

118 2054 166 2083 lib.
180 2066 208 2090 4.
220 2056 310 2094 elegia
321 2057 356 2086 de
366 2059 495 2093 cymbia
507 2080 515 2091 ,
534 2062 561 2088 δε
571 2060 698 2088 Dracone
708 2081 716 2093 ‚
737 2061 781 2089 ubi
791 2061 827 2089 de
838 2061 918 2102 striga

118 2095 166 2123 illa
176 2116 185 2128 ‚
197 2095 252 2124 five
263 2107 339 2136 maga
349 2119 357 2131 ‚
367 2108 427 2137 quae
440 2109 501 2127 cum
512 2099 632 2137 separare
642 2101 786 2139 conjugale
803 2101 918 2132 thorum

118 2136 283 2170 intentass'et,
293 2138 408 2168 malefici
419 2139 495 2168 enim
502 2138 622 2178 separate
634 2139 747 2170 thorum
755 2140 862 2180 semper
872 2154 918 2172 co-

116 2187 217 2205 nantur
225 2197 236 2213 ,
258 2177 412 2217 ideoqueda
421 2180 460 2209 D.
472 2181 591 2210 Hieron.
605 2182 679 2216 [Rei
690 2182 793 2211 uxoriae
804 2182 915 2216 hostes]

117 2218 290 2255 appellantur
299 2240 308 2247 .
330 2219 404 2248 Vide
422 2223 600 2258 Tempestarii
611 2225 624 2253 )
646 2223 742 2260 Itaque
762 2222 835 2251 inter
853 2225 918 2253 alias

115 2257 322 2295 superstitiones
338 2259 587 2300 suffumigationem
609 2261 656 2290 illa
665 2262 825 2292 adhibuerat
835 2285 844 2297 ,
866 2275 918 2304 pro

116 2308 173 2336 quo
193 2300 326 2329 vocabulo
344 2301 431 2331 utitur
441 2303 526 2331 Poeta
543 2303 629 2332 verbo
647 2301 776 2332 suffocare
787 2325 796 2337 ‚
819 2303 853 2333 fic
873 2306 916 2335 in-

113 2348 213 2376 quiens
223 2351 229 2367 ι
241 2367 244 2369 Α

157 2379 234 2408 Dein
242 2391 441 2422 quemcumque
449 2384 542 2416 lotum
552 2393 674 2415 externae
687 2383 805 2424 tetigere
815 2387 913 2425 puellae

153 2422 349 2454 flaerolexicon
369 2428 462 2455 Macri
473 2445 480 2453 .

1299 51 1402 96 SU

1029 108 1154 143 suffocat,
1165 112 1194 139 ὃ(
1207 117 1271 148 pura
1280 110 1377 141 limina
1388 109 1473 150 tergit
1483 121 1549 150 aqua
1558 134 1566 142 .

985 148 1032 177 Sic
1040 150 1121 178 etiam
1131 149 1237 180 Plinius
1246 171 1254 183 ,
1263 150 1311 179 lib.
1324 163 1370 181 20.
1379 162 1438 190 cap.
1451 160 1476 186 5.
1486 153 1520 181 de
1534 152 1709 191 staphylino,
1721 151 1778 183 (ive

985 189 1121 228 pastinaca
1131 191 1245 219 erratica
1253 201 1346 230 agens,
1358 191 1458 232 inquit.-
1471 198 1483 228 [
1497 195 1516 221 E
1517 195 1559 228 jur
1569 193 1662 223 semen
1671 194 1778 223 contri-

986 239 1045 259 tum
1055 252 1063 264 ,
1074 234 1103 259 ὅ(
1115 231 1144 259 in
1155 230 1223 260 vino
1234 241 1348 270 potum,
1360 242 1513 262 tumentem
1522 234 1625 266 alvum,
1635 239 1664 264 &
1673 234 1784 265 suffoca-

986 269 1076 301 tiones
1087 272 1231 301 mulierum
1243 293 1251 305 ‚
1268 272 1431 312 doloresque
1441 274 1511 302 lenit
1520 295 1529 306 ,
1541 275 1552 304 ]
1571 276 1617 304 ubi
1627 274 1781 315 suffumiga-

985 312 1075 341 tiones
1086 312 1204 341 matricis
1213 312 1352 352 intelligit
1361 335 1367 342 .
1387 315 1471 352 Quod
1482 325 1515 343 ex
1528 316 1707 346 Diffionario
1725 319 1781 346 Ca-

986 351 1114 382 tholicon
1122 353 1261 391 appellato
1270 354 1451 384 confirmatur
1463 355 1492 382 in
1505 355 1588 384 verbo
1598 356 1721 385 Suffoco:
1745 369 1784 388 ait

985 393 1059 422 enim
1077 394 1142 421 duas
1160 394 1345 433 etymologias
1364 397 1476 425 verbum
1487 395 1540 423 hoc
1550 395 1650 426 hahere
1659 419 1666 431 ‚
1679 398 1747 427 idest
1767 411 1782 429 a

985 434 1038 463 Sub
1049 455 1057 467 ,
1069 436 1097 462 ὃς
1109 440 1191 463 Faux
1202 455 1210 467 ‚
1230 438 1259 464 &
1269 444 1334 463 tunc
1342 434 1469 466 suffocare
1487 437 1563 465 idem
1578 436 1713 476 significat
1724 461 1732 472 ‚
1754 451 1782 469 ac

985 484 1083 512 angere
1095 495 1104 507 ,
1116 474 1283 513 strangulare
1292 497 1300 508 ‚
1310 479 1338 504 ὅ(
1349 475 1542 508 fimiliualiam
1563 487 1629 505 vero
1639 482 1782 514 etymolo-

982 514 1056 553 giam
1065 514 1162 543 deduci
1174 514 1266 554 inquit
1278 527 1292 545 a
1302 517 1355 546 Sub
1364 537 1372 549 ,
1383 520 1410 546 &
1421 523 1506 546 Focus
1517 539 1524 551 ,
1544 522 1573 547 &
1586 518 1721 556 significat
1735 520 1784 551 sub

985 554 1048 583 foco
1060 565 1163 593 ponere
1173 577 1181 588 ,
1191 556 1266 594 quod
1277 557 1351 586 idem
1361 557 1424 586 ess'et
1434 579 1443 591 ‚
1454 568 1482 586 ac
1491 557 1663 598 suffiimigare
1673 581 1680 588 .
1689 561 1732 590 Sic
1742 573 1782 590 et-

986 595 1037 623 iam
1048 595 1106 624 haec
1117 596 1218 634 duplex
1230 596 1396 636 lignificatio
1412 597 1527 627 habetur
1543 599 1575 628 in
1587 610 1684 647 ἐι-κω
1702 611 1782 632 textu

984 636 1119 665 Afrorum
1137 647 1194 675 cap.
1211 648 1217 665 i
1229 647 1254 672 5.
1263 636 1448 676 Α’πὲχεσθ-ιιι
1466 639 1662 679 esenowa,
1671 646 1694 682 ᾖ
1704 641 1783 679 οἴμα-

983 687 1029 709 τος
1040 699 1046 709 ,
1065 679 1088 715 ξι,
1107 676 1206 707 vum}
1219 703 1224 710 ,
1248 681 1273 716 >3
1291 676 1426 714 ’nome-224·-
1449 684 1460 714 [
1473 680 1517 708 Ut
1528 680 1682 710 abstineatis
1693 694 1741 712 vos
1750 686 1781 713 ab

982 715 1130 746 immolatis
1141 718 1342 746 rimulam-orum
1354 739 1362 751 ,
1373 723 1400 747 δε
1411 719 1555 759 sanguine,
1567 725 1594 751 ἀ
1605 721 1742 757 suffocato,
1753 728 1782 753 δε

984 755 1172 787 fornicatione
1185 761 1199 790 ]
1209 757 1322 793 ‘membr
1331 758 1406 787 enim
1417 771 1431 788 a
1441 761 1524 789 verbo
1533 774 1571 792 -m
1577 761 1623 799 ἔγω
1632 785 1640 796 ,
1651 766 1726 801 quod
1735 766 1781 794 jn-

981 806 1024 826 ter
1034 798 1087 827 alia
1098 799 1231 837 fignificat
1243 796 1406 836 φλέγεσθαι
1416 822 1424 833 ,
1434 801 1503 830 idest
1517 824 1524 835 ,
1535 804 1629 842 flagari
1640 825 1647 836 ,
1660 807 1712 840 uri,
1724 816 1782 834 tor-

981 838 1098 868 refacere
1108 861 1115 872 ‚
1127 840 1246 868 adolere.
1257 840 1291 867 In
1303 840 1477 870 Difflonario
1487 853 1580 881 graeco
1590 844 1679 874 latino
1689 857 1781 875 corre-

982 879 1026 907 do
1037 890 1050 908 a
1061 881 1163 918 Jacobo
1174 880 1300 920 Cellario
1313 906 1318 915 ,
1339 883 1368 909 ὃ(
1378 881 1498 912 Nicolao
1508 885 1654 924 Nonigero
1672 886 1702 915 in
1712 888 1782 916 diet.

983 917 1071 959 vrviym
1081 942 1087 949 .
1110 923 1183 951 Item
1192 920 1328 960 fignificat
1339 920 1477 961 strangulo
1487 945 1494 952 .
1517 925 1588 954 Ibid.
1607 926 1692 963 igitur
1701 928 1780 956 Sacra

981 961 1120 1000 Scriptura
1132 973 1180 1001 per
1191 962 1349 991 vocabulum
1361 974 1402 1000 Qu
1414 965 1515 995 πνικτέ
1523 976 1581 994 non
1590 966 1624 995 de
1634 967 1779 1008 strangulau

979 1010 1008 1029 to
1019 1004 1113 1032 edulio
1121 1016 1132 1037 ,ς
1143 1003 1189 1032 sed
1198 1003 1231 1031 de
1241 1002 1385 1032 immolato
1397 1025 1406 1036 ‚
1417 1008 1446 1033 ὅ(
1456 1005 1614 1035 thurificato
1626 1007 1781 1038 intellexit.

981 1041 1151 1073 Thurificare
1170 1044 1246 1073 enim
1265 1044 1335 1081 apud
1347 1043 1480 1074 Ethnicos
1498 1047 1586 1076 aerum
1609 1048 1778 1079 idololatrix

977 1083 1153 1121 significabat,
1164 1094 1194 1114 ut
1205 1084 1235 1113 in
1246 1085 1312 1113 dic‘t.
1324 1087 1461 1123 Thurtfico
1472 1087 1600 1117 dicemus.
1611 1089 1778 1128 Sanguinem

974 1125 1078 1163 quippe
1099 1126 1228 1155 Gentiles
1238 1124 1366 1155 suffocare
1380 1148 1386 1159 ,
1404 1127 1459 1156 live
1469 1129 1611 1158 immolare
1625 1129 1777 1161 consueve-

975 1174 1033 1193 rant
1044 1177 1053 1197 5
1064 1165 1132 1195 hinc
1146 1165 1280 1205 Virgilius
1297 1178 1338 1195 io.
1351 1168 1471 1197 AEneid.

1014 1220 1085 1227 —
1093 1222 1158 1228 --
1171 1221 1227 1227 -—
1241 1207 1358 1236 Inferias
1368 1230 1375 1241 ,
1387 1219 1453 1247 quos
1465 1211 1589 1241 immolet
1598 1214 1714 1243 Umbris
1724 1236 1733 1248 ‚

1013 1244 1194 1285 Captivoque
1206 1249 1266 1286 rogi
1278 1248 1426 1286 perfundat
1435 1249 1572 1290 sanguine
1583 1256 1721 1283 flammas„

973 1285 1090 1324 Insuper
1105 1286 1180 1316 inter
1191 1289 1322 1318 Gentiles
1337 1290 1520 1330 pythagorica
1538 1295 1638 1333 opinio
1651 1296 1770 1334 vigebat,

971 1329 1005 1357 ob
1016 1329 1199 1367 reverentiam
1209 1330 1362 1359 animarum
1374 1353 1382 1364 ‚
1394 1342 1458 1370 quas
1470 1334 1499 1362 in
1510 1335 1635 1364 animalia
1648 1336 1774 1365 transmi-

970 1378 1048 1407 grare
1059 1371 1194 1406 putabant,
1207 1369 1274 1400 hinc
1285 1383 1340 1400 non
1349 1373 1525 1403 comedebant
1534 1375 1698 1415 strangulata
1707 1379 1771 1406 bru-

972 1419 999 1438 ta
1009 1431 1016 1442 ‚
1028 1409 1170 1439 afferentes
1181 1432 1190 1444 ‚
1200 1416 1212 1445 (
1222 1422 1251 1439 ut
1263 1413 1300 1440 ait
1309 1414 1452 1452 Origenes
1461 1426 1558 1444 contra
1568 1417 1683 1446 Celsum
1694 1439 1703 1450 ,
1722 1419 1770 1453 lib.

973 1454 1013 1482 8.)
1024 1452 1098 1489 quod
1108 1451 1137 1479 in
1148 1452 1320 1491 strangulatis
1331 1455 1502 1487 animalibus,
1515 1456 1545 1484 in
1557 1457 1651 1496 quibus
1660 1457 1769 1497 sanguis

971 1502 1028 1518 non
1036 1492 1228 1521 extrahebatur
1239 1492 1347 1531 spiritus
1358 1505 1454 1523 eorum
1463 1516 1471 1528 ‚
1483 1495 1539 1525 five
1549 1498 1638 1526 anima
1650 1509 1709 1528 non
1722 1509 1773 1528 ex-

970 1530 1076 1561 halabat
1085 1554 1093 1565 ,
1115 1537 1142 1561 δ(
1154 1532 1353 1571 consequenter
1362 1546 1419 1564 non
1429 1546 1485 1564 erat
1504 1536 1540 1565 sas
1554 1538 1672 1568 :mimam
1683 1561 1692 1572 ,
1716 1542 1773 1569 Ge-

971 1572 1047 1600 nium
1058 1594 1066 1606 ,
1078 1574 1123 1602 vel
1134 1574 1305 1603 Doemoxicm
1316 1597 1323 1608 ,
1333 1585 1362 1603 ut
1374 1576 1422 1614 ipii
1434 1577 1603 1614 appellabant
1615 1600 1623 1612 ‚
1645 1581 1774 1609 comede<

972 1622 1019 1641 re.
1034 1616 1074 1642 Ac
1084 1624 1229 1653 propterea
1252 1616 1282 1643 in
1299 1615 1351 1644 hoc
1361 1614 1439 1645 seusu
1461 1618 1656 1656 strangulatum
1667 1620 1772 1649 animal

971 1663 1029 1681 non
1041 1665 1169 1692 poterant
1181 1655 1309 1694 Apostoli
1320 1666 1367 1695 per
1380 1656 1535 1686 suffocatum
1547 1660 1707 1699 intelligere
1717 1681 1726 1694 ,
1738 1661 1772 1690 ss-

971 1704 1016 1722 cut
1027 1694 1092 1724 falso
1104 1694 1203 1725 Celsus
1213 1698 1244 1725 ab
1254 1697 1383 1736 Origene
1393 1698 1565 1737 impugnatus
1576 1700 1750 1730 intellexerat
1764 1724 1772 1734 ,

971 1736 1106 1773 quia-cum
1118 1736 1368 1776 Pythagoricorum
1378 1761 1384 1772 ,
1404 1743 1430 1767 ὅ(
1442 1740 1624 1769 Ethnicorum
1633 1742 1771 1780 opinione

971 1777 1190 1808 concurrist‘ent5
1203 1779 1268 1807 hcet
1278 1778 1413 1818 Origenis
1424 1790 1514 1809 textus
1529 1781 1558 1809 in
1568 1781 1702 1816 hocloco,
1714 1784 1771 1812 val-

971 1816 1005 1844 de
1015 1828 1155 1856 corruptus
1166 1819 1197 1848 lit
1208 1840 1216 1851 ,
1226 1829 1239 1847 a
1251 1821 1354 1847 Graecis
1367 1819 1473 1850 forxass'e
1486 1843 1492 1849 .
1505 1822 1565 1857 Qua
1574 1823 1772 1862 intelligentia,

975 1858 1050 1895 quod
1069 1859 1230 1887 vocabulum
1249 1860 1400 1897 Suffbcatus
1419 1862 1554 1900 significet
1575 1863 1749 1892 inimolatum
1761 1885 1772 1897 ,

970 1898 1078 1936 oPtime
1095 1909 1158 1927 cum
1169 1900 1324 1938 Augustino
1345 1900 1419 1929 liiiss'e
1443 1913 1490 1939 per
1509 1903 1771 1941 interpretationem

970 1938 1088 1976 positum
1099 1938 1244 1968 sustinetur
1254 1961 1262 1972 ‚
1281 1944 1308 1969 ὅ(
1318 1951 1378 1968 cum
1392 1943 1534 1971 Ambrosio
1553 1954 1566 1971 a
1577 1944 1684 1973 Graecis
1693 1945 1772 1974 addi—

975 1990 1032 2008 tum
1044 2001 1052 2013 ,
1061 1980 1134 2018 quia
1144 1980 1291 2019 Cypriane
1300 2001 1308 2012 ,
1321 1982 1440 2014 Irenaeo,
1451 1987 1479 2012 ὃ(
1488 1983 1547 2011 aliis
1557 1985 1678 2013 Patribus
1687 1985 1766 2024 supra

973 2020 1094 2050 addut‘tis
1106 2031 1163 2049 non
1175 2022 1277 2060 legitur
1287 2021 1339 2049 hoc
1354 2023 1515 2052 vocabulum
1524 2025 1692 2063 Asuffocato
1702 2038 1714 2060 ;
1723 2025 1772 2055 sed.

973 2060 1143 2100 Augustinus
1163 2072 1221 2090 non
1237 2062 1382 2090 advertens
1393 2062 1499 2092 fortass‘e
1512 2065 1570 2092 vim
1586 2065 1664 2100 hujus
1681 2067 1772 2095 nomi-

972 2103 1015 2130 nis
1025 2123 1033 2134 ,
1055 2102 1130 2139 quod
1143 2112 1196 2130 tam
1206 2103 1293 2130 latine
1302 2125 1310 2136 ‚
1333 2112 1413 2140 quam
1431 2114 1519 2144 graece
1539 2105 1673 2144 fignificet
1685 2108 1769 2136 etiam

971 2143 1143 2170 immolatum
1155 2164 1164 2175 ‚
1181 2146 1210 2171 δε
1227 2142 1428 2182 suffiimigatum
1439 2167 1447 2178 ,
1466 2143 1627 2184 sanguinem
1643 2147 1749 2176 scilicet
1763 2169 1772 2180 ‚

971 2182 1037 2211 hinc
1050 2181 1235 2211 homicidium
1247 2184 1441 2222 interpretatus
1451 2185 1488 2214 est
1491 2199 1502 2219 ,-
1512 2187 1546 2215 fic
1558 2187 1640 2216 etiam
1652 2189 1770 2217 Ambro-

970 2224 1021 2253 fius
1040 2232 1074 2251 ex
1084 2224 1178 2252 eadem
1193 2224 1398 2254 inadverientia
1409 2247 1417 2258 ,
1440 2228 1554 2256 Graecos
1576 2237 1719 2266 perperam
1727 2229 1770 2258 di-

969 2265 1091 2292 &ionem
1103 2263 1258 2293 suffocatum
1269 2264 1402 2294 addidisse
1413 2267 1578 2295 existimavit
1589 2289 1597 2301 ,
1621 2278 1702 2306 quam
1722 2269 1770 2298 ad-

971 2304 1109 2333 ditionem
1121 2305 1150 2333 ab
1160 2304 1278 2343 antiquis
1288 2306 1394 2336 Graecis
1405 2307 1435 2335 in
1445 2306 1522 2336 sensu
1540 2308 1677 2338 immolati
1697 2309 1770 2348 pofi-

969 2355 1024 2373 tam
1034 2366 1042 2378 ,
1063 2345 1094 2373 ab
1103 2345 1162 2373 aliis
1173 2345 1264 2384 postea
1271 2348 1375 2376 Graecis
1387 2347 1416 2375 in
1428 2346 1503 2376 sexta
1512 2348 1626 2383 Synodo
1637 2349 1708 2378 male
1728 2351 1770 2379 in.

970 2384 1106 2419 tellectam
1117 2408 1125 2421 ‚
1136 2396 1164 2415 ac
1177 2386 1340 2426 explicatam
1349 2386 1554 2455 suilli-diximus
1565 2410 1574 2424 ,
1591 2388 1769 2429 suscipiendo

1386 2428 1404 2456 S
1468 2438 1480 2466 3
1649 2440 1730 2462 nem-
