1866 2526
92 112 153 137 eum
162 115 219 136 tota
227 106 304 145 plebe
314 105 438 137 fidelium
448 106 546 135 doceat
556 107 578 138 .]
591 109 625 135 Et
636 102 749 134 inferius
760 115 767 132 :
778 101 829 140 [Si
841 111 888 131 ve-

54 164 58 168 ·
92 157 125 178 ro
143 148 340 177 venerabilium
350 147 528 178 sacerdotum
538 145 707 176 consuetudo
719 145 850 176 laudatur,
859 153 888 171 ut

93 186 164 218 solus
174 187 228 217 soli
238 189 309 217 reste
319 188 392 217 dicat
401 188 539 218 Dominus
549 185 688 217 vobiscum
701 209 707 220 ,
718 191 745 215 ὃς
756 195 844 225 neque
854 183 887 212 fit

93 225 222 258 absonum
234 249 242 261 ,
260 239 349 268 neque
372 229 404 258 ab
413 228 590 258 Ecclefinstici
608 228 716 257 ordinis
725 226 835 255 censura
848 222 887 252 se-

93 277 200 298 motum
209 269 293 308 ‚quid
301 270 402 303 officit,
413 270 431 298 fi
442 273 470 298 δε
482 269 658 309 singulariter
667 268 727 307 quis
737 267 838 306 positus
849 265 889 293 id-

92 309 180 348 ipsum
189 306 262 338 dicat
273 309 396 348 .²Opusc.
406 306 440 338 de
451 312 588 340 Dominus
600 309 757 341 vobiscum,
768 317 824 346 cap.
836 317 862 340 4.
874 306 885 335 ]

92 353 119 379 δε
129 352 232 379 Navar.
245 349 410 383 Miscell.67.
420 351 454 379 de
463 360 590 386 orat-n.5.
603 350 694 387 Quare
705 349 832 378 Sacerdos
841 356 888 375 ex·

92 391 305 420 communicatus
314 403 372 420 non
382 391 471 429 potest
485 392 514 420 id
531 390 714 430 pronunciare
725 411 732 422 ,
754 389 819 417 licet
832 387 886 426 pri-

94 431 181 459 vatim
194 453 200 464 ,
212 442 239 460 ac
250 430 322 460 solus
330 432 454 460 officium
464 433 560 460 recitet
571 453 579 460 .
598 431 677 461 Idem
688 432 788 459 Navar.
798 429 833 456 de
842 428 886 457 Ο-

93 481 143 500 rat.
155 482 178 500 c.
188 484 214 505 7.
225 483 252 500 n.
272 479 315 501 ιε.
329 473 470 502 Diaconus
480 483 512 501 ex
522 473 648 502 Durandi
658 470 795 510 opinione
805 490 813 501 ‚
828 469 847 496 l·
859 479 885 501 4-

95 522 155 550 cap.
171 523 213 548 ¹4·
225 523 283 541 non
293 513 373 542 debet
384 512 454 542 hanc
464 513 653 543 salutationem
665 511 786 549 prolerre
796 508 825 537 in
835 508 886 537 lio-

91 562 180 581 rarum
189 554 394 582 Canonicarum
409 554 571 583 recitatione
581 575 588 586 ‚
597 551 644 581 sed
653 549 782 580 soliimin
797 553 874 578 Evan
902 582 905 585 η

92 593 161 632 gelii
172 594 290 622 lectione
303 598 329 623 ὃ(
340 594 368 622 in
377 594 570 623 benedictione
579 593 663 623 Cerei
673 589 885 628 1³2schaii=,quia

92 634 129 662 ibi
139 644 171 661 ex
184 633 297 672 persona
305 634 413 663 Christi
425 632 548 674 loquitur
557 655 564 667 ,
578 636 605 662 δ(
615 633 731 661 eundem
745 629 885 660 resuscita-

93 682 151 702 tum
163 674 339 712 reprtesentat
354 687 361 706 ς
384 674 430 703 sed
440 676 487 704 alii
498 681 580 713 penes
591 675 706 702 Navarr.
716 673 769 701 loc.
780 672 828 699 cit.
841 680 885 709 pu.

91 724 150 743 tant
162 714 270 753 possein
281 715 442 744 recitatione
461 715 552 744 divini
564 714 652 743 officii
661 713 731 743 illud
743 712 866 752 proferre
878 732 884 743 ,

93 755 244 784 dummodo
252 754 341 783 secum
352 767 410 784 non
420 756 487 784 adiit
496 756 622 785 Sacerdos
634 776 642 787 ,
659 755 686 783 δ’(
709 755 739 782 in
748 765 778 782 ea
787 753 887 781 recita—

1232 43 1278 86 D
1307 43 1349 85 0
1606 58 1680 97 291

943 101 973 132 in
984 101 1141 133 Civitatem
1150 110 1251 132 novam
1262 123 1270 135 ‚
1290 110 1370 140 quam
1386 100 1504 138 Dopnus
1513 101 1570 130 Leo
1589 104 1661 142 Papa
1672 97 1740 132 zdb

944 143 1038 173 ficavit
1051 163 1059 172 .
1077 143 1185 173 Ibidem
1194 152 1256 182 pag.
1268 151 1334 177 504.
1343 144 1372 171 8<
1384 147 1449 176 506.
1461 143 1473 172 ]
1492 143 1565 170 Item
1575 143 1738 181 Dompnus.

943 184 1050 215 Ibidem
1060 190 1122 223 pag.
1139 193 1203 220 507.
1214 185 1254 218 έΗε
1275 183 1311 211 In
1320 181 1429 212 Officio
1448 180 1547 211 divino
1556 203 1565 216 ,
1584 185 1613 211 δε
1623 182 1653 210 in
1663 182 1739 211 Miss‘a

944 226 1054 266 quando
1065 225 1171 263 petitur
1180 234 1195 253 a
1212 222 1380 253 celebrante
1396 222 1555 251 benedictio
1565 244 1572 256 ‚
1593 222 1647 251 dici
1658 222 1738 252 debet

938 263 1174 303 JubeDomne5sed
1183 264 1294 303 quando
1303 261 1362 302 quis
1371 260 1442 291 solus
1454 263 1641 296 recitat,debet
1651 262 1742 292 dicei-e

937 308 1008 344 Jube
1017 310 1135 335 Domine
1146 324 1153 333 .
1167 306 1248 335 Idem
1259 304 1419 334 observatur
1427 313 1442 331 a
1453 303 1599 333 Sacerdote
1610 324 1618 336 ‚
1627 303 1740 342 quando

943 347 1074 387 privatim
1083 347 1201 375 celebrat
1214 346 1242 374 in
1253 344 1416 384 postulando
1425 344 1646 374 benedictionem
1654 342 1742 372 secre·

941 397 969 417 te
978 397 1045 417 ante
1055 386 1199 426 Evangelii
1211 385 1396 425 prolationem
1405 403 1412 412 .
1424 386 1544 414 Gavant·
1556 384 1652 420 fests.
1663 395 1702 413 c.1
1716 395 1740 412 i.

943 431 1002 458 FR.
1021 428 1170 464 [Solebam
1181 427 1252 455 forte
1263 425 1360 456 leffiiri
1372 425 1404 453 in
1423 425 1532 464 pulpito
1542 421 1741 464 aliquanisalu·

943 469 1079 497 tationem
1098 468 1176 497 nobis
1195 468 1320 507 ignotam
1339 466 1509 504 praemittere
1519 487 1527 498 ,
1545 466 1591 494 vel
1610 466 1651 494 dit
1657 465 1739 494 ebant·

942 509 1081 539 Dominus
1093 507 1232 537 vobiscum
1243 507 1314 539 (ubi
1334 506 1418 536 modo
1427 507 1524 535 dicunt
1534 507 1603 545 Jube
1623 507 1738 535 Douine

941 550 1101 579 benedicere
1111 568 1120 577 .
1129 548 1216 579 Gioss‘.
1226 549 1255 576 in
1264 559 1321 576 can.
1334 548 1436 586 placuit
1446 569 1454 580 ‚
1464 556 1494 575 ut
1504 556 1569 576 ante
1579 568 1587 580 ,
1599 546 1663 575 disti
1672 548 1742 579 77.)

940 593 1014 620 Item
1024 590 1133 629 quando
1142 591 1171 618 in
1180 589 1267 618 choro
1279 587 1426 627 Episcopus
1443 596 1554 616 caneret
1572 586 1720 616 Ieffionem
1729 607 1742 620 ,

941 632 1031 659 dicere
1041 631 1227 666 deberetjicbe
1237 632 1372 659 Domine;
1393 638 1454 656 nam
1473 637 1529 661 tam
1540 625 1668 657 Sacerdos
1681 628 1738 665 pri-

942 672 1028 700 vatim
1039 671 1156 699 recitans
1168 693 1176 704 ‚
1185 677 1266 709 quam
1276 668 1426 707 Episcopus
1436 669 1584 697 lectionem
1593 679 1691 697 canens
1703 689 1710 700 ‚
1723 679 1737 696 a

941 713 1006 741 Dco
1017 712 1176 740 immediate
1188 710 1411 739 benedictionem
1432 709 1588 747 postulant.
1614 710 1735 738 Gavant.

943 753 994 781 loc.
1003 753 1052 781 cit.
1064 752 1213 787 VideJube
1222 756 1329 779 Domne
1341 749 1398 783 &a
1410 750 1483 778 Vide
1492 750 1607 779 Titulus
1616 769 1624 776 .

90 796 167 824 tione
177 817 186 832 ,
195 796 230 824 de
239 796 295 830 ejus
305 805 397 824 tamen
407 796 517 825 licentia
528 819 535 829 ,
547 797 575 824 id
585 795 670 834 poss'ct
680 796 754 823 licite
766 794 1048 833 Ρτοηυη-ιΒοΝΑῑ-ῐο
1059 812 1066 821 .
1087 793 1160 821 Vide
1170 791 1344 820 Dotalitium
1355 811 1362 823 ,
1378 792 1499 818 Scotatio
1508 809 1515 816 .
1536 789 1661 818 Donatio
1673 799 1737 827 pro-

87 837 160 864 ciare
169 857 176 863 .
188 838 223 865 In
233 837 288 864 ritu
298 846 387 864 autem
399 838 576 866 Ambroliano
592 836 718 866 Sacerdos
738 836 766 864 in
777 834 886 873 praei'ata

90 872 252 905 salutatione
263 887 320 905 non
331 878 447 906 vertitur
456 879 489 907 ad
501 878 642 916 populum,
652 877 726 915 quod
738 877 818 904 etiam
828 877 886 903 Ro-

942 843 1003 873 pter
1012 833 1121 872 nuptias
1132 853 1139 860 .
1151 832 1225 862 Vide
1237 831 1428 868 Antiphatum
1438 848 1446 858 0
1455 830 1648 867 Folderphium
1658 852 1666 862 ‚
1677 835 1736 859 Mc-

938 877 1037 913 phium
1049 896 1056 907 ,
1067 874 1214 914 Hypobolon
1226 889 1234 900 ι

90 924 167 945 mana
177 915 346 946 consuetudo
355 917 481 947 observat
492 920 521 947 in
532 919 586 946 illis
608 918 747 947 Altaribus
758 939 764 949 ,
785 917 813 943 in
826 914 886 953 quio-
901 917 1085 945 DoNAnsTffi
1097 935 1104 947 ,
1124 912 1168 942 seu
1178 915 1335 941 Donztiani
1346 910 1470 940 haeretici
1482 931 1489 938 .
1510 909 1583 940 Vide
1594 911 1736 939 Circellto-

89 957 135 985 bus
145 957 271 986 Sacerdos
282 959 399 987 celebrat
417 959 450 988 ad
470 960 599 998 populum
618 957 765 995 respiciens
775 978 782 989 ‚
805 966 833 983 ut
846 955 887 983 di-

941 967 987 984 nes
999 977 1007 989 ‚
1018 956 1174 993 Epiphania
1186 977 1192 986 ,
1205 956 1335 982 Montani
1345 970 1355 979 ι

91 998 163 1025 &um
174 998 252 1026 estin
261 999 327 1026 diet.
340 999 442 1028 Altare
456 1022 462 1032 ‚
484 1005 510 1028 ἃ
522 1000 585 1027 ὼξῐ.
605 999 723 1034 Ecclesja
736 1019 743 1030 ‚
761 995 825 1028 §.in
837 999 886 1024 Ec*
899 998 1047 1025 Douxrus
1060 1018 1066 1028 ,
1078 994 1228 1023 monichus
1237 994 1341 1021 oblatus
1352 1014 1358 1025 ,
1381 992 1461 1020 laicus
1471 1013 1479 1025 ,
1502 992 1558 1021 five
1569 991 1715 1020 conversus
1725 1012 1735 1020 .

93 1038 181 1065 cleliis
199 1047 287 1066 autem
301 1056 308 1065 ι
329 1041 386 1067 PR.
405 1038 456 1067 hoc
476 1039 614 1068 observari
634 1039 694 1066 vidi
715 1038 742 1065 in
752 1036 885 1075 aliquibus

93 1077 218 1106 Ecclefiis
230 1078 309 1106 ctiam
321 1080 484 1108 Monialium
495 1102 501 1112 ,
513 1079 557 1108 ubi
571 1078 629 1117 post
641 1079 736 1107 Auni-e
746 1077 885 1115 reperiun-

91 1127 134 1145 tur
142 1127 228 1146 crater
239 1136 248 1151 ,
258 1128 305 1156 per
317 1129 379 1156 quas
389 1121 582 1148 celebrantem
592 1119 646 1147 illae
657 1117 819 1156 respiciant3
839 1115 885 1145 sed

940 1035 1068 1065 Monaclii
1078 1036 1133 1063 duo
1144 1057 1150 1068 ‚
1162 1039 1189 1063 Sc
1201 1034 1324 1062 convcrii
1337 1043 1432 1061 omnes
1443 1054 1449 1065 ,
1469 1042 1536 1070 quos
1546 1034 1672 1060 Donaros
1685 1034 1736 1062 uli-

941 1087 998 1106 tato
1008 1076 1141 1105 vocabu¹0
1159 1084 1342 1112 nuncupamus
1352 1094 1359 1101 .
1377 1073 1547 1102 Trithcmiiis
1557 1094 1565 1105 ‚
1584 1073 1602 1100 l.
1618 1083 1641 1100 i.
1652 1073 1735 1111 epist.

941 1128 988 1151 75.
1000 1119 1011 1148 ]
1024 1118 1078 1152 Qui
1087 1117 1169 1145 etiarn
1179 1116 1356 1151 Condiutores
1366 1114 1539 1152 appellantur
1548 1133 1555 1140 .

91 1167 125 1185 au
139 1159 171 1186 fit
182 1160 287 1186 licitum
299 1180 306 1191 ,
316 1160 382 1187 dum
395 1160 442 1188 alii
451 1158 589 1188 saeculares
599 1161 626 1188 in
639 1159 754 1187 Ecclesia
764 1158 836 1186 idem
846 1156 884 1186 sa·
898 1159 1083 1187 DONNICATA
1098 1179 1105 1190 ‚
1115 1161 1142 1186 ὅ(
1154 1159 1330 1185 Donm'catus
1341 1175 1348 1182 .
1370 1157 1425 1184 FR.
1438 1154 1619 1182 Dominicum
1631 1154 1734 1183 Bullar.

89 1207 165 1226 crum
174 1198 343 1228 auscuitznm
364 1200 394 1228 in
404 1199 457 1228 hoc
468 1200 501 1228 ad
511 1200 677 1239 prudentum
688 1199 822 1235 judicium
843 1208 885 1226 me

939 1199 1033 1227 casm.»
1044 1208 1111 1226 tom.
1124 1208 1149 1226 Ξ..
1160 1196 1247 1225 const.
1260 1207 1305 1233 73.
1316 1207 1364 1232 79.
1376 1195 1449 1223 Vide
1459 1197 1645 1224 Dominicata
1656 1213 1663 1221 .

89 1246 203 1267 remitto
212 1259 219 1265 .
231 1240 311 1267 Soter
322 1249 412 1267 tamen
422 1242 490 1279 Papa
500 1241 630 1269 celebrari
642 1240 731 1268 vetuit
743 1261 750 1272 ,
770 1239 819 1267 nili
830 1239 884 1266 duo
900 1241 1011 1269 Domni
1021 1260 1028 1267 .
1053 1239 1127 1267 Vide
1136 1239 1235 1267 Behem
1245 1257 1253 1269 ‚
1274 1238 1419 1265 Inveffum
1429 1255 1436 1263 .

86 1276 184 1306 saltem
202 1278 381 1308 auscultantes
402 1281 568 1318 reperiantur
587 1282 616 1308 in
638 1279 712 1308 Misi}
724 1301 729 1311 ,
752 1290 810 1306 can.
831 1277 883 1306 hoc
900 1282 1019 1309 Domus
1030 1300 1037 1307 .
1060 1279 1134 1307 Vide
1156 1284 1280 1307 Domnus
1291 1298 1298 1303 -

88 1328 198 1357 quoque
212 1341 220 1351 ,
230 1319 264 1346 de
274 1320 422 1349 consecrat.
433 1321 495 1349 dist.
511 1333 532 1349 i.
545 1325 571 1350 ἃ
585 1321 621 1349 ibi
638 1318 724 1349 Gioil'.
738 1318 884 1357 Episcopus
900 1322 1023 1349 Doricus
1035 1341 1042 1352 ,
1062 1330 1150 1358 graeca
1169 1326 1224 1346 vox
1244 1314 1354 1353 ἇῖιρκοῖς,
1374 1326 1452 1354 mpr-'t
1461 1314 1600 1351 sylvestris
1612 1338 1618 1348 ,
1638 1315 1715 1344 dama
1726 1332 1737 1342 a

88 1359 118 1387 in
128 1359 205 1388 Missh
215 1361 301 1398 prima
314 1361 373 1389 vice
382 1361 450 1390 dicit
467 1384 473 1394 ,
486 1367 548 1390 Pax
559 1363 636 1389 vabus
648 1378 656 1388 a
668 1361 740 1389 Vide
753 1359 800 1387 suo
811 1360 883 1387 ioco.

88 1400 179 1435 Quare
189 1411 248 1428 non
257 1401 361 1429 dicatur
371 1405 507 1430 Dominus
518 1403 659 1439 vobiscum
670 1423 677 1433 ,
689 1400 799 1440 quando
809 1411 885 1428 cani-

89 1448 134 1468 tur
145 1439 233 1469 Paffio
243 1461 250 1468 .
275 1442 349 1470 Vide
361 1443 442 1480 Passio
452 1460 460 1469 ἐ

49 1481 121 1508 ΒοΜ
129 1490 235 1509 ινοκτΑ
247 1501 254 1508 .
277 1483 349 1510 Vide
372 1484 542 1511 Domiducus
554 1503 560 1509 .

48 1520 254 1549 Dominum
277 1524 334 1550 PR.
345 1531 384 1550 res
397 1540 405 1554 ‚
425 1533 483 1560 quae
499 1523 584 1550 titulo
593 1519 862 1559 dominipoffidetur
876 1541 882 1548 .

92 1566 103 1603 [
115 1563 148 1588 Et
160 1570 226 1588 vero
233 1560 384 1590 domitialis
395 1572 435 1590 res
445 1563 530 1591 ablata
539 1562 644 1591 reddita
653 1562 691 1590 cst
703 1580 710 1589 .
722 1566 864 1599 Erempert
875 1584 882 1594 ‚

89 1610 119 1628 in
132 1601 253 1639 Epiiom.
264 1601 307 1629 :in-¹
319 1606 384 1634 887«

50 1641 257 1674 DomuusNox
268 1642 299 1670 ab
312 1642 501 1671 Ecclefiasticis
511 1642 573 1671 loco
585 1640 703 1671 Domini
714 1642 880 1673 usitatamam

942 1366 954 1395 [
967 1359 1083 1389 Tabitha
1094 1382 1101 1393 ,
1113 1370 1173 1398 qux
1186 1359 1365 1395 interpretata
1375 1357 1477 1385 dicitur
1486 1357 1591 1385 Dorcas
1602 1376 1609 1383 .
1628 1358 1733 1385 Auctor

938 1411 960 1428 c.
971 1403 1023 1437 9.]
1045 1402 1113 1436 Qua:
1125 1399 1224 1428 mulier
1235 1407 1347 1436 propter
1358 1401 1412 1432 ejus
1421 1397 1562 1425 oculorum
1575 1396 1737 1435 perspicaci-

942 1447 1027 1470 tatem
1036 1442 1073 1469 ita
1084 1441 1121 1469 est
1131 1440 1265 1479 appellata
1273 1449 1306 1466 ex
1325 1448 1416 1477 graeco
1437 1438 1521 1465 verbo
1532 1434 1612 1474 csi'pmi
1621 1458 1628 1469 ,
1646 1437 1716 1464 idest
1725 1458 1734 1469 ‚

939 1481 1129 1520 circumspicio
1139 1504 1146 1514 ‚
1157 1480 1202 1509 seu
1212 1479 1300 1518 potius
1310 1489 1342 1506 ex
1356 1479 1474 1506 Hebraeo
1486 1478 1618 1506 vocabulo
1630 1498 1637 1508 ‚
1659 1477 1735 1515 quod

939 1533 971 1550 nc
977 1524 1073 1551 tricem
1094 1521 1245 1561 fignificat:
1268 1519 1399 1548 Arabicus
1419 1528 1485 1547 vero
1499 1526 1590 1546 textus
1606 1517 1734 1546 Ghazela

938 1562 1019 1592 habet
1032 1585 1039 1595 ,
1052 1564 1126 1602 quod
1137 1572 1190 1591 tam
1201 1560 1363 1596 sylvestrem
1373 1569 1479 1597 capi-am
1491 1580 1498 1590 ‚
1510 1567 1590 1596 quam
1601 1557 1735 1585 netricem

937 1604 1072 1642 fignificat
1084 1625 1091 1637 ,
1101 1606 1173 1638 cujus
1183 1602 1332 1641 postremus
1343 1599 1507 1639 significatus
1517 1598 1604 1637 magis
1615 1598 1737 1626 soeminis

935 1645 1076 1683 adaptatur
1084 1661 1092 1672 ι

89 1681 226 1709 Dominus
238 1682 276 1710 est
287 1681 472 1727 tituluslsolius
482 1683 577 1716 Dei‚&
587 1683 650 1711 ideo
660 1682 814 1711 hominibus
825 1679 880 1718 syi-
898 1684 997 1714 Douix
1009 1706 1016 1713 .
1040 1685 1114 1713 Vide
1136 1686 1242 1723 Dioryx
1253 1701 1260 1709 .

91 1723 147 1750 laba
159 1722 272 1761 dempta
282 1724 389 1751 Domni
407 1725 503 1752 titulus
515 1724 594 1752 datur
605 1744 612 1751 .
631 1725 688 1752 FRs
708 1726 784 1759 juxta
794 1724 879 1752 illud:
896 1725 1099 1754 DORUNDANA
1111 1746 1117 1752 .
1140 1721 1333 1753 Orlandienfis
1343 1742 1349 1749 .
1373 1719 1447 1749 Vide
1469 1724 1613 1757 Campana
1623 1738 1631 1746 .

127 1763 279 1791 Coelestem
290 1764 458 1796 Dominum,
470 1765 624 1792 terrestrem
634 1764 720 1792 dicito
729 1764 881 1792 Domuum.
895 1765 1068 1794 Domui-ius
1081 1786 1087 1792 .
1108 1767 1162 1793 FR-
1182 1774 1218 1791 ita
1229 1773 1275 1802 per
1285 1761 1430 1790 ludibrium
1447 1761 1477 1788 ab
1488 1759 1632 1789 Haereticis
1643 1760 1725 1799 Vigi-

91 1802 325 1836 [Gloriofiffimas
336 1814 426 1832 autem
436 1804 504 1833 filias
513 1814 582 1833 meas
600 1804 739 1832 Domnam
748 1805 879 1833 Domini-

86 1850 144 1869 cam
155 1860 166 1875 5
183 1846 210 1872 δ(
219 1844 358 1872 Doti-inam
373 1844 544 1877 ,Eudocliiam
555 1853 613 1873 mea
624 1845 684 1873 vice
693 1842 804 1873 salutate
813 1863 821 1873 ⁴
844 1847 881 1874 D.

937 1807 986 1834 lius
997 1805 1136 1844 Tapsenfis
1148 1803 1294 1841 Episcopus
1304 1824 1312 1834 ,
1321 1806 1349 1831 δι
1360 1801 1552 1830 Ecclesiasticus
1563 1799 1680 1838 scriptor
1692 1804 1731 1830 Α-

938 1846 1054 1874 fricanus
1064 1846 1211 1884 appellatus
1222 1847 1258 1872 est
1271 1865 1278 1876 ‚
1289 1843 1322 1871 de
1333 1852 1389 1880 quo
1399 1845 1499 1871 Baron.
1509 1841 1543 1870 ad
1552 1851 1615 1869 ann.
1627 1851 1693 1875 400.

87 1884 174 1921 Greg·
186 1884 244 1926 ¹·.⁶·.
251 1884 329 1922 epist.
342 1896 389 1916 27->
399 1887 410 1916 ]
422 1889 449 1913 δε
459 1885 590 1923 Sulpitius
610 1886 776 1921 [Domuum
787 1887 882 1914 Marti-
898 1888 1106 1916 ΠοκΜιτΑἰ-οκ
1117 1906 1123 1913 .
1147 1885 1220 1914 Vide
1242 1884 1430 1912 Interdtarxus
1443 1903 1451 1910 .

88 1932 153 1950 num
161 1923 252 1951 obiisse
266 1925 404 1957 nuntiant,
417 1926 539 1963 epist.1.]
553 1927 656 1954 Eodem
666 1925 806 1954 defectivo
816 1927 882 1954 titu-
896 1928 1051 1956 Donum-10
1062 1949 1071 1960 ,
1093 1927 1168 1954 inter
1179 1925 1351 1954 Christianos
1361 1932 1480 1951 mortem
1489 1920 1622 1960 fignificat
1633 1941 1642 1954 ‚
1659 1923 1730 1949 Tor-

86 1964 115 1991 lo
126 1973 240 1991 utuntur
250 1965 346 1993 Graeci
357 1987 365 1998 ‚
377 1974 474 2004 nempe
485 1987 493 1999 ‚
506 1963 577 2003 κυρός
586 1988 594 1999 ,
606 1963 688 2003 nupti,
709 1966 752 1994 vel
763 1964 823 2004 ’cupii
834 1988 841 1994 .
854 1968 879 1995 Ι4

86 2013 163 2042 gitur
183 2005 354 2043 Magnatibus
364 2006 458 2033 titulus
472 2011 593 2034 Domnus
604 2007 686 2034 ctiam
699 2007 881 2036 tribuebatur.

935 1968 1020 2006 rigius
1029 1968 1062 1995 de
1073 1969 1175 2005 Crypt.
1186 1966 1311 1994 Vatican⁴
1330 1965 1411 2002 impr.
1421 1962 1545 1992 secundae
1554 1983 1564 1996 ,
1583 1971 1643 2001 pag·
1665 1968 1729 1996 576.

937 2009 1012 2036 Vide
1031 2009 1163 2044 Pausatio
1173 2028 1179 2034 .

88 2050 101 2079 [
113 2046 255 2073 Ravennae
268 2054 330 2074 cum
340 2047 456 2074 Domno
465 2046 554 2074 Decio
566 2045 680 2085 patritio
691 2046 811 2085 suit‚ipse
822 2046 882 2086 pos-
896 2049 1038 2077 DORSALE
1050 2069 1057 2081 ‚
1068 2057 1170 2087 pannus
1181 2047 1209 2074 in
1219 2046 1306 2074 choro
1316 2056 1330 2072 a
1339 2041 1422 2073 dorso
1429 2041 1592 2072 clericorum
1602 2051 1652 2081 pro
1661 2042 1730 2072 acris

84 2084 118 2112 fit
129 2094 306 2124 quaecumque
314 2085 603 2122 judicaveris,Domno
612 2088 776 2125 Imperatori
785 2084 882 2127 sugge-

92 2134 152 2153 rere
164 2144 171 2151 .
191 2126 226 2153 In
236 2126 314 2164 epist.
328 2127 430 2166 Pelagii
443 2129 521 2165 Papae
534 2128 595 2159 IL]
616 2137 662 2166 qui
673 2128 706 2155 :id
714 2130 882 2166 Gregorium

84 2174 151 2194 tunc
162 2167 233 2204 apud
242 2167 588 2206 Constantinopolitanuui
601 2169 797 2205 Imperatorem
810 2168 882 2207 lega-

86 2206 195 2234 tionem
207 2206 370 2246 fungentem
380 2206 524 2246 scripserat
538 2218 544 2235 :
555 2208 625 2246 apud
638 2208 774 2237 hlondum
785 2209 813 2236 in
823 2211 885 2238 Ro-

85 2255 130 2274 ma
139 2246 238 2275 incliti.
248 2247 342 2276 decad.
351 2259 373 2276 i.
384 2248 431 2276 hs·
441 2249 477 2277 In
486 2246 585 2277 saeculo
594 2248 762 2287 ignorantia:
772 2253 882 2286 Dapnus

86 2288 316 2331 pronuntiabatur
327 2309 334 2316 .
348 2289 504 2327 [Sanctaeq-
513 2289 588 2318 Sedis
598 2289 767 2328 Apostolicae
777 2290 883 2328 Dopno

84 2329 173 2372 Leoni
183 2329 296 2357 Summo
304 2329 435 2359 Pontifici
446 2350 455 2362 ‚
475 2339 556 2367 penes
564 2330 722 2369 Torrigium
734 2351 742 2363 ‚
766 2330 800 2358 de
809 2332 885 2366 Cry-

85 2376 141 2406 ptis
152 2367 410 2402 vaticamsecundae
420 2369 537 2410 impressl
547 2379 611 2410 pag'
622 2380 688 2410 503.
706 2371 775 2406 Quae
787 2370 835 2401 fita
844 2372 883 2401 est

938 2089 1139 2127 impedimento
1150 2087 1270 2125 pendens
1284 2107 1292 2118 ,
1303 2086 1339 2113 ita
1349 2085 1508 2124 appellatus.
1519 2083 1656 2120 [Dorsalia
1664 2082 1728 2112 sunt

938 2130 1021 2167 panni
1033 2130 1061 2157 in
1072 2128 1158 2156 choro
1177 2128 1326 2166 pendentes
1337 2136 1351 2154 a
1366 2121 1448 2154 dorso
1463 2124 1626 2154 clericorum
1637 2144 1644 2151 .
1666 2126 1726 2154 Du-

937 2170 1012 2198 rand.
1025 2170 1053 2197 in
1065 2168 1217 2198 Rational.]
1231 2178 1243 2195 a
1254 2166 1450 2195 recentioribus
1461 2166 1608 2204 Pcstergale
1617 2165 1727 2193 dicitur.

938 2210 999 2239 Alii
1009 2208 1115 2246 Doffale
1126 2231 1132 2242 ,
1142 2213 1168 2238 ὃ(
1179 2209 1320 2245 Dossarius
1333 2208 1427 2235 dixere
1438 2224 1448 2239 1
1466 2216 1547 2244 quem
1556 2215 1666 2244 cappam
1677 2203 1727 2233 else

936 2251 1067 2278 nonnulli
1077 2249 1252 2277 crediderunt
1264 2270 1271 2280 ,
1281 2247 1343 2286 quia
1353 2246 1432 2286 supra
1441 2244 1553 2275 dorsum
1562 2246 1725 2284 imponitur,

936 2290 983 2319 sed
995 2301 1024 2319 re
1037 2301 1098 2318 vera
1110 2289 1261 2329 postergale
1271 2297 1328 2317 erat
1339 2308 1346 2316 .
1365 2294 1377 2324 [
1390 2288 1507 2317 Panium
1518 2296 1647 2326 magnum
1667 2294 1729 2311 curn

937 2331 1090 2370 elephantis
1099 2353 1107 2364 ,
1117 2331 1189 2370 quod
1200 2329 1298 2359 dossale
1306 2329 1508 2368 cognominant
1517 2346 1527 2355 .
1544 2330 1603 2358 Leo
1615 2324 1728 2355 Ostien-

937 2372 967 2401 in
975 2371 1087 2407 Chron·
1096 2371 1189 2404 Calin.
1198 2371 1220 2400 l.
1228 2382 1255 2410 3.
1265 2381 1288 2400 c.
1300 2380 1330 2410 3.
1341 2373 1353 2403 ]
1365 2369 1497 2440 ῐι-ἓπιὶηιπι
1506 2388 1516 2403 ,
1525 2377 1586 2398 cum
1595 2363 1727 2404 clepham

1444 2420 1460 2438 π.
1636 2414 1696 2434 ium
