1830 2490
198 140 302 171 minus
324 136 512 169 Cardinalis
533 146 628 174 penes
650 134 680 166 se
702 134 842 165 maxima
863 130 1022 164 charitate
1037 153 1044 167 ,
1066 141 1101 162 ac
1125 129 1319 161 liberalitate
1340 131 1444 162 curari
1467 127 1594 169 jusserat
1614 143 1622 170 ς
1645 132 1684 163 ad

198 189 290 217 quem
314 180 347 208 in
369 177 524 209 extremis
546 175 745 207 laborantem
768 172 823 212 pro
844 170 1127 202 commendatione
1148 170 1234 200 illius
1256 171 1370 202 animae
1390 169 1584 202 accefferant
1619 172 1684 202 Re-

196 218 294 257 ligiosi
326 219 386 249 viri
407 243 416 256 ‚
449 227 582 255 quorum
617 214 783 246 nostiirnas
802 238 810 250 ‚
843 210 1032 248 diurnasque
1065 209 1270 252 fatigationes
1302 208 1498 251 conspiciens
1530 210 1681 240 Domini-

198 269 274 295 cus,
297 259 349 295 qui
372 255 580 288 intermiffive
602 254 800 292 deperditam
823 252 985 289 loquelam
1005 248 1232 287 reasiumebat‚
1264 258 1342 281 tunc
1372 251 1416 280 eis
1447 250 1527 287 laepe
1560 248 1597 279 de
1629 252 1681 279 in-

199 297 331 330 cessanti
353 296 544 336 fatigatione
566 296 682 333 gratias
705 304 798 330 agens
813 317 820 329 ,
847 301 886 322 ne
907 300 973 321 tam
996 288 1191 320 incessanter
1220 288 1405 321 laborarent
1436 299 1489 320 eos
1523 288 1653 327 rogabat
1677 314 1685 327 ‚

200 339 272 375 quia
295 347 351 375 pro
373 337 428 368 illa
450 338 522 367 vice
545 334 575 364 se
597 344 662 364 non
683 335 882 364 moriturum
903 338 994 360 certo
1015 328 1153 360 sciebat:
1176 330 1260 366 quod
1282 331 1328 360 ita
1353 329 1427 360 sane
1449 330 1580 366 evenit;
1603 339 1686 360 con-

201 378 304 410 valuit
326 378 433 414 enim,
455 376 488 407 δε
512 375 549 404 ad
573 372 752 405 Alexandri
776 374 867 408 Papae
888 369 960 400 VII.
984 368 1076 407 pedes
1097 368 1267 404 amilius,
1292 371 1407 406 gratias
1440 369 1486 399 illi
1513 370 1626 400 retulit
1645 370 1684 401 de

200 415 400 449 conceffione
423 415 631 447 indulgentiae
654 414 687 442 in
710 413 820 442 mortis
843 409 982 441 articulo
1003 410 1030 439 ei
1054 408 1188 446 largita.-
1221 406 1384 439 subridens
1417 407 1547 446 proinde
1570 410 1686 440 Ponti-

202 456 276 494 fex,
308 458 433 492 inquit:
467 446 631 486 Laetamur
651 460 684 482 te
707 452 840 488 propriae
864 448 1060 481 valetudinis
1083 448 1301 479 divinatorem
1333 447 1423 479 fuiss‘e
1448 460 1456 486 ς
1490 450 1602 485 itaque
1636 447 1687 480 su-

202 497 345 534 pervixit
375 495 481 532 postea
503 494 587 523 ultra
620 491 839 527 decennium,·
863 491 896 520 in
918 498 980 526 quo
1004 489 1159 525 temporis
1195 487 1299 525 spatio
1329 488 1369 518 ab
1400 489 1466 528 eius
1497 490 1690 520 centenario

202 536 380 573 Genitore,
410 543 446 565 ut
469 531 537 573 ejus
559 532 679 563 accessu
702 530 795 560 illum
817 537 896 560 ante
917 529 1046 559 obitum
1077 526 1305 559 consolaretur
1321 551 1328 564 ,
1351 536 1525 565 exoptatus
1542 551 1549 565 ,
1577 528 1688 559 obedi-

202 577 255 606 vit
277 573 362 606 filius
377 598 385 612 ‚
418 573 451 605 ὃς
474 571 511 604 ad
532 571 683 601 Melitam
708 568 921 600 transmeavit
937 581 946 598 :
971 568 1054 599 unde
1075 569 1178 599 eidem
1201 567 1366 599 Cardinali
1390 566 1597 604 longiffimam
1621 569 1689 606 epi·

204 614 314 646 stolam
336 611 587 646 eruditionibus,
610 610 643 641 &
666 608 910 641 austoricatibus
932 607 1081 638 refertam
1101 608 1140 638 de
1164 609 1289 639 virtute
1312 609 1473 645 potionis,
1496 617 1590 644 quam
1612 608 1689 650 vul·

202 664 241 692 go
262 653 344 692 Kafe
365 662 485 684 vocant
501 676 509 689 ,
529 651 668 682 direxit.
691 661 760 686 quae
781 650 874 679 hodie
896 648 941 678 bis
964 648 1106 684 imprella
1129 647 1377 684 circumfertur,
1414 646 1520 679 addita
1551 649 1584 678 in
1621 657 1688 687 ejus

203 692 268 724 fine
292 692 436 724 Periocha
460 692 497 722 de
516 690 622 722 viteus
644 689 684 721 (ΞΤ
704 688 845 720 exer-citii
866 687 983 718 ratione
1014 687 1024 724 (
1049 688 1189 718 maxime
1212 688 1244 716 in
1270 685 1434 718 senc-{tute
1456 690 1470 720 )
1501 684 1689 725 observanda

203 734 245 763 ad
264 735 292 763 S.
316 735 353 762 D.
376 734 419 763 N.
447 731 580 762 Paulum
602 732 667 761 ΠΙ.
696 731 782 760 Pont.
807 729 896 761 Max.
919 737 961 758 ex
986 727 1126 758 Andreae
1148 736 1165 757 a
1200 727 1332 758 Lucana
1365 726 1544 765 Segobien.
1569 726 1692 758 Dotio-

207 774 248 803 ris
273 773 391 803 Medici
415 769 630 809 manuscriptis
653 771 813 806 decerpta.

245 813 282 844 In
306 811 481 848 Conclavi,
504 813 536 841 in
559 819 620 846 quo
643 810 854 840 renunciatus
875 806 916 837 est
939 808 1030 837 Pont.
1055 806 1149 838 Max.
1171 816 1281 838 recens
1302 806 1331 836 S.
1358 806 1396 836 D.
1421 806 1461 836 N.
1481 807 1688 839 CLEMENS

204 854 239 883 X.
264 851 324 883 fuit
348 862 364 881 a
387 849 601 881 Conclavistis
623 847 746 887 praefati
770 847 952 878 Cardinalis
978 847 1146 877 Brancatii
1163 870 1171 882 ,
1193 846 1246 877 ubi
1268 846 1306 878 ad
1321 846 1500 878 fallendum
1522 847 1601 878 illud
1624 848 1691 880 lon-

203 903 279 930 gum
307 894 454 927 temporis
484 889 638 925 taedium,
672 888 875 919 Academiam
909 887 1074 918 variarum
1097 886 1323 917 eruditionum
1356 888 1587 925 excitaverat,
1619 899 1689 926 quae

203 932 267 962 EE.
291 933 548 968 Purpuratorum
570 927 735 967 praesentia
756 927 908 958 decorata
931 935 1003 957 erat
1018 950 1025 963 ,
1055 935 1152 964 atque
1182 927 1215 956 in
1239 937 1275 956 ea
1298 925 1580 964 Qadragefimam
1603 927 1691 958 Con-

206 970 346 1002 clavistis
361 969 424 1009 ipse
444 971 653 1001 concionatus
676 967 742 1006 est3
764 977 818 1006 pro
841 976 902 1004 qua
925 975 958 997 re
979 964 1214 998 Eruditiffimus
1236 964 1426 999 Franciscus
1450 964 1599 1001 Grisendi
1625 968 1688 1000 tale

208 1012 411 1050 Epigramma
434 1008 676 1045 composuerat:
899 1015 903 1019 '

408 1094 507 1122 Fama
529 1088 645 1127 refert,
667 1087 706 1119 (ΕΤ
720 1087 811 1126 fama
826 1088 920 1126 stmul
941 1088 1019 1118 mihi
1034 1087 1152 1126 gaudia
1171 1089 1314 1127 praestan

487 1128 579 1167 Quod
599 1127 670 1157 bona
685 1150 692 1163 ,
715 1127 851 1164 quodque
871 1126 963 1156 etiam
986 1133 1020 1157 tu
1043 1126 1114 1156 bene
1132 1125 1229 1157 verba
1247 1127 1349 1167 facis.

407 1167 440 1199 Si
462 1166 587 1198 Domini
607 1165 757 1204 eloquium
779 1164 888 1208 pandis
902 1189 909 1203 ‚
932 1166 1145 1196 tantummodo
1167 1165 1260 1205 noscit

486 1206 650 1245 Eloquium
674 1205 800 1236 Dominz
820 1206 952 1244 pandere
973 1205 1174 1236 Dominicus.

408 1248 502 1278 Porta
523 1246 647 1284 augusta
669 1245 729 1283 poli
750 1247 812 1283 est5
835 1244 930 1283 igitur
952 1245 1019 1282 quis
1042 1248 1159 1276 DuHor
1180 1245 1268 1276 eunti

490 1287 586 1316 Nunc
607 1285 664 1316 erit
688 1285 812 1322 angusta
833 1286 875 1315 ad
895 1284 1027 1315 limina?
1048 1286 1227 1320 MACRUS
1250 1285 1328 1318 erit.

408 1329 493 1357 Dum
516 1324 662 1363 loqueris,
683 1325 768 1355 dulci
788 1323 920 1363 quisquis
942 1325 1089 1362 dependet
1109 1324 1145 1355 ab
1167 1336 1242 1363 ονε,-

499 1368 646 1402 Namque
667 1365 835 1403 Melitensis
856 1364 966 1396 mellea
986 1363 1085 1394 verba
1104 1365 1187 1402 parit
1201 1389 1208 1395 .

412 1404 546 1447 ,Quisque
569 1411 633 1435 tnae
654 1403 781 1435 celebrat
799 1403 907 1443 sophia·
930 1405 1102 1442 miracula3
1125 1414 1228 1444 nempe

479 1444 539 1478 Sub
559 1445 640 1476 dofle
660 1444 800 1486 famular
822 1444 961 1482 Principe
982 1444 1091 1475 clodus
1112 1446 1184 1476 ades
1197 1468 1204 1474 .

412 1488 461 1518 En
482 1491 535 1517 tua
557 1484 661 1523 lingua
681 1483 794 1514 homim
817 1484 903 1516 doch
925 1483 995 1515 bene
1015 1483 1163 1521 praedicat
1184 1491 1269 1523 arte,

480 1528 531 1556 En
552 1524 646 1555 etiam
670 1523 739 1555 liene
762 1530 791 1554 te
810 1524 959 1562 praedicat
981 1522 1078 1554 omnis
1100 1524 1203 1556 homo.

255 1604 401 1637 Tandem
423 1605 473 1636 die
494 1617 523 1644 4.
546 1603 675 1642 Augusti
712 1602 750 1634 de
772 1613 858 1634 anno
881 1604 969 1642 1671.
993 1612 1230 1642 aegrotaverat‚
1260 1604 1294 1636 &
1325 1605 1358 1636 in
1389 1615 1424 1636 ea
1447 1605 1573 1638 infirma
1596 1607 1695 1641 seme-

215 1644 267 1676 ssri
291 1645 551 1681 superviventia‚
582 1654 712 1674 carnem
747 1644 780 1673 in
816 1642 923 1673 diebus
947 1642 984 1674 ab
1005 1643 1143 1675 Ecclesia
1179 1644 1344 1682 prohibitis
1375 1644 1497 1683 gustare
1527 1656 1694 1686 nunquam

215 1684 346 1719 voluit,
378 1685 558 1720 lemperque
588 1683 706 1714 summa
740 1683 896 1720 patientia
919 1707 926 1719 ,
958 1694 994 1713 ac
1024 1683 1191 1715 hilaritate
1224 1684 1353 1715 constas
1386 1684 1486 1715 morbi
1520 1685 1695 1720 affictiones

214 1724 336 1754 divinae
359 1723 524 1754 voluntati
549 1724 659 1754 unitus
681 1721 867 1754 sustinebat.
890 1721 1041 1753 Febribus
1061 1721 1177 1761 jugiter
1192 1726 1367 1761 aggreflus,
1391 1734 1572 1756 currentem
1593 1728 1696 1760 divini

215 1761 310 1795 officii
334 1765 562 1794 recitationem
587 1772 638 1799 per
661 1762 760 1792 alium
781 1761 916 1792 libenter
935 1761 1085 1793 audiebat
1100 1787 1108 1801 ‚
1131 1774 1167 1794 ac
1182 1764 1305 1801 ingenti
1329 1764 1552 1795 animiardore
1575 1767 1611 1798 acl
1634 1766 1696 1806 spi-

215 1804 365 1836 ritualem
391 1801 540 1833 lesturam
563 1801 742 1840 porrigebat
766 1811 856 1832 aures
878 1803 1037 1833 continuo
1057 1802 1154 1840 usque
1175 1804 1214 1833 ad
1235 1801 1303 1842 ejus
1323 1804 1448 1835 obitum
1463 1828 1471 1841 ,
1499 1815 1592 1841 quem
1616 1810 1694 1839 vitae

217 1845 381 1881 periodum
403 1841 592 1873 salutaribus
624 1843 740 1872 animae
764 1839 911 1878 praefidiis
943 1842 1112 1878 munitus,
1143 1844 1281 1874 maxima
1312 1854 1384 1874 cum
1416 1845 1696 1878 circumstantium

217 1882 455 1917 aedificatione,
478 1892 513 1912 ac
537 1883 711 1912 amicorum
734 1881 844 1911 dolore
864 1881 920 1910 IV.
944 1881 1029 1923 Non.
1053 1883 1192 1914 Martias
1214 1885 1423 1920 terminavit,
1445 1883 1479 1914 ὃ(
1502 1887 1535 1915 in
1557 1885 1695 1918 Ecclesia

221 1922 402 1954 cathedrali
430 1921 570 1953 Viterbii
597 1922 751 1952 humatus
771 1919 813 1950 est
827 1944 835 1957 ,
857 1921 896 1951 ad
917 1930 1009 1957 cujus
1030 1921 1166 1960 effigiem
1188 1924 1220 1953 in
1235 1921 1432 1955 Bibliotheca
1457 1922 1595 1962 ejusdem
1617 1927 1695 1964 Capi

219 1961 280 1993 tuli
302 1961 474 2000 depifiam,
496 1961 555 1995 hoc
577 1961 727 2000 Elogium
749 1959 926 1998 appositum
949 1958 1032 1991 fuit.

320 2432 512 2465 Hierolexicm
533 2434 628 2464 Macri
637 2453 643 2462 .
1116 2444 1133 2465 a

1179 2445 1192 2473 5
1519 2434 1548 2467 Ο
1570 2435 1658 2468 MA-
