1866 2526
119 90 172 128 24
453 74 571 118 AD

104 137 133 161 ὅ(
144 131 327 162 universalem
338 134 437 173 praxin
446 141 523 163 certo
537 130 634 172 nequit
646 132 776 162 affirmari
788 143 794 160 :
817 136 890 169 quae-

106 174 170 202 dm
181 183 272 202 tamen
282 173 361 210 hujus
381 173 588 205 consuetudinis
598 173 715 212 vestigia.
734 173 764 202 in
773 171 892 210 antiquis

108 213 270 253 quibusdam
280 216 467 245 monumentis
482 237 491 249 ,
513 218 541 244 ὅ(
551 214 723 253 Scriptorum
741 214 893 243 adlufioncs

105 255 141 284 ad
157 254 315 292 hujusmodi
345 256 573 286 consuetudinem
599 255 733 284 videntur
758 254 893 285 existere.

107 299 252 335 Gregorius
284 301 489 328 Nazianzenus
513 308 546 325 eo
577 295 713 334 respicere
742 295 864 324 creditur
883 314 891 326 ,

106 337 219 377 quando
228 337 356 366 homines
377 339 411 368 ad
422 337 619 377 persistendum
629 336 659 365 in
669 336 723 365 fide
733 359 741 371 ‚
764 345 845 376 quam
866 334 896 362 in

110 377 248 416 baptismo
265 377 379 416 proseffi
397 378 478 412 sunt,
502 378 653 407 adhortans
666 399 674 410 ,
697 383 776 407 Orat.
799 389 846 413 40.
864 376 895 403 de

109 418 210 455 baptis.
228 418 284 447 ait:
308 422 335 448 Si
352 421 407 448 alio
419 421 494 448 modo
503 421 652 457 inscriptus
665 431 690 447 es
701 440 709 452 ‚
732 430 816 457 quam
827 426 897 444 vera

109 459 236 488 doc‘trina
247 462 385 498 exposcit,
409 464 494 493 veni,
518 472 550 488 ac
569 460 754 496 trascribere.
778 464 831 496 Ego
852 458 898 485 ho-

109 509 175 527 rum
183 511 235 529 non
255 502 359 538 inscius
372 510 457 539 atque
471 504 578 538 ineptus
595 501 660 536 sum
674 504 791 538 Scriptor
802 519 809 531 ,
826 499 898 535 scri-

109 540 174 568 bens
186 552 217 570 ea
227 562 235 574 ‚
256 552 310 580 qua
322 542 393 569 mihi·
412 542 622 578 inscriptasunt
632 561 640 573 ,
663 540 697 573 (ἐι
708 541 802 568 docens
816 561 823 572 ‚
843 550 897 577 que

111 580 220 614 didici,
244 590 329 620 atque
341 584 461 618 aprima
471 590 549 610 atate
567 582 606 609 ad
621 582 694 609 hanc
714 582 799 619 usque
821 583 898 607 cani-

113 623 323 659 tiemservari.
346 622 646 659 Meumfitpericulum
661 642 668 653 ,
692 632 784 650 meum
795 631 898 660 quoque

105 666 252 698 premium
262 684 270 695 ,
293 666 340 702 qui
351 666 449 691 anima
461 663 583 698 tuasum
602 662 769 699 dispensator
782 683 790 694 ,
813 668 898 698 acper

110 702 279 739 baptismum
289 703 429 740 tepeificio
440 723 447 730 .
468 706 515 731 Sin
527 711 622 732 autem
643 705 686 730 ita
708 712 733 730 te
743 703 824 730 habes
835 722 843 733 ,
866 712 899 729 ac

106 742 213 778 pulcris
222 743 327 772 litteris
338 752 451 772 notatus
461 752 544 782 atque
556 744 661 779 inustus
673 755 698 771 es
711 764 718 775 ‚
730 754 783 781 qua
791 743 899 779 scripta

106 782 195 818 sunt,
213 785 302 820 serva
318 787 349 812 in
366 786 488 813 obnoxiis
501 786 654 812 mutationi
665 784 827 821 temporibus
841 803 848 814 ,
868 783 899 809 de

112 833 141 850 re
151 825 268 852 minime
277 825 411 853 mutabili
421 825 611 852 immutabilis
622 834 734 852 manens
746 844 753 850 .
774 824 900 852 Pilatum

113 866 144 891 in
154 864 292 892 meliorem
299 874 409 902 partem
419 868 535 893 imitare
547 887 554 897 ‚
579 866 824 902 malestribcntem
833 865 900 891 rec‘be

113 905 278 942 conscriptus
291 925 297 932 .
321 910 376 933 Dic
394 910 429 934 its
442 927 449 938 ,
470 908 562 944 quise
583 908 750 943 ase-ntentia
770 905 900 932 deducere

104 945 242 981 student:
265 946 469 986 Quodscripfi,
487 946 599 983 scripfi'.
623 945 780 982 Ambrostus
792 954 901 983 quoque

113 985 147 1012 ad
158 985 230 1013 hunc
243 996 348 1014 morem
359 987 480 1015 alludere
492 987 603 1014 videtur
615 1009 623 1019 ,
646 987 756 1025 quando
768 985 839 1024 apud
850 985 901 1012 ini-

114 1026 197 1054 tiatos
209 1027 264 1055 live
275 1028 428 1065 baptizatos
440 1028 554 1066 loquens
567 1049 574 1060 ‚
595 1028 626 1056 de
638 1033 761 1056 Sacrum.
772 1026 789 1053 l.
806 1036 829 1053 1.
839 1035 862 1052 c.
876 1036 901 1052 2.

114 1066 169 1095 ait:
195 1068 411 1106 Chirographum
432 1079 513 1097 tuum
534 1077 663 1100 tenetur,
685 1078 737 1096 non
756 1070 786 1094 in
806 1074 901 1097 terra,

111 1108 164 1143 sed
174 1111 204 1136 in
217 1109 290 1137 Coelo
300 1129 306 1135 .
331 1113 365 1142 Et
377 1110 441 1137 alibi
454 1131 461 1141 ,
473 1111 505 1137 de
517 1112 629 1137 initiat.
640 1119 663 1135 c.
678 1120 702 1137 2.
712 1113 836 1136 Tenetur
847 1117 902 1133 vox

114 1155 167 1175 tua
179 1169 187 1180 ,
210 1159 262 1176 non
283 1152 313 1176 in
332 1151 440 1177 tumulo
460 1159 631 1177 mortuorum
645 1169 652 1180 ,
672 1149 723 1184 scd
740 1151 769 1174 in
779 1147 847 1174 libro
857 1149 903 1173 vi-

115 1192 270 1222 ventium5
293 1189 356 1227 quia
375 1190 507 1218 videlicet
527 1187 703 1227 praesentibus
725 1186 882 1215 hominibus
895 1206 902 1217 ,

117 1232 146 1257 δε
158 1230 277 1267 Angelis
289 1230 384 1258 datum
394 1231 426 1259 fit
437 1251 444 1258 .
467 1234 501 1259 Et
513 1230 685 1267 Augustinus
696 1250 704 1261 ‚
728 1228 760 1255 de
769 1228 855 1266 symb.
867 1226 904 1254 ad

116 1271 279 1298 Catechum.
292 1270 310 1298 l.
324 1282 349 1299 z.
359 1281 382 1298 c.
400 1282 422 1299 i.
444 1273 562 1300 Nomina
570 1271 760 1308 profitentium
770 1290 778 1301 ,
790 1267 884 1306 inquit
896 1287 904 1298 ‚

117 1313 147 1338 in
167 1310 235 1339 libro
254 1314 433 1349 excipiuntur
454 1315 518 1340 vita
539 1322 589 1339 non
610 1310 755 1348 aqzcolibet
775 1309 903 1339 homine,

114 1351 164 1388 sed
195 1362 213 1379 a
238 1352 374 1389 superiore
406 1353 516 1380 coelitus
533 1353 663 1390 potestate
675 1370 681 1377 .
706 1351 906 1377 Verumtamen

117 1392 317 1431 Chrysostomus
328 1393 419 1421 locum
431 1391 512 1421 habet
525 1414 532 1425 ‚
556 1392 602 1430 qui
614 1391 657 1418 his
668 1390 795 1418 omnibus
805 1389 902 1417 adver-

116 1429 169 1460 sari
190 1432 319 1461 videtur.
341 1434 415 1462 Nam
435 1432 582 1462 discrimen
602 1432 738 1463 statuenS,
756 1436 836 1459 Hom.
859 1440 904 1458 21.

120 1474 158 1501 ad
173 1474 261 1511 popul.
283 1475 448 1502 Antiochen.
468 1479 544 1503 Tom-
569 1484 591 1501 1.
611 1472 684 1500 inter
703 1471 831 1499 dominos
851 1479 906 1497 ter-

123 1513 221 1541 restres
235 1535 242 1545 ,
266 1514 313 1552 qui
332 1513 426 1543 servos
446 1524 558 1546 emunt,
581 1517 608 1542 ὅ(
620 1513 758 1548 Christum
781 1521 830 1539 nos
850 1509 906 1538 sct-

122 1564 171 1583 vos
189 1553 254 1582 suos
274 1552 487 1587 adsciscentem,
510 1554 566 1583 ait:
590 1554 714 1590 Christus
725 1562 777 1581 non
795 1553 872 1588 testes
890 1562 908 1579 a

120 1595 194 1623 nobis
207 1615 215 1627 ‚
238 1605 289 1623 non
301 1595 477 1633 chirographa
494 1598 582 1632 exigit
594 1614 602 1626 ‚
620 1595 671 1631 sed
684 1594 746 1630 sola
763 1600 906 1621 contentus

119 1636 155 1671 est
175 1645 239 1664 voce
251 1649 259 1664 :
284 1635 351 1673 &fi
359 1637 436 1664 dicas
456 1648 489 1664 ex
499 1646 592 1664 animo
605 1648 613 1661 .·
637 1635 813 1663 Abrenuntio
831 1632 885 1660 tibi
899 1652 907 1663 ‚

114 1677 241 1713 satana,
264 1675 400 1713 &pompa
412 1686 480 1706 tua.
504 1676 592 1705 Unde
601 1674 825 1702 concludendum
844 1671 881 1700 est
899 1692 905 1703 ‚

120 1715 178 1744 five
188 1715 256 1744 hanc
268 1715 499 1745 consuetudinem
509 1727 568 1744 non
587 1715 625 1743 ita
642 1713 826 1742 universalem
844 1710 908 1740 fuis-

127 1754 173 1788 se,
196 1766 294 1794 utpote
307 1758 487 1795 Chrysostomo
507 1757 649 1795 ignorams
672 1755 729 1784 five
750 1754 856 1782 laudata
867 1751 910 1780 su-

125 1797 218 1835 perius
248 1797 409 1826 testimonia
437 1807 545 1825 tantum
575 1795 680 1824 roboris
708 1806 765 1823 non
791 1794 890 1822 habere
901 1814 910 1826 ‚

122 1847 256 1874 quantum
267 1838 354 1876 prima
365 1837 457 1866 fronte
466 1834 814 1876 praeseffei·11nt.Ambrofius
824 1833 910 1866 enim,

127 1882 154 1906 ὅ(
167 1880 341 1916 Augustinus
353 1901 360 1911 ‚
381 1879 493 1917 quando
503 1877 536 1905 de
545 1877 653 1915 scriPtis
673 1876 702 1904 in
712 1876 781 1905 libro
792 1875 858 1903 vitae
870 1874 911 1902 lo-

125 1927 267 1958 quuntur,
290 1919 412 1958 intelligi
431 1917 557 1957 pofihm,
580 1927 720 1955 tamquam
738 1914 815 1946 sensu
833 1916 911 1943 dum—

123 1968 200 1987 taxat
210 1960 354 1997 loquentes
375 1960 512 1999 figurato,
535 1956 743 1997 quodipsomm
756 1957 870 1985 nomina
882 1956 911 1983 in

124 1999 210 2028 Coelo
221 1997 320 2037 scripta
339 2001 410 2028 sint.
433 2000 535 2029 Primae
555 2009 647 2027 tamen
667 1997 799 2036 opinioni
809 2000 908 2025 Viceco-

124 2050 181 2068 mes
200 2050 258 2068 non
277 2049 385 2068 tantum
403 2040 578 2069 confidenter
596 2037 737 2071 adhaerct‚
759 2037 807 2066 sed
817 2036 911 2074 Bapti-

129 2080 234 2109 zandos
246 2080 366 2119 figillum
377 2081 461 2110 etiam
480 2079 533 2109 suae
552 2078 743 2117 subscriptioni
760 2076 890 2106 addidifl'c
901 2099 909 2110 ,

123 2121 156 2149 de
168 2121 246 2149 ritib.
257 2122 329 2158 bapt.
339 2121 357 2148 l.
372 2133 398 2150 z.
408 2132 431 2150 c.
443 2133 488 2155 27.
506 2126 533 2150 ὅ(
545 2118 744 2149 confeffionem
753 2117 826 2147 suam
837 2121 910 2154 jure-

125 2161 243 2199 jurando
253 2160 421 2190 confirmasse
431 2163 542 2190 testatur
552 2182 559 2189 .
582 2162 688 2189 Verum
698 2159 777 2196 hujus
795 2158 835 2186 rei
847 2158 907 2186 nul-

123 2202 181 2231 lum
201 2202 334 2230 idoneum
353 2202 542 2231 testimonium
560 2199 690 2230 invenire
708 2200 747 2228 est
766 2211 774 2227 ;
795 2208 908 2237 quamo-

124 2242 200 2272 brem
222 2242 247 2270 ei
266 2241 377 2280 longius
399 2253 455 2271 non
473 2241 694 2273 immorandum÷
716 2239 763 2269 sed
785 2238 908 2268 studioso

124 2282 220 2312 lectori
231 2282 444 2322 relinquendum
455 2305 463 2316 ‚
483 2293 511 2311 ut
524 2283 552 2310 id
570 2291 662 2310 teneat
675 2304 682 2315 ‚
702 2280 908 2320 quodcuratio-

128 2335 157 2353 re
166 2323 355 2362 disquisitione
364 2322 484 2352 adhibita
505 2323 549 2351 vel
568 2333 683 2356 verum,
707 2322 752 2351 vel
764 2320 906 2350 verosimi-

130 2365 180 2393 lius
196 2364 245 2394 fibi
263 2362 354 2393 visum
375 2363 473 2392 fuerit.
497 2364 512 2396 Η
537 2364 642 2391 Verum
664 2362 761 2395 exiis,
783 2371 842 2399 quae
864 2361 907 2390 di-

128 2405 169 2434 fta
177 2403 240 2436 funt
250 2425 260 2439 ‚
280 2403 358 2434 facile
367 2402 487 2445 perspici
496 2403 587 2442 potest
597 2423 606 2436 ,
626 2402 771 2434 consilium
782 2402 908 2432 Ecclesiae

1220 69 1338 112 AD

946 125 977 155 in
986 126 1110 159 omnibus
1121 129 1195 159 hisce
1205 128 1372 158 ceremoniis
1383 149 1390 160 ‚
1413 129 1518 169 quasin
1527 128 1657 160 universo
1677 129 1732 158 ho?

948 169 1064 209 negotio
1083 169 1225 201 adhibebat
1238 191 1246 202 ‚
1269 181 1303 199 eo
1315 178 1423 199 tantum
1432 170 1557 209 spectass'e
1570 193 1578 204 ‚
1599 181 1629 200 ut
1641 169 1734 199 homi-

948 219 996 239 nes
1006 211 1164 251 Religionis
1174 211 1342 242 Christianae
1354 232 1362 243 ‚
1386 212 1476 240 nullos
1495 212 1529 240 ad
1545 211 1586 241 sui
1609 221 1734 240 commu-

949 250 1063 280 nionem
1072 253 1128 282 fine
1139 253 1189 282 hac
1199 252 1309 281 formali
1327 251 1481 281 &solemni
1500 252 1666 290 professione
1687 251 1736 281 ad-

951 291 1108 326 mittentis,
1130 293 1428 322 naturam&indolem
1448 294 1521 322 reste
1541 293 1714 332 perciperent
1726 313 1735 324 ²

952 336 980 361 ὃ(
991 333 1183 373 intelligerent
1191 333 1392 372 obligationem
1403 355 1409 366 ‚
1432 344 1485 373 qua
1507 334 1537 362 in
1558 334 1611 362 fide
1621 337 1650 362 δε
1660 334 1737 363 obse-

954 374 1021 411 quio
1038 376 1142 412 Christi
1155 397 1163 409 ,
1185 373 1418 414 quemadmodum
1428 373 1594 404 solemniter
1603 374 1738 413 promise-

953 424 1014 442 rant
1026 437 1034 449 ‚
1057 415 1156 455 suaque
1165 414 1364 454 subscriptione
1373 416 1587 449 confirmarant,
1610 415 1739 454 perseve-

954 465 1013 484 rare
1026 465 1187 486 tenerentur
1198 477 1205 484 .
1228 459 1285 484 Res
1295 455 1354 484 haec
1365 457 1512 485 maximam
1523 456 1666 495 obligandi
1680 457 1740 485 vim

953 495 1067 526 habebat
1079 519 1087 530 ,
1109 508 1168 537 quae
1183 508 1230 536 per
1241 506 1354 524 omnem
1372 496 1460 524 vitam
1479 507 1574 526 eorum
1592 497 1690 526 animis
1709 496 1738 525 se

953 535 981 565 se
1001 537 1168 568 insinuabat.
1193 539 1283 574 Quem
1302 537 1332 565 in
1352 537 1435 566 finem
1447 538 1643 578 chrysostomus
1662 537 1740 566 audi-

954 579 1056 607 toribus
1074 579 1126 608 suis
1158 579 1216 608 haec
1242 578 1403 616 frequenter
1422 577 1541 606 inculcat
1554 600 1562 611 ‚
1584 578 1684 617 eosque
1706 587 1735 606 ut

956 629 987 646 ea
996 619 1042 648 sibi
1061 621 1140 649 nullo
1158 631 1216 649 non
1228 621 1354 657 tempore
1374 619 1404 647 in
1414 619 1576 647 memoriam
1586 628 1718 648 revocent
1729 641 1737 651 ,

957 664 984 688 ὃ(
1006 661 1082 689 velut
1105 662 1228 690 baculum
1250 663 1278 688 δε
1301 661 1436 698 optimam
1459 669 1623 688 armaturam
1644 670 1740 689 comm

956 700 1064 738 quasvis
1077 703 1245 730 tentationes
1255 700 1403 730 adhibeant
1413 722 1421 733 ‚
1431 710 1527 729 monet
1539 721 1545 728 .
1569 701 1696 730 Homilia
1706 700 1740 728 ad.

957 742 1089 779 populum
1100 744 1308 772 Antiochenam
1328 742 1358 770 in
1368 741 1439 770 hunc
1459 743 1549 770 locum
1560 741 1721 781 expatiatur
1731 761 1740 773 ,

957 782 1093 811 invehens
1103 784 1221 822 primum
1233 782 1330 811 acriter
1351 783 1381 810 in
1391 792 1486 811 omnes
1501 789 1689 813 Romanorum
1699 781 1742 809 lu-

956 823 1004 851 dos
1019 845 1025 855 ,
1044 823 1151 853 theatra
1163 846 1170 857 ,
1192 821 1325 852 circenses
1337 846 1344 856 ‚
1368 823 1475 852 dierum
1494 823 1717 852 observationem
1732 842 1742 854 ‚

958 863 1090 904 praesagia
1101 887 1109 898 ‚
1132 870 1159 894 ὁ(
1178 866 1273 893 omina
1284 886 1291 896 ‚
1314 875 1374 902 quae
1387 864 1481 892 omnia
1491 873 1620 902 pompam
1638 862 1742 892 satani-

958 915 1016 932 cam
1026 905 1076 934 efl'e
1086 907 1154 934 dicit
1165 927 1172 934 .
1195 905 1278 934 Hisce
1296 905 1503 934 incantamenta
1520 906 1613 944 jungit
1634 909 1661 934 ὃ(
1672 905 1741 942 lign-

959 955 1047 974 tutas.
1071 949 1143 976 Nam
1162 945 1317 976 Christiani
1335 946 1448 985 quidam
1475 956 1554 974 aurea
1577 946 1739 974 Alexandri

957 990 1116 1016 Macedonis
1134 986 1297 1015 numismata
1315 987 1399 1025 capiti
1411 1008 1418 1019 ,
1443 986 1487 1014 vel
1507 986 1620 1024 pedibus
1637 985 1670 1014 ad
1693 994 1740 1012 cu-

958 1027 1059 1056 randos
1069 1029 1176 1056 morbos
1186 1027 1376 1066 circumligare
1393 1037 1452 1054 non
1463 1027 1626 1054 verebantur
1637 1046 1645 1053 .
1667 1027 1742 1054 Cum

959 1068 1053 1104 quibus
1073 1068 1121 1097 hac
1144 1069 1179 1097 de
1200 1078 1250 1100 re,
1274 1073 1353 1095 Hom.
1367 1078 1412 1096 ιι.
1434 1068 1471 1095 ad
1486 1075 1542 1105 pop.
1563 1067 1693 1096 Antioch.
1706 1066 1743 1093 ita

959 1110 1129 1145 expostulat:
1152 1109 1309 1140 chmihi,
1331 1109 1366 1136 ha
1390 1119 1422 1136 ne
1439 1109 1510 1144 sunt
1532 1109 1743 1145 exjspeblationes

958 1150 1045 1184 nostra
1058 1171 1065 1182 ‚
1089 1151 1185 1186 utpost
1196 1160 1303 1178 crucem
1313 1169 1321 1180 ‚
1345 1148 1380 1180 (³70
1390 1157 1506 1176 mortem
1525 1151 1694 1176 dominicam
1711 1156 1742 1174 m

954 1190 1071 1226 gentilis,
1092 1193 1159 1227 regis
1179 1193 1300 1226 imagine
1315 1188 1391 1225 spem
1405 1189 1515 1226 salutis
1525 1188 1675 1216 habeamus
1688 1195 1698 1215 ?
1717 1193 1743 1215 I-

955 1240 1054 1266 gnoras
1065 1252 1072 1263 ‚
1092 1239 1202 1268 quanta
1212 1235 1292 1257 Crux
1307 1228 1446 1266 perfecit?
1468 1233 1588 1256 Mortem
1599 1229 1725 1265 dzffllvit
1736 1250 1743 1260 ‚

955 1278 1103 1306 peccatum
1123 1273 1252 1299 extinxit
1262 1291 1269 1302 ‚
1292 1279 1385 1298 orcum
1396 1272 1509 1297 inanem
1521 1269 1646 1297 reddidit
1657 1289 1666 1302 ‚
1684 1269 1745 1297 dia-

962 1310 1014 1338 boli
1029 1311 1121 1348 solvit
1137 1314 1309 1348 potentiam,
1339 1309 1372 1343 &1
1392 1310 1429 1338 ad
1447 1312 1558 1346 corporis
1585 1311 1743 1346 sanitatem

957 1353 1200 1388 prastandarnnon
1221 1353 1255 1388 est
1267 1351 1324 1386 fide
1345 1351 1451 1387 digna?
1470 1355 1571 1378 Totum
1589 1351 1677 1378 orbem
1698 1361 1746 1377 cx—

956 1392 1134 1428 suscitavit,
1158 1392 1192 1425 &
1213 1401 1246 1420 tu
1267 1394 1297 1419 in
1314 1392 1374 1429 ipsa
1392 1402 1444 1420 non
1465 1390 1597 1425 confidis?
1621 1396 1659 1418 Et
1677 1391 1746 1428 quid

957 1436 1020 1470 pati
1040 1433 1137 1469 dignus
1148 1443 1199 1461 non
1216 1432 1277 1469 effes
1288 1438 1298 1459 ἒ
1321 1438 1380 1461 Non
1389 1432 1527 1469 ligaturas
1537 1441 1601 1458 vero
1609 1439 1724 1458 tantum
1736 1452 1746 1463 ‚

956 1473 1006 1510 sed
1015 1476 1102 1501 etiam
1115 1480 1331 1502 excantamenta
1340 1472 1393 1500 tibi
1405 1471 1590 1500 circumducis
1600 1491 1608 1503 ,
1632 1471 1747 1499 vetulas

963 1514 1052 1541 ebrias
1072 1513 1106 1547 ὠ»
1126 1515 1282 1542 titubantes
1310 1514 1420 1541 domum
1440 1513 1570 1540 ducemus
1582 1531 1588 1537 .
1610 1517 1665 1540 Nec
1683 1522 1745 1539 con·

963 1554 1090 1591 funderis
1103 1576 1110 1586 ,
1132 1565 1180 1583 nec
1199 1555 1332 1590 erubescis
1345 1575 1352 1585 ‚
1372 1554 1426 1590 post
1437 1560 1548 1580 tantam
1566 1552 1603 1578 ad
1621 1551 1673 1580 hac
1691 1559 1748 1579 tre-

960 1595 1060 1632 pidans
1079 1595 1275 1632 disciplinam:
1299 1593 1333 1627 ό)
1353 1593 1424 1631 quod
1438 1603 1558 1630 gravius
1586 1592 1621 1628 est
1640 1602 1747 1625 errore,

964 1636 1073 1673 quando
1089 1636 1142 1664 hac
1150 1636 1326 1664 admonemus
1346 1634 1380 1667 ά
1391 1634 1576 1670 difficademus
1588 1653 1596 1664 ,
1615 1639 1749 1669 putantes

960 1678 991 1713 se
1010 1676 1159 1712 excusari,
1183 1677 1302 1707 dicunt,
1326 1675 1397 1714 quod
1415 1675 1567 1710 christiana
1589 1674 1624 1709 est
1642 1673 1748 1700 mulier

964 1717 1016 1744 hac
1044 1727 1212 1749 incantans,
1236 1715 1270 1749 ώ-
1288 1715 1362 1744 nihil
1387 1715 1468 1743 aliud
1494 1715 1642 1752 loquitur,
1663 1723 1747 1750 quam

965 1759 1020 1785 Dei
1040 1767 1155 1786 nomen.
1177 1762 1322 1794 Propterea
1337 1765 1458 1793 namque
1473 1753 1639 1792 pottfflmum
1657 1753 1747 1789 ipsum

965 1797 1009 1825 odi
1021 1817 1029 1829 ,
1042 1797 1076 1830 (J
1087 1798 1197 1835 aversor
1209 1818 1217 1829 ,
1240 1796 1308 1834 quod
1319 1798 1373 1824 Dei
1383 1798 1493 1823 nomine
1503 1794 1542 1822 ad
1553 1794 1750 1821 contumeliam

967 1837 1099 1866 abutitur
1110 1859 1118 1870 ‚
1141 1838 1248 1876 quodsi?
1259 1837 1351 1864 dicens
1372 1835 1419 1872 effi
1439 1835 1618 1871 christianam
1629 1855 1638 1866 ‚
1656 1842 1749 1870 genti·

966 1878 1039 1906 Imm
1058 1885 1135 1915 opera
1147 1877 1243 1915 facit.
1265 1879 1378 1905 Etenim
1399 1875 1570 1908 &demones
1582 1877 1636 1902 Dei
1655 1884 1752 1902 nomen

962 1918 1133 1955 fatebantur
1142 1939 1150 1951 ,
1157 1918 1208 1955 sed
1216 1926 1309 1945 tamen
1319 1924 1400 1944 erant
1411 1917 1539 1944 damones
1552 1935 1559 1946 ,
1570 1913 1604 1947 ὠ,
1614 1917 1657 1942 ita
1667 1914 1752 1942 chri-

959 1960 1000 1995 sto
1012 1959 1160 1987 a'icebant:
1183 1960 1289 1985 Scimus
1307 1965 1333 1984 te
1345 1977 1352 1989 ‚
1375 1958 1438 1994 quis
1450 1955 1489 1992 sis
1501 1976 1509 1987 ,
1537 1956 1650 1983 sanatus
1671 1957 1748 1988 Dei5

967 2009 1000 2031 εγ
1019 2006 1116 2027 tamen
1134 1998 1200 2035 ipsos
1233 1999 1410 2034 increpavit,
1433 1995 1468 2029 &-
1487 1999 1568 2030 ejecit
1580 2014 1586 2022 .
1607 1999 1753 2031 Prcpterca

966 2042 1061 2077 quippe
1070 2038 1292 2075 vobissupplico‚
1314 2046 1348 2064 ut
1368 2035 1463 2074 abfitis
1479 2034 1671 2074 fallaciapuri
1684 2054 1692 2066 ‚
1715 2032 1751 2066 ὁ,

968 2088 1115 2117 tamquam
1132 2078 1263 2106 baculum
1283 2078 1331 2106 hoc
1347 2077 1464 2105 verbum
1485 2076 1613 2104 habeatis
1624 2095 1632 2107 ,
1654 2073 1751 2110 Etstc—

965 2119 1066 2156 utfine
1077 2118 1271 2148 calceamentis
1282 2139 1290 2151 ,
1313 2118 1361 2146 vel
1378 2118 1553 2153 vestimentis
1571 2116 1692 2151 vestrum
1703 2124 1751 2142 ne-

965 2171 1007 2188 mo
1026 2162 1056 2187 in
1071 2159 1166 2197 forum
1185 2158 1345 2195 descendere
1376 2157 1504 2194 eligerem
1526 2159 1571 2184 ita
1590 2154 1651 2191 sine
1668 2154 1751 2183 verbo

964 2201 1011 2229 hoc
1021 2209 1174 2237 numquam
1186 2198 1316 2236 infimam
1333 2198 1445 2235 prodeas
1455 2219 1464 2230 ,
1481 2196 1532 2233 scd
1542 2206 1604 2224 cum
1624 2206 1649 2222 es
1659 2199 1750 2229 janue

965 2240 1102 2277 vestibula
1114 2239 1328 2276 transgressurus
1339 2259 1347 2271 ‚
1358 2238 1404 2266 hoc
1408 2241 1487 2275 prius
1497 2237 1603 2274 loquere
1612 2234 1730 2263 verbum
1739 2244 1748 2261 :

962 2282 1140 2310 Abrenuntio
1160 2280 1214 2307 tibi
1226 2300 1234 2311 ‚
1251 2280 1361 2315 satan,
1381 2277 1416 2311 &a
1430 2284 1524 2315 pompa
1547 2284 1600 2303 tua
1615 2296 1622 2307 ‚
1653 2281 1687 2308 (φ
1704 2273 1751 2302 cul

963 2324 1007 2350 tui
1027 2329 1073 2349 tuo
1083 2333 1094 2354 ,ς
1117 2319 1302 2357 &conjungor
1310 2319 1363 2347 tibi
1373 2339 1381 2351 ,
1404 2318 1526 2354 christe.
1547 2321 1585 2344 Ne
1599 2323 1749 2353 umquam-

965 2362 1067 2399 absque
1077 2362 1128 2389 hac
1138 2371 1202 2388 voce
1214 2370 1293 2388 exeas
1305 2372 1314 2388 .·
1336 2359 1388 2387 bac
1405 2361 1460 2386 erit
1469 2357 1522 2386 tibi
1542 2355 1654 2384 baculus
1665 2374 1674 2386 ‚
1695 2353 1749 2382 bac

968 2410 1118 2434 arm-atum
1128 2421 1137 2437 ,
1158 2401 1211 2431 hac
1230 2402 1318 2430 turris
1336 2396 1557 2438 inexpugnabilis
1575 2413 1587 2424 .
1606 2398 1678 2423 Cum
1700 2393 1748 2422 hoe

1643 2442 1708 2466 Wi-

1531 2508 1567 2523 δ
