1866 2526
496 79 593 122 SE

143 147 249 172 vitores
257 154 270 176 ,·
288 140 363 181 quod
375 138 482 169 Lectori
494 148 624 178 propono
644 147 694 178 pro
704 137 817 168 clariori
841 138 945 168 intelli-

143 183 238 222 gentia
247 180 405 221 quaestionis
424 179 504 218 super
523 179 713 215 synonymum
730 182 782 218 seu
792 179 862 209 infra
880 179 945 209 scri-

146 224 263 253 bendum
272 244 280 252 .
293 227 305 258 [
317 226 351 252 Et
362 222 391 250 in
400 220 517 260 praefato
527 220 694 249 Monasterio
703 221 729 250 S.
742 221 834 251 Antist.
847 230 943 259 perpe-

144 274 192 292 tuo
202 263 332 302 largimur
343 285 351 298 ,
371 273 401 291 ut
411 263 445 291 de
455 259 583 299 presenti
592 261 637 290 die
646 260 762 291 habeant
776 263 815 290 tui
826 261 944 290 servito-

147 314 188 332 res
198 304 361 342 potestatem
380 303 409 331 in
427 301 546 341 przsatis
565 301 691 330 omnibus
708 303 742 331 ad
760 303 909 331 utilitatem
919 304 944 332 S.

143 344 275 374 Anastafii
288 342 851 376 introeundi,utendi‚tenendi,fruendi,&
863 342 945 382 usque

141 385 170 412 in
179 384 307 414 saeculum
318 384 410 414 saeculi
422 382 723 422 poffidendi,qiiatenus
734 393 785 422 pro
796 393 823 411 te
832 384 945 412 Glorio.

138 424 165 454 se
177 427 284 461 Martyr
295 435 448 454 mercamur
458 423 717 465 &c.lbideni,const.
731 435 745 452 2
753 426 793 459 5.]
806 424 887 453 Idem
898 423 942 453 ha-

141 466 218 494 betur
232 488 239 499 ,
249 467 279 494 in
289 466 350 494 eod.
363 475 430 494 tom.
444 477 468 494 z.
479 463 565 492 const.
581 475 590 492 ι
602 474 644 492 12.
657 474 684 492 n.
696 474 723 501 3.
791 503 796 507 ἡ
847 494 852 499 ,

99 505 209 535 Ξειινυς
223 508 379 536 ὃειινοιιυΜ
389 507 446 535 Det
460 528 467 538 ,
478 504 581 533 nedum
590 507 679 542 Papae,
690 503 737 533 sed
747 502 943 547 Episcoporum

140 546 320 576 titulus.Vide
329 546 462 576 Bonifacii
474 543 604 583 Episcopi
615 545 711 573 titulus
720 543 750 572 in
758 544 825 572 dic't.
836 546 942 589 Insula.

97 585 208 616 Sritvivs
219 589 306 616 vius
320 608 326 615 .
342 588 416 616 Vide
425 592 536 624 lmpans
547 607 555 618 ,
572 586 757 621 Mediastinus
769 605 777 617 ‚
797 585 853 614 FR.
864 586 942 614 Servi

138 628 263 657 Eccieiiae
276 628 323 667 qui
332 628 470 660 dicuntur,
480 630 508 656 ὅ(
518 635 600 664 quate
609 646 616 653 .
628 625 701 654 Vide
712 646 720 658 ‚
728 635 791 661 ean.
802 635 863 654 cum
872 620 953 658 mul-l

138 678 172 696 τε
183 689 192 701 ,
209 679 217 696 ι
244 690 251 696 .
282 679 306 697 ιι.
320 674 344 697 8.

99 678 281 737 Sesctvmivmq.
303 711 359 738 FR.
371 708 471 737 lucrum
481 729 490 741 ,
510 706 584 744 quod
593 706 702 735 excedit
719 716 811 736 totum
819 717 881 737 cum
893 708 937 737 di-

135 749 224 777 midio
234 748 355 786 respestu
365 749 445 782 sortis
457 747 615 787 principalis
623 768 630 776 .
645 749 735 783 [Non
746 749 810 776 licet
821 748 936 778 foenera-

132 789 155 816 ri
177 789 309 817 Ministris
322 790 426 818 Altaris
437 812 445 823 ,
465 789 511 817 vel
522 788 552 816 in
577 787 739 817 sacerdotali
755 789 936 818 ordinatione

134 829 302 862 constitutis,
315 830 360 858 vel
370 830 469 862 usuras,
481 830 525 858 vel
535 829 607 857 lucra
619 851 626 862 ‚
638 839 697 868 quse
707 828 828 867 sescupla
837 830 932 859 dicun-

133 878 179 896 tur
188 870 343 908 ,κείρει-ες
356 873 367 902 ]
382 871 425 900 ubi
435 869 529 900 Glossa
542 868 576 897 fic
584 871 714 908 explicat.-
728 875 740 905 [
753 870 809 898 Hic
819 871 934 908 ponitur

129 907 280 948 sescuplum
292 921 342 949 pro
352 910 526 950 sesquialtero
538 930 546 941 ,
559 911 634 948 quod
644 911 771 938 continet
782 920 872 939 totum
883 934 890 945 ,
903 915 930 940 ὅ(

131 952 188 984 ejus
200 952 377 981 medietatem
387 973 394 979 .
413 951 572 989 sescuplum
589 949 735 980 secundum
757 951 831 989 quod
843 962 892 990 per
900 952 929 985 s,

129 989 254 1020 scribitur
264 1014 272 1025 ‚
295 993 371 1031 quod
380 992 418 1020 est
429 1001 518 1021 totum
528 1011 535 1022 ,
558 993 584 1019 ὃ(
596 992 683 1035 plica.
703 991 790 1021 Unde
809 991 929 1037 sescupla

129 1029 207 1059 usura
218 1032 320 1061 dicitur
330 1055 338 1066 ‚
358 1043 419 1062 cum
430 1034 509 1062 datur
519 1032 623 1061 summa
632 1033 721 1071 aliqua
731 1054 738 1065 ,
759 1035 786 1061 δε
797 1042 929 1072 recipitur

1305 82 1333 124 S
1367 83 1402 125 E
1662 91 1740 138 615

1001 147 1098 167 omnes
1108 138 1172 169 Viri
1182 140 1303 171 Romani
1315 162 1322 174 ‚
1343 140 1388 170 scu
1398 149 1496 169 omncs
1506 142 1602 181 populi
1613 143 1640 174 in
1653 144 1800 174 Pontifica-

1001 187 1043 208 tus
1061 179 1188 210 ordinem
1206 182 1349 221 elegerunt
1361 202 1368 209 .
1389 182 1466 210 Idem
1486 183 1516 211 in
1527 186 1614 223 Greg.
1626 187 1667 214 11.
1678 189 1712 214 Et
1721 186 1799 215 Can-

1000 219 1078 249 dulso
1087 221 1268 251 Callaldione
1280 244 1287 254 ‚
1298 221 1343 250 seu
1354 222 1500 252 manfredo
1511 225 1608 262 Judice
1619 244 1628 252 .
1640 227 1711 254 Bull.
1721 227 1798 256 Casi-

1002 270 1068 289 nen.
1079 269 1148 290 tom.
1159 274 1185 291 2.
1196 262 1310 291 constit.
1329 273 1336 290 i
1349 273 1394 300 ¹3·
1406 264 1552 293 Contadus
1562 266 1602 294 11.
1614 267 1675 294 Rex
1690 267 1774 294 Italiae
1788 289 1795 300 ,

1000 300 1048 330 seu
1059 303 1216 333 Germaniae
1227 323 1235 331 .
1255 304 1326 332 Ibid.
1336 303 1424 332 const.
1438 308 1483 333 82..
1497 307 1508 337 ]
1531 307 1626 345 Itaque
1635 311 1687 334 Seu
1698 316 1748 344 pro
1759 313 1796 336 Et

1001 342 1032 370 ab
1045 342 1183 373 Anastafio
1195 343 1339 382 usurpatur
1349 366 1356 377 ‚
1368 354 1432 373 nam
1442 344 1554 383 ipsemet
1564 347 1640 375 inter
1649 347 1774 376 Tabulas
1789 370 1795 380 ,

1001 386 1029 411 ὄι
1040 383 1181 413 Orbiculos
1192 384 1374 414 differentiam
1384 385 1465 423 ponit
1482 386 1511 414 in
1522 388 1590 416 code
1596 398 1622 415 m
1634 389 1727 417 Leone
1737 390 1795 417 111.

1001 422 1076 451 idem
1087 433 1213 463 repetens
1223 449 1229 459 ‚
1242 426 1307 454 dum
1318 426 1409 465 inquit
1421 438 1426 454 :
1439 433 1451 464 [
1463 428 1602 457 Habentes
1614 429 1714 457 tabulas
1726 451 1732 461 ,
1755 439 1798 458 at-

1001 473 1054 501 que
1062 464 1200 494 orbiculos
1209 467 1243 495 de
1253 465 1438 502 chrysoclavo
1448 488 1454 495 .
1466 469 1478 498 ]
1491 470 1642 507 Reperitur
1651 469 1724 498 idem
1736 470 1793 506 sty-

999 504 1040 532 lus
1050 505 1080 533 in
1090 505 1200 535 decimo
1209 507 1316 536 seculo:
1330 509 1432 543 [Verus
1443 509 1533 545 Judex
1544 511 1629 539 Dom.
1641 511 1796 549 Imperato-

999 544 1046 577 ris,
1057 556 1086 573 ac
1097 547 1193 585 Regis,
1203 552 1231 577 ὁ(
1241 548 1396 578 Uvibertus
1407 550 1569 580 Vicecomes
1578 551 1650 580 filius
1661 552 1724 580 bon.
1737 562 1794 581 me-

1001 594 1070 613 mor.
1081 586 1208 626 idemque
1221 589 1362 618 Uviberto
1372 589 1406 617 de
1416 590 1531 620 Baniolo
1542 614 1550 625 ,
1560 591 1604 621 seu
1614 593 1772 622 Ildevertus
1783 615 1794 627 ‚

999 627 1046 664 qui
1057 630 1084 656 ὅ(
1095 628 1169 656 Bezo
1179 651 1187 662 ‚
1200 630 1238 658 fil.
1249 630 1388 669 quondam
1397 631 1545 670 Fredolphi
1555 633 1590 662 de
1601 634 1675 662 Villa
1684 636 1792 673 Gurgo.

991 667 1071 696 Bulla
1090 688 1097 695 .
1106 668 1198 698 Cafin.
1209 680 1229 699 t.
1241 683 1266 701 2.
1276 672 1361 700 const.
1374 678 1421 700 61.
1433 674 1444 703 ]
1457 672 1501 701 ubi
1511 675 1582 702 clare
1595 675 1795 713 videtur,quod

991 707 1144 737 Uvibertus
1156 710 1190 740 de
1202 712 1317 741 Baniolo
1327 734 1334 745 ,
1353 722 1408 741 erat
1419 713 1543 743 diversus
1553 716 1584 743 ab
1596 715 1740 744 ldelverto
1757 716 1793 744 de

992 748 1067 776 Villa
1077 751 1176 789 Gurgo
1185 772 1195 788 ,
1212 762 1241 781 ut
1262 753 1293 781 in
1301 753 1423 788 ejusdcm
1444 754 1625 784 instrumento
1644 767 1678 785 ex
1697 767 1793 786 eorum

989 788 1116 819 distincta
1126 789 1324 833 subscriptione
1334 793 1365 822 fit
1374 794 1490 824 evidens
1499 816 1506 822 .
1517 797 1589 825 Item
1598 796 1746 826 dicendum
1757 797 1792 826 de

988 829 1152 865 synonymo
1160 835 1204 861 Vel
1214 856 1221 866 ,
1233 844 1263 863 ut
1273 835 1302 863 in
1311 835 1376 863 dist.
1388 839 1513 864 Servitor
1522 837 1701 866 ostendimus.
1715 838 1790 867 Vide

985 870 1069 902 etiam
1089 872 1154 901 diet.
1166 875 1208 902 W!
1219 895 1224 902 .
1247 877 1319 904 Item
1338 876 1372 904 de
1389 875 1550 912 synonymo
1560 883 1626 906 Save
1643 879 1793 908 dicendum

987 912 1058 943 erit:
1083 918 1095 947 [
1107 913 1276 944 Hildovicus
1285 916 1381 946 Gratia
1391 918 1445 946 Dei
1458 919 1615 956 Imperator
1632 919 1770 958 Augustus
1781 942 1789 953 ,

986 952 1112 982 omnibus
1121 956 1256 985 Fidelibus
1269 957 1368 986 nostris
1390 958 1419 987 in
1437 960 1555 997 partibus
1566 960 1769 998 longobardiae
1781 983 1788 994 ,

985 995 1130 1024 Romaniae
1143 1018 1150 1029 ‚
1171 997 1228 1026 five
1240 999 1402 1027 Benevento
1413 1020 1422 1032 ‚
1442 1009 1523 1038 atque
1533 999 1627 1030 Tuscia
1637 1022 1645 1034 ,
1664 1011 1714 1029 nec
1732 1011 1791 1030 nou

985 1035 1106 1064 Venetia
1115 1037 1321 1067 consistentibus
1331 1059 1337 1066 .
1349 1040 1630 1070 Bulla.Cafin.tom.2.
1641 1041 1727 1070 const.
1739 1050 1787 1080 30.

128 1069 232 1101 summa
242 1072 288 1101 illa
298 1083 358 1102 cum
369 1073 412 1103 sua
430 1075 502 1113 plica
513 1095 520 1106 ‚
541 1071 609 1100 idest
621 1094 629 1105 ,
651 1074 815 1102 medietate.
827 1075 927 1104 Sexcu-
942 1076 1108 1105 SEVERIAM
1120 1098 1126 1104 .
1148 1080 1204 1107 PR.
1226 1079 1363 1108 Haeretici
1375 1100 1381 1107 .
1402 1086 1414 1116 [
1428 1083 1451 1110 A
1463 1082 1566 1110 Severo
1585 1082 1676 1110 exorti
1689 1082 1787 1111 vinum

128 1112 204 1149 plum
216 1135 224 1146 ,
244 1112 377 1152 scripturn
396 1125 444 1153 per
462 1126 478 1144 x
491 1137 498 1147 ,
518 1112 621 1144 dicitur
637 1114 768 1152 qua-libet
785 1124 826 1143 res
845 1114 927 1144 series

129 1154 310 1192 multiplicata
323 1157 351 1186 .]
365 1156 445 1184 Idem
453 1155 566 1185 habetur
575 1154 604 1182 iu
615 1164 673 1182 can.
685 1154 815 1193 quoniam
825 1157 904 1184 multi
917 1178 924 1190 ‚

130 1204 138 1220 i
148 1205 174 1228 4.
186 1204 231 1232 qu.
244 1206 271 1230 4.
283 1194 327 1223 his
341 1197 446 1225 verbis:
471 1203 483 1232 [
496 1198 549 1225 Vel
568 1193 670 1232 species
682 1196 881 1224 frumentorum
893 1198 924 1225 ad

124 1233 277 1273 sescuplum
286 1236 349 1265 dare
358 1238 449 1266 omnis
458 1240 534 1269 δια]
551 1234 607 1264 Ubi
620 1235 713 1264 Glolla
723 1258 729 1268 ,
750 1236 790 1264 ait
803 1247 861 1265 non
871 1237 920 1266 ess'e

125 1273 247 1308 usuram,
268 1277 286 1305 fi
306 1277 405 1306 dentur
425 1287 560 1316 quatuor,
580 1276 740 1315 &quinque
759 1275 923 1307 solvantur.

122 1317 294 1354 Sesquiplum
304 1318 450 1346 dicendum
461 1319 521 1346 vult
530 1317 652 1347 Latinius
663 1317 692 1344 in
704 1318 830 1346 Correct.
842 1320 923 1348 Con—

123 1355 213 1384 cilior.
225 1358 268 1386 tit.
282 1358 396 1387 Concil.
410 1359 557 1387 Laodicen.

80 1395 271 1426 stTiizmim
282 1418 288 1425 .
314 1400 370 1429 PR.
390 1400 426 1428 fic
455 1397 637 1437 appellabatur
663 1398 789 1436 quaedam
811 1399 922 1429 Basilica

122 1437 441 1478 Constantinopolitana
450 1439 480 1468 in
491 1440 628 1467 honorem
639 1437 812 1467 S-Michaelis
821 1440 920 1470 dicata.

81 1477 326 1511 &souin-renum
338 1499 346 1506 .
368 1480 442 1507 Vide
464 1480 625 1516 Sescuplum
637 1498 644 1505 .

982 1127 1040 1144 non
1051 1116 1174 1147 bibebant
1186 1130 1193 1150 3
1207 1130 1284 1148 vetus
1295 1120 1488 1150 testamentum
1498 1143 1506 1155 ,
1517 1125 1544 1151 ὅ(
1556 1121 1787 1152 τείὶιιϊεᾶἰοηειη

982 1167 1042 1185 non
1054 1159 1224 1196 recipiebant
1236 1182 1244 1194 ‚
1267 1173 1313 1196 24.
1325 1172 1371 1200 qu.
1381 1172 1408 1200 3.
1419 1173 1478 1190 can.
1489 1166 1562 1200 39.]
1583 1173 1610 1191 ac
1626 1163 1682 1192 fuse
1691 1164 1726 1192 de
1735 1163 1784 1193 hac

983 1198 1097 1232 HaeresL
1107 1203 1134 1228 ἀ
1145 1202 1268 1231 Auctore
1278 1204 1334 1238 ejus
1346 1204 1445 1231 Baron.
1457 1212 1570 1239 ann-57.
1582 1214 1628 1232 nu.
1645 1214 1674 1242 ¹3
1682 1215 1707 1233 ι.
1718 1215 1784 1233 ann.

985 1247 1016 1272 51
1029 1249 1089 1267 nn.
1104 1248 1210 1276 15.16.
1231 1253 1274 1270 an.
1291 1253 1354 1279 ¹74.
1369 1254 1394 1271 n.
1409 1254 1417 1272 ι
1431 1254 1526 1272 i.ann.
1540 1253 1605 1282 513.
1618 1255 1695 1273 num.
1710 1256 1732 1274 1.
1755 1249 1785 1275 &

978 1278 1054 1318 seqq.
1065 1291 1139 1310 anno
1153 1292 1165 1316 ς
1176 1294 1216 1315 ¹7·
1228 1293 1320 1318 num.5
1331 1295 1353 1312 ι.
1363 1288 1390 1312 ὃ(
1399 1283 1554 1323 sequentib.
1565 1291 1782 1322 ann-518.n.45.

979 1323 1006 1348 ὃ(
1019 1330 1063 1354 ςο.
1075 1332 1136 1350 cum
1148 1321 1223 1362 seqq.
1233 1335 1276 1352 an.
1291 1335 1303 1359 5
1314 1336 1357 1360 ¹9-
1368 1335 1395 1352 n.
1404 1336 1410 1352 i
1419 1336 1466 1362 43.
1476 1329 1530 1354 &c.
1542 1325 1700 1354 dicebantur
1710 1331 1782 1356 Cur-

979 1363 1097 1390 rtm'culz
1109 1383 1116 1391 .
1139 1364 1218 1392 Idem
1230 1365 1330 1393 ibidem
1348 1375 1423 1393 num.
1439 1377 1503 1401 ¹47·
1523 1366 1672 1405 Apparitio
1683 1368 1782 1396 Haere-

978 1401 1088 1431 fiarchx
1101 1404 1129 1432 in
1140 1405 1258 1434 Inferno
1269 1426 1276 1434 .
1298 1406 1379 1434 Idem
1388 1417 1462 1435 anno
1475 1416 1506 1445 53
1515 1419 1541 1436 ι.
1554 1417 1631 1436 num.
1644 1419 1690 1437 20.
1701 1409 1781 1438 Reli-

976 1452 1111 1480 qua-anno
1125 1456 1155 1483 53
1166 1455 1190 1480 5.
1202 1450 1228 1474 ὃς
1239 1457 1302 1474 ann.
1317 1453 1382 1484 536.

935 1482 988 1510 er
996 1492 1127 1514 AGESIMA
1141 1506 1148 1513 .
1161 1488 1270 1521 [Porro
1279 1486 1443 1525 sexagesima
1453 1486 1520 1516 inde
1530 1487 1584 1516 dici
1595 1488 1684 1526 potest
1695 1510 1704 1522 ,
1713 1488 1839 1527 quia-

82 1516 263 1550 SESQHPLUM
274 1538 281 1545 .
306 1519 380 1547 Vide
403 1520 559 1556 Sescuplum
569 1539 576 1546 .
634 1558 639 1562 Ι
747 1558 752 1563 1
931 1523 964 1550 l
974 1521 1090 1563 sexagin
1100 1536 1125 1553 ta
1137 1526 1199 1555 sunt
1209 1527 1266 1555 dies
1277 1527 1360 1566 usque
1369 1528 1401 1556 ad
1412 1528 1532 1556 medium
1543 1528 1651 1558 Pascha.»
1666 1551 1674 1562 ‚
1697 1529 1773 1568 quod

81 1555 229 1586 Sui-immi
242 1579 250 1590 ‚
268 1559 324 1587 five
345 1560 512 1588 Sethaniani
533 1559 684 1592 Haeretici,
706 1569 754 1597 qui
772 1561 918 1590 credebant
972 1563 1011 1591 est
1024 1564 1090 1593 feria
1099 1577 1192 1605 quarta
1204 1567 1339 1596 Paschslis
1348 1567 1526 1596 hebdomade
1539 1590 1545 1596 .
1557 1570 1631 1598 Ord.
1643 1572 1728 1599 Rom.

119 1596 264 1626 Christum
276 1598 351 1627 fuiss'e
361 1599 427 1628 Seth
441 1600 540 1628 Adami
552 1599 638 1628 filium
649 1621 657 1632 ,
671 1611 717 1635 24.
729 1610 755 1638 q.
767 1611 794 1638 3.
805 1612 915 1640 can.39.
931 1605 1108 1635 SExcUr'LuM
1121 1629 1128 1639 ,
1153 1612 1179 1637 ὃ(
1189 1610 1345 1647 Sescuplum
1357 1610 1497 1648 quomodo
1506 1609 1631 1638 differant
1641 1610 1716 1639 inter
1726 1609 1754 1638 se
1763 1630 1771 1638 .

122 1637 195 1666 Vide
205 1660 213 1671 ‚
223 1649 257 1667 an
268 1639 321 1668 (int
333 1640 416 1668 iidem
427 1650 456 1668 :ic
467 1641 637 1669 Satham'am'
649 1662 656 1673 ,
680 1641 714 1668 de
724 1642 820 1679 quibus
833 1643 862 1670 in
873 1644 915 1671 di·
972 1645 1045 1674 Vide
1055 1648 1211 1685 Sescuplum
1222 1669 1229 1676 .

119 1677 212 1706 stione
224 1681 347 1708 Euchetss
358 1703 366 1713 ‚
383 1685 537 1710 Precatm'es
549 1702 557 1714 2
568 1681 672 1710 dietum
685 1681 749 1709 fuit.
765 1683 915 1719 Quomodo
930 1688 983 1716 Sx-:x
990 1697 1027 1715 TA
1043 1709 1049 1719 ,
1070 1698 1199 1717 canonica
1210 1689 1277 1718 hora
1287 1710 1293 1717 .
1305 1690 1378 1719 Vide
1388 1696 1460 1720 Hora
1472 1695 1603 1720 canonica
1614 1711 1621 1718 .
1631 1692 1688 1721 PR.
1699 1691 1777 1720 sexta

119 1719 266 1748 vocabatur
273 1722 337 1749 Seth
348 1721 418 1760 apud
427 1723 542 1750 Graecos
550 1741 558 1749 .
581 1722 654 1750 Vide
664 1722 771 1760 Typhon
785 1743 792 1750 .
971 1737 1062 1755 autem
1073 1730 1185 1757 moi-alis
1197 1729 1262 1758 liora
1273 1741 1399 1769 quaenam
1411 1732 1584 1770 intelligatur
1594 1733 1625 1761 in
1633 1731 1699 1761 sacr.
1709 1731 1775 1761 scri-

80 1759 137 1788 Seu
148 1780 155 1786 .
176 1762 233 1790 I-'R-
244 1761 376 1799 particula
387 1772 446 1790 non
462 1772 523 1790 raro
533 1771 582 1800 pro
594 1767 636 1790 Et
644 1764 716 1801 apud
727 1764 853 1802 antiquos
864 1769 914 1794 Ec·
971 1778 1043 1806 ptur.
1056 1770 1129 1798 Vide
1140 1773 1241 1799 Baron.
1252 1782 1316 1800 ann.
1329 1782 1377 1809 34.
1391 1783 1417 1800 n.
1434 1779 1497 1810 163.

115 1799 275 1830 clefiasticos
283 1802 436 1840 Scriptores
455 1801 600 1840 usurpatur
611 1823 620 1835 ‚
641 1806 668 1832 δι
680 1803 753 1832 idem
763 1805 912 1834 dicendum
927 1808 1181 1840 SexTAuiAncuM
1194 1833 1201 1844 ,
1220 1812 1354 1840 tributum
1365 1834 1371 1844 ,
1385 1813 1441 1841 five
1451 1823 1539 1841 canon
1553 1814 1679 1843 Ecclefiae
1691 1824 1705 1842 a
1714 1816 1774 1844 Ru-

115 1839 151 1867 de
162 1842 217 1875 ejus
225 1840 388 1877 synonymo
398 1865 406 1876 ‚
427 1843 484 1876 Vel,
504 1852 532 1871 ut
541 1841 590 1871 suo
599 1843 662 1872 loco
671 1843 792 1872 dicemus
803 1865 810 1873 .
832 1852 843 1881 [
855 1848 912 1875 Ha-

115 1879 209 1909 bentes
220 1883 317 1910 tabulas
327 1904 335 1916 ,
354 1883 399 1912 seu
409 1883 544 1912 orbiculos
553 1884 588 1912 de
597 1883 778 1919 chrysoclavo
788 1905 796 1913 .
817 1888 911 1916 Anast.

115 1920 250 1949 Biblioth.
262 1931 292 1950 in
303 1925 397 1952 Leone
410 1926 490 1956 111.]
511 1924 570 1953 Ubi
581 1925 719 1954 Salmasius
737 1925 807 1954 falso
816 1928 911 1956 existi·

112 1969 171 1989 mat
181 1962 279 1992 tabulas
288 1962 334 1992 has
344 1963 462 1994 liabuiss'e
472 1965 602 1994 rotundas
612 1965 710 2005 figuras
719 1978 730 2000 ,-
743 1977 803 1995 nam
813 1967 857 1996 hic
867 1969 910 1998 di-

114 2002 171 2029 ἂιο
181 2008 232 2030 Seu
244 2005 315 2032 valet
327 2010 365 2034 Et
373 2027 381 2039 ,
391 2016 421 2034 ut
433 2006 505 2035 reste
515 2016 611 2036 conti-:i
621 2008 738 2036 eundem
749 2008 904 2038 salmasium

112 2043 242 2072 Albertus
254 2046 383 2075 Rubenus
391 2047 498 2086 arguit.-
519 2048 610 2087 itaque
618 2049 728 2077 Tabula
748 2048 787 2077 est
800 2049 909 2080 diversa

113 2093 155 2111 res
164 2084 195 2112 ab
204 2086 360 2115 orbiculis.-
381 2098 446 2116 nam
456 2087 548 2116 sensus
557 2089 688 2118 Anastafii
701 2088 740 2117 est
751 2090 823 2128 quasi
833 2091 909 2120 dice-

111 2133 154 2152 ret
165 2126 264 2154 tabulas
275 2148 283 2159 ‚
293 2131 319 2156 δι
330 2127 465 2158 orbiculos
475 2149 482 2161 ,
496 2139 537 2158 res
547 2150 556 2162 ,
565 2128 681 2161 scilicet,
694 2129 768 2158 inter
779 2129 806 2158 se
815 2131 908 2161 diver-

111 2163 150 2193 ίῖις
160 2187 167 2197 ,
178 2167 252 2204 quod
264 2169 358 2196 multis
369 2169 503 2209 exemplis
515 2170 542 2198 d.
555 2170 685 2200 Anastafii
697 2172 890 2209 comprobatur
900 2195 908 2202 .

112 2211 125 2240 [
137 2207 172 2235 In
193 2208 277 2235 altare
295 2211 327 2238 B.
337 2211 500 2240 Petronillae
518 2209 612 2249 posuit
632 2211 734 2240 vestem
750 2212 784 2240 de
797 2213 907 2243 stauraci

109 2255 189 2275 unam
200 2247 344 2278 habentem
357 2251 512 2288 periclysim
524 2251 558 2279 de
570 2252 662 2280 blattis
676 2273 683 2284 ,
695 2251 740 2282 seu
752 2252 909 2288 chrysocla-

108 2297 163 2320 vo,
189 2288 218 2316 in
229 2291 323 2319 Leone
343 2293 406 2323 IL]
427 2296 454 2322 ὅ(
465 2293 549 2320 alibi:
571 2293 721 2327 [Qualiter
744 2296 867 2333 Angelus
877 2298 907 2325 B.

107 2328 264 2362 emiliam,
274 2330 320 2360 seu
335 2333 514 2362 Valerianum
526 2355 533 2367 ‚
548 2336 574 2361 ὅ(
587 2334 741 2363 Tiburtium
751 2338 907 2365 coronavit.

107 2370 143 2397 In
154 2368 275 2399 Paschali
287 2373 334 2404 L]
355 2373 424 2408 Quis
445 2384 564 2413 unquam
576 2384 684 2413 putaret
694 2376 838 2406 Caeciliam
850 2399 858 2410 ,
880 2382 907 2407 ὅ(

107 2409 284 2443 Valerianum
295 2412 346 2444 else
357 2424 439 2444 unam
449 2416 620 2455 eandemque
631 2417 788 2455 personam?
803 2418 908 2455 [Quem

968 1849 1040 1877 sticis
1049 1850 1213 1880 solvendum
1227 1863 1277 1890 pro
1289 1853 1410 1893 qualibet
1420 1853 1559 1882 aridorum
1571 1853 1683 1882 sextarii
1694 1864 1773 1883 men-

965 1888 1042 1921 sura}
1056 1902 1214 1921 erraverunt
1225 1904 1342 1932 namque
1351 1894 1393 1922 illi
1405 1915 1414 1927 ‚
1430 1894 1476 1932 qui
1489 1895 1614 1924 Rusticos
1624 1894 1769 1924 solventes

965 1932 1109 1970 vestigalia
1130 1934 1168 1962 ita
1179 1935 1310 1971 appellari
1324 1943 1473 1972 putarunt5
1497 1945 1592 1964 eorum
1603 1936 1681 1964 enim
1693 1946 1771 1966 error

964 1981 998 1999 ex
1009 1973 1192 2011 Gregorianis
1203 1975 1292 2002 verbis
1302 1975 1491 2007 convincitur,
1501 1985 1562 2014 quae
1573 1976 1609 2005 fic
1620 1975 1764 2006 habentur:

966 2014 1080 2048 [Valde
1089 2013 1216 2053 iniquum
1230 2036 1236 2047 ,
1247 2018 1274 2043 ὃ(
1285 2015 1413 2049 injustum
1424 2014 1475 2043 ess'e
1487 2015 1674 2054 perspeximus
1685 2039 1693 2051 ‚
1713 2028 1742 2046 ut
1753 2029 1768 2047 a

963 2054 1070 2082 rusticis
1079 2055 1203 2083 Ecclefiae
1216 2056 1250 2083 de
1259 2054 1439 2084 sextariaticis
1447 2057 1553 2096 aliquid
1564 2058 1720 2096 accipiatur,
1735 2068 1766 2087 ut

963 2094 997 2122 ad
1007 2097 1139 2126 maiorem
1151 2096 1274 2124 modium
1283 2097 1347 2125 dare
1357 2097 1649 2137 compellantur,quam
1662 2099 1691 2127 in
1702 2099 1768 2128 hor-

965 2145 1012 2163 reo
1026 2136 1148 2165 Ecclesiae
1160 2137 1277 2165 infertur
1287 2157 1294 2164 .
1316 2137 1403 2166 Unde
1413 2141 1440 2167 δε
1459 2137 1588 2176 presenti
1598 2140 1765 2168 admonitio-

967 2186 1002 2204 ne
1012 2177 1185 2215 praecipimus
1196 2199 1204 2210 ,
1214 2188 1243 2206 ut
1256 2177 1397 2216 plusquam
1405 2179 1511 2212 decem,
1521 2183 1549 2208 ὃ(
1557 2181 1621 2209 osto
1629 2180 1766 2209 sextario-

962 2227 1023 2245 rum
1033 2238 1040 2250 ,
1060 2218 1271 2257 modiorumque
1304 2229 1442 2258 nunquam
1470 2231 1484 2248 a
1513 2221 1618 2249 rusticis
1637 2221 1762 2250 Ecclefiae

965 2257 1099 2286 frumenta
1118 2259 1235 2287 debeant
1246 2260 1331 2298 recipi
1344 2280 1352 2288 .
1375 2262 1412 2288 D.
1424 2263 1511 2300 Greg.
1524 2261 1570 2290 lib.
1585 2271 1607 2289 ι.
1625 2261 1702 2298 epist.
1714 2273 1762 2296 42.

963 2299 998 2327 ad
1008 2301 1118 2327 Petrum
1138 2300 1298 2328 Subdiacon.
1311 2302 1323 2332 ]
1344 2302 1400 2330 FR.
1419 2302 1466 2340 qui
1487 2304 1590 2330 Canon
1611 2302 1736 2330 Ecclesiae
1748 2313 1763 2331 a

962 2340 1083 2368 Rusticis
1102 2339 1250 2370 solvendus
1259 2351 1316 2370 erat
1341 2351 1391 2380 pro
1411 2341 1559 2370 acceffione
1580 2341 1658 2380 supra
1675 2341 1765 2370 sexta-

964 2381 1036 2408 rium
1048 2402 1054 2413 ,
1075 2381 1139 2409 ideo
1149 2392 1162 2409 a
1172 2383 1197 2411 S.
1210 2382 1346 2411 Pontifice
1355 2382 1407 2410 hoc
1419 2383 1551 2411 tributum
1563 2383 1693 2418 imustum
1703 2384 1763 2412 exi-

963 2420 1100 2450 stimatum
1112 2421 1208 2458 fuerat,
1225 2423 1273 2463 qui
1282 2422 1374 2452 abusus
1383 2433 1509 2462 tempore
1521 2426 1710 2452 Romanorum
1721 2433 1764 2452 in-

1375 2464 1403 2498 Q
1424 2474 1442 2503 q
1485 2475 1504 2498 4
1668 2474 1726 2493 tro-
