1866 2526
453 59 564 102 To

98 124 200 156 melius
207 122 233 153 S.
243 118 319 152 Pauli
328 116 459 150 Orientis
470 140 478 152 ,
501 122 528 147 ὅ(
538 125 617 156 caput
628 113 746 145 abr-asum
756 113 868 143 haberet
880 125 886 144 ς

100 175 167 206 opus
183 163 268 194 {iterat
284 161 320 190 ob
330 160 358 189 id
370 181 378 194 ‚
394 170 424 189 ut
444 161 500 194 ejus
516 156 685 186 consecratio
705 165 753 194 per
772 164 887 193 quatuor

100 203 203 236 mense·
213 200 367 232 differretur
377 222 385 234 ,
404 199 487 238 usque
496 208 552 237 quo
561 201 616 234 ejus
632 206 712 236 caput
730 195 841 233 aliquod
852 206 894 239 ca-

102 245 232 286 pillarum
244 242 446 271 incrementum
462 239 573 268 haberet
587 259 595 272 ‚
615 247 646 266 ut
663 236 808 266 commode
829 238 894 273 Epi—

101 285 214 326 scopalis
221 292 323 312 corona
336 283 364 310 in
375 293 408 311 eo
418 279 497 309 tondi
509 279 635 318 potuislet
645 289 655 309 ς
677 287 757 316 quem
767 275 897 305 Theodo-

101 335 161 355 nim
169 323 253 364 graeci
270 324 339 352 ritus
350 321 412 351 satis
421 319 496 350 suiss'e
515 319 620 348 constat
630 339 638 351 ,
660 327 694 346 ex
705 327 739 346 eo
748 339 756 350 ‚
777 326 875 359 nempe
888 337 895 349 ‚

100 366 175 405 quod
185 375 240 404 prae
246 363 312 392 satus
322 365 393 402 Papa
402 362 437 392 ob
445 361 557 390 dubium
567 369 603 387 ne
614 358 747 396 Anglicos
759 366 893 396 gratani-

99 407 139 435 cis
148 406 282 436 ritibus,&
293 404 426 432 erroribus
437 402 569 431 imbueret
579 400 627 427 ille
639 407 726 427 novus
734 396 892 435 Episcopus,

99 445 264 477 Assess'orem
283 444 326 473 illi
335 444 413 473 dedit
433 440 588 472 Adrianum
598 441 627 468 N
631 438 785 467 idridanum
806 438 891 481 Abba-

99 497 157 516 tem
168 507 175 519 ‚
197 484 271 525 quod
282 483 483 514 Monasterium
499 491 558 510 non
569 481 652 518 longe
670 489 684 506 a
706 477 893 515 Neapolitana

100 527 227 557 Civitate
237 526 350 555 distabat
359 545 366 552 .
390 526 490 553 Baton.
499 521 566 550 ibid.
575 517 727 549 Tonsuram
737 527 826 546 autem
834 527 891 545 mo-

100 567 251 597 nachorum
267 565 456 596 Orientalium
476 564 502 592 S.
511 561 606 593 Pauli,
624 559 740 588 eandem
751 557 826 586 fuifl'e
835 559 891 586 exi-

101 608 184 638 stimo
193 629 200 641 ‚
213 616 293 646 quam
304 604 449 635 Maronitz
458 625 467 636 ,
478 601 578 639 aliique
588 599 750 629 Oi-ientales
760 597 890 627 Monachi

101 649 205 687 gestare
215 647 306 676 solent
315 667 324 679 ,
344 644 392 684 qui
400 652 480 682 caput
489 641 589 670 radunt
599 641 631 668 ad
642 639 727 668 instar
737 639 891 668 nostrorum

100 687 309 728 Religiosorum
318 707 326 719 ‚
335 685 518 722 relinquentes
530 691 624 710 tamen
633 681 796 719 capillorum
805 689 890 707 circu-

100 729 160 758 lum
169 739 199 757 in
208 728 313 757 vertice
322 748 330 759 ,
340 724 388 753 sed
396 724 567 753 subtiliorem
575 721 786 750 occidentalibus
792 730 891 748 mona—

100 769 159 798 chis
168 789 175 796 .
185 770 221 798 In
231 766 396 806 temporibus
406 766 450 794 SS.
465 762 634 798 Hieronymi
646 784 653 795 ‚
663 766 691 791 ὃ(
701 761 849 794 Αιιιὺιοίῑι,
859 771 887 789 ιιι

98 819 134 838 ex
143 805 239 837 eorum
249 807 358 845 scriptis
366 805 520 844 colligitur,
530 803 636 832 Cieriti
645 813 702 831 non
714 802 841 830 radebant
851 812 891 829 ca-

99 858 150 888 put
159 869 167 883 ‚
177 847 224 877 sed
232 846 355 877 submill‘e
365 846 516 874 tondebant
526 865 535 877 ,
553 844 591 872 ita
601 853 630 871 iit
644 852 735 872 cutem
746 853 804 871 non
814 842 891 870 dcte-

98 899 197 929 gerent
207 911 214 922 ‚
227 889 331 918 fortasse
340 898 375 915 ne
383 886 570 915 convenirent
579 893 639 912 cum
649 883 793 921 Serapidis,
803 886 831 912 ὃς
843 883 891 911 113-

99 931 141 958 dis
150 928 341 960 sacerdotibus,
351 928 398 966 qui
409 936 488 965 caput
499 926 637 954 radebant.
649 925 743 954 Simon
755 933 822 952 vero
834 926 891 952 Ma-

99 980 148 1009 gus
167 970 340 1009 phanaticam
360 967 478 997 tonsura·
489 966 642 995 machinam
661 964 870 1003 excogitaverat

1249 57 1289 99 T
1318 59 1361 101 Ο
1614 63 1694 112 679

947 123 1023 144 catur
1031 124 1133 145 corona
1144 136 1151 143 .
1171 114 1283 144 Dicitur
1295 115 1378 143 etiarn
1390 115 1499 152 &afim
1509 114 1538 146 in
1548 116 1691 147 Clement.
1709 115 1746 146 de

950 155 1057 185 honest.
1068 157 1146 186 Cler.
1157 165 1244 194 cap-a.
1255 160 1283 185 δε
1293 155 1329 184 ibi
1340 155 1446 195 Glossin
1455 156 1529 185 Usus
1539 158 1674 188 tundendi
1685 159 1746 186 Mo-

951 196 1068 226 uialium
1084 207 1175 225 comas
1184 196 1214 225 in
1223 206 1314 225 earum
1335 195 1501 234 proseflione
1510 217 1518 229 ,
1545 198 1745 237 antiquisliinus

951 238 1047 266 eratin
1056 238 1192 276 AEgypto
1203 258 1211 270 ,
1222 247 1251 266 ut
1262 238 1298 266 D.
1311 237 1501 272 Hieronymus
1512 238 1590 275 epist.
1603 244 1648 274 48.
1658 240 1691 268 aa
1701 240 1746 267 Sa-

951 278 1090 307 binianum
1101 278 1216 306 testatur
1226 298 1234 305 .
1245 277 1318 306 Vide
1331 277 1521 315 Barbirafium
1532 298 1539 304 .
1550 282 1664 308 Corma·
1675 283 1746 308 Gar-

951 320 1037 347 rhara
1046 340 1053 347 .
1065 319 1232 357 Papaletra.
1242 319 1394 356 Psaclmion
1409 338 1416 346 .
1424 318 1598 356 Tonsuratio.
1609 321 1746 357 Tonsura-

950 368 1007 388 ηυ-
1018 361 1122 397 Tonsus
1134 379 1141 387 .
1152 358 1277 389 Clericus
1286 359 1382 397 primae
1394 357 1511 388 tonsure
1523 380 1530 387 .
1544 359 1616 388 Vide
1627 365 1743 389 cantu.

951 402 1066 437 Tonsus.
1076 399 1226 429 Tonsuram
1238 409 1295 428 non
1305 409 1415 428 tenetur
1425 399 1532 428 deferre
1543 401 1670 429 Clericus
1681 410 1746 428 con-

949 442 1056 478 jugatus
1066 461 1073 468 .
1086 439 1158 469 Vide
1172 441 1296 468 Clericus
1306 453 1315 469 i
1338 441 1410 468 Item
1421 439 1515 468 dehac
1535 451 1638 469 corona
1648 442 1676 469 in
1685 451 1749 469 can«

951 480 1085 518 psalmista
1095 480 1174 516 ,dnh
1186 491 1231 518 ²3·
1242 479 1276 509 fic
1287 479 1415 508 habetur:
1438 480 1568 515 [Clerici
1580 491 1685 511 comam
1697 489 1746 509 nu-

950 520 1017 549 trire
1031 520 1212 560 prohibentur
1223 541 1231 553 ,
1251 529 1367 558 quorum
1377 528 1457 558 caput
1465 520 1580 558 desuper
1590 520 1621 549 in
1631 523 1747 550 modum

949 560 1054 599 splierae
1067 560 1154 589 rasum
1165 559 1215 589 elle
1223 561 1302 589 debet
1313 581 1320 588 .
1330 563 1342 592 ]
1354 561 1412 589 Ubi
1424 559 1565 590 Glofl‘ator
1575 562 1661 590 addit:
1672 564 1684 593 ]
1697 564 1745 590 Pa-

949 612 1009 631 rum
1018 625 1026 636 ‚
1049 612 1110 630 nam
1121 601 1285 640 magnitudo
1295 612 1404 630 coron-t·
1415 602 1454 630 est
1465 601 1570 641 lignum
1588 601 1748 632 conversio-

949 643 991 671 nis
1001 665 1008 676 ,
1021 652 1050 671 iit
1061 652 1167 670 excrav.
1179 642 1213 670 de
1225 641 1330 671 success'.
1338 643 1368 670 ab
1379 641 1468 670 intest.
1480 653 1537 680 cap.
1548 653 1610 671 cum
1621 642 1748 676 dilectus,

949 683 979 711 in
992 693 1067 722 parte
1077 682 1189 711 decifiv.
1203 693 1211 710 ι
1221 695 1246 711 2.
1257 691 1303 720 qil.
1320 694 1342 711 i.
1353 693 1410 710 can.
1421 683 1476 711 duo
1485 686 1516 715 .]
1538 685 1612 712 Item
1622 684 1656 713 fic
1666 683 1747 713 cleri-

948 735 981 751 ιο
993 735 1049 752 non
1060 723 1152 751 licebit
1162 732 1223 750 cuin
1233 733 1310 750 conia
1320 722 1395 751 suum
1406 724 1530 752 osticium
1539 725 1749 757 exercere,mul-

948 774 978 793 to
987 765 1077 793 minus
1086 763 1224 792 Sacerdoti
1236 772 1346 792 comato
1355 764 1490 792 celebrare
1500 763 1595 794 licebit
1606 787 1613 798 ,
1635 765 1670 794 de
1679 765 1749 796 Cle-

948 806 1012 833 ricis
1021 805 1097 833 enim
1115 804 1150 832 fic
1161 802 1295 832 habetur.-
1319 809 1332 839 [
1345 806 1403 833 Nec
1423 815 1536 843 oportet
1555 805 1680 835 Clericos
1699 816 1747 835 co—

949 855 1020 875 mam
1038 844 1145 874 nutrire
1154 865 1163 877 ,
1183 848 1211 873 ὃ(
1222 844 1256 873 lic
1268 844 1422 872 ministrare
1432 866 1438 877 ‚
1460 843 1508 874 scd
1527 846 1640 875 attonso
1657 847 1748 886 capite

948 887 1052 915 auribus
1063 885 1217 925 patentibus
1229 898 1239 913 :
1261 889 1288 914 ἀ
1300 884 1448 914 secundum
1468 889 1549 914 Aron
1568 887 1681 916 talarem
1701 898 1749 916 ve-

950 928 1017 956 stem
1029 927 1153 960 induere,
1165 936 1194 954 ut
1206 926 1258 955 lint
1268 926 1299 954 iii
1308 925 1403 955 habitu
1412 935 1522 960 ornato,
1533 937 1591 956 can.
1604 938 1661 957 non
1671 929 1750 962 liceo,

951 968 971 996 il
983 980 1009 997 2..
1021 968 1082 996 dist.
1096 979 1142 1003 24.

99 1020 180 1049 quam
190 1014 246 1048 ejus
256 1010 402 1039 sestatores
413 1009 532 1037 fescbant
542 1029 550 1040 ,
561 1007 664 1036 sulcum
675 1028 683 1039 ‚
695 1015 792 1043 nempe
801 1026 810 1038 ι
821 1004 894 1033 &11⁵
910 1011 1107 1038 'Ion-sunnio
1119 1028 1127 1035 .
1148 1009 1204 1037 FR.
1214 1007 1328 1036 collatio
1346 1006 1441 1046 primae
1462 1007 1584 1038 tonsurae·
1601 1008 1748 1038 clericalis.

101 1061 182 1080 neam
191 1073 198 1085 ,
220 1061 300 1090 quam
312 1060 359 1089 per
368 1049 464 1087 capitis
475 1048 608 1078 verticem
619 1047 694 1075 intus
704 1047 840 1074 ambarum
851 1055 894 1073 :iu-

100 1092 171 1120 rium
180 1092 346 1120 summitates
355 1091 498 1122 ducebant,
508 1090 538 1118 in
549 1088 706 1124 symbolum
716 1086 843 1115 Zodiacae
858 1084 893 1113 sa-

99 1132 163 1163 sciae
175 1154 184 1166 ,
201 1132 340 1162 afferentes
350 1141 444 1160 eorum
455 1140 533 1168 caput
541 1129 654 1168 globum
663 1127 773 1156 coeleste
781 1127 895 1154 denota-

100 1184 130 1202 re
139 1194 146 1201 .
167 1174 285 1212 Aliquos
303 1171 462 1201 Sacerdotes
478 1170 653 1200 Christianos
672 1170 703 1197 in
723 1167 846 1197 Oriente
867 1167 896 1194 in

101 1214 214 1242 modum
232 1214 318 1242 crucis
329 1222 423 1242 eorum
441 1212 528 1249 capita
547 1210 644 1239 solitos
655 1208 728 1238 suisse
747 1208 841 1237 radere
852 1218 894 1236 re-

101 1254 153 1283 fert
161 1253 279 1284 Osorius
289 1274 298 1287 ‚
319 1254 368 1282 lib.
378 1264 404 1290 3.
417 1263 468 1281 rer.
479 1255 538 1280 Em.
560 1251 644 1286 Quod
654 1249 688 1278 ad
705 1249 823 1288 praesens
833 1248 896 1286 Epi-

99 1294 193 1334 scopus
203 1296 346 1333 Carangor
354 1292 489 1322 Dioecefis
498 1292 640 1320 Indiarum
651 1291 841 1320 Orientalium
849 1289 905 1317 οξ)-Ι

98 1335 200 1368 servat,
210 1335 280 1363 utin
289 1346 322 1363 co
332 1334 400 1362 libro
409 1334 452 1362 cui
464 1333 559 1361 titulus
569 1333 606 1360 est
616 1334 716 1360 Novus
725 1331 820 1361 Orbis,
832 1340 892 1368 cap.

955 1056 965 1085 [
978 1053 1017 1077 Ex
1028 1058 1104 1087 parte
1115 1048 1200 1076 vestra
1213 1048 1264 1076 luit
1276 1049 1466 1087 propositum,
1488 1049 1563 1088 quod
1573 1050 1643 1078 dista
1656 1051 1750 1079 Eccle-

950 1091 985 1119 sia
995 1088 1162 1118 monasterio
1174 1088 1263 1117 vestro
1272 1090 1422 1127 plenojure
1431 1089 1510 1118 debet
1521 1088 1571 1118 effe
1580 1089 1751 1128 subjeftayi-

957 1131 1058 1159 delicet
1068 1151 1077 1163 ,
1099 1130 1129 1158 in
1148 1129 1324 1158 institutione
1336 1151 1344 1162 ,
1365 1130 1559 1163 destitutione,
1584 1131 1749 1160 investitura

952 1170 1194 1209 Archipresbyteri
1205 1190 1213 1202 ,
1224 1173 1251 1198 ὃς
1261 1169 1380 1205 ejusdem
1392 1170 1537 1204 fidelitate,
1549 1170 1629 1209 ipsius
1640 1193 1648 1204 ‚
1658 1175 1686 1201 ὅ(
1697 1172 1750 1201 sra-

951 1222 1024 1241 trum
1034 1211 1191 1240 obedientia
1200 1232 1208 1243 ,
1219 1212 1399 1243 correctione,
1411 1211 1655 1250 repraesentatione
1664 1213 1698 1241 ad
1708 1223 1750 1241 or.

952 1253 1032 1282 dines
1042 1274 1049 1285 ‚
1061 1250 1269 1284 tonsuratione,
1279 1250 1452 1290 susceptione
1461 1251 1624 1285 chrismatis,
1635 1253 1750 1286 litaniis,

952 1298 979 1322 ἃ
989 1293 1048 1323 :iliis
1058 1293 1187 1322 similibus
1198 1312 1207 1320 .
1217 1295 1252 1321 In
1261 1292 1387 1321 decretal.
1397 1293 1431 1321 de
1440 1291 1511 1322 sent.
1519 1297 1547 1322 ὅ(
1557 1303 1585 1322 re
1595 1294 1680 1330 judic.
1691 1304 1749 1333 cap.

952 1343 1014 1363 tum
1024 1343 1097 1362 inter
1107 1340 1155 1362 vos
1166 1351 1176 1361 .

104 1386 168 1415 ¹33·
181 1385 301 1404 narratur
311 1395 318 1403 .
338 1376 373 1403 In
383 1374 502 1414 quodam
513 1375 552 1402 M-
564 1374 590 1402 S·
612 1371 733 1402 Roraldi
752 1370 880 1410 EpisCOPi
890 1392 898 1404 ‚
913 1379 1112 1405 TONSURATOR
1123 1395 1130 1403 .
1148 1376 1205 1404 FR.
1226 1374 1403 1406 Publicanum
1422 1375 1530 1404 citat‘tor
1549 1374 1746 1414 vectigalium.

99 1418 146 1455 qui
163 1417 197 1445 de
207 1427 280 1445 anno
306 1427 388 1454 ¹300·
399 1415 493 1444 floruit
504 1435 511 1447 ,
531 1425 561 1442 ac
578 1415 613 1442 de
631 1411 788 1442 successibus
804 1415 896 1440 Terrae

99 1457 197 1491 saiiEtae
207 1455 351 1494 scripserat
362 1477 370 1488 ‚
382 1456 416 1483 de
426 1454 591 1484 Christianis
602 1454 779 1492 Georgianis,
788 1463 896 1491 cap.79.

101 1496 160 1525 haec
171 1495 270 1525 hahet:
296 1495 425 1530 [Clerici
435 1504 529 1523 eorum
547 1495 674 1522 rotundus
692 1492 897 1522 habenttonsu-

955 1416 1109 1452 [Pervenit
1119 1415 1151 1444 ad
1162 1417 1222 1445 Nos
1235 1436 1242 1448 ‚
1252 1415 1328 1454 quod
1337 1415 1534 1444 Tonsuratores
1544 1416 1574 1443 in
1585 1416 1678 1444 Sicilia
1689 1427 1750 1454 pra-

953 1467 987 1484 va
998 1457 1043 1485 fibi
1056 1455 1272 1495 praesumptione
1282 1465 1385 1484 nomen
1394 1453 1577 1484 Defensorum
1585 1454 1725 1486 sumerent
1735 1476 1743 1484 .

954 1497 992 1525 D.
1003 1500 1089 1536 Grcg.
1101 1498 1149 1525 lib.
1167 1507 1207 1525 ιο.
1219 1497 1296 1534 epist.
1308 1501 1358 1532 48.-

103 1547 145 1565 1²⁵
158 1557 166 1570 2
184 1536 246 1565 biti
259 1545 326 1564 vero
335 1536 478 1574 quadratas
488 1557 495 1564 ·
508 1537 520 1566 ]
541 1534 765 1564 conservabunt
781 1533 826 1562 hic
838 1535 897 1563 CO‘
913 1541 1116 1567 Tonsuimws
1128 1558 1134 1565 .
1145 1539 1201 1567 PR.
1214 1537 1349 1567 Clericus.
1359 1538 1433 1566 Item
1447 1536 1581 1576 fignificat
1590 1539 1751 1567 Rommum

101 1577 155 1606 dex
174 1576 392 1615 :ipudfluendam
405 1576 567 1604 Michaelem
579 1576 713 1615 Belaguer
733 1573 898 1613 Episcopum

100 1617 299 1646 Milevitanum
311 1637 319 1644 .
330 1616 515 1645 Mahometani
525 1626 615 1645 totum
624 1626 705 1654 caput
716 1616 823 1648 radunt,
833 1617 896 1644 floc-

100 1667 163 1686 cum
173 1667 280 1686 tantum
293 1657 322 1686 in
334 1657 437 1686 vertice
447 1659 623 1696 reliquentes,
633 1656 708 1696 quod
716 1656 800 1685 etiam
808 1658 839 1685 :ib
850 1666 896 1684 eo-

99 1708 160 1728 rum
170 1698 294 1734 subiectis
304 1697 472 1727 Christianis
479 1697 647 1731 observatur,
658 1698 721 1726 licet
730 1697 814 1735 aliqui
825 1696 896 1725 scru-

99 1739 250 1779 pulofiorcs
260 1738 435 1768 christicolae
447 1739 481 1767 ob
492 1739 623 1766 timorem
633 1749 666 1767 ne
677 1736 729 1766 hoc
740 1738 772 1767 sit
782 1736 894 1766 manife-

101 1780 172 1808 stum
191 1778 260 1808 falsu:
272 1779 418 1818 religionis
432 1779 537 1819 lignum
548 1798 559 1812 1
577 1779 705 1817 capillare
715 1779 828 1807 floccum
838 1789 894 1807 non

101 1820 227 1849 nutriant
238 1841 245 1852 ,
257 1821 331 1859 quod
342 1821 472 1849 tamenin
484 1819 605 1848 Africam
614 1818 696 1858 usque
706 1819 740 1847 ad
750 1819 893 1848 Tertullia-

100 1861 131 1889 ni
143 1869 266 1899 tempora
284 1859 397 1888 solitum
417 1871 473 1890 erat
484 1859 587 1889 deferri
598 1878 609 1892 1
626 1868 655 1888 ut
666 1859 780 1898 ipsemet
798 1869 856 1898 cap.
867 1872 893 1895 4.
908 1890 912 1895 x

100 1900 136 1929 de
146 1900 209 1938 pall.
219 1900 259 1928 ita
271 1902 361 1930 refert:
377 1907 388 1937 [
399 1902 481 1939 Juxta
490 1907 581 1930 cutem
590 1899 695 1933 tonsor,
704 1904 732 1929 δι
741 1901 822 1928 cultri
833 1910 894 1929 ver-

952 1578 986 1607 ad
996 1578 1204 1607 distiifflionem
1214 1578 1457 1617 Longobardorum
1469 1599 1476 1611 ,
1488 1578 1536 1616 qui
1546 1579 1696 1611 comam&
1706 1589 1753 1607 eo-

953 1629 1013 1648 rum
1025 1621 1103 1659 regio
1122 1619 1214 1648 Gallia
1234 1628 1338 1647 comata
1347 1619 1486 1647 dicebatur
1497 1640 1506 1651 ,
1527 1629 1561 1647 ex
1582 1628 1615 1647 co
1635 1619 1699 1657 quia
1706 1630 1754 1648 co-

952 1669 1025 1689 mam
1038 1659 1197 1689 nutriebant
1210 1682 1218 1692 ‚
1235 1669 1329 1687 contra
1342 1670 1409 1688 vero
1427 1660 1549 1689 Romani
1560 1659 1676 1698 capillos
1686 1668 1753 1688 ton-

953 1700 1071 1729 debant.-
1093 1701 1189 1736 [Nam
1209 1699 1368 1738 Spoletani,
1389 1704 1416 1729 δι
1428 1700 1540 1730 Reatini
1550 1698 1583 1728 :id
1598 1702 1628 1729 B.
1639 1701 1753 1729 Petrum

949 1740 1111 1781 confugium
1123 1740 1270 1774 facientes,
1293 1739 1425 1779 praeditfto
1443 1739 1752 1770 SanstislimoAdriano

951 1785 1030 1821 Papae
1043 1781 1070 1811 se
1080 1782 1252 1810 tradiderunt
1262 1802 1270 1814 ,
1293 1785 1321 1810 ὃ(
1335 1780 1364 1809 ιιι
1375 1781 1429 1810 fide
1438 1781 1516 1819 ipsius
1527 1780 1663 1818 Principis
1675 1783 1753 1820 Apo-

949 1823 1081 1853 stolorum
1092 1844 1100 1856 ,
1121 1832 1204 1861 atque
1222 1819 1347 1860 praedicti
1367 1820 1529 1851 Sandiffimi
1549 1820 1693 1850 Pontificis
1709 1825 1753 1858 ju-

950 1874 1040 1894 rantes
1050 1885 1061 1897 ,
1080 1872 1159 1892 more
1174 1865 1367 1892 Romanorum·
1382 1861 1516 1891 tonsurati
1524 1861 1589 1891 sunt
1600 1881 1609 1890 .
1627 1860 1753 1892 Anastas.

951 1905 1009 1935 Bib.
1022 1904 1050 1933 in
1060 1904 1186 1934 Adriano
1195 1922 1204 1930 .
1215 1905 1227 1934 ]
1240 1903 1313 1932 Vide
1324 1909 1462 1933 Romanus
1473 1923 1481 1930 .

103 1950 150 1969 tex
162 1941 292 1970 lminunis
302 1943 333 1973 ,J
356 1942 390 1970 In
400 1941 614 1971 Sacramentario
631 1942 658 1970 S.
669 1941 803 1979 Gregorii
815 1940 895 1969 habe-
909 1945 1050 1975 'rossano
1062 1965 1069 1972 .
1087 1946 1143 1974 FR.
1157 1944 1268 1973 verbum
1280 1965 1287 1976 ‚
1310 1944 1424 1981 primam
1433 1942 1589 1973 clericalem
1609 1943 1753 1973 tonsuram

102 1989 148 2010 mr
157 1981 244 2010 oratio
254 2003 262 2014 ,
272 1985 345 2018 cujus
355 1983 449 2012 titulus
461 1984 510 2012 Ad
518 1982 728 2020 capillaturam,
737 1989 800 2019 quae
809 1981 893 2010 devo-

102 2022 188 2050 tionis
197 2021 271 2050 causa
283 2022 372 2060 pueris
380 2024 544 2052 recitabatur
552 2022 584 2050 iri
596 2023 686 2061 prima
696 2029 791 2050 eorum
800 2022 895 2060 capitis

102 2061 212 2091 tonsura
224 2083 231 2090 .
251 2064 324 2091 Item
333 2063 384 2092 alia
397 2085 404 2097 ,
421 2074 452 2093 cu
454 2066 495 2100 jus
506 2063 600 2092 titulus
610 2063 649 2091 est
666 2064 715 2092 Ad
723 2063 821 2091 barbas
832 2073 889 2091 ton-

102 2103 207 2132 dendas
217 2124 225 2136 ‚
235 2112 294 2141 quae
304 2105 447 2138 juvenibus
458 2106 487 2132 in
498 2103 585 2142 prima
594 2101 678 2132 barbae
692 2103 847 2132 nutritione
854 2115 896 2133 re-

99 2143 243 2172 citabatur.
257 2145 313 2173 PR.
323 2144 447 2174 Tonsura
456 2144 568 2184 quidem
576 2143 715 2182 duplicem·
725 2143 805 2172 habet
815 2144 897 2184 signi-

952 1985 1065 2015 confero
1076 2005 1083 2013 .
1096 1984 1184 2014 Nullo
1193 1984 1278 2012 modo
1286 1984 1402 2012 audeant
1413 1983 1552 2013 tonsurare
1561 2007 1569 2018 ‚
1580 1994 1643 2013 can.-
1653 1984 1753 2014 Mona—

952 2026 1039 2056 steriis
1052 2048 1058 2059 ,
1077 2032 1120 2061 19.
1131 2035 1175 2064 qu.
1186 2036 1213 2063 3.
1225 2023 1311 2061 Quod.
1321 2024 1383 2053 laici
1392 2022 1636 2054 adMonasterium
1643 2035 1751 2054 convo*—

951 2066 1037 2096 lantes
1049 2077 1062 2094 a
1071 2064 1124 2094 suis
1133 2065 1279 2104 Abbatibus
1287 2063 1482 2101 tonsurentur,
1503 2075 1560 2104 cap.
1577 2077 1586 2094 ι
1597 2076 1620 2094 ι.
1632 2064 1666 2094 de
1677 2075 1752 2095 κιαι.

952 2112 979 2137 δε
990 2108 1085 2146 qualit.
1107 2105 1254 2134 ordinand.
1263 2106 1417 2135 Licentiam
1436 2105 1530 2135 habeat
1540 2114 1646 2135 comam
1654 2107 1750 2145 capitis

952 2148 993 2176 sili
1006 2147 1146 2176 tonsurare
1158 2167 1165 2174 .
1178 2145 1301 2175 Marculf.
1313 2147 1359 2175 lib.
1374 2157 1396 2175 ι.
1408 2146 1518 2176 formul.
1529 2156 1588 2186 cap.
1605 2158 1628 2176 ι.

100 2184 259 2213 ficationem
269 2205 278 2217 s
295 2194 378 2224 quw!
399 2185 491 2215 Gloffi⁸
502 2186 530 2213 in
542 2195 599 2224 cap·
614 2195 638 2213 ¹-
654 2184 697 2219 der
707 2185 813 2214 Cleric·
829 2196 897 2214 (οη-
912 2191 1039 2219 Tot-sus,
1052 2187 1236 2217 FR.Cleticiis
1247 2186 1343 2226 prima!
1353 2187 1529 2223 tonsurae:[Si
1541 2189 1602 2226 quis
1612 2187 1641 2215 in
1651 2187 1753 2216 ordine

99 2227 155 2263 jug.
172 2225 209 2252 ita
217 2225 381 2265 distinguit:
395 2231 408 2262 [
421 2228 498 2256 Nota
510 2247 518 2258 ,
538 2223 735 2264 quodsstonsura
745 2225 790 2254 hic
799 2227 885 2265 accipi
908 2232 909 2235 ’

101 2274 145 2293 tur
156 2275 206 2303 pro
217 2266 316 2294 clerica
327 2277 338 2298 ἢ
353 2274 417 2295 nam
427 2267 540 2306 proprie
550 2265 660 2295 tonsura
669 2266 707 2294 est
718 2266 763 2295 illa
775 2264 898 2296 abstiffio

100 2306 262 2343 capillorum
274 2328 282 2339 ,
293 2317 354 2346 quae
363 2307 442 2336 estin
454 2317 530 2346 parte
539 2307 666 2335 inferiori
677 2323 689 2340 ,ι
707 2314 736 2334 ιιι
744 2317 818 2336 aures
828 2315 898 2346 pate.

954 2228 1089 2258 Clericali
1099 2239 1112 2257 a
1123 2225 1380 2267 Presbytero,usque
1389 2227 1593 2258 adTonsum.1n
1605 2228 1752 2256 testamen-

954 2279 985 2298 to
997 2270 1021 2298 S.
1032 2269 1156 2307 Remigii
1169 2268 1331 2298 Rhcmenfis
1342 2268 1474 2308 Archiep.
1487 2270 1562 2297 lib.1.
1573 2269 1662 2298 c.i6.]
1675 2266 1752 2297 Vide

957 2316 1063 2340 cantor
1071 2329 1077 2336 .
1090 2310 1236 2347 Psalmtsta
1246 2330 1255 2336 .
1264 2310 1373 2347 Psaltes
1387 2330 1394 2337 .
1403 2311 1530 2347 Tonsura
1540 2330 1546 2335 .
1556 2309 1731 2346 Tonsuratus
1743 2328 1754 2337 .

97 2355 164 2377 ants
176 2344 223 2375 sed
232 2347 330 2376 clerica
341 2347 381 2376 est
391 2347 686 2386 abseiilio·capillorum
696 2347 725 2375 in
737 2358 812 2386 parte
821 2347 901 2387 supe·
916 2349 1013 2382 'rosus
1024 2353 1195 2380 MUS1cALIS
1209 2369 1215 2376 ·
1227 2350 1300 2379 Vide
1311 2356 1420 2379 Cantus
1431 2370 1438 2377 .
1449 2355 1555 2389 Hypate
1565 2370 1573 2378 .
1583 2354 1651 2379 Nete
1662 2371 1671 2384 ‚
1682 2355 1756 2379 Nm-

98 2386 168 2416 riori
179 2408 188 2421 ,
199 2390 227 2417 ὅ(
238 2388 368 2418 circuitus
377 2387 545 2419 absciffionis
553 2388 667 2418 illorum
677 2389 841 2428 capillorum
851 2400 900 2418 vo-

958 2386 1410 2430 tna-Ut,re‚mi,fa'‚sol‚la.

1367 2432 1435 2461 Vv
1477 2442 1496 2466 4
1663 2431 1722 2461 To-
