1830 2490
251 0 883 72 BENEVOJJO
954 25 1516 76 LECTO,RI

454 115 845 151 STEPHANUS
899 115 1309 153 SCIUGIVIAGA

621 187 1137 222 INGA>itMoGL11s1
1325 206 1336 207 ἶ

852 286 895 328 S.
1281 306 1292 310 “

316 406 397 436 Πιιηι
418 405 537 445 primum
560 404 589 434 id
609 404 731 434 muneris
751 402 857 443 suscepi
877 426 884 438 ‚
916 413 946 432 ut
977 401 1057 440 hujus
1087 404 1295 445 Typographiae
1317 408 1504 440 Ralleonianae
1538 415 1627 451 nego-7

328 448 384 479 tia,
408 445 636 486 ampliffimasque
668 456 709 475 res
739 455 890 484 gererem5
923 445 953 473 in
992 456 1025 474 eo
1058 446 1229 485 potiffimum
1258 448 1328 477 mihi
1358 452 1551 480 elaborandum
1573 452 1625 481 else

151 417 175 448 ΞΜ
187 415 290 494 ''¹''''''¹'·¹ljvl¹[)=,h

263 454 290 480 Ἰ“;’

183 435 281 546 ’fg-§L
324 498 468 527 cognovi,
493 497 522 516 ut
544 487 690 515 Editiories
712 486 847 515 librorum
867 508 875 519 ,
906 486 994 523 quoad
1017 486 1076 515 fieri
1099 487 1185 526 poss'et
1206 510 1214 522 ,
1246 489 1350 519 limane
1373 514 1380 524 ‚
1411 503 1440 520 ac
1464 493 1619 521 emendatae

187 529 254 546 istacin-...³

159 417 233 449 υἷ’-

153 431 254 545 ῗωθ
279 487 289 546 l
401 529 405 533 ,
767 527 794 531 ..
871 527 874 530 .
1008 527 1012 530 .
1383 533 1387 537 .
1471 533 1476 537 ,
1573 535 1577 537 ,

163 542 186 545 .,
257 537 273 546 ....
325 529 470 567 prodlrcnt
492 539 499 556 :
523 527 597 565 quod
620 537 721 565 partim
744 528 892 566 diligencia
912 548 918 558 ,
943 536 1050 571 part-im-
1065 538 1191 567 tempore
1209 551 1217 563 ,
1240 533 1269 559 δε
1291 532 1388 569 perfici
1413 534 1485 571 polle
1507 533 1599 562 sentio
1613 558 1620 571 ‚

129 572 158 597 δε
181 580 225 598 me
268 569 430 598 ersefturum
452 568 525 597 haud
535 567 668 607 despero.
692 571 730 597 At
754 569 783 596 in
807 579 836 596 ea
860 568 1083 605 teinpm-:iincidi
1098 590 1107 601 ‚
1130 571 1224 608 quibus
1246 573 1369 601 maximo
1390 574 1534 604 litterariae
1560 575 1618 607 rei,

128 612 158 638 δε
180 610 362 639 studiosorum
383 610 528 638 hominum
550 609 742 642 detrimento,
765 609 852 647 turpis
873 608 997 646 quaedrim
1029 608 1201 639 consuetudo
1233 612 1309 641 iiitcr
1341 614 1511 653 Bibliopolas
1540 616 1621 645 inv-¹2-

130 650 205 685 luit;
229 651 433 683 additionibus,
457 660 633 689 quaecurnque
658 662 695 679 eae
719 650 791 683 sint,
815 649 939 678 tenebras
961 650 1053 687 potius
1085 661 1165 688 quam
1188 651 1276 680 lucem
1306 655 1472 694 primigenis
1495 657 1618 695 scripto-

129 701 190 719 rum
211 692 298 720 Libris
328 702 358 719 ea
391 700 486 719 mente
508 691 666 724 offundere,
690 701 719 720 ut
743 700 882 729 emptores
906 691 1040 718 novitatis
1061 689 1152 729 specie
1182 693 1312 731 decePtos
1331 717 1338 728 ‚
1371 697 1405 724 ad
1428 707 1502 726 nova
1525 708 1619 726 exem-

128 732 214 770 plaria
237 732 419 770 comparanda
441 731 584 760 alliciant:
608 733 638 761 in
658 743 731 770 quo,
755 742 845 770 neque
876 729 1051 759 honestatem
1082 733 1194 761 laudare
1224 734 1328 773 pofliim
1347 758 1354 769 ‚
1393 747 1483 777 neque
1513 738 1618 768 utilita-

127 780 184 800 tem
205 771 268 801 satis
289 772 498 811 deprehendere
522 793 529 800 .
553 775 612 802 Hac
636 783 729 802 tamen
750 773 812 812 lege
836 772 989 802 vivendum
1012 772 1070 805 est,
1093 773 1181 802 donec
1199 796 1208 808 ,
1233 776 1278 804 vel
1299 775 1427 806 honestas
1458 778 1549 807 vincat
1571 780 1618 807 Bi-

127 812 313 851 bliopolarum
342 814 485 843 avaritiam
505 834 512 846 ‚
558 815 602 843 vel
634 814 807 853 impudentia
849 823 944 842 eorum
967 834 976 845 ‚
1006 813 1053 852 qui
1086 814 1188 843 vietum
1219 815 1404 854 scriptitando
1435 820 1584 859 quaeritant
1608 842 1616 854 ‚

125 863 285 893 contemptu
308 858 336 884 ὃ(
369 854 453 883 sibilis
484 865 641 884 coerceatur
662 875 670 883 .
703 855 772 891 Quis
801 854 876 883 enim
908 854 975 882 ferat
1007 854 1177 893 primigenia
1207 857 1430 888 Clarissimorum
1461 861 1618 890 Hominum

124 895 310 933 exemplaria,
333 896 433 924 ausibus
455 895 530 924 avari
561 896 683 927 calami,
717 906 746 924 ea
777 895 935 924 eruditione
967 894 1078 933 impune
1109 896 1188 925 infici
1209 919 1217 931 ‚
1248 909 1300 938 qua
1330 901 1456 930 rotundis
1488 902 1617 940 quadrata

123 936 362 973 permisceantur,
385 937 541 975 primusque
566 938 694 966 Auctoris
724 936 821 975 scopus
851 936 881 964 in
914 934 1066 964 transversa
1095 936 1248 968 trahatur?
1279 942 1383 970 Verum
1412 943 1486 971 enim
1518 953 1585 972 vero
1607 964 1615 975 ‚

123 986 185 1004 cum
208 988 308 1006 novam
332 977 400 1005 hanc
424 978 599 1006 Hierolexici
621 977 769 1007 Dominici
801 977 889 1006 Macri
920 977 1075 1005 editionem
1106 978 1256 1008 meditarer
1273 1002 1281 1013 ,
1316 980 1385 1011 senfi
1419 983 1552 1012 necess'um
1575 983 1615 1013 es-

122 1015 150 1044 se
171 1016 258 1045 scena:
281 1017 404 1050 servire,
426 1022 453 1046 ἅ
476 1028 554 1046 novo
576 1019 765 1047 additamento
787 1019 879 1056 aliquo
902 1016 977 1045 illam
999 1028 1133 1046 exornare
1153 1039 1159 1046 .
1193 1021 1372 1060 Quapropter
1403 1025 1495 1062 operis
1524 1036 1614 1054 curam

124 1056 186 1085 viro
208 1058 314 1086 cuidam
338 1058 504 1086 demandavi
525 1080 533 1091 ‚
556 1059 604 1097 qui
624 1059 651 1087 se
669 1080 677 1092 ,
701 1068 760 1086 tum
782 1058 814 1085 :id
838 1059 897 1086 haec
917 1079 925 1090 ,
947 1067 1006 1085 tum
1028 1058 1062 1086 ad
1093 1061 1195 1094 majora
1225 1071 1319 1099 aptum
1350 1074 1527 1103 paratumque
1549 1076 1614 1104 pro-

123 1097 247 1126 fitebatur
265 1118 272 1125 .
296 1099 360 1135 Spes
386 1107 477 1125 tamen
501 1108 544 1125 me
567 1098 694 1128 refellit5
717 1099 778 1125 cu'm
799 1097 898 1125 sciolus
928 1097 977 1125 ille
997 1119 1004 1131 ,
1032 1109 1065 1125 ne
1097 1101 1210 1136 quidem
1244 1103 1331 1130 latine
1360 1103 1476 1132 scribere
1498 1106 1588 1135 nofl'ct
1605 1127 1612 1135 .

122 1138 233 1166 Variam
255 1148 339 1175 porro
361 1141 389 1166 &
411 1137 594 1175 multiplicem
618 1139 812 1166 vocabulorum
834 1138 1012 1177 congeriem,
1035 1138 1198 1177 mUltlgCsslS
1221 1141 1315 1180 figuris
1337 1164 1345 1175 J
1378 1155 1411 1172 ex
1435 1146 1545 1175 chicis
1567 1158 1613 1176 cu-

119 1177 271 1216 juscunque
302 1178 411 1216 generis
434 1177 570 1211 effossitm,
593 1179 701 1218 vulgari
727 1177 852 1207 sermone
874 1178 1109 1207 concinnaverat.
1131 1184 1171 1208 At
1193 1192 1272 1215 cum,
1296 1194 1346 1212 nec
1369 1184 1525 1216 editionem
1557 1188 1611 1217 dif-

119 1218 189 1248 ferre
210 1240 217 1251 ,
240 1223 267 1247 6:
290 1218 487 1257 procrastinare
520 1220 621 1258 pollein
639 1241 646 1252 ,
680 1230 730 1248 nec
762 1219 885 1258 vulgaria
917 1220 1020 1248 Latinis
1052 1219 1206 1250 immiscere
1228 1223 1346 1261 placeret
1364 1247 1371 1257 ,
1405 1237 1496 1265 neque
1518 1241 1532 1257 a
1554 1229 1612 1268 pri-

120 1260 236 1298 migeno
267 1260 384 1288 austeris
417 1260 559 1298 proposito
590 1261 762 1289 aberrantem
791 1260 980 1289 eruditionem
1012 1260 1043 1288 in
1075 1260 1280 1292 Hierolexicon
1312 1265 1456 1295 intrudere
1476 1290 1483 1301 ‚
1516 1280 1611 1308 aptum

118 1301 260 1329 videretur
282 1323 288 1333 ,
320 1300 451 1329 farcimen
473 1301 544 1329 illud
573 1301 786 1330 consarcinatori
819 1301 867 1330 sito
898 1301 1025 1339 reliqui,
1058 1305 1085 1329 ἃ
1108 1303 1198 1331 nullus
1237 1306 1335 1335 dubito
1355 1329 1363 1340 ‚
1397 1317 1545 1339 centonem
1578 1312 1611 1340 il—

116 1341 173 1369 lum
195 1341 366 1370 conduc'titio
389 1343 491 1370 calamo
512 1341 598 1370 latine
621 1343 762 1371 redditum
784 1342 926 1371 litterarius
957 1342 1095 1370 nundinas
1126 1344 1276 1383 aliquando
1307 1349 1446 1378 aufturum
1465 1370 1472 1377 .
1505 1353 1611 1381 Verum

118 1392 153 1410 ne
175 1382 264 1411 editio
285 1382 335 1411 ista
354 1404 362 1415 ,
386 1382 443 1410 fine
465 1383 563 1411 usitato
586 1383 762 1412 additionum
785 1384 845 1412 suco
868 1383 992 1421 prodiret
1011 1404 1018 1415 ,
1043 1382 1072 1411 id
1095 1386 1186 1413 oneris
1208 1387 1279 1415 milii
1310 1388 1515 1428 suscipiendum
1537 1393 1608 1427 elle,

117 1423 184 1451 duxi
207 1434 215 1454 ς
250 1422 287 1451 itti
309 1432 402 1451 tamen
421 1445 429 1457 ,
453 1433 482 1451 ut
504 1434 592 1463 neque
613 1424 809 1453 consuetudini
831 1423 946 1453 deessem
966 1445 974 1457 ‚
997 1434 1088 1462 neque
1111 1426 1175 1454 Tibi
1193 1449 1201 1460 ‚
1235 1431 1376 1459 Benevole
1397 1433 1497 1460 Lector
1517 1455 1525 1467 ‚
1558 1445 1608 1463 nu-

117 1464 177 1491 bem
199 1474 249 1502 pro
272 1465 384 1501 Junone
403 1486 410 1496 ‚
434 1474 464 1492 ut
487 1467 583 1500 ajunt,
617 1466 836 1503 amplectendam
858 1465 1004 1494 offerrem.
1028 1465 1132 1494 Omnis
1155 1468 1231 1497 enim
1253 1470 1283 1498 in
1314 1481 1347 1499 eo
1369 1471 1408 1500 fui
1428 1494 1436 1506 ,
1470 1485 1505 1503 ne
1538 1475 1607 1513 quid

116 1513 129 1531 a
152 1505 238 1532 Macri
259 1505 403 1542 proposito
426 1505 547 1534 alienum
571 1505 701 1535 inferrem
723 1527 733 1542 ,
755 1506 820 1539 sed,
844 1508 889 1535 vcl
922 1507 952 1535 ab
982 1505 1044 1544 ipso
1074 1510 1214 1538 contracte
1246 1511 1317 1540 dicta
1337 1534 1346 1545 ,
1378 1512 1458 1542 fufius
1488 1516 1608 1545 illustra-

116 1553 174 1571 rem
195 1566 204 1577 ,
243 1545 288 1581 vel
319 1556 347 1573 ea
378 1547 573 1575 tantummodo
603 1547 732 1575 adderem
754 1568 762 1580 ,
796 1558 856 1586 quae
889 1547 922 1575 ad
953 1547 1112 1576 institutum
1145 1549 1230 1580 facere
1262 1553 1424 1582 videbantur
1445 1575 1453 1582 .
1494 1557 1608 1595 Singula

115 1594 183 1611 vero
205 1605 214 1616 ,
244 1594 303 1621 quae
326 1597 340 1613 a
362 1596 405 1614 me
429 1587 474 1615 vel
495 1588 589 1617 addita
608 1610 614 1620 ,
648 1589 694 1616 vel
725 1588 858 1616 illustrata
890 1588 953 1616 lunt
984 1587 1112 1617 asterisco
1142 1590 1257 1621 distinxi
1276 1614 1284 1626 ‚
1316 1604 1345 1622 ut
1378 1595 1474 1634 cuique
1507 1598 1607 1626 laboris

114 1623 153 1652 sui
178 1625 232 1653 laus
255 1634 363 1664 integra
384 1636 507 1656 maneret
529 1649 536 1656 .
570 1628 661 1658 Multa.
684 1628 812 1666 equidem
841 1637 918 1657 extra
950 1639 1039 1657 aream
1072 1629 1136 1658 addi
1166 1642 1297 1670 poterant
1317 1655 1323 1666 ‚
1354 1634 1403 1664 sed
1434 1635 1505 1665 mihi
1534 1639 1606 1673 justo

115 1666 259 1693 volumine
300 1676 368 1704 opus
397 1676 455 1694 erat
478 1688 485 1699 ‚
518 1679 552 1696 ne
586 1669 678 1702 Tibi,
712 1669 914 1698 Humaniffime
944 1671 1042 1699 Lestor
1060 1692 1068 1703 ,
1103 1672 1149 1700 vel
1180 1675 1255 1703 Libri
1285 1676 1377 1713 pretio
1406 1677 1499 1715 gravis
1517 1700 1525 1711 ‚
1559 1680 1605 1708 vel

113 1705 191 1733 inani
225 1707 418 1734 vocabulorum
439 1729 446 1739 ‚
479 1708 512 1735 :id
534 1709 647 1747 profana
669 1710 759 1747 potius
782 1732 790 1743 ,
820 1721 900 1750 quam
930 1711 963 1739 ad
993 1710 1066 1741 sacra
1098 1712 1300 1750 pertinentium
1321 1739 1328 1749 ,
1361 1719 1443 1756 copia
1474 1719 1606 1749 molestus

111 1747 256 1776 evaderem
278 1767 284 1775 .
308 1747 437 1786 AEquum
458 1748 554 1787 itaque
575 1752 614 1778 Te
637 1749 708 1778 mihi
729 1751 838 1789 praesta.
863 1751 950 1780 Vale.

1407 2325 1543 2368 NOI
