1866 2526
471 39 578 83 PA

116 105 261 136 ordinatur
269 121 278 136 ‚
298 98 416 130 omnino
424 98 532 138 aliquid
542 98 606 128 date
618 96 792 136 prohibemus
803 99 832 129 .]
854 93 913 126 Ubi
918 112 924 136 Ι

119 152 261 187 perperam
268 139 362 172 Gloss'a
369 151 420 180 pro
429 142 557 178 Mimstro
567 137 803 168 Archidiaconum
812 136 915 166 intelli-

118 188 163 228 git
174 207 183 220 ,
191 185 256 214 dum
265 182 303 212 ibi
312 183 384 211 clare
394 182 429 210 de
438 181 568 211 Ministro
581 201 589 213 ‚
609 179 676 207 idest
687 201 695 212 ‚
706 177 913 215 ordinumWCol-

117 229 204 258 latore
211 223 334 263 loquitur
345 244 352 252 .
370 225 444 252 Item
460 223 531 251 male
550 231 601 259 pro
611 220 746 258 pastellis,
768 219 914 257 Paskbmlis

116 267 186 308 legit
195 267 234 300 εΗε
255 265 297 294 sic
307 265 391 293 etiam
400 262 575 292 Christianus
585 263 675 300 Lupus
683 282 691 294 ‚
711 261 740 289 in
751 263 807 297 ejus
825 259 910 289 Notis

115 307 196 347 super
215 305 348 336 Concilia
358 326 366 338 ,
396 303 463 333 salso
481 303 620 333 existimat
635 303 783 339 Pastellum
803 309 914 340 pai-vum

115 348 280 378 convivium
290 345 443 385 significare
453 365 461 373 .
474 347 531 375 PR.
543 352 624 383 quem
635 341 764 380 sequutus
773 342 812 371 cst
822 344 914 370 Anto-

114 390 175 419 nius
184 387 311 418 Dadinus
323 388 352 415 in
361 386 476 425 epistola
496 386 535 415 D.
544 387 663 422 Gregor.
676 384 714 416 tu.-
725 384 796 412 Nam
813 392 911 421 grego-

115 429 202 460 rianis
218 428 308 457 verbis
326 426 483 462 hujusmodi
494 425 668 464 Expoiitores
686 423 829 452 manifeste
847 434 914 451 con-

115 471 254 500 tradicunt
267 491 274 502 ,
292 468 355 507 quin
364 468 383 498 {i
392 478 444 507 pro
454 466 569 506 pastello
578 465 620 494 nil
635 463 800 508 solvendum
821 464 915 492 decre-

114 521 192 540 verat
203 531 214 547 ,
233 509 355 548 quomod
385 519 452 547 ergo
469 507 601 537 convivia
620 515 671 543 pro
681 514 778 544 gratiis
795 503 854 532 ficri
868 505 914 532 de-

116 551 230 581 buiflent
241 555 250 580 ?
270 519 526 589 praetessquamquod
535 546 677 586 pastellum
686 555 748 573 cuni
760 543 854 573 charta
866 556 912 573 :in-

115 601 305 621 numeraverat
315 592 433 629 Gregor.
445 590 474 618 in
486 599 538 627 qua
547 587 668 626 sigillum
689 586 894 624 imprimebatur
905 606 912 612 .

114 633 266 671 Reperitur
285 632 369 659 etiam
389 630 598 667 pastellaticum
611 649 619 660 ,
642 627 717 666 quod
736 627 841 655 donum
862 637 912 665 pro

114 677 171 709 ejus
182 673 265 711 tigilli
275 669 450 709 impressione
458 669 592 708 fignificat
602 689 610 701 ,
629 678 664 697 eo
674 667 750 696 enim
760 667 872 696 nominc
883 668 914 696 fi.

115 715 238 743 moniam
249 713 360 751 palliare
370 710 524 739 nitebatur:
539 715 552 744 [
563 710 636 738 Cum
646 718 714 737 vero
727 707 857 747 quosdam
867 719 911 736 co-

113 753 274 793 gnosceret,
291 752 323 780 ad
341 751 471 780 evitanda
482 749 634 779 fimoniacz
650 748 761 778 haerelis
779 749 910 781 crimina,

111 793 245 833 pestifera:
267 791 468 831 negotiationis
477 801 588 820 munera
599 790 795 829 pastellaticum
813 789 912 818 callide

114 834 236 864 vocitare
246 838 298 863 istc.
307 835 388 871 Joan.
400 832 480 861 Diac.
489 832 521 861 in
533 832 591 860 vita
601 832 627 860 S.
636 833 722 870 Greg.

72 878 242 905 Pisi-mimz
254 897 260 908 ‚
271 878 298 903 ὅ(
309 875 493 910 Ριβίηαεονες
505 894 512 900 .
530 874 589 901 PR.
600 872 711 901 vineam
721 872 843 909 plantare
853 893 860 904 ,
883 875 910 900 &

113 916 256 944 vinearum
269 915 435 953 plantatores
445 913 603 952 significant
615 935 622 946 ,
633 912 707 952 quod
717 912 801 941 etiam
811 912 909 945 italice,

115 957 254 995 praecipue
263 958 362 985 Romae
373 976 381 987 ‚
391 956 534 991 Pastinare
543 953 634 987 ,idest
644 975 651 987 ,
663 954 772 982 vineam
784 953 861 992 plant
868 963 911 981 are

111 997 198 1036 vulgo
208 997 311 1025 dicitur
320 1016 327 1023 .
347 996 415 1031 Quae
428 995 558 1023 vocabula
569 993 704 1023 habentur
716 994 745 1022 in
756 1005 813 1022 can.
836 993 910 1032 quod

112 1037 216 1077 priori,
241 1047 284 1075 ¹3·
296 1037 389 1075 quaest.
403 1047 428 1064 2·
439 1039 466 1064 δι
476 1034 502 1064 ff.
513 1035 588 1074 quod
601 1035 649 1070 vi,
668 1044 713 1064 aut
723 1035 801 1063 clam.
813 1034 830 1063 l.
840 1034 908 1063 sem-

111 1089 160 1116 per
170 1099 177 1111 ,
189 1078 215 1109 §.
231 1089 253 1106 i.

74 1122 324 1149 PAsriiopiiouium
335 1138 342 1145 .
366 1116 440 1146 Vide
462 1117 631 1146 Cubiculum
640 1135 648 1144 .

70 1162 191 1189 Pnsroit
206 1183 211 1189 .
233 1169 337 1188 nomen
359 1157 501 1197 proprium
512 1179 519 1186 .
545 1157 618 1186 Vide
638 1163 745 1187 Herma
754 1177 762 1184 .

71 1202 257 1229 Iunonius
279 1203 419 1229 Biicurus
430 1219 438 1226 .
462 1199 537 1227 Vide
559 1199 681 1227 Baculus
693 1217 700 1225 .

72 1243 254 1269 PASTORELLI
266 1261 274 1273 ,
297 1239 434 1269 Haeretici
446 1261 453 1271 ,
475 1248 593 1277 quorum
616 1239 722 1268 Auctor
736 1236 909 1276 Hungaricus
926 1261 930 1265 ,

111 1281 222 1319 qnidam
235 1281 285 1309 fuit
294 1302 303 1313 ,
322 1281 360 1309 ita
372 1280 522 1318 appellati,
549 1279 612 1317 quia
622 1280 652 1307 in
661 1278 768 1306 vexillo
777 1278 841 1316 :igni
851 1278 912 1306 effi-

109 1322 183 1360 giem
194 1321 316 1350 ferebant
326 1342 333 1349 .
355 1325 456 1349 Eorum
468 1329 573 1349 errores
584 1320 614 1348 ab
625 1319 750 1348 Henrico
762 1318 912 1357 Spondano

110 1373 140 1390 in
151 1372 225 1391 anno
241 1373 324 1397 1420.
346 1361 505 1390 referuntur
515 1381 523 1389 .

70 1406 245 1433 ΡΑςτοκιυΜ
256 1423 264 1430 .
288 1404 346 1432 PR.
370 1402 467 1440 pedica
477 1423 486 1435 ‚
508 1411 560 1440 qua
581 1410 742 1429 coercentur
763 1399 891 1429 animalia
902 1421 910 1432 ,

111 1454 146 1472 ne
168 1444 277 1482 longius
296 1443 423 1471 aberrent
443 1464 450 1475 ,
480 1443 546 1471 Itali
568 1443 676 1478 Pastoja
698 1451 798 1469 vocant
817 1463 826 1474 ,
851 1441 870 1469 l.
892 1440 911 1469 fi

111 1484 172 1521 quis
194 1483 343 1521 pastorium
355 1505 363 1516 ,
383 1484 417 1511 de
441 1482 520 1511 furtis
529 1502 537 1510 .

71 1526 253 1555 mucium,
275 1527 304 1551 ὃ(
324 1525 505 1560 Patagiarius
518 1542 526 1549 .
545 1521 620 1550 Vide
642 1522 812 1558 Carae-listas
824 1541 832 1549 .

71 1566 238 1592 inimum.
250 1564 307 1592 FR-
320 1563 453 1591 Haeretici
465 1584 472 1595 ,
484 1563 532 1600 qni
543 1561 699 1591 Monachali
711 1562 803 1590 habitu
815 1561 911 1590 indue-

112 1605 230 1636 bantur,
251 1602 417 1642 caeterosque
434 1602 608 1641 aspernantes
619 1624 628 1636 ‚
647 1601 674 1631 se
691 1601 763 1630 solos
778 1613 828 1640 pro
840 1602 912 1630 veris

110 1644 279 1673 Christianis
299 1645 450 1679 jastabanm
472 1653 533 1672 cum
555 1643 743 1683 Albigensibus
765 1643 912 1672 Haereticis

110 1684 324 1717 conveniebant,
336 1694 451 1723 quorum
461 1694 565 1712 errores
575 1693 630 1712 tam
641 1684 811 1719 detestabiles
822 1694 910 1717 erant,

111 1735 141 1753 ut
154 1725 254 1754 Mattli.
266 1726 430 1759 l’ai·ifius‚de
438 1724 476 1753 eis
486 1724 609 1763 loquens,
620 1725 727 1756 melius,
741 1724 910 1762 inquit,illos

112 1765 159 1794 sub
169 1765 282 1794 filentio
294 1775 505 1804 praetermittere
515 1787 522 1799 ‚
534 1775 613 1804 quam
625 1764 794 1794 manifestare
804 1785 811 1792 .
835 1765 909 1794 Vide

113 1806 233 1834 Cathari
244 1827 251 1833 .
273 1810 382 1836 Gazari
393 1828 400 1835 .

70 1848 196 1875 Pium
209 1867 217 1879 ‚
230 1846 386 1875 vassacrum
397 1869 403 1879 ,
416 1847 451 1875 ita
463 1846 606 1885 appellata,
618 1846 681 1885 quia
692 1855 800 1884 patens,
811 1849 838 1875 δι
848 1845 908 1885 spa-

114 1885 181 1914 tiosa
200 1886 255 1914 cst.
275 1888 311 1915 In
323 1887 446 1926 Licurgia
468 1888 492 1915 S.
504 1887 598 1924 Jacobi
620 1887 721 1924 Discus
740 1887 909 1925 appellatur.

1276 30 1307 74 P
1340 30 1379 73 A
1637 44 1711 84 521

969 102 1050 122 manu
1059 91 1156 121 dextra
1164 91 1199 121 ad
1208 88 1394 122 denotandam
1400 86 1476 127 spem
1484 97 1588 119 certam
1596 88 1691 119 futui-2
1701 89 1764 129 glo-

968 134 1030 166 riae,
1038 137 1067 162 &
1078 142 1149 162 νει-ε
1160 133 1278 165 laetitiae,
1287 141 1350 160 cum
1360 139 1455 169 parum
1463 139 1541 158 antea
1552 130 1687 159 detulerat
1697 130 1764 160 smi-

968 175 1020 204 ssra
1030 185 1113 203 manu
1123 173 1258 207 Calicem,
1270 172 1423 212 pastionum
1433 170 1511 207 hujus
1520 170 1588 200 vitae
1599 168 1763 206 symbolum.

962 216 1016 246 Ob
1023 215 1139 244 eandem
1148 215 1231 244 etiarn
1248 215 1385 243 rationem
1402 211 1480 247 hujus
1498 210 1706 240 sustentationis
1718 222 1764 250 pa-

968 267 1039 285 tenae
1058 257 1221 286 ceremonia
1240 256 1270 284 in
1290 253 1367 284 Miii'a
1384 253 1587 282 Dei'unstorum
1605 251 1747 281 omittitur
1757 274 1766 285 ,

967 297 1069 336 quiain
1078 296 1127 326 hac
1135 296 1211 326 Miffi
1220 297 1311 325 omnis
1321 295 1421 324 laetitia
1430 293 1540 323 excludi
1551 294 1633 322 debet
1643 313 1650 320 .
1672 293 1764 322 Amal.

970 340 1004 368 de
1014 337 1115 368 Eccles.
1125 337 1172 367 off.
1183 338 1228 367 lib.
1241 348 1268 376 3.
1278 347 1302 366 c.
1312 347 1358 369 27.
1370 337 1452 364 Gem.
1464 334 1510 363 lib.
1524 346 1548 363 i.
1557 345 1581 362 c.
1592 339 1639 370 48.
1650 335 1686 363 In
1695 332 1766 362 Mis-

969 376 1002 408 Gs
1013 389 1080 408 vero
1097 378 1214 417 privatis
1234 387 1331 417 patena
1350 375 1397 405 sub
1415 376 1553 414 corporali
1571 373 1746 404 absconditur
1755 396 1766 408 ,

969 420 1033 459 qnia
1042 420 1139 448 divina
1157 419 1286 456 mysteria
1303 417 1463 446 occultanda
1479 415 1544 445 sunt
1553 427 1562 444 ε
1583 415 1767 445 Innocentius

969 470 1060 490 autem
1072 462 1130 489 111.
1140 461 1186 490 lib.
1199 473 1225 490 2.
1235 460 1268 489 de
1278 459 1361 494 Myst.
1371 456 1457 487 Miss'ae
1470 478 1477 490 ,
1489 468 1512 486 c.
1529 468 1573 495 ¹9·
1586 466 1712 495 patenam
1722 455 1768 484 so-

969 501 1100 530 lemniter
1115 501 1280 530 celebrando
1289 499 1400 528 involvi
1411 498 1476 527 velo
1487 520 1495 532 ‚
1514 499 1561 527 vel
1578 497 1711 536 privatim
1719 496 1769 526 sub

968 542 1107 580 corporali
1117 543 1288 571 reconditam
1300 562 1308 574 ,
1329 539 1529 579 Apostolorum
1538 538 1631 578 fugam
1641 547 1773 576 tempore

969 582 1097 620 pastionis
1106 582 1239 612 denotare
1249 582 1352 612 asti-uin
1365 591 1391 609 at
1401 581 1536 609 detectam
1542 579 1646 608 deinde
1656 601 1664 612 ‚
1685 583 1712 607 δε
1722 580 1769 607 Sa-

966 623 1072 652 cerdoti
1084 625 1223 657 traditam,
1235 622 1381 653 Clu-istum
1391 619 1580 650 resuscitatum
1588 623 1644 657 ejus
1654 629 1770 659 gregem

966 666 1020 699 jam
1029 663 1181 702 dispersum
1202 672 1379 692 revocantem
1398 661 1552 701 significare
1571 662 1610 690 mit
1621 682 1628 689 .
1649 660 1770 697 Quando

967 705 1119 744 antiquitus
1129 704 1287 740 Acolythus
1298 713 1422 742 patenam
1432 702 1562 731 sustinere
1573 701 1678 731 solebat
1688 701 1771 730 invo-

967 746 1053 774 lutam
1065 767 1073 778 ,
1085 745 1131 774 hic
1143 746 1172 774 iii
1182 745 1321 784 principio
1329 754 1445 773 canonis
1453 753 1512 772 eam
1524 752 1588 771 tunc
1598 742 1771 772 Subdiacono

967 786 1090 815 tradebat
1099 808 1108 819 ,
1130 787 1178 826 qui
1197 786 1369 815 Subdiacono
1382 783 1558 823 Regionario
1577 785 1606 812 in
1626 783 1770 822 principio

966 827 1154 856 Dominicalis
1163 827 1312 857 Orationis
1323 825 1538 864 consignabat‚'&
1548 835 1609 853 cum
1621 824 1772 853 Celebrans

965 868 998 897 ad
1007 868 1054 896 illri
1065 869 1161 897 verba:
1172 869 1219 898 Ab
1229 870 1303 897 omni
1314 867 1498 896 tribulatione
1508 866 1567 899 όιτ.
1578 864 1768 904 perveniebat,

966 908 1187 938 Archidiaconus
1197 909 1273 937 illam
1284 907 1431 946 accipiebat
1449 907 1484 936 de
1501 917 1584 935 mai-iu
1604 905 1771 945 Regionarii

965 949 1130 979 Subdiaconi
1141 972 1149 983 ,
1168 954 1196 979 ὅς
1212 948 1334 979 secundo
1352 948 1481 978 Diacono
1501 948 1659 987 porrigebat
1667 967 1675 975 .
1699 947 1769 980 Quae

965 1000 1061 1019 omnes
1080 991 1217 1028 praedistae
1237 989 1410 1019 caeremoniae
1430 988 1650 1018 sollicitudinem
1670 987 1772 1016 Mulie-

964 1041 1023 1060 rum
1033 1030 1181 1060 sanctarum
1195 1052 1204 1064 ,
1225 1031 1396 1069 duorumque
1407 1028 1616 1069 Discipulorum
1634 1027 1750 1067 Joseplii
1760 1049 1769 1061 ,

964 1073 994 1101 N
997 1071 1117 1102 icodemi
1136 1072 1206 1100 circa
1224 1074 1250 1102 C
1252 1071 1332 1100 hristi
1351 1070 1518 1110 sepulturam
1535 1070 1700 1099 denotabant
1710 1090 1719 1103 ‚
1737 1078 1769 1097 ut

965 1112 1117 1141 Amalarius
1128 1114 1239 1142 notavit
1249 1134 1256 1140 .
1277 1115 1418 1141 Feretrutn
1429 1111 1502 1141 enim
1513 1110 1620 1141 Christi
1641 1110 1771 1149 allegori-

964 1163 995 1181 ce
1006 1152 1157 1192 lignificare
1170 1175 1179 1188 ‚
1198 1155 1236 1183 D.
1246 1156 1400 1183 Germanus
1411 1152 1551 1182 inThe01·.
1572 1152 1671 1180 docet:
1696 1150 1771 1187 [Di-

964 1192 1022 1221 scus
1035 1193 1129 1222 lectica
1137 1195 1175 1223 est
1186 1216 1193 1229 ,
1204 1194 1234 1222 in
1245 1205 1296 1233 qua
1305 1195 1416 1232 Corpus
1425 1193 1542 1222 Domini
1553 1203 1566 1220 a
1577 1191 1730 1225 Sacerdote,
1743 1195 1771 1221 δε

964 1235 1093 1263 Diacono
1103 1235 1337 1274 componitur,qui
1347 1233 1409 1263 sunt
1421 1233 1524 1272 Joscph
1535 1237 1563 1262 ὃ(
1575 1233 1770 1264 Nicodemum

965 1275 1128 1314 Aliquando
1147 1286 1246 1314 patena
1269 1286 1389 1304 concava
1409 1275 1490 1304 fiebat
1501 1297 1508 1308 ,
1529 1285 1560 1304 ut
1577 1276 1608 1303 'in
1626 1285 1655 1303 ea
1665 1272 1770 1303 sacrum

964 1315 1094 1344 Chrisma
1104 1327 1255 1355 poneretur
1265 1339 1273 1350 ‚
1285 1320 1313 1345 δε
1326 1317 1391 1345 idco
1400 1323 1509 1345 Patena
1519 1316 1687 1353 chrismalis
1697 1314 1772 1343 dice-

963 1356 1200 1392 batur:[Paten:im
1210 1367 1367 1397 argenteam
1379 1355 1567 1386 chrismalem
1577 1356 1771 1391 obtulit-Ana-

965 1397 1023 1427 stas.
1033 1397 1167 1433 Biblioth.
1180 1399 1210 1427 in
1219 1398 1351 1428 Silvestro
1362 1419 1369 1426 .
1379 1399 1391 1429 ]
1403 1401 1457 1428 Pax
1470 1408 1532 1426 curn
1543 1407 1643 1436 patena
1655 1407 1712 1425 non
1722 1398 1772 1425 da-

966 1449 1011 1467 tur
1020 1461 1029 1472 ‚
1048 1449 1078 1467 ut
1087 1439 1116 1468 in
1127 1439 1207 1478 epist.
1217 1441 1242 1468 S.
1262 1440 1304 1468 Pii
1315 1441 1351 1467 V.
1362 1439 1394 1467 ad
1406 1438 1538 1476 Arcliiep.
1549 1440 1731 1467 Tarraconen.
1745 1440 1771 1465 8.

965 1480 1076 1517 Jinuar.
1090 1491 1099 1508 i
1109 1490 1143 1515 57
1152 1491 1174 1508 i.
1199 1489 1306 1508 cautum
1320 1479 1510 1517 luit3tempore
1523 1487 1616 1507 tamen
1627 1478 1773 1507 Tertullia-

967 1521 996 1548 ni
1005 1520 1058 1548 hoc
1067 1530 1124 1549 erar
1136 1521 1166 1549 in
1176 1519 1312 1549 usu.Vide
1321 1522 1456 1549 Pax-Nec
1468 1530 1481 1547 a
1493 1519 1628 1548 Ministris
1637 1517 1684 1547 sub
1695 1529 1773 1547 men-

969 1571 998 1590 to
1008 1561 1120 1590 illorum
1133 1584 1141 1594 ‚
1163 1571 1199 1599 qu
1219 1561 1450 1590 communicaturi
1462 1559 1526 1588 sunt
1536 1583 1542 1593 ‚
1562 1558 1681 1598 supponi
1692 1559 1773 1588 debet

969 1611 1065 1641 patena
1075 1625 1082 1635 ,
1094 1603 1144 1631 nisi
1155 1603 1264 1640 quando
1277 1600 1424 1641 Episcopus
1441 1600 1667 1629 communionem
1688 1600 1775 1628 mini·

967 1643 1032 1672 strat
1041 1664 1050 1676 ‚
1060 1643 1136 1681 quod
1146 1642 1177 1670 fit
1189 1643 1294 1671 ratione
1311 1643 1455 1678 majestatis
1465 1641 1773 1670 administrantis-Gre—

967 1683 992 1712 ci
1003 1693 1092 1712 autem
1104 1682 1183 1721 super
1194 1693 1321 1722 patenam
1331 1683 1409 1712 ssellz‘i
1423 1683 1542 1721 infigunt
1555 1702 1563 1709 .
1583 1682 1657 1710 Vide
1667 1683 1773 1718 Asteri-

961 1726 1027 1762 scns
1037 1745 1045 1752 .
1057 1724 1113 1760 Qui
1124 1725 1206 1753 etiam
1217 1725 1368 1763 abstergere
1378 1733 1503 1762 patenam
1525 1732 1606 1761 parva
1625 1721 1773 1761 spongiola

966 1764 1150 1804 solent‚quam
1162 1765 1234 1793 inti-ti
1242 1766 1385 1803 corporale
1395 1764 1587 1802 complicatum
1597 1761 1772 1795 conservant.

966 1816 995 1834 ac
1005 1804 1097 1834 saneti
1109 1804 1254 1845 spongiam
1267 1815 1367 1834 vocant
1379 1825 1386 1832 .
1399 1808 1513 1834 Armeni
1525 1814 1613 1832 :uitem
1623 1805 1687 1832 loco
1700 1813 1775 1842 pate-

965 1856 1008 1874 nae
1018 1847 1105 1874 altero
1115 1847 1210 1875 Calice
1224 1855 1340 1874 utuntur
1352 1869 1359 1879 ,
1371 1847 1399 1873 in
1409 1856 1463 1884 quo
1483 1854 1657 1883 componunt
1678 1854 1775 1883 panem

966 1897 1017 1925 pro
1028 1886 1237 1915 consecratione
1248 1907 1254 1914 .
1267 1889 1429 1922 Syiionyma
1441 1907 1448 1913 .
1462 1886 1534 1914 Vide
1543 1885 1752 1923 Suppofitorium
1766 1905 1775 1914 .

111 1932 217 1955 Patina
233 1928 339 1955 veroin
350 1928 423 1957 Ord.
435 1930 519 1957 Rom.
531 1927 649 1956 dicitur.
663 1929 719 1956 FR.
730 1928 765 1956 In
777 1928 910 1956 Imolensi
926 1929 1117 1956 Puriminm
1127 1949 1135 1960 ,
1153 1927 1280 1956 haeretici
1293 1938 1307 1955 a
1316 1928 1433 1965 quodam
1444 1929 1563 1955 Paterno
1572 1927 1665 1954 exorti
1677 1936 1684 1956 ς
1705 1925 1774 1955 insc-

112 1968 230 1997 Ecclesia
250 1967 338 1996 adhuc
355 1968 537 1996 conservatur
554 1978 654 2006 patena
663 1977 791 2006 argentea
801 1969 825 1996 S.
835 1968 910 1996 Petri

967 1969 1052 1996 riores
1062 1978 1184 2006 corporis
1195 1978 1282 2006 partes
1294 1979 1307 1996 a
1317 1969 1430 1996 diabolo
1441 1967 1518 1996 safias
1529 1967 1681 2005 opinantur
1692 1987 1700 1994 .

111 2007 285 2046 Clirysologi
296 2030 304 2041 ‚
323 2009 355 2037 in
365 2012 438 2044 cujus
449 2009 542 2037 medio
560 2009 599 2037 est
618 2008 785 2037 delineatum
798 2010 909 2040 Altarc,
927 2012 1029 2038 Parcit
1041 2009 1164 2037 Nosrizx
1176 2029 1182 2035 .
1201 2010 1307 2037 Oratio
1318 2019 1330 2036 :i
1340 2007 1456 2037 Christo
1468 2008 1596 2037 Domino
1606 2007 1774 2045 compositu

110 2048 138 2077 su
142 2059 190 2087 per
201 2050 275 2087 quod
285 2049 322 2078 est
334 2050 413 2078 Crux
423 2069 432 2083 ‚
440 2060 520 2089 atque
529 2059 614 2088 agnus
623 2058 685 2078 cum
694 2048 819 2088 sequenti
830 2049 910 2078 dieti-

109 2089 165 2118 cho
187 2091 358 2118 circumcirca
366 2111 374 2118 .

152 2131 243 2166 Quem
255 2131 328 2163 plebs
340 2140 404 2159 tunc
415 2129 497 2159 chara
508 2131 609 2160 Crucis
627 2133 682 2167 jam
692 2129 776 2158 finxit
788 2128 816 2158 in
827 2141 870 2159 ara
881 2153 890 2164 ‚

150 2170 249 2200 Hostia
272 2171 303 2199 fit
325 2172 420 2210 gentis
442 2172 527 2210 primi
550 2181 602 2209 pro
624 2172 681 2200 labe
704 2171 822 2209 parentis
842 2191 850 2199 .
872 2174 909 2206 εΙΙε

107 2211 273 2250 Antiquitus
291 2212 323 2240 in
343 2211 421 2241 Mifia
440 2212 600 2247 Acolythus
619 2211 767 2240 sustinebat
785 2221 911 2249 patenam

108 2253 174 2281 velo
184 2252 319 2281 obtectam
327 2274 336 2286 ‚
351 2252 417 2281 ficut
426 2252 512 2282 hodie
523 2253 709 2282 Subdiaconus
724 2261 805 2280 manu
814 2252 910 2282 dextra

107 2291 190 2324 fluit,-
202 2296 258 2329 ejus
267 2294 343 2322 enim
354 2294 527 2323 rotunditate
539 2293 632 2322 aeterni
639 2302 722 2321 tatem
734 2292 831 2320 suturae
844 2294 908 2323 vitae

104 2333 229 2373 defigunt
240 2354 247 2361 .
266 2334 388 2363 Durand.
402 2345 460 2374 cap.
471 2345 518 2372 30.
529 2333 599 2363 Ideo
611 2344 641 2362 in
653 2333 812 2371 pervetusto
824 2333 907 2363 Miss'ie

103 2374 200 2404 codice
207 2373 324 2405 habetur
331 2375 426 2415 ‚quod
436 2374 623 2406 Subdiaconus
640 2373 770 2404 sustineat
782 2383 908 2413 patenam

379 2473 385 2485 t

964 2049 1038 2077 circa
1049 2059 1128 2087 quam
1138 2059 1193 2076 tres
1205 2058 1311 2077 tantum
1321 2049 1423 2077 rituum
1433 2049 1607 2077 diversitates
1618 2049 1648 2076 ab
1659 2049 1775 2077 Ecclesia

967 2090 996 2118 in
1011 2091 1068 2125 ejus
1078 2090 1242 2117 recitatione
1253 2088 1406 2118 observatas
1415 2089 1530 2118 referam
1543 2110 1549 2116 .
1569 2090 1610 2118 Νι
1632 2099 1642 2116 ι
1652 2089 1775 2127 aliquan-

964 2130 1001 2158 do
1016 2140 1072 2158 tora
1081 2129 1142 2158 haet
1162 2130 1250 2158 oratio
1259 2128 1360 2158 secrete
1381 2131 1512 2159 recitatur
1522 2152 1529 2163 ,
1546 2130 1643 2168 aliqua.
1663 2130 1694 2155 Μ
1714 2138 1774 2158 tota

966 2172 1038 2199 elata
1048 2181 1117 2198 voce
1127 2171 1229 2199 dicitur
1242 2192 1249 2203 ,
1271 2181 1298 2198 ac
1312 2170 1422 2199 tandem
1433 2171 1580 2210 aliquando
1589 2180 1646 2206 ejus
1657 2181 1714 2208 pers
1724 2181 1775 2198 vo-

967 2222 998 2240 ce
1010 2210 1134 2240 submiss‘a
1144 2234 1150 2243 ‚
1161 2215 1187 2240 ὅ(
1201 2221 1259 2249 pars
1273 2212 1341 2239 clara
1351 2208 1504 2250 profertur.
1527 2212 1621 2241 Primo
1639 2211 1725 2239 niodo
1746 2211 1776 2239 in

969 2252 1110 2290 principio
1120 2274 1127 2285 ,
1147 2255 1173 2279 ὅ(
1185 2252 1240 2281 fine
1251 2253 1443 2281 canonicarum
1453 2252 1584 2281 horarum
1594 2251 1755 2280 observatur
1765 2273 1776 2285 ‚

967 2293 1001 2321 :id
1011 2293 1256 2321 demonstrandum
1266 2313 1274 2326 ,
1287 2293 1363 2331 quod
1372 2294 1443 2332 apud
1455 2295 1546 2322 Deum
1559 2290 1695 2320 sufficiant
1714 2302 1776 2321 cor-

966 2333 1010 2362 dis
1019 2355 1027 2366 ‚
1039 2336 1065 2362 ὃ(
1076 2334 1178 2361 mentis
1190 2343 1269 2362 voces
1280 2355 1287 2367 ‚
1297 2344 1326 2362 ut
1335 2334 1513 2363 exaudiamur
1525 2355 1532 2361 .
1553 2333 1678 2362 Secundo
1691 2333 1776 2363 modo

964 2374 995 2403 in
1005 2373 1079 2404 Μαῖα
1088 2396 1097 2409 ,
1107 2377 1136 2402 ὅ(
1144 2375 1175 2404 in
1184 2373 1239 2403 fine
1250 2373 1381 2406 horarum
1390 2376 1582 2405 canonicarum
1593 2384 1671 2412 Juxta
1680 2384 1777 2404 inona-

1629 2415 1726 2444 sticum
