1866 2526
167 45 218 83 66
502 42 618 86 AN

158 98 192 128 lis
212 101 321 137 partus,
353 103 413 138 'quae
433 98 468 130 ibi
488 101 606 131 maxima
626 98 807 130 veneratione
826 98 944 130 colitur.

161 141 232 170 Ideo
242 138 327 178 igitur
337 139 514 179 duplicantur
524 142 568 172 hae
578 143 741 181 Antiphone
756 163 763 174 ,
786 143 849 181 quia
860 143 891 170 de
897 152 944 169 no-

158 190 219 210 tant·
231 180 372 210 reiteratas
392 183 553 212 Sanctorum
563 184 593 213 in
604 184 688 212 limbo
697 186 810 213 Parrum
832 192 923 222 preces
936 203 943 215 ‚

159 222 278 259 ideoque
290 243 298 256 ‚
321 233 349 250 ac
361 233 473 262 propter
484 234 645 263 portentum
665 224 804 262 incipiunt
822 233 882 252 cum
892 234 943 251 no-

159 273 186 293 ta
196 284 204 296 ‚
227 263 257 291 O
268 284 276 297 ‚
298 273 329 292 ut
342 265 380 293 ait
391 265 539 294 Durandus
550 283 572 294 .-
583 271 594 301 [
607 268 659 295 Per
668 265 738 293 illud
750 286 758 297 ,
781 265 829 297 Ο,
854 263 943 292 voluit

158 312 255 334 cantor
276 305 404 335 intimare
422 307 502 334 verba
519 305 663 345 sequentia
681 306 820 344 pertinere
841 305 874 332 ad
893 304 943 332 ali-

157 353 242 384 quam
261 345 416 384 mirabilem
437 347 590 380 visionem,
613 357 672 385 quae
691 347 750 384 plus
769 345 891 384 pertinet
910 346 943 373 ad

157 386 260 416 mentis
271 387 487 417 ruminationem
497 409 504 421 ,
527 398 608 427 quam
620 387 654 416 ad
663 386 868 415 concionatoris
881 396 941 414 nar-

155 428 292 457 rationem
303 449 309 456 .
322 429 368 457 lib.
379 435 405 457 6.
416 439 473 466 cap.
491 439 535 465 15·
548 432 559 461 ]
573 427 797 458 Extraordinaria
806 427 942 466 siquidem

1274 44 1397 88 AN

1000 109 1086 129 vota:
1108 99 1171 140 quia
1182 110 1249 129 voto
1261 112 1400 141 perpetuae
1419 102 1598 143 Virginitatis
1617 105 1645 135 se
1665 109 1729 139 Deo
1740 111 1789 141 ‹ic-¹

999 142 1140 171 dicaverat
1153 164 1159 170 .
1171 144 1215 171 Ita
1226 145 1328 181 pariter
1339 144 1369 173 in
1381 145 1495 175 Concil.
1505 148 1596 176 Tolet.
1609 159 1667 177 can.
1684 163 1692 179 i
1701 158 1727 181 6.
1738 151 1786 181 ha-

999 183 1076 211 betur
1088 195 1094 212 :
1120 191 1131 219 [
1143 184 1283 214 Devotam
1304 195 1463 223 peccantem
1472 197 1531 216 non
1548 188 1734 227 recipiendam
1755 193 1787 222 in

1001 224 1117 253 Ecclesia
1128 245 1134 252 .
1145 227 1156 256 ]
1168 226 1212 254 De
1221 224 1274 254 hac
1283 237 1352 255 voce
1366 229 1515 258 Devotam
1525 230 1622 259 eodem
1632 230 1719 261 sensu.
1733 233 1786 261 Vi-

998 265 1032 293 de
1042 268 1168 303 Agapeta
1178 271 1279 295 Sorores
1289 287 1296 295 .
1319 272 1433 298 Devota
1443 271 1480 305 .·Η;
1492 271 1566 299 Item
1587 270 1690 301 dicitur
1699 273 1785 302 Anti-

998 306 1091 344 phona
1112 306 1246 334 Introitus
1268 307 1352 336 Miss‘ae
1365 329 1372 336 .
1396 310 1470 339 Vide
1491 304 1629 340 introitus
1640 331 1647 339 .
1669 313 1784 343 Dicitur

998 348 1082 375 etiam
1094 346 1260 384 Antiphona
1273 349 1442 379 Invitatoria
1451 372 1458 379 .
1478 352 1551 380 Vide
1560 355 1783 382 Invitatorium.

998 388 1071 416 Vide
1082 390 1188 424 Regina
1201 389 1263 416 Call
1274 409 1281 415 .
1295 390 1330 417 In
1341 401 1395 430 quo
1406 391 1513 421 differat
1523 392 1741 432 Responsorium
1752 396 1784 423 ab

996 428 1164 467 Antiphonti
1175 449 1181 456 .
1205 429 1279 457 Vide
1291 431 1432 460 Rabanum
1441 433 1472 462 in
1481 434 1544 461 dist.
1555 435 1762 473 Responsorium
1773 455 1781 462 .

155 479 214 498 erat
225 469 391 499 caeremonia
401 469 447 497 illa
458 480 471 497 a
483 470 584 498 Parisio
594 470 628 498 de
649 466 751 498 Graffis
760 468 789 495 in
798 467 851 496 suis
867 468 937 497 Dia·
957 472 1219 499 ANTiPHONARwM
1229 492 1237 502 ‚
1263 471 1394 500 volumen
1404 493 1412 504 ,
1436 473 1468 503 in
1478 484 1533 512 quo
1544 473 1719 512 Antiphonae
1738 486 1781 504 to-

156 510 204 538 riis
214 509 317 543 relata,
340 519 458 547 nempe,
483 511 558 548 quod
578 510 728 548 quandoin
741 509 854 537 sabbato
874 519 943 547 pra:-

156 550 265 579 cedenti
276 551 433 580 Dominicae
453 551 512 579 111.
532 552 679 580 Adventus
701 553 772 587 Papa
792 550 820 577 in
832 549 942 578 Basilica

133 617 136 620 .
155 591 290 621 Vaticana
299 592 410 619 canebat
420 589 557 620 solemnes
567 591 701 630 Vesperas
712 612 719 623 ,
737 600 802 619 tunc
813 590 940 619 diceban-

158 640 204 660 tur
222 632 386 669 Anzsiphona
407 631 441 659 ad
452 633 573 663 Laudem
596 643 624 660 ac
644 632 817 671 suggerendo
836 631 939 660 Primi-

996 511 1047 539 tius
1058 511 1124 539 anni
1136 511 1333 545 continentur,
1357 523 1370 540 a
1391 513 1416 540 S.
1428 515 1568 552 Gregorio
1583 525 1613 543 in
1624 517 1708 544 Rom.
1731 520 1780 545 Ec-

996 551 1074 580 clesia
1084 551 1242 580 ordinatum
1265 552 1339 581 fuiss‘e
1350 555 1452 582 Bernus
1472 563 1530 592 cap.
1546 565 1568 582 i.
1586 555 1688 589 refert,
1711 561 1739 587 ὅ(
1750 558 1781 585 ab

997 592 1183 621 eruditiffimo
1196 592 1321 632 Elisgaro
1333 595 1497 629 Presbytero
1520 595 1550 623 in
1569 596 1710 626 Gallicana
1730 601 1782 627 Ec-

995 633 1075 661 clefia
1084 635 1270 662 introduffiim
1282 635 1393 663 testatur
1403 636 1557 664 Amalarius
1567 656 1575 663 .

153 672 239 701 cerius
258 672 461 700 intonationem
471 673 601 702 Pontis-ici
621 673 695 701 illius
712 672 806 711 primae
819 671 938 710 Antiph.
955 676 1211 706 ANTiPuoNATnn,
1233 675 1411 708 adverbium,
1435 677 1509 715 quod
1519 675 1678 704 alternatim
1697 677 1780 716 figni-

148 711 349 748 Just.&c.tunc
362 715 434 750 Papa
443 724 457 741 a
467 714 625 743 Camerario
635 714 755 742 sumebat
764 724 870 743 auream
879 723 939 741 mo-

157 761 252 780 netam
263 774 271 785 ,
295 757 322 782 ὃ(
336 753 366 781 in
376 763 424 781 ore
436 755 593 783 Primicerii
606 755 681 784 illam
690 755 858 793 imponebat.
879 755 938 782 Ad-

154 794 321 821 vertendum
339 794 450 822 tandem
463 817 470 827 ,
493 796 567 834 quod
585 795 649 824 dum
668 807 715 835 per
727 797 865 825 Ostavam
876 794 938 823 Pas-

152 832 212 862 chae
224 833 257 861 ad
266 833 346 862 horas
356 836 513 866 Canonicas
532 836 639 865 canitur
652 843 713 865 Hac
732 838 790 865 dies
802 836 859 869 &a
879 846 938 864 om-
953 842 1189 868 ANTIPHRYGJUM
1202 860 1209 872 ,
1231 837 1393 877 dvmppiiytor
1413 858 1420 866 .

994 716 1074 744 ficar.
1101 717 1269 751 [Hymnum
1288 716 1498 745 Ambrosianum
1518 720 1558 746 Te
1577 717 1669 745 Deum
1688 719 1780 747 lauda-

995 767 1052 785 mus
1071 767 1132 786 cuni
1144 756 1204 795 ipso
1225 756 1433 795 antiphonatim
1452 758 1598 787 decantare
1617 758 1722 796 coepit.
1745 760 1780 787 In

994 798 1052 826 vita
1065 799 1089 826 S.
1102 798 1198 827 Caroli
1209 798 1346 829 Comitis,

1443 839 1518 868 Vide
1526 842 1637 868 Μήνα.

151 884 199 903 nes
211 874 312 903 debent
322 874 350 903 se
361 877 467 915 erigere
477 899 484 910 ‚
506 878 540 906 sic
552 878 642 915 praxis
651 878 776 906 omnium
788 876 874 906 Urbis
887 879 937 905 Ba-
954 881 1117 917 ANT11>0t1s
1131 902 1138 913 ,
1149 880 1285 918 appellata
1295 879 1347 908 suit
1358 880 1546 915 Transtyberis
1557 882 1656 909 Romae
1668 879 1761 920 Regio
1772 900 1781 913 ,

151 915 286 944 filicarum
296 916 391 944 astruit
405 937 411 944 .
436 920 493 947 PR.
503 920 670 957 Antiphona
681 940 688 951 ,
710 929 769 957 qua¹
789 918 819 946 in
836 918 937 956 princi-

992 918 1101 958 ejusque
1111 920 1209 950 incolae
1219 922 1415 958 Antipolitani
1427 941 1433 948 .
1458 921 1532 950 Vide
1543 922 1614 958 Esox
1625 940 1632 947 .

154 955 201 994 pio
211 956 437 986 tertiiNoeturni
448 960 479 986 B.
490 960 584 988 Marix
595 960 703 988 canitur
716 982 723 992 ,
746 959 864 997 aliquam
884 958 936 987 dif-
953 963 1166 993 ANTIQUARIUS
1190 983 1197 994 ,
1219 960 1374 1000 descriptor
1393 961 1546 993 librorum,
1568 961 1602 989 de
1624 960 1720 998 quoin
1738 960 1780 989 di-

151 996 304 1025 ficultatem
314 997 441 1027 continet
452 999 482 1027 in
493 999 547 1027 illis
558 1001 663 1029 verbis:
689 1003 811 1028 cunam
831 1000 937 1036 hareses

145 1038 208 1074 sola
224 1040 391 1075 interemisti
411 1042 440 1067 in
461 1042 591 1078 universo
610 1042 725 1069 mundo.
749 1042 823 1069 Nam
843 1050 937 1069 revera

154 1079 236 1106 Beata
247 1079 338 1118 Virgo
347 1090 395 1107 nec
405 1090 533 1109 oretenus
545 1092 664 1120 unquam
673 1091 735 1109 cum
744 1080 884 1110 haereticis
894 1081 936 1109 di-

149 1116 305 1156 sputaverat
316 1141 324 1152 ‚
347 1130 397 1148 nec
419 1131 514 1149 eorum
532 1121 594 1150 falsa
606 1122 735 1161 dogmata
752 1121 935 1159 scriptiscon-

151 1157 303 1188 furaverat.
326 1162 460 1190 Attamen
478 1161 532 1190 hoc
554 1163 689 1191 verificari
708 1161 739 1189 in
750 1164 779 1190 B.
798 1161 934 1200 Virgine,

151 1200 229 1238 Vega
240 1210 298 1238 cap.
315 1211 357 1228 ιι.
370 1202 400 1230 in
413 1203 568 1241 Apocalyp.
578 1213 678 1231 comm.
706 1200 800 1230 nse&-
817 1213 842 1230 2.
859 1212 934 1230 num.

154 1251 184 1276 9.
198 1240 320 1269 ostendit
331 1262 338 1273 ,
349 1242 412 1279 quia
421 1241 476 1281 ipsa
486 1243 523 1271 est
537 1244 671 1272 vexillum
686 1253 757 1271 verae
776 1243 840 1271 fidei
853 1253 861 1272 ;
873 1253 934 1271 nam

992 1001 1084 1029 &tione
1094 1002 1304 1039 Antigraphus:
1329 1002 1366 1030 ita.
1378 1002 1535 1031 Ambrosius
1546 1022 1553 1033 ‚
1579 1004 1653 1038 Aug.
1671 1006 1699 1029 ὃς
1710 1002 1782 1030 Hie-

992 1052 1125 1077 ronymus
1135 1064 1143 1075 ,
1167 1042 1215 1082 qfii
1232 1042 1315 1071 etiam
1335 1043 1445 1070 Sanctus
1465 1043 1664 1079 antiquarium
1689 1050 1781 1069 artem

992 1082 1195 1121 transcriptoris
1206 1082 1401 1120 professionem
1412 1082 1564 1120 appellavit
1574 1102 1582 1113 ,
1604 1091 1634 1110 ac
1645 1081 1682 1109 ita
1697 1082 1779 1110 libra-

991 1123 1026 1150 rii
1036 1123 1101 1150 dieti
1112 1123 1175 1151 sunt
1188 1133 1252 1151 ante
1262 1122 1458 1162 typographiae
1469 1121 1666 1151 inventionem
1677 1143 1685 1155 ,
1699 1122 1780 1159 [Qui

991 1162 1069 1190 videt
1079 1163 1184 1191 litteras
1195 1164 1224 1190 in
1235 1165 1330 1191 codice
1350 1163 1455 1201 optime
1474 1162 1579 1200 scripto
1590 1184 1597 1195 ,
1618 1166 1647 1191 δε
1657 1173 1716 1192 non
1727 1173 1779 1191 no-

990 1202 1032 1230 vit
1042 1203 1134 1241 legere
1148 1224 1155 1235 ,
1178 1203 1270 1231 laudat
1281 1204 1393 1242 quidem
1405 1203 1554 1242 antiquarii
1564 1213 1673 1232 manum
1684 1224 1691 1231 .
1704 1207 1780 1243 Aug.

991 1244 1047 1271 Ser.
1060 1255 1107 1278 44.
1119 1244 1153 1272 de
1165 1244 1238 1272 verb.
1249 1245 1334 1273 Dom.
1347 1246 1359 1275 ]
1372 1244 1444 1273 Vide
1455 1245 1598 1274 Archiam
1611 1264 1618 1270 .

148 1283 236 1318 major
245 1280 379 1310 haeresum
391 1293 449 1321 pars
460 1293 557 1312 contra
577 1283 737 1320 mysterium
756 1283 932 1312 Sanstiffirnae
950 1287 1108 1318 Assiduus
1122 1305 1128 1311 .
1152 1284 1226 1312 Vide
1237 1286 1369 1314 Olz'tanus
1380 1306 1386 1312 .

151 1322 298 1350 Trinitatis
310 1344 319 1355 ,
332 1327 359 1352 ἃ
371 1323 455 1352 Verbi
466 1321 597 1353 incarnati
607 1325 729 1353 decertat
740 1345 746 1351 .
768 1327 806 1353 At
820 1335 869 1353 nos
879 1326 933 1354 Ca-
952 1327 1170 1354 Axiismnus
1182 1346 1189 1356 ,
1213 1325 1395 1354 Daemonium
1406 1346 1413 1353 .
1440 1327 1526 1362 [Hoc
1536 1325 1620 1353 modo
1630 1323 1710 1363 super
1722 1325 1780 1353 cul-

151 1361 251 1390 tholici
262 1384 270 1395 ‚
283 1362 330 1401 qui
341 1363 370 1392 in
380 1364 547 1402 professione
559 1365 623 1394 fidei
632 1365 678 1393 sub
689 1365 795 1393 vexillo
805 1365 932 1404 Deipara:

153 1403 308 1432 inconcusse
319 1405 467 1434 militamus
478 1427 485 1438 ,
511 1416 558 1444 per
576 1417 635 1435 eam
646 1406 723 1434 nobis
734 1416 797 1434 vera
808 1427 815 1438 ,
838 1410 864 1434 ἃ
884 1417 931 1444 pu-

150 1452 181 1471 ra
189 1444 335 1473 Trinitatis
346 1467 353 1477 ,
368 1450 395 1475 &
405 1448 609 1476 Incarnationis
619 1447 755 1475 revelatio
764 1446 933 1484 explicatur.

150 1485 245 1513 Potest
255 1485 338 1514 etiam
351 1487 509 1516 encomium
520 1488 597 1523 hujus
608 1487 782 1526 Antiphonae
796 1488 824 1515 in
837 1487 934 1527 Virgi-

991 1375 1054 1394 men
1075 1365 1173 1403 templi
1183 1364 1310 1394 Christus
1332 1376 1389 1395 erat
1407 1367 1436 1394 in
1456 1365 1553 1404 spiritu
1575 1365 1662 1393 sciens
1673 1387 1681 1398 ‚
1705 1365 1781 1404 quod

990 1405 1160 1444 antispiritus
1171 1405 1305 1435 affectaret
1318 1429 1325 1439 ,
1335 1410 1363 1435 ἃ
1373 1406 1445 1435 hosti
1458 1406 1485 1434 se
1496 1406 1530 1434 de
1541 1416 1610 1434 vana
1620 1406 1710 1443 gloria
1720 1407 1780 1443 pul-

989 1446 1080 1475 saturo
1091 1447 1329 1485 opportunitatem
1341 1448 1449 1486 parabat
1459 1467 1465 1474 .
1487 1447 1526 1475 D.
1536 1447 1627 1484 Cypr.
1639 1445 1673 1474 de
1684 1446 1777 1483 Jejun.

989 1491 1017 1516 ἃ
1040 1490 1149 1516 Tentat.
1162 1485 1270 1516 Christi
1286 1508 1292 1515 .
1312 1490 1323 1519 ]
1338 1488 1411 1517 Vide
1422 1494 1544 1517 Damon.

149 1535 185 1552 ne
198 1525 335 1554 verificari
346 1547 354 1558 ,
374 1528 436 1566 quia
447 1527 531 1566 ipsam
551 1529 679 1564 mysteria
690 1550 698 1561 ,
710 1532 737 1557 ὃς
746 1529 802 1556 aeta
814 1529 935 1557 Redem-
951 1531 1045 1557 Armis
1055 1538 1089 1556 [Α
1103 1550 1111 1561 ,
1135 1527 1209 1556 Vide
1220 1529 1369 1565 Abbatzffa
1380 1550 1387 1556 .

149 1565 258 1603 ptoriS,
280 1566 309 1595 in
329 1568 424 1606 quibus
443 1569 575 1608 Apostoli
593 1580 651 1598 non
669 1568 852 1598 interfuerant
864 1591 870 1601 ‚
890 1580 935 1597 eos
951 1571 1174 1597 ΑκτΙςτΑτυΜ.
1200 1569 1273 1597 Vide
1284 1571 1414 1605 Antiſsa.
1439 1569 1612 1606 Epist-opium
1624 1587 1632 1595 .

150 1606 269 1635 docuifl‘e
280 1608 324 1646 pie
334 1609 472 1638 credimus
483 1632 490 1643 ,
510 1620 541 1638 ut
550 1609 613 1638 sunt
623 1610 816 1638 Annunciatio
827 1632 833 1641 ‚
853 1610 935 1639 Nati—
951 1612 1102 1638 ANTisTi-Ls
1115 1629 1121 1636 .
1146 1609 1219 1637 Vide
1229 1611 1374 1646 ,Episcopus
1384 1630 1391 1636 .
1415 1610 1528 1645 Antcsto
1538 1629 1546 1636 .

151 1656 221 1675 vitas
232 1649 382 1677 Salvatoris
393 1671 401 1683 ,
413 1652 559 1690 Magorum
571 1651 695 1679 adoratio
709 1672 716 1683 ,
727 1655 753 1679 ἃ
766 1650 871 1679 similia.
883 1652 934 1680 Sed
951 1652 1090 1679 Auris-ro
1114 1671 1122 1683 ‚
1152 1651 1289 1679 antecello
1313 1671 1320 1683 ,
1339 1650 1381 1678 ide
1408 1660 1463 1688 quo
1485 1650 1643 1687 frequenter
1670 1648 1778 1677 Tertul-

152 1688 250 1731 potiOi·
262 1689 331 1718 ratio
342 1690 380 1718 est
393 1713 400 1723 ‚
422 1701 503 1730 quam
516 1692 646 1721 Batonius
659 1691 689 1719 in
707 1691 797 1719 annal.
814 1703 879 1730 233.
889 1693 934 1720 ad-

149 1729 227 1757 ducit
236 1750 244 1762 ,
266 1730 330 1768 quia
340 1730 386 1759 sub
396 1735 450 1768 ejus
463 1731 641 1762 invocatione
653 1753 660 1764 ,
674 1736 706 1770 ⁷&
718 1733 874 1770 patrocinio
885 1737 934 1761 Ec-

149 1769 235 1798 cleiiae
249 1771 385 1800 Doctores
402 1772 518 1801 haereses
537 1774 643 1802 cunctas
662 1773 863 1801 interemerunt
875 1795 883 1806 ,
904 1784 933 1801 ut

149 1810 184 1837 de
196 1811 240 1839 SS.
250 1812 392 1850 Gregorio
401 1812 608 1853 Thaumaturgo
621 1836 628 1847 ,
643 1813 758 1848 cyrillo
769 1814 933 1842 Alexandri-

151 1860 207 1882 no,
229 1852 401 1887 Dominico,
423 1858 450 1882 ὃ(
460 1855 519 1883 aliis
529 1856 646 1893 legitur.
661 1854 705 1882 Est
716 1854 797 1882 etiam
810 1855 861 1882 alia
879 1855 932 1883 dif-

152 1889 257 1919 ficultas
268 1892 296 1920 in
308 1894 355 1922 illa
376 1894 496 1931 ejusdem
519 1895 646 1934 Virginis
665 1894 830 1932 Antiphonti
841 1916 848 1927 ‚
872 1906 931 1933 quse

151 1939 224 1957 inter
241 1933 383 1963 consuetas
401 1936 489 1963 officii
504 1935 780 1964 commemorationes
798 1934 913 1964 habetur
925 1958 931 1967 ,

150 1968 229 2008 super
241 1974 319 2002 verba
328 1997 336 2007 ,
353 1977 549 2014 Intercedepro
559 1975 864 2014 devotofaemineosexu
876 1998 883 2009 ‚
902 1987 930 2004 ac

151 2010 171 2038 fi
182 2009 260 2040 sexus
268 2014 334 2042 alius
343 2016 458 2045 devotus
467 2028 524 2046 non
534 2016 610 2046 esset?
620 2016 681 2046 Res
678 2016 816 2054 pondetur
829 2026 931 2049 tamen,

150 2049 204 2079 hoc
215 2063 318 2096 nomen
328 2060 454 2085 Devotus
467 2057 513 2086 hic
523 2069 582 2087 non
591 2055 743 2096 significare
764 2057 836 2095 piam
846 2078 854 2090 5
887 2056 932 2085 seu

151 2100 242 2121 teneri
251 2095 342 2137 'cordis
352 2106 415 2134 erga
424 2099 516 2126 Deum
529 2098 672 2137 personam
682 2119 690 2130 ,
708 2097 754 2125 sed
765 2108 823 2136 quae
835 2099 897 2126 Deo
906 2097 933 2138 se

149 2132 268 2162 devovn
280 2156 288 2167 ‚
310 2144 340 2162 ut
350 2135 413 2164 sunt
436 2140 570 2167 Moniales
581 2161 589 2172 ‚
613 2136 769 2169 &similem
793 2147 853 2176 quae
874 2141 934 2167 An-

983 2098 1091 2133 stntum
1112 2117 1119 2127 ,

991 1691 1079 1719 lianus
1102 1712 1108 1718 .
1142 1691 1195 1720 Sed
1212 1690 1339 1729 accepisti
1352 1689 1439 1719 homo
1456 1701 1486 1718 os
1506 1690 1539 1718 ad
1557 1689 1747 1718 devorandum
1768 1709 1776 1720 ,

987 1741 1070 1770 atque
1097 1731 1250 1770 potandum
1262 1753 1269 1763 ‚
1291 1741 1338 1759 cur
1348 1742 1408 1759 non
1417 1731 1508 1769 potius
1519 1730 1552 1758 ad
1572 1729 1781 1767 praedicandum

989 1773 1101 1805 Deum,
1124 1782 1155 1800 ut
1175 1773 1257 1800 etiam
1267 1771 1425 1800 hominibus
1446 1770 1577 1802 antistes,
1600 1769 1647 1797 lib.
1664 1769 1699 1797 de
1720 1771 1778 1797 Re-

989 1813 1100 1841 surrest.
1120 1822 1174 1841 car.
1190 1815 1201 1843 ]
1225 1812 1358 1843 &clarius
1376 1811 1450 1846 idem
1472 1821 1531 1848 cap.
1544 1821 1570 1848 3.
1595 1811 1678 1844 [Nos
1688 1818 1780 1837 autem

988 1864 1054 1891 puto
1064 1853 1157 1881 multis
1175 1849 1316 1891 pasteribus
1334 1852 1491 1880 antistamus
1503 1871 1510 1878 .
1529 1853 1540 1882 ]
1566 1853 1624 1879 PR.
1643 1850 1673 1878 in
1681 1850 1781 1878 eodem

987 1894 1064 1922 sensu
1085 1896 1159 1923 Cato
1187 1903 1244 1930 cap.
1261 1899 1325 1927 156.
1344 1892 1417 1920 dixit
1430 1912 1437 1919 .
1462 1898 1474 1927 [
1494 1890 1608 1919 Brassica
1638 1890 1695 1923 est,
1718 1900 1779 1928 quae

987 1934 1112 1963 omnibus
1130 1934 1248 1962 oleribus
1276 1932 1404 1961 antistat.
1428 1935 1439 1963 ]
1463 1932 1578 1960 Dicitur
1602 1930 1686 1959 etiam
1716 1934 1780 1959 An—

988 1978 1067 2012 testo.
1088 1978 1128 2003 Ex
1164 1985 1220 2012 quo
1247 1974 1331 2001 verbo
1351 1974 1497 2009 Antzstes,
1519 1972 1607 2005 idest,
1625 1970 1779 2008 ,Episcopus

988 2015 1134 2044 deducitur
1145 2036 1152 2047 ,
1177 2025 1207 2042 ut
1218 2025 1298 2043 notar
1311 2013 1397 2042 Glossl
1412 2014 1441 2041 in
1451 2014 1593 2049 Clement.
1605 2013 1641 2040 de
1659 2011 1779 2048 sepultu-

991 2057 1026 2083 ris
1045 2065 1102 2093 cap.
1116 2067 1140 2083 ι.
1151 2056 1286 2092 reperitur
1297 2056 1423 2091 Antestes
1433 2076 1441 2087 ‚
1464 2055 1611 2091 Antistita
1621 2074 1629 2085 ,
1651 2056 1679 2080 ὃ(
1689 2055 1779 2080 Antr-

1143 2095 1233 2129 idest,
1256 2095 1397 2133 superior,
1419 2094 1579 2133 superiora,
1601 2097 1629 2122 ὅ(
1655 2091 1779 2130 superio-

990 2146 1054 2164 ritas
1073 2157 1079 2163 .

152 2172 424 2216 ‘1P110nssdes1imPta
435 2179 473 2207 est
492 2191 525 2208 ex
536 2181 574 2209 D.
594 2183 669 2217 Aug.
680 2180 709 2207 in
717 2178 797 2207 serm.
812 2190 825 2207 2
837 2189 857 2205 ι.
871 2181 931 2207 An-
950 2179 1210 2206 Aumatium-rimu
1223 2197 1229 2205 .
1253 2179 1310 2206 FR-
1320 2175 1446 2204 haeretici
1462 2198 1469 2209 ‚
1482 2175 1527 2215 qui
1546 2174 1716 2213 pullularunt
1725 2173 1778 2201 cir-

152 2213 342 2244 nunciationis
357 2236 363 2243 .
386 2219 471 2253 Cujus
480 2229 555 2248 mens
578 2220 664 2248 fuerat
681 2219 850 2258 distinguere
867 2220 934 2248 Cle-

149 2264 210 2282 rum
220 2276 227 2287 ,
250 2259 278 2284 6<
289 2257 424 2285 Moniales
435 2269 447 2286 a
459 2261 566 2297 Populo
579 2282 586 2293 ,
595 2264 672 2297 juxta
686 2260 810 2289 Ecclesiae
823 2260 935 2289 univer-

147 2293 210 2323 salis
218 2295 448 2325 consuetudinem
456 2299 487 2327 -in
501 2301 576 2329 Feria
584 2300 661 2329 sexta
673 2299 820 2329 Parasceve
831 2321 839 2333 ,
848 2301 892 2329 ubi
901 2302 935 2330 de

990 2228 1019 2246 ca
1030 2228 1131 2246 annum
1148 2228 1155 2245 1
1166 2227 1229 2252 570.
1243 2228 1295 2246 tres
1305 2216 1432 2255 personas
1442 2217 1548 2246 divinas
1572 2226 1630 2243 non
1640 2213 1778 2256 subsistere

994 2258 1023 2286 in
1043 2257 1119 2291 sese,
1142 2257 1189 2286 sed
1215 2268 1323 2287 tantum
1341 2258 1372 2286 in
1389 2257 1468 2286 unica
1488 2255 1685 2295 personalitate
1713 2254 1776 2282 asse<

990 2308 1081 2328 rentes
1091 2319 1098 2326 .

148 2335 251 2364 eisdem
270 2335 547 2369 habenturdistinctae
558 2342 714 2370 orationes:
738 2341 765 2368 in
778 2340 830 2369 hoc
852 2341 936 2371 etiam
954 2341 1157 2370 Ami-i-rpom
1180 2336 1332 2374 α’ντῖγυπος
1342 2361 1350 2372 ,
1373 2338 1546 2368 aelemente
1555 2337 1602 2366 lib·
1613 2347 1640 2369 7·
1658 2343 1716 2372 ⁶²1)-
1730 2340 1778 2362 ²⁶·

148 2375 226 2409 sensu
237 2378 275 2407 D.
288 2378 398 2417 Agatha
417 2379 525 2409 dixerat
538 2392 545 2409 ι
567 2387 640 2410 Soror
660 2393 720 2411 mea
729 2384 816 2411 Lucia
825 2387 881 2412 Deo
889 2384 936 2413 de-

992 2385 1020 2409 &
1030 2380 1060 2409 ab
1080 2380 1140 2409 aliis
1153 2381 1259 2410 Graecis
1269 2380 1393 2411 Patribus
1405 2378 1573 2411 Eucharistia
1592 2374 1759 2444 figmfifjamr
1770 2393 1777 2402 ν

1710 2424 1735 2442 2-
