1866 2526
0 15 27 89 ,Ατ-
4 0 7 1 “

0 1207 10 1229 Ι.

465 54 569 98 SU

114 113 272 154 corporibus
280 110 374 142 oecifis
381 111 512 153 sejungit,
523 124 551 142 ac
560 111 704 142 subtrahit.-
714 112 802 152 quain
813 124 842 142 re
851 113 920 158 dog-

116 165 161 183 ma
172 158 266 184 venlm
276 153 358 182 docet
370 176 377 186 ,
387 157 415 182 δε
427 165 440 182 a
449 155 525 183 nobis
536 154 596 192 ipfis
609 154 661 183 fide
672 164 812 193 receptum
825 176 832 187 ‚
852 158 878 184 δε
889 164 918 182 ιη

117 195 239 225 Eccleffis
246 195 390 234 praecipuis
402 194 683 232 liabitum‚nempe,fic
694 194 849 224 habendum
859 194 919 228 ess'e,

116 235 271 264 utanimam
280 235 402 264 hominis
411 235 527 264 rationis
538 245 694 273 compotem
708 257 715 268 ‚
733 236 918 265 immortalem

115 273 166 304 ess'e
175 285 298 314 putemus
312 297 320 308 ‚
337 276 412 314 quod
420 287 478 304 eain
490 287 541 304 una
561 286 622 304 cum
635 276 750 305 terrenis
760 276 918 319 corporibus

118 325 191 344 mors
199 316 313 345 mininie
324 317 464 345 interimat
475 338 481 345 .
502 317 553 345 Sed
565 317 654 354 potius
664 317 711 346 ille
720 317 859 349 conditor,
869 326 916 355 qui

116 355 192 384 illam
200 357 287 385 efficit
297 357 362 385 vita:
375 358 539 396 participem
550 356 672 385 absolvat
681 379 689 390 ‚
707 361 735 386 δε
747 357 851 386 relaxet
862 379 870 390 ,
888 350 924 394 “cl

112 395 259 429 subtrahat,
272 398 346 435 quod
356 397 444 426 minus
455 408 512 426 eam
524 397 715 435 perpetiatur.]
728 401 761 426 Et
773 397 832 435 post
845 395 923 433 mul-,¹

113 445 140 464 ta
148 438 297 466 concludit:
313 440 421 476 [Atque
430 438 482 466 hoc
493 438 539 467 fibi
550 437 649 466 volunt
658 438 726 476 legis
735 437 921 466 conditiones

111 475 162 506 hac
171 478 206 506 de
216 488 244 506 re
254 478 401 506 constituta
414 478 572 510 verba.]Sed
584 477 616 506 ad
626 477 836 522 intelligendam
846 477 914 505 hanc

113 518 220 553 Cyrilii
231 517 461 556 phralimmecesse
472 519 510 547 est
521 518 649 557 adagium
658 517 712 546 sua:
725 527 847 556 regionis
856 528 916 562 pcr-

112 558 214 588 cincre:
226 559 386 588 Orientalcs
397 569 511 598 namque
519 557 748 591 Christiani‚cum
759 557 857 602 vident
867 559 916 602 :ili-

112 588 194 639 qtiem
204 600 276 628 velle
286 601 342 635 ejus
354 599 495 628 inimicum
505 600 534 628 in
544 599 602 627 rixa
612 599 749 631 occidere,
761 597 810 627 hac
820 599 916 627 dissua-

112 642 186 670 fione
197 641 238 668 uti
248 639 426 672 solentscave‚
439 650 474 668 ne
485 640 537 668 hoc
549 639 638 672 facias,
650 640 724 668 Deus
736 640 811 668 enim
821 638 912 667 homi-

115 682 143 709 ni
154 681 271 709 animam
280 679 401 708 infundit
409 701 418 712 ,
428 683 456 709 ὃ(
467 690 496 708 tu
507 679 548 707 illi
559 678 681 718 separare
690 680 840 718 cogitasmd
852 690 912 709 eum

109 720 212 760 spestat
221 721 253 749 ab
271 720 394 748 humanis
414 721 571 758 corporibus
593 721 713 749 animam
733 720 894 756 subtrahere
905 743 912 754 ‚

113 761 161 799 qui
172 761 245 789 illam
258 759 363 788 creavit
375 771 382 791 ;
395 760 443 788 ille
454 761 492 788 est
503 760 642 789 Dominus
653 783 660 794 ,
670 765 697 790 S<
708 771 765 790 non
781 770 810 790 tu
822 783 828 794 ,
841 765 868 790 ὃς
881 762 913 790 fi-

110 801 187 828 milia
197 812 208 833 ‚-
228 800 282 828 hoc
292 800 368 828 enim
380 799 516 829 insinuare
528 801 618 830 voluit
629 803 755 837 Cyrillus
765 822 772 829 .
794 801 909 841 Insuper

110 850 159 879 per
168 839 328 879 sanguinem
336 840 426 869 anima
435 851 448 868 a
456 840 635 879 Pliilosophis
646 843 912 880 intelligebatur‚un-

109 881 145 908 de
153 880 259 910 abusive
278 880 385 920 sanguis
396 882 548 919 vulgariter
567 882 656 911 anima
665 883 866 921 appellabatur,
885 887 912 912 &

110 920 271 949 translative
282 922 412 950 abstinere
423 932 437 949 a
446 921 579 960 sanguine
590 944 598 955 ‚
609 923 676 952 idest
685 945 694 956 ,
704 933 717 951 a
727 923 799 952 caede
809 924 914 963 signifi.

110 971 152 988 cat
164 972 170 988 :
181 971 240 999 quae
253 961 440 999 intelligentia
450 983 457 995 ,
477 964 515 990 ait
533 962 578 991 hic
589 964 615 992 S.
625 964 731 993 Doftor
741 986 750 997 ‚
771 964 808 993 cst
823 964 913 995 habita

111 1001 142 1029 in
156 1001 281 1037 Ecclefiis
288 1005 439 1039 practpuis,
451 1002 601 1040 praeserrim
615 1004 644 1032 in
654 1007 780 1035 Romana
788 1008 913 1035 omnium

111 1042 304 1078 Matre.Quare
316 1041 472 1071 inconsulte
481 1044 564 1082 Greci
573 1055 587 1073 a
597 1046 796 1075 commestione
805 1045 911 1086 stingui—

111 1081 154 1108 nis
193 1085 220 1110 ὅ(
232 1091 245 1109 a
257 1082 411 1110 morticinis
428 1083 616 1114 abstinendum
634 1086 798 1125 prarcipiunt
817 1098 912 1117 contra

110 1131 232 1149 mentem
243 1123 402 1151 Sam-‘torum
411 1125 523 1152 Patrum
542 1126 624 1154 etiarn
641 1129 801 1156 Graecorum
814 1150 821 1161 ,
841 1138 908 1166 quos

108 1161 186 1200 supra
194 1163 363 1191 adduximus.
373 1164 455 1199 Quod
464 1173 584 1202 grecum
595 1168 762 1197 commetum
773 1169 898 1207 excogita

109 1211 167 1230 tum
178 1202 227 1230 fuit
239 1204 268 1231 in
278 1202 352 1232 sexta
363 1205 476 1238 Synodo
487 1226 494 1237 ‚
508 1216 567 1234 can.
580 1213 626 1239 67.
640 1209 669 1236 in
678 1219 728 1248 qua
740 1209 774 1237 fic
785 1209 905 1238 liabetur.-

116 1242 246 1276 [Divina
266 1244 344 1272 nobis
365 1245 502 1283 Scriptura
513 1248 655 1277 mandavit
675 1260 688 1277 a
708 1248 842 1288 sanguine
852 1271 860 1282 ‚
880 1253 906 1279 ὃς

89 1281 257 1316 “Γυῆὀεειο,
275 1287 304 1312 ὅ(
325 1283 508 1313 fornicatione
525 1287 657 1317 abstinere
669 1311 676 1317 .
696 1292 747 1318 Eos
757 1300 824 1328 ergo
835 1313 842 1324 ‚
861 1291 906 1329 qui

108 1331 223 1362 propter
241 1324 344 1353 lautum
354 1346 361 1357 ‚
392 1328 420 1353 δ(
439 1325 587 1356 delicatum
609 1339 735 1358 ventrem
755 1329 906 1365 cujuscum-

107 1373 160 1401 que
176 1365 300 1393 animalis
317 1365 450 1404 sanguine
469 1376 527 1395 arte
545 1369 634 1408 aliqua
654 1369 822 1399 esculentum
840 1383 906 1400 con-

107 1404 188 1432 diunt
198 1426 206 1438 ,
225 1416 253 1434 :ic
263 1405 397 1434 instruunt
409 1428 417 1439 ,
427 1416 457 1435 ut
479 1418 527 1445 par
547 1409 585 1437 est
597 1432 604 1443 ‚
626 1409 779 1439 incusamus
791 1433 799 1444 ‚
816 1423 845 1440 ac
856 1422 905 1450 pu—

108 1444 197 1473 nimus
206 1465 213 1472 .
240 1446 268 1474 Si
286 1447 346 1484 quis
363 1456 430 1484 ergo
451 1448 579 1486 deinceps
598 1451 723 1479 animalis
743 1451 905 1490 sanguinem

106 1485 208 1522 quovis
228 1486 312 1514 modo
329 1487 471 1514 comedere
491 1489 667 1526 aggrediatur
676 1511 684 1523 ,
707 1491 725 1519 fi
744 1491 776 1519 fit
795 1493 906 1530 quidem

108 1524 236 1552 Clericus
247 1546 255 1558 ,
275 1526 446 1563 deponatur5
466 1527 484 1554 fi
497 1538 586 1556 autem
596 1531 677 1558 laicus
686 1552 694 1564 ,
704 1529 863 1570 segregetur
874 1554 881 1560 .
893 1535 904 1564 ]

108 1566 143 1592 Et
161 1574 191 1592 ut
210 1566 296 1604 magis
313 1566 369 1593 haec
388 1567 515 1600 synodus
531 1570 691 1606 prsediftum
709 1572 740 1600 ab
760 1582 789 1600 ea
797 1573 908 1611 excogi-

107 1613 195 1633 tatum
213 1615 347 1634 canonem
358 1604 476 1635 firmaret
488 1629 496 1640 ‚
514 1610 678 1646 praemiserat
688 1613 718 1640 in
729 1622 786 1640 can.
800 1624 826 1641 2.
839 1614 906 1649 [Ut

107 1645 138 1672 ab
157 1644 210 1673 hoc
230 1656 302 1674 nunc
322 1657 445 1684 tempore
464 1648 593 1689 deinceps
619 1655 671 1680 &c.
691 1652 783 1686 firmi,
811 1658 839 1684 δε
859 1655 906 1683 sta-

106 1684 173 1713 biles
191 1695 319 1715 maneant
329 1688 488 1716 Sanftorum
500 1691 695 1728 Apostolorum
705 1703 822 1723 canones
830 1695 904 1723 osto·

107 1725 186 1763 ginta
205 1727 342 1766 quinque.
357 1730 368 1758 ]
393 1728 446 1756 Sed
464 1739 526 1758 cum
543 1732 648 1770 antiqui
660 1744 776 1762 canones
786 1735 904 1773 Aposto-

108 1766 198 1794 lorum
210 1777 268 1795 non
281 1767 382 1796 fuerint
393 1770 452 1806 plus
461 1779 541 1807 quam
551 1771 750 1812 quinquaginta
760 1795 768 1807 ,
782 1784 812 1803 ut
823 1777 907 1804 Baro-

111 1805 173 1833 nius
185 1807 308 1836 ostendit
319 1818 413 1843 :tn-51.
428 1809 514 1847 igitur
523 1814 611 1840 canon
626 1819 672 1850 63.
683 1814 858 1852 Apostolicus
868 1815 907 1844 as-

108 1843 195 1873 sertus
205 1867 212 1878 ,
224 1847 252 1874 in
262 1858 316 1885 quo
327 1848 450 1877 habetur:
464 1855 476 1885 [
487 1851 513 1879 Si
523 1852 583 1890 quis
595 1856 647 1881 ἃς.
657 1854 807 1883 comederit
815 1865 906 1885 carnes

114 1885 144 1912 in
156 1884 289 1924 sanguine
302 1889 400 1918 anima·
412 1891 485 1924 ejus,
504 1902 548 1920 aut
557 1903 570 1920 a
581 1893 672 1922 bestiis
681 1894 821 1933 abreptum
831 1917 840 1929 ,
861 1907 906 1926 aur

106 1923 264 1954 suffocatum
276 1948 284 1960 ‚
304 1928 454 1966 deponitor
463 1950 470 1957 .
489 1932 515 1960 Si
527 1942 595 1961 vcro
606 1935 700 1962 laicus
707 1935 738 1964 sit
756 1945 770 1963 a
780 1945 902 1966 commu-

108 1965 193 1993 nione
203 1968 382 2001 excluditor]
397 1971 570 2010 apocryphus
580 1973 720 2002 censetur:
744 1976 851 2004 constat
870 1976 902 2006 fi-

107 2006 220 2044 quidem
230 2006 302 2036 hunc
312 2007 363 2037 esse
371 2019 456 2039 unum
476 2022 509 2040 ex
519 2014 666 2042 canonibus
687 2025 701 2042 a
709 2016 814 2044 Graecis
833 2017 905 2046 ultra

108 2046 172 2074 iilos
181 2048 382 2088 quinquaginta
392 2052 567 2090 Apostolicos
577 2055 676 2083 additis
684 2075 691 2082 .
712 2055 802 2084 Unde
812 2056 903 2096 inquit

108 2087 209 2115 Baton.
221 2099 264 2116 an.
279 2099 291 2124 5
301 2100 324 2117 i.
334 2100 410 2119 num.
420 2103 466 2120 22.
488 2094 597 2128 [Certe
606 2095 636 2122 in
645 2095 829 2125 Cresconiana
837 2099 899 2126 colt

105 2127 224 2158 lectione
234 2130 359 2158 omnium
367 2132 561 2172 antiquissima,
572 2135 771 2175 quinquaginta
781 2145 904 2167 tantum·

109 2168 194 2196 modo
211 2170 379 2200 adnumerati
398 2171 532 2202 habentur
548 2185 666 2204 canones
687 2177 883 2214 Apostolorum
895 2201 904 2213 ‚

105 2218 173 2246 quos
182 2210 334 2246 Dionysius
344 2214 427 2242 Rom.
438 2214 526 2243 Abbas
535 2225 724 2254 cognomento
735 2218 855 2256 Exiguus
873 2220 903 2248 in

108 2250 225 2278 latinum
236 2251 330 2280 vertit:
340 2253 434 2282 caeteri
445 2255 521 2283 enim
531 2266 545 2284 a
555 2257 660 2284 Graecis
669 2266 800 2295 putantur
808 2259 903 2289 dolose

106 2288 238 2327 suppoliti
250 2312 257 2319 .
271 2295 282 2324 ]
293 2293 386 2332 Igitur
394 2294 488 2324 Graeci
497 2317 505 2328 ‚
516 2295 627 2330 nedum,
636 2306 667 2326 ut
678 2307 711 2326 ex
721 2295 858 2328 sententia
865 2301 902 2329 D.

107 2331 244 2360 Ambrosii
258 2358 264 2370 ,
285 2333 437 2363 dictionem
455 2341 493 2365 Et
512 2348 529 2364 a
543 2338 676 2374 suffocato
686 2337 851 2368 addiderunt
872 2341 904 2369 in

106 2377 186 2401 textu
196 2373 330 2405 Ac'torum
341 2376 541 2414 Apostolorum
550 2387 560 2409 ς
569 2376 616 2407 sed
625 2377 709 2408 etiam
719 2388 854 2409 canonem
863 2383 890 2411 A

1279 63 1308 104 S
1340 62 1382 102 U
1637 69 1684 118 64

977 112 1141 151 postolicum
1154 118 1381 153 63.commcnt;2ti
1394 116 1512 147 sunt-Sic
1522 119 1623 158 pariter
1630 124 1658 150 ab
1667 79 1775 152 eis3cre-

976 153 1097 183 dendum
1107 158 1145 183 clt
1165 154 1240 184 suiss'e
1249 156 1385 195 supposita
1403 159 1512 187 decreta
1529 161 1648 195 ejusdem
1667 165 1774 193 tenoris

973 193 1007 222 ad
1017 194 1167 224 Conciium
1178 196 1357 236 Gangrense,
1381 208 1439 227 can.
1453 211 1479 228 2.
1497 210 1511 228 a
1522 201 1641 230 Baronio
1663 213 1705 232 an.
1726 215 1773 240 5¹·

973 243 1050 262 num.
1068 245 1111 270 ¹4·
1123 236 1250 273 allato,ac
1259 238 1386 268 Concilii
1399 240 1601 270 Aurelianensis
1612 243 1653 271 11.
1663 253 1772 281 cap.:o.

972 278 1001 303 δε
1012 275 1138 303 Concilii
1149 277 1349 315 Vormacienfis
1360 301 1367 311 ‚
1379 290 1402 307 c.
1417 287 1464 316 65.
1485 292 1519 310 ex
1529 281 1626 312 ass'erto
1635 284 1770 314 Concilio

970 314 1185 355 Cartliaginenli
1196 318 1265 356 apud
1275 319 1393 348 eundem
1406 323 1551 351 Bai-onium
1564 323 1664 352 ibidem
1682 335 1710 353 n.
1726 331 1771 353 i'6.

971 357 1005 383 Et
1019 355 1118 393 polito,
1128 358 1201 395 quod
1211 359 1258 387 illa
1268 360 1397 390 Concilia
1407 363 1471 391 talia
1481 363 1668 398 decreverint,
1679 366 1713 394 de
1722 375 1770 394 eo-

969 404 1028 422 rum
1039 396 1199 426 auctoritate
1211 409 1268 427 non
1278 400 1387 440 integre
1396 403 1503 431 constat
1512 424 1520 431 .
1544 406 1615 434 Nam
1626 417 1659 434 ex
1671 407 1770 435 eodem

977 436 1098 464 Baronio
1108 447 1182 466 anno
1194 445 1229 468 26
1238 450 1388 478 i.num.44.
1400 453 1456 471 non
1466 443 1528 472 satis
1540 445 1625 484 liquet
1635 457 1690 484 quo
1699 455 1770 476 tem-

971 484 1038 513 pore
1055 478 1219 516 Gangrense
1237 481 1402 510 celebratum
1414 483 1495 513 fucrit
1504 506 1513 518 ‚
1534 485 1563 513 in
1584 496 1638 524 quo
1656 486 1768 515 nonnifi

972 515 1129 553 quindecim
1141 518 1268 559 Episcopi
1280 521 1460 553 interfuerant
1471 547 1478 558 ‚
1499 526 1564 555 licet
1574 527 1659 556 Labbe
1678 527 1706 554 in
1716 528 1769 562 Sy-

973 556 1050 593 nopfi
1060 558 1256 589 conciliorum
1273 560 1320 591 sub
1329 564 1462 594 Silvestro
1475 567 1497 595 I.
1520 575 1606 605 ponat
1617 587 1624 594 .
1642 568 1715 596 Item
1734 567 1765 595 in

972 597 1164 628 Aurelianenfi
1174 602 1214 630 11.
1224 603 1298 640 quod
1311 605 1441 634 Batonius
1451 605 1498 636 sub
1507 617 1570 636 ann.
1585 615 1652 646 536:
1660 611 1688 637 ἃ
1698 608 1768 637 Lab-

973 636 1004 663 oe
1017 636 1062 681 sub
1070 649 1143 668 anno
1157 650 1208 679 533
1217 661 1223 669 .
1235 652 1344 679 ponunt
1355 668 1361 678 ,
1373 648 1495 685 quamvis
1506 647 1683 677 interfuerint
1693 659 1769 678 non—·

970 676 1041 705 nulli
1063 680 1153 708 Patres
1169 679 1311 714 sanctitate
1334 686 1469 726 insignem
1491 698 1582 718 tamen
1592 699 1689 718 omncs
1707 698 1769 718 non

970 726 1048 745 erant
1059 719 1201 759 plusquam
1209 725 1326 763 triginta
1338 748 1346 759 ‚
1365 731 1392 756 ὅ(
1402 738 1434 756 ex
1446 728 1484 756 eis
1498 729 1582 768 aliqui
1600 739 1649 768 per
1666 738 1762 758 eorum

969 767 1158 800 procuratores
1167 762 1384 799 intervenerant,
1395 769 1495 799 Baron.
1505 769 1608 798 ibidem
1619 780 1766 805 num.124·

970 798 1110 829 Sit-etiam
1120 800 1158 835 id,
1169 806 1244 842 quod
1255 805 1368 835 liabetur
1381 807 1410 836 in
1419 809 1552 837 Concilio
1562 808 1765 842 Vormatiense,

968 848 1027 868 cans
1038 851 1086 877 45.
1096 846 1192 873 &cam
1206 852 1252 880 65.
1265 848 1340 885 quod
1353 848 1483 877 animalia
1494 871 1502 882 ‚
1524 850 1621 884 [Quae
1641 861 1655 878 a
1675 850 1746 888 lupis
1757 872 1765 883 ,

967 878 1014 910 feu
1025 883 1133 912 canibus
1143 884 1296 915 lacerantur
1306 899 1362 916 non
1373 888 1426 916 sint
1435 890 1604 919 comedenda
1613 913 1620 924 ,
1637 891 1688 920 nisi
1699 900 1764 929 por-

973 921 1011 950 cis
1021 943 1029 954 ‚
1039 926 1067 951 δε
1076 924 1200 956 canibu55
1215 937 1265 954 nec
1275 934 1372 957 cervus
1381 950 1389 961 ‚
1401 939 1450 958 nec
1461 940 1539 969 capra
1550 952 1558 964 ‚
1575 931 1595 960 fi
1606 932 1709 960 mortui
1719 931 1763 958 in-

969 963 1117 993 veniantur
1129 977 1140 1000 ,·
1154 966 1220 994 item
1230 977 1292 996 aves
1303 969 1321 998 fi
1331 971 1433 998 mortui
1444 970 1626 1000 inveniantur
1636 974 1667 1005 ,]
1687 972 1763 1010 quod

970 1003 1006 1031 ibi
1019 1014 1052 1032 ex
1065 1006 1277 1046 Carthaginem}
1287 1010 1420 1039 Concilio
1429 1010 1604 1050 desumptum
1622 1012 1760 1041 asseritur.

970 1046 1232 1085 praeterquamquod
1241 1059 1297 1077 non
1307 1049 1369 1078 satis
1378 1051 1485 1080 constet
1497 1053 1591 1091 quibus
1601 1074 1609 1085 ,
1630 1053 1676 1080 vel
1693 1061 1763 1091 quot

969 1083 1105 1122 personis,
1118 1097 1166 1115 nec
1177 1098 1228 1126 qua
1239 1090 1399 1119 auctoritate
1407 1091 1462 1120 hoc
1472 1093 1635 1121 Concilium
1646 1094 1766 1121 Vorma-

971 1125 1017 1152 tiae
1027 1135 1224 1165 congregatum
1233 1130 1277 1165 sit,
1288 1141 1375 1169 neque
1387 1142 1418 1160 cx
1430 1143 1485 1171 quo
1496 1134 1558 1162 loco
1567 1132 1690 1162 ass'ei‘tuni
1701 1134 1764 1162 Cf>-

965 1164 1025 1194 cilii
1039 1166 1166 1195 Africani
1175 1168 1315 1199 decretum
1325 1171 1500 1210 desumptum
1510 1173 1542 1203 sit
1553 1195 1561 1207 ,
1580 1174 1705 1202 redditur
1713 1184 1761 1202 ex-

966 1205 1030 1233 inde
1043 1206 1122 1235 valde
1131 1206 1296 1247 suspmstum,
1308 1213 1382 1250 quod
1391 1223 1423 1241 ex
1434 1214 1528 1252 aliquo
1538 1214 1762 1244 Manichaeorum

965 1245 1160 1276 Africanorum
1170 1250 1354 1281 conciliabulo
1364 1262 1525 1292 excerptum
1534 1254 1566 1283 stt
1577 1265 1584 1286 5
1596 1264 1658 1283 nam
1671 1254 1762 1284 Mani—

965 1285 1035 1314 chxi
1049 1286 1124 1316 hunc
1142 1299 1262 1319 errorem
1281 1293 1499 1331 profitebantur:
1513 1294 1579 1323 hinc
1596 1295 1633 1323 D.
1647 1295 1761 1333 August.

963 1336 1060 1355 contra
1070 1328 1248 1359 Adimantum
1259 1343 1282 1361 c.
1291 1344 1298 1361 i
1307 1334 1474 1373 4.Manichei
1486 1333 1648 1374 discipulum
1657 1336 1692 1364 de
1701 1337 1762 1364 Ma-

961 1367 1132 1397 nzchaeorum
1143 1380 1237 1401 errore
1247 1373 1349 1412 inquit:
1363 1375 1448 1411 [Quia
1459 1373 1526 1413 ipsas
1536 1386 1630 1405 carnes
1642 1376 1762 1404 immun·

961 1407 1006 1435 das
1016 1417 1115 1446 putant
1123 1432 1131 1443 ,
1143 1421 1234 1448 earum
1245 1414 1408 1443 Creatorem
1420 1417 1511 1451 Deum
1523 1415 1574 1444 ess'e
1585 1418 1760 1455 negant-Nos

962 1457 1051 1476 autem
1063 1459 1188 1479 tenemus
1199 1454 1390 1491 Apostolicam
1402 1454 1576 1493 disciplinam
1587 1477 1595 1488 ‚
1605 1457 1756 1490 dicentem,

962 1489 1037 1526 quod
1046 1491 1139 1519 omnia
1150 1494 1249 1521 munda
1260 1494 1313 1523 lint
1325 1495 1445 1527 mundis,
1453 1493 1558 1525 servata
1566 1496 1760 1526 moderatione

966 1531 1143 1569 Evangelica,
1155 1542 1184 1560 ut
1196 1544 1253 1562 non
1263 1544 1416 1573 graventur
1424 1536 1506 1564 corda
1514 1537 1603 1566 nostra
1611 1538 1758 1571 cruditate,

962 1573 991 1597 &
1003 1571 1159 1601 vinolentia
1170 1593 1177 1605 ‚
1188 1578 1215 1602 ὅ(
1226 1584 1296 1602 curis
1304 1574 1472 1605 secularibus
1483 1595 1490 1604 .
1500 1577 1573 1606 Nam
1583 1577 1656 1605 idem
1665 1577 1735 1605 illud
1743 1597 1754 1610 ,

963 1611 1037 1649 quod
1057 1613 1206 1650 Apostolus
1224 1615 1277 1643 ait.-
1300 1618 1368 1645 Non
1389 1616 1500 1655 potestis
1522 1616 1620 1646 mensae
1640 1617 1759 1646 Domini

962 1652 1172 1685 communicare,
1182 1658 1209 1683 &
1219 1654 1319 1685 mensae
1328 1657 1544 1686 Doemoniorum
1555 1667 1563 1688 ς
1585 1667 1641 1686 non
1652 1657 1735 1686 video
1746 1678 1756 1691 ,

962 1701 1009 1719 cur
1019 1694 1217 1731 opponendum
1229 1694 1294 1724 huic
1305 1698 1367 1725 loco
1375 1697 1454 1737 legis,
1466 1701 1492 1726 ὃς
1502 1698 1576 1736 quasi
1585 1698 1755 1726 contrarium

964 1734 1112 1762 Manichaei
1123 1734 1173 1763 ess‘e
1182 1736 1359 1770 crediderunt
1367 1740 1444 1770 &c.]
1465 1741 1499 1766 Et
1517 1748 1611 1767 contra
1630 1738 1756 1767 Faustum

961 1773 1149 1803 Manichaeum
1160 1797 1168 1807 ,
1187 1775 1234 1804 lib.
1245 1787 1292 1814 32.
1303 1788 1362 1816 cap.
1378 1789 1421 1816 ¹3·
1444 1779 1478 1807 sic
1489 1778 1648 1808 invehitur:
1662 1779 1756 1816 [Quis

959 1815 1015 1848 jam
1024 1813 1077 1842 hoc
1087 1815 1260 1844 Christianus
1269 1817 1395 1848 observat
1404 1840 1413 1851 ‚
1425 1828 1454 1848 ut
1465 1818 1558 1847 turdos
1569 1841 1577 1853 ‚
1588 1821 1634 1849 vel
1642 1820 1758 1848 minuti-

961 1864 1021 1882 ores
1031 1855 1150 1884 aviculas
1161 1867 1218 1884 non
1226 1857 1346 1897 attingat
1357 1881 1365 1892 ,
1388 1860 1439 1888 nili
1449 1869 1562 1897 quarum
1571 1858 1681 1900 sanguis
1689 1858 1756 1889 effu-

960 1893 1002 1922 sus
1012 1895 1061 1924 est?
1073 1898 1129 1924 Aut
1140 1897 1263 1935 leporem
1275 1909 1333 1927 non
1345 1900 1418 1932 edat,
1431 1899 1450 1928 fi
1462 1909 1542 1927 manu
1551 1910 1566 1929 a
1575 1901 1682 1929 cervice
1693 1910 1756 1939 per-

958 1934 1042 1963 cussiis
1052 1957 1060 1968 ‚
1072 1937 1149 1965 nullo
1166 1947 1282 1966 cruento
1294 1940 1408 1968 vulnere
1416 1938 1519 1968 occisus
1527 1940 1565 1968 cst
1576 1945 1586 1970 Ξ
1597 1944 1631 1969 Et
1640 1941 1689 1980 qui
1700 1941 1757 1970 for-

960 1983 987 2003 te
996 1978 1073 2013 pauci
1082 1976 1170 2005 adhuc
1181 1987 1292 2017 tangere
1305 1979 1352 2007 ista
1364 1980 1514 2008 formidant
1524 2002 1533 2014 ‚
1551 1990 1565 2008 a
1575 1982 1681 2010 caeteris
1692 1981 1756 2010 irri-

959 2015 1060 2044 dentur
1068 2037 1076 2044 .
1088 2020 1100 2049 ]
1113 2019 1188 2046 Item
1199 2020 1327 2048 Montani
1339 2020 1533 2049 Haerefiarchae
1543 2031 1620 2050 error
1638 2021 1684 2050 hic
1694 2022 1752 2051 fue-

959 2065 1001 2084 rat
1012 2078 1020 2089 ,
1040 2067 1100 2085 nam
1112 2058 1141 2086 in
1150 2061 1207 2094 ejus
1216 2069 1309 2089 errore
1318 2060 1405 2099 lapsus
1414 2061 1600 2090 Tertullianus
1608 2061 1752 2102 scripserat

959 2095 990 2124 in
999 2096 1048 2125 suo
1061 2099 1246 2137 Apologetico
1255 2111 1312 2140 cap.
1322 2112 1351 2138 9.
1359 2100 1404 2131 seu
1416 2101 1516 2134 verius,
1525 2102 1558 2130 ab
1565 2103 1658 2142 aliquo
1667 2105 1752 2132 Mon-

959 2138 1016 2165 tani
1027 2136 1120 2167 ass‘ecla
1127 2140 1288 2174 adulterato,
1299 2142 1364 2170 licet
1372 2151 1468 2171 contra
1475 2143 1604 2171 Gentiles
1615 2145 1751 2182 loquatur.-

959 2177 1115 2212 [Erubescat
1124 2190 1200 2209 error
1211 2181 1299 2210 vester
1308 2182 1536 2221 Christianis,qui
1545 2192 1579 2212 ne
1588 2183 1749 2213 animalium

957 2218 1070 2256 quidem
1078 2217 1241 2259 sanguinem
1252 2223 1282 2251 in
1290 2221 1433 2252 esculentis
1442 2222 1628 2262 habemus‚qui
1636 2233 1749 2262 propte-

957 2267 1002 2287 rea
1011 2269 1120 2299 quoque
1130 2260 1262 2291 suffocatis
1271 2284 1280 2296 ‚
1291 2266 1319 2292 δι
1329 2263 1492 2296 morticinis,
1504 2274 1538 2292 ne
1549 2274 1604 2302 quo
1613 2262 1748 2303 sanguine

956 2301 1177 2330 contaminemur
1186 2323 1195 2336 ,
1216 2304 1261 2332 vel
1279 2303 1352 2332 intra
1362 2301 1463 2333 viscera
1471 2303 1581 2342 sepulto
1591 2324 1597 2332 .
1617 2305 1750 2343 Denique

957 2339 1032 2369 iuter
1043 2351 1210 2371 tentamenta
1219 2342 1444 2373 Christianorum
1452 2345 1559 2373 botulos
1569 2345 1651 2374 etiam
1667 2355 1750 2374 cruo-

956 2389 985 2410 re
993 2381 1128 2412 distentos
1138 2382 1292 2414 admovetis
1300 2387 1331 2418 .]
1350 2387 1411 2416 Nec
1420 2384 1487 2413 fides
1497 2385 1550 2414 ulla
1559 2383 1748 2456 EusebiosCae-

1398 2426 1416 2455 S
1436 2435 1448 2455 ³
1492 2436 1507 2455 ι
1683 2437 1711 2460 ae
