1866 2526
155 60 234 101 444
495 45 543 85 M
576 45 595 85 Ι

146 115 177 134 ut
195 104 262 133 sunt
280 112 398 142 quatuor
415 102 565 142 dignitates
587 102 729 132 Toletanae
752 97 944 130 Catliedralis,

144 156 245 184 nempe
255 167 263 178 ,
274 145 400 173 Decanus
413 166 421 177 ‚
445 142 665 172 Archidiaconus
678 164 684 174 ,
696 143 806 170 Cantor
819 163 826 174 ‚
837 145 863 169 3<
875 139 947 168 The-

143 185 273 216 saurarius
284 207 292 218 ‚
303 196 335 214 ex
345 183 519 213 conceffione
532 184 654 213 Honorii
665 184 722 211 ΙΙΙ.
734 183 767 210 de
778 192 850 210 anno
866 192 872 207 i
883 192 896 208 ο.
906 190 947 211 17.

144 237 176 255 ut
186 237 218 256 ex
228 230 284 262 ejus
294 226 417 264 epistolis
426 225 502 254 liba..
514 225 592 262 epist.
602 233 670 258 771.
681 222 786 250 constat
800 244 806 254 ‚
828 226 854 250 δι
870 220 949 249 Prior

148 267 353 297 Conventualis
372 266 496 298 Ecclefiae
520 266 710 294 Melitensium
734 263 866 300 Equitum
888 270 948 288 cum

1265 39 1388 81 Mo

1006 94 1047 124 dit
1059 95 1097 124 eis
1107 95 1199 140 decem
1212 105 1287 124 mnas
1298 118 1303 125 .
1315 99 1379 126 Luc.
1398 108 1440 133 19.
1453 98 1464 128 ]
1477 98 1554 127 Hanc
1564 96 1649 136 aliqui
1660 98 1798 137 expolito-

1005 146 1046 164 res
1058 135 1198 180 seragmta
1212 137 1297 165 Siclos
1307 137 1472 167 continuisse
1481 139 1594 169 dicunt÷
1609 137 1656 167 sed
1669 137 1801 177 Iosephus

1007 177 1092 205 Hebr.
1104 178 1149 205 lib.
1164 187 1206 211 ¹4·
1225 187 1282 215 cap.
1297 189 1341 206 ιι.
1363 180 1449 224 antiqt
1468 178 1556 208 ass'erit
1576 180 1638 208 duas
1652 180 1731 209 libras
1739 189 1802 207 cum

1006 217 1127 260 dimidio
1139 216 1263 247 valuifl'e.
1288 219 1386 246 Latine
1395 220 1589 250 diciturMina
1600 243 1606 253 ,
1617 223 1694 257 cujus
1707 220 1801 249 valor.

1007 259 1079 286 Vide
1090 258 1242 286 Talentum
1253 277 1260 284 .

146 308 252 338 caeteris
275 307 478 345 pontificalibus
504 306 673 334 ornamentis
687 323 694 330 -
717 305 790 332 Item
809 301 946 331 Canonici
966 301 1099 328 Mon-im
1114 320 1121 331 ‚
1144 298 1276 325 terminiis
1284 297 1491 338 Theologorum
1510 299 1688 340 hispanorum
1707 301 1737 329 iri
1747 310 1802 329 ma-

144 348 322 379 cathedralis
344 347 468 376 Ecclesia:
481 345 654 375 Meflanenlis
673 353 786 372 utuntur
807 343 897 371 mitris
915 352 947 369 cx

148 389 238 418 sei-ico
257 389 335 417 albo.
356 390 412 417 PR.
434 388 469 415 ita
489 387 606 415 Carolus
626 385 777 415 Morabitus
796 384 826 411 in
846 381 947 412 Aiinal.

146 429 259 460 Mcss‘an.
271 429 343 458 Eccl.
354 438 399 456 tit.
415 440 437 456 i.
453 437 526 454 num.
543 431 584 454 18.
597 425 804 464 :llzDignitates
825 422 947 452 Cathed.

152 470 430 509 Mamphrcdonffe&
441 467 562 496 Cathed.
573 467 598 494 S.
611 466 753 494 Michaelis
764 466 869 493 Montis
879 466 946 492 Gar-

149 512 215 550 gani
231 534 238 544 ,
249 512 314 539 item
324 509 463 538 Canonici
475 506 671 546 Lugdunenses
685 528 691 539 ,
713 507 760 545 qui
770 504 947 533 habenttitu-

147 554 204 582 lum
215 550 338 582 Comitis
349 571 356 581 ,
380 549 409 577 in
422 549 539 577 Ecclesia
550 547 712 576 Cathcdrali
732 548 757 574 S.
771 547 887 584 Joannis
901 547 948 573 Ba-

147 593 237 632 ptistae
250 614 256 624 ‚
279 596 305 620 ὃ(
318 600 414 618 omnes
425 589 565 618 Canonici
588 588 763 617 Eccleliartim
775 587 947 625 Collegiata-

150 644 209 662 riim
218 633 296 661 distre
307 631 444 660 Civitatis
454 630 565 658 mitram
575 629 683 667 gestant
692 629 793 656 coloris
813 626 948 655 currentis

1007 339 1075 367 teria
1087 339 1120 366 de
1130 339 1321 370 commentatis,
1334 339 1408 372 idest,
1418 342 1529 379 quando
1540 342 1604 375 fide,
1618 347 1646 372 δε
1656 353 1712 371 non
1723 351 1804 380 pecu-

1003 390 1048 408 nia
1059 381 1092 408 de
1102 379 1226 407 contanti
1239 389 1339 407 emitur
1378 379 1424 409 sed
1433 381 1628 420 rigorosiffimo
1639 384 1730 421 pretio
1745 404 1752 415 ,
1775 386 1803 410 δε

1005 420 1098 459 postea
1117 420 1209 448 eidem
1231 420 1364 448 vendenti
1383 421 1435 449 vili
1454 423 1543 460 pretio
1558 423 1587 451 in
1596 422 1803 463 compensatio-

1006 472 1069 489 nem
1080 461 1168 489 debiti
1178 461 1294 489 traditur
1306 472 1313 491 ς
1335 461 1372 489 ita
1382 470 1413 490 ut
1432 463 1534 500 primus
1545 473 1654 502 emptor
1668 476 1696 494 re
1706 463 1805 493 vendi-

1006 512 1031 530 ta
1042 524 1049 534 ,
1070 512 1103 529 ex
1117 502 1146 530 vi
1159 501 1243 539 primi
1253 504 1406 530 contractus
1416 524 1422 534 ,
1443 502 1530 532 adhuc
1542 514 1678 534 remancat
1690 506 1718 533 in
1728 513 1805 543 parte

1004 543 1114 586 debitor
1125 564 1132 575 ,
1146 542 1191 580 qui
1201 544 1353 571 contradus
1364 544 1393 571 in
1407 543 1543 582 Hispania
1552 544 1703 582 prohibitus
1716 545 1805 574 est-In

1004 585 1086 612 Italia
1095 581 1251 619 hujusmodi
1261 585 1416 612 comi-aetus
1433 590 1522 614 Stocco
1533 608 1541 618 ‚
1564 589 1591 614 δε
1602 587 1711 624 quando
1722 585 1808 623 repli-

1003 633 1080 653 catur
1093 625 1210 660 Bcstocco
1221 624 1338 652 dicitur.

142 675 203 703 diei
215 685 223 704 ς
247 673 276 700 in
287 671 386 701 Clioro
398 681 465 699 vero
485 670 576 699 fei-unt
585 670 711 698 clericale
729 669 844 697 biretum
855 669 948 696 Cano-
964 667 1088 695 Mona-A
1098 684 1106 692 .
1131 666 1188 694 FR.
1213 665 1311 693 Modus
1323 685 1330 693 .

151 715 210 743 nici
221 715 249 741 in
262 713 346 742 Sacris
356 711 500 740 constituti
512 723 519 742 ς
535 720 597 739 iiam
609 710 724 738 minoris
734 709 841 738 ordinis
853 710 946 736 Cano—

150 756 210 784 nici
230 755 341 782 detesto
350 754 437 791 capite
449 753 478 780 in
497 751 584 780 choro
602 751 741 779 assistunt.
765 750 806 778 Sic
818 750 900 778 etiam
921 748 948 776 in

151 795 267 825 Ecclesia
277 793 473 823 conventuali
484 794 615 831 Equitum
626 791 821 823 Mehoeufium,
835 790 949 828 quinon

146 837 228 865 estin
238 835 315 863 sacris
357 845 415 863 non
425 835 512 872 potest
527 833 595 861 ferre
606 834 723 861 biretum
737 853 743 859 .
756 833 829 859 Item
839 833 950 868 Neapo-

148 879 243 906 liiaiiae
262 875 532 905 Caffied-Canofflci
554 883 672 902 utuntur
684 873 771 900 mitris
792 873 853 900 telae
866 869 948 906 byffi-

150 929 192 946 nae
208 939 215 950 ,
238 921 266 945 &
278 918 414 945 Canonic1
427 913 560 944 Lucenses
578 913 729 943 damasceni
740 912 816 941 serici
829 933 836 939 .
859 913 958 974 Habet)

148 959 262 987 ulterius
270 956 346 985 usum
358 957 446 984 mitrae
457 956 617 993 Praepositus
627 954 752 984 Ecclesiae
765 955 791 982 S.
801 952 885 981 Marci
896 955 949 980 Ve-

1046 705 1091 734 Est
1114 714 1207 732 tamen
1229 704 1480 736 obseva-diuturna
1503 706 1613 736 modela
1635 706 1727 736 diaetae

1048 746 1127 774 Libra
1149 745 1203 773 cibi
1224 745 1327 779 solidi,
1349 746 1464 785 fimplcx
1487 747 1601 777 hemina
1624 747 1742 776 falerni.

1007 786 1144 830 fulbertus
1156 806 1163 813 .
1183 787 1280 824 Aliqui
1291 798 1324 816 ex
1334 798 1367 816 eo
1378 788 1441 825 quia
1450 788 1533 816 diaeta
1543 789 1581 816 est
1592 788 1731 826 optimum
1741 785 1811 815 salii-

1005 836 1039 854 tis
1053 826 1230 894 1remedium,
1253 827 1317 855 ideo
1338 837 1388 866 pro
1409 829 1539 862 Modcla,
1561 828 1696 857 Medelam
1716 828 1810 866 legere

1005 876 1048 895 ma
1062 875 1113 894 unt
1123 886 1129 894 .

966 909 1124 936 Momoius
1136 928 1144 940 ,
1165 917 1246 946 quam
1267 917 1371 946 partem
1381 917 1448 937 rotae
1470 909 1608 948 significet
1619 929 1626 938 .
1649 908 1723 938 Vide
1735 913 1812 938 Can-

1005 948 1070 976 thus
1083 968 1089 974 .

151 1000 287 1027 netiarum
300 1020 306 1030 ‚
330 1008 363 1026 cx
383 997 494 1029 indulto
514 997 596 1025 Alex,
616 997 674 1024 III.
695 997 766 1024 Item
788 975 1111 1032 PraepofituslMoomm.
1135 988 1210 1017 Vide
1231 989 1396 1018 Maldrum.

151 1039 238 1069 Cath.
258 1037 389 1077 Casurgis
401 1059 408 1071 ,
433 1037 488 1066 five
499 1039 593 1076 Pragae
615 1038 644 1064 i'n
658 1036 789 1064 Bohemia
802 1056 808 1062 .
828 1034 951 1063 Bzoviiis
967 1031 1096 1058 Monum-
1108 1030 1194 1058 Iscoi.
1206 1050 1213 1057 -
1229 1031 1250 1058 F
1260 1032 1295 1059 R.
1308 1030 1387 1063 idest,
1399 1040 1522 1069 quercus,
1533 1030 1553 1059 1.
1563 1030 1583 1059 fi
1594 1029 1654 1070 quis
1665 1031 1791 1059 roborem
1806 1051 1812 1061 ,

150 1092 195 1109 ait·
219 1084 300 1117 ¹378.
330 1082 402 1108 Item
423 1078 586 1115 Praepofitus
606 1077 774 1116 Collegiatae
799 1076 933 1103 Pratensis
945 1095 952 1102 .

151 1123 299 1159 Congreg.
310 1122 368 1149 Rit.
386 1119 570 1149 17.-Novemb²
587 1126 669 1146 1601.
680 1119 753 1146 Item
766 1117 909 1148 Viiimtor,
921 1116 954 1144 fi-

148 1172 188 1190 ἶνα
199 1162 350 1190 Cori-ector
362 1159 515 1197 Hospitalis
527 1159 705 1197 Neapolitani
718 1178 724 1185 .
735 1158 835 1186 Eadem
844 1158 953 1194 Cot-igr.

153 1214 202 1238 29.
214 1202 281 1230 Maii
308 1209 390 1230 1621.
410 1203 482 1229 Itcm
493 1200 678 1237 Cappellanus
692 1198 776 1237 Regis
798 1199 951 1235 Norvegiae

145 1253 187 1271 rex
198 1240 372 1271 concessione
392 1243 484 1270 Clem.
497 1242 532 1269 V.
544 1250 606 1268 ann.
622 1251 671 1277 131
681 1251 705 1268 2.
726 1243 753 1267 δε
762 1238 954 1267 Thesaurarius

149 1284 236 1322 tegiae
249 1283 389 1321 Cappellae
401 1281 554 1311 Parisiensis
567 1292 597 1309 ex
611 1281 721 1308 indulto
735 1280 818 1309 Clem
842 1280 911 1307 VII.
922 1278 955 1306 ad

147 1324 312 1358 ,instantiam
320 1321 453 1351 Francisci
471 1322 558 1351 Primi
571 1322 723 1350 Galliarum
735 1320 819 1358 Regis
830 1341 836 1347 .
861 1323 900 1347 Ex
913 1329 952 1346 rc-

153 1365 260 1404 ligiofis
271 1374 337 1392 vero
348 1363 492 1393 Generalis
504 1360 703 1391 Monacliorum
714 1362 955 1395 Hieronymiano-

154 1415 218 1434 runi
227 1406 258 1432 in
269 1404 350 1433 Italia
361 1425 368 1431 .
392 1404 492 1432 Eadem
500 1404 612 1441 Congr-
629 1413 672 1437 ¹4·
684 1405 767 1431 Mart.
790 1412 797 1428 i
809 1411 842 1436 57
851 1412 858 1428 i
866 1421 873 1428 .
883 1402 955 1428 I'rae-

157 1447 259 1485 positus
273 1444 431 1473 Monasterii
443 1443 718 1473 Chotiescouvienlis
729 1462 735 1470 .
758 1441 858 1471 Eadem
879 1442 957 1469 Con-

155 1498 233 1526 greg.
250 1498 292 1515 ιι.
305 1487 384 1514 Mart.
402 1490 485 1513 1618.
498 1488 538 1513 Ac
550 1484 722 1514 Guardianus
733 1484 758 1512 S.
772 1481 913 1520 Sepulchri
927 1492 956 1509 in

156 1527 306 1566 Jerusalem
318 1525 524 1561 insolemnibus
535 1525 717 1553 functionibus
733 1544 739 1551 .
762 1525 834 1551 Item
845 1533 877 1550 ex
898 1524 956 1550 Lai-

157 1579 195 1597 cis
208 1567 367 1598 Uratislaus
386 1569 552 1595 Boemorum
562 1567 626 1594 Dux
639 1575 671 1593 ex
684 1562 858 1592 concessione
874 1563 955 1592 Alex.

160 1611 203 1639 II.
215 1620 288 1638 anno
304 1619 357 1637 100
364 1613 387 1636 8.
398 1608 547 1645 Nunquam
556 1605 676 1634 concefl'a
685 1606 771 1634 Laicis
779 1605 874 1636 mitra,
887 1613 915 1631 ut
928 1604 956 1631 in

158 1650 371 1679 confirmatione
391 1647 513 1683 ejusdem
532 1647 657 1674 indultia
674 1645 819 1674 successore
831 1643 958 1679 ejusdem

963 1587 966 1615 l

1010 1070 1044 1097 de
1055 1069 1157 1097 damno
1167 1091 1174 1102 ‚
1197 1073 1225 1099 ὅ(
1240 1070 1339 1105 injuria
1349 1091 1356 1098 .

967 1113 1109 1140 MoeciiiA
1120 1131 1127 1142 ,
1137 1106 1252 1148 μοιχεία
1265 1131 1272 1138 .
1294 1112 1350 1140 FR.
1363 1112 1528 1141 adulterium
1537 1133 1545 1145 ‚
1564 1123 1623 1140 can.
1635 1111 1792 1140 Meretrices
1805 1132 1813 1143 ,

1009 1161 1069 1178 can.
1082 1160 1140 1178 non
1150 1150 1328 1180 moechabei-is
1341 1174 1348 1184 ,
1359 1163 1407 1189 32.
1418 1163 1463 1191 qu.
1477 1162 1501 1188 ς.
1512 1164 1571 1180 caii.
1589 1163 1645 1181 non
1658 1151 1814 1181 moechabe-

1010 1192 1060 1224 ris,
1073 1191 1173 1235 ibidem
1183 1201 1228 1230 qu.
1241 1199 1267 1220 6.
1279 1194 1352 1221 Item
1365 1193 1583 1222 fornicationem
1593 1192 1814 1232 fignificat-Vide

1009 1242 1069 1260 can.
1081 1241 1172 1260 omnis
1184 1231 1302 1261 moechia
1314 1253 1321 1260 .
1344 1234 1451 1263 Ibidem
1464 1244 1509 1272 qu.
1521 1246 1548 1270 4.

970 1274 1114 1301 MOECi-ius
1126 1293 1133 1305 ‚
1144 1270 1240 1308 μοικδς
1250 1293 1256 1299 .
1269 1275 1326 1305 PR.
1339 1284 1440 1303 nomen
1451 1285 1573 1312 graecum
1586 1295 1594 1307 ,
1613 1275 1699 1303 latine
1709 1273 1815 1302 adulter

1011 1313 1116 1341 dicitur
1127 1334 1135 1345 ,
1145 1323 1203 1341 can.
1216 1313 1262 1351 qui
1275 1314 1372 1342 vident
1384 1335 1390 1341 .
1403 1325 1416 1352 3
1425 1326 1450 1343 z.
1463 1325 1508 1353 qu.
1524 1325 1548 1350 5.

971 1355 1236 1382 Mozcuosmonus
1252 1375 1259 1386 ,
1282 1351 1505 1393 Μοιχοσιαῖοδὶις,
1518 1355 1587 1384 idest
1598 1377 1606 1388 ‚
1624 1355 1746 1383 adultera
1767 1354 1815 1388 Sy-

1015 1394 1112 1426 nodus,
1125 1395 1216 1421 consta
1231 1403 1281 1431 pro
1291 1395 1427 1423 adulterio
1439 1395 1620 1424 Constantini
1633 1393 1814 1433 Copronymi

1010 1436 1189 1472 Imperatoris
1201 1434 1301 1462 Leonis
1312 1435 1419 1463 1V-filii
1431 1446 1492 1464 cum
1504 1435 1650 1464 Theodore-
1660 1439 1715 1472 ejus
1730 1437 1815 1462 famu<

1012 1476 1038 1503 la
1049 1496 1056 1507 ‚
1067 1485 1148 1513 quam
1158 1495 1166 1506 ‚
1178 1484 1241 1502 vera
1252 1485 1337 1503 uxore
1346 1476 1499 1512 repudiata,
1512 1477 1714 1514 imperatricem
1725 1476 1815 1503 decla-

1012 1526 1073 1544 rare
1086 1514 1244 1543 intendebat
1253 1535 1260 1542 .
1271 1517 1368 1543 Bai-on.
1381 1526 1444 1543 ann.
1457 1527 1525 1551 795.
1539 1525 1584 1543 nu.
1597 1527 1644 1550 42.
1654 1520 1681 1544 ὅ(
1692 1527 1738 1553 43.
1751 1526 1813 1553 pro-

1014 1566 1075 1594 pter
1084 1556 1159 1594 quod
1180 1556 1276 1583 oborta.
1285 1556 1323 1584 est
1336 1555 1494 1584 Moechiana
1512 1556 1619 1584 haerefis
1631 1577 1637 1588 ‚
1659 1555 1745 1588 idest,
1769 1556 1817 1583 de-

1015 1596 1154 1625 fensorum
1165 1596 1316 1634 imperialis
1329 1597 1458 1625 adulterii
1469 1617 1476 1624 .
1489 1597 1568 1626 Idem
1580 1599 1679 1625 Baron.
1690 1607 1733 1624 an.
1747 1600 1815 1631 809.

1015 1648 1042 1666 n.
1055 1642 1098 1666 28.
1110 1641 1137 1666 ὃ(
1146 1636 1222 1676 seqq.

159 1689 317 1721 Alexandri
336 1692 456 1727 Gregor.
470 1690 537 1717 VII.
558 1698 606 1725 per
625 1687 767 1725 epistolam
784 1685 874 1714 eidem
886 1681 1185 1713 DuchomTifico,
1209 1678 1367 1706 moestitiam
1384 1677 1485 1707 affero.
1506 1685 1517 1714 [
1539 1678 1703 1717 Accepimus
1726 1677 1818 1715 itaque

161 1732 294 1760 directam
307 1730 338 1758 fit
349 1739 473 1757 mentio.
497 1730 640 1757 Ceterum
654 1737 749 1756 omnes
758 1726 898 1755 Canonici
909 1735 959 1753 mi-

161 1773 226 1802 trati
239 1773 268 1801 in
278 1770 515 1801 distributionibus
526 1770 696 1797 candelarum
709 1790 715 1802 ‚
727 1768 850 1796 cinerum
864 1788 870 1798 .
882 1776 960 1804 atque

161 1815 311 1853 palmarum
323 1834 329 1844 ,
350 1812 413 1839 licet
425 1810 540 1839 habeant
551 1811 658 1838 mitram
670 1832 677 1842 ,
700 1809 800 1838 debent
815 1807 959 1835 nihilomi-

161 1865 211 1883 nus
221 1853 332 1893 surgere
343 1875 350 1886 ‚
360 1863 388 1880 ac
399 1851 465 1880 stare
478 1873 484 1883 ,
496 1852 528 1879 ad
538 1850 721 1880 differentiam
732 1847 870 1887 Episcoph
882 1857 962 1886 quein

162 1895 257 1924 sedere
267 1896 347 1924 decet
357 1912 364 1919 -
375 1894 430 1921 Sac.
440 1893 536 1930 Cong.
544 1891 635 1929 Episc-
651 1896 693 1919 18.
706 1890 765 1920 Feb.
780 1895 864 1924 16ςο-

119 1940 324 1969 ΜΙΤΤΕΝΤΕΞ·
351 1933 593 1963 VideLibellatici
606 1952 613 1959 .

123 1980 244 2006 Minio
257 2000 264 2011 ‚
276 1975 343 2016 quid
354 1973 487 2013 fignificat
498 1994 506 2000 .
530 1973 602 2001 Vide
611 1971 745 2010 Gafindus
756 1991 763 1998 .

125 2020 255 2047 Mixtum
269 2040 275 2050 ‚
286 2017 452 2045 matutinum
462 2014 630 2048 jentaculum
642 2024 648 2040 ε
662 2012 761 2040 dicitur
772 2011 965 2048 mixtum‚quia

165 2058 197 2086 in
216 2057 273 2086 sola
293 2057 344 2086 offa
357 2078 364 2089 ‚
388 2056 443 2083 sive
453 2056 590 2082 mixtione
602 2054 695 2092 panis,
715 2051 814 2080 &vini
834 2051 963 2079 consiste-

167 2098 212 2126 bat
222 2118 229 2126 .
242 2101 353 2133 [Frater
362 2096 586 2125 hebdomadarius
598 2092 841 2132 accipiatmixtum
855 2113 862 2123 ,
880 2091 966 2129 prius-

167 2148 250 2177 quam
269 2139 383 2176 incipiat
396 2138 486 2174 lcgere
498 2158 504 2169 ,
525 2146 559 2164 ne
572 2138 641 2163 lorte
652 2143 736 2173 grave
753 2132 786 2161 sit
798 2132 966 2167 eijejuniiim

166 2179 301 2208 sustinere
311 2199 318 2206 .
340 2180 375 2206 In
386 2177 512 2205 Nomast.
523 2174 698 2205 Cistercienfi
707 2183 775 2211 part.
793 2183 814 2200 i.
824 2182 880 2210 cap.
893 2175 964 2209 23.]
983 2168 1095 2197 Moooo
1106 2186 1112 2193 .
1127 2168 1182 2195 FR.
1195 2166 1228 2194 de
1237 2169 1305 2204 Gog

168 2219 221 2248 Sed
240 2228 367 2256 corrupte
378 2227 432 2245 tam
451 2218 480 2244 in
501 2216 743 2245 Benediffinorum
754 2213 846 2251 regula
857 2233 864 2244 ,
887 2222 967 2251 quam

167 2259 420 2291 Camaldulenlium
433 2259 548 2293 Mzstum
560 2257 664 2295 legitur
673 2276 681 2283 .

126 2305 272 2332 Mizmum
284 2321 291 2328 .
314 2299 387 2327 Vide
398 2297 532 2334 Imistlum
544 2317 551 2324 .

133 2345 208 2372 MNA
219 2363 226 2374 ,
243 2340 305 2370 Miz
315 2362 323 2374 ‚
333 2348 452 2367 moiietae
462 2337 575 2375 species,
593 2337 627 2365 de
636 2346 687 2374 qua
696 2335 822 2373 loquutus
832 2333 870 2362 est
880 2332 966 2361 Chri-

169 2383 224 2412 stus
234 2394 244 2413 5
265 2381 375 2422 quando
384 2379 455 2409 dixit
466 2388 482 2406 τ-
498 2384 510 2414 [
523 2378 633 2406 Vocatis
644 2385 733 2407 autem
745 2374 829 2404 servis
837 2373 890 2402 suis
900 2395 907 2406 ,
920 2374 966 2403 de-

1018 1719 1113 1747 vestrae
1125 1718 1262 1747 charitatis
1280 1719 1425 1756 epistolam
1439 1742 1445 1752 ‚
1466 1729 1526 1758 quae
1551 1719 1673 1747 nostrum
1687 1728 1720 1746 ex
1742 1727 1819 1756 parte

1018 1760 1153 1788 relevavit
1165 1780 1172 1791 ,
1186 1770 1219 1787 cx
1230 1769 1306 1797 parte
1319 1769 1385 1787 vei-o
1398 1760 1582 1788 moestificavit
1592 1759 1707 1788 exilium
1719 1778 1726 1785 .
1746 1759 1818 1785 Ver-

1022 1802 1054 1829 ba
1065 1800 1172 1836 Synodi
1182 1809 1212 1828 in
1223 1800 1349 1838 operibus
1361 1800 1450 1828 San-{ti
1471 1800 1610 1840 Fiilgentii
1623 1799 1722 1828 inserta.
1732 1799 1762 1826 in
1773 1798 1817 1826 tit.

1019 1842 1053 1869 de
1065 1850 1181 1870 veritate
1190 1840 1367 1879 pra-destinat
1378 1861 1385 1868 .
1522 1843 1527 1846 ’

979 1882 1156 1910 MooiiAcivs
1169 1903 1175 1913 ,
1189 1891 1277 1910 mutus
1287 1903 1295 1914 ,
1315 1891 1348 1909 ex
1358 1891 1451 1919 graeco
1469 1878 1632 1918 μογιλάλος
1641 1901 1649 1913 ,
1671 1878 1745 1918 quod
1757 1887 1818 1916 pro-

1021 1933 1079 1962 prie
1089 1923 1284 1951 balbutientem
1298 1921 1453 1960 significan
1477 1920 1523 1949 sed
1542 1922 1579 1950 D.
1589 1921 1747 1958 Cyprianus
1767 1928 1815 1956 pro

1020 1973 1098 1992 muto
1108 1962 1265 2001 tisurpavit;
1290 1962 1323 1990 sic
1336 1962 1409 1990 enim
1421 1962 1453 1990 ad
1466 1964 1538 1990 Fort.
1549 1962 1583 1989 de
1595 1961 1818 1989 exhorta-Mart.

1020 2014 1079 2042 cap.
1094 2015 1135 2032 io.
1147 2004 1255 2041 inquit:
1269 2009 1280 2037 [
1294 2003 1349 2038 Qui
1362 2002 1425 2030 fecit
1438 2003 1598 2041 mogilalum
1612 2022 1622 2038 ‚
1636 2005 1663 2030 ὃς
1682 2000 1792 2028 surdum
1805 2000 1816 2028 ]

1024 2055 1108 2083 quare
1118 2043 1240 2080 ejusdem
1251 2043 1400 2082 pervetusti
1410 2043 1531 2072 Codices
1542 2041 1707 2071 Veronensis
1721 2062 1727 2072 ,
1745 2039 1820 2067 scili-

1021 2096 1064 2113 cet
1077 2107 1084 2118 ‚
1096 2089 1124 2113 ὃ(
1133 2087 1342 2113 Beneventanus
1352 2083 1454 2112 habent
1466 2104 1475 2119 ,
1490 2089 1501 2118 [
1515 2084 1570 2119 Qui
1581 2083 1645 2111 secit
1658 2091 1762 2109 mutum
1775 2101 1782 2112 ,
1792 2083 1819 2108 ὅ(

1025 2126 1134 2154 surdum
1145 2145 1152 2153 .
1459 2127 1462 2129 ’

1314 2187 1322 2198 ,
1333 2169 1359 2194 δε
1372 2167 1479 2204 Mogog
1496 2162 1652 2202 regionibus
1664 2163 1695 2190 in
1705 2159 1819 2195 Scythia

1025 2218 1082 2236 non
1093 2217 1154 2235 raro
1164 2206 1193 2234 iii
1205 2206 1254 2234 sac.
1266 2206 1366 2245 Pagina
1377 2227 1383 2234 .
1394 2204 1530 2244 Josephus
1542 2204 1626 2232 Hebr.
1639 2204 1683 2232 lib.
1699 2213 1721 2230 i.
1733 2200 1817 2237 antiq.

1023 2258 1045 2276 c.
1060 2258 1085 2279 7.
1096 2248 1134 2275 ait
1147 2269 1154 2279 ,
1166 2247 1240 2285 quod
1250 2257 1263 2274 a
1274 2248 1383 2285 Mogog
1393 2267 1401 2279 ‚
1423 2255 1469 2284 qui
1481 2245 1533 2275 fuit
1544 2255 1610 2272 unus
1620 2255 1652 2272 ex
1663 2240 1775 2280 Japheti
1788 2240 1825 2269 fi-.

1022 2289 1066 2316 liis
1076 2309 1085 2321 ,
1105 2289 1234 2326 Mogogoe
1246 2288 1284 2315 ita
1294 2287 1465 2315 denominati
1478 2285 1552 2314 fuere
1563 2306 1570 2313 .
1590 2286 1616 2313 S.
1628 2284 1819 2315 Hieronymus

1023 2329 1130 2366 inquit:
1153 2328 1267 2366 [Judaei
1280 2349 1286 2359 ‚
1308 2332 1335 2356 δ(
1354 2327 1438 2355 nostri
1450 2326 1617 2360 judaizantes
1635 2331 1732 2361 putant
1752 2323 1819 2359 Gog

1023 2379 1119 2409 gentes
1130 2368 1180 2397 effe
1200 2367 1334 2402 scythicas
1346 2389 1354 2401 ‚
1374 2368 1504 2395 immanes
1515 2387 1522 2399 ‚
1541 2368 1567 2393 ἃ
1586 2361 1797 2392 innumerabiles
1808 2382 1816 2393 ,

1716 2412 1750 2441 qk!
1755 2411 1774 2431 «ἕ
