1866 2526
413 44 523 88 VE

66 120 179 142 tonatur
189 104 342 146 antiphona
350 113 451 144 preter
460 103 658 133 Celebrantem
668 115 675 131 :
699 101 803 142 pei-affl
814 107 859 127 nu-

69 156 184 189 temjam
195 146 341 188 psalmodia
353 167 362 178 ,
380 146 498 181 Acolyti
517 152 579 172 cum
587 143 702 188 accensis
712 141 859 172 luminibus

68 193 198 223 accedunt-
205 188 239 217 ad
248 186 444 216 Celebrantern
455 208 463 219 ,
483 185 530 224 qni
538 184 639 220 junstis
649 185 770 214 mnibus
781 190 859 213 tanet

915 108 958 129 ter
967 92 1132 130 vestibulum
1141 121 1152 138 ,
1169 103 1197 130 ὃς
1209 37 1326 129 XareE
1322 96 1467 135 plorabunt
1478 54 1708 131 &cerdici-{313-

917 140 995 171 zech.
1003 151 1061 180 cap.
1074 145 1098 169 8.
1122 142 1168 170 Dc
1177 137 1380 180 significatione
1391 137 1468 174 hujus
1479 141 1603 171 vocabuli
1626 142 1712 181 profi-

914 192 949 212 xe
958 182 1066 212 Gellius
1076 203 1084 215 ‚
1105 182 1154 210 lib.
1170 187 1213 210 16.
1223 188 1280 218 cap.
1293 187 1317 216 ς.

67 231 215 272 capitulum
226 239 233 260 ;
255 227 357 256 deinde
367 236 436 255 unus
445 237 478 255 ex
490 224 681 256 Affistemibus
690 224 818 265 suggeret
829 224 859 252 il·
876 223 1042 253 Vesticm
1053 244 1060 256 ‚
1083 221 1130 261 qui
1140 222 1217 251 indui
1230 220 1328 259 incipit
1340 240 1347 247 .
1370 218 1478 256 [Obiit
1489 222 1564 250 verbi
1573 222 1660 261 gratia
1669 222 1714 251 in·
1732 250 1736 253 ,

67 275 89 303 li
107 269 312 301 intonationem
334 268 434 302 hymni
445 287 452 295 .
474 268 509 296 ln
520 267 654 305 Cappella
670 272 761 296 tsmen
771 265 859 304 papali

65 312 167 344 iamim
178 309 306 349 praedida
318 319 374 337 non
385 307 573 336 accenduntur
582 307 616 336 nd
626 307 776 345 capitulum
785 328 793 340 ‚
813 315 860 344 pu-

64 363 90 383 ta
99 352 160 392 qnia
171 349 275 380 sortdsle
287 349 315 377 id
327 358 341 378 a
351 348 515 378 Cantorein
526 347 626 377 Choro
642 347 749 376 canitur
758 367 765 375 .
785 347 812 376 Si
832 346 860 373 111

65 393 205 434 principio
225 390 324 426 hymni
345 391 491 418 invocetur
508 398 613 417 nomen
633 388 689 417 Dei
702 408 710 420 ‚
733 388 778 417 vel
798 384 860 425 Jesu

63 433 172 464 Christi
185 454 192 466 ‚
214 441 280 459 tunc
291 430 441 460 celebrans
459 429 538 458 debet
555 429 690 458 extollere
702 437 793 457 manus
807 449 814 460 ‚
832 430 859 454 ὅ(

919 263 978 292 sans
988 263 1152 293 submiserunt
1165 263 1302 294 fontibus,
1327 270 1390 300 puta
1412 270 1483 289 nunc
1505 263 1714 300 puerinvessis,

916 314 980 343 puta
999 303 1131 343 vesticeps
1143 325 1150 332 .
1171 303 1288 334 Tertull.
1311 303 1346 331 de
1355 301 1466 334 anima,
1486 312 1543 342 cap.
1558 304 1630 335 ⁶6.]
1655 304 1714 332 FR.

917 347 1038 384 Vesticeps
1061 344 1132 382 apud
1141 345 1254 374 Latinos
1265 343 1347 382 puber
1366 342 1478 381 proprie
1489 342 1715 383 intelligebatur.

917 386 990 415 Vide
1010 386 1155 419 Gellium,
1177 385 1223 414 lib.
1245 394 1270 420 ς.
1288 393 1345 422 cap.
1371 392 1415 418 ¹9·
1435 386 1510 419 cujus
1519 383 1620 419 synon.
1641 382 1716 414 Vide

915 429 1031 464 Investis
1042 447 1049 454 .
1586 442 1588 444 v

62 478 176 513 jungere
187 494 195 506 ‚
212 479 344 510 caputque
357 470 447 500 versus
458 471 551 499 Altare
561 469 695 498 inclinare
704 489 712 496 .
731 468 794 497 1²0st
803 467 856 502 hy·
877 468 988 497 vesus
999 489 1006 495 .
1019 469 1076 496 PR.
1087 465 1192 505 virgata
1204 488 1211 498 ,
1236 465 1280 494 vel
1291 464 1389 503 psrtita
1401 487 1409 498 ‚
1431 464 1508 493 rubea
1520 486 1527 497 ,
1553 464 1649 494 viridis
1661 488 1667 498 ,
1680 468 1709 494 δι

65 523 160 543 ninum
172 534 179 545 ,
204 516 232 542 δ(
246 513 278 541 ab
288 510 479 541 Affistentibus
489 508 627 549 persoluto
638 509 782 541 versiculo,
791 517 859 536 unus

63 566 98 585 ex
118 554 220 583 eisdem
230 552 392 582 Celebranti
410 550 606 590 praeintonabit
623 548 805 587 antiphonam
816 548 856 576 .a‹l

66 594 225 634 Magnifica
234 615 242 626 ‚
259 603 318 632 quae
329 593 394 621 dum
403 593 433 620 in
443 590 543 621 Choro
553 590 658 619 canitur
670 611 678 622 ‚
687 588 792 618 sedebit
802 589 857 617 Ce-

64 637 168 664 lebrans
176 642 240 663 cum
247 634 374 662 omnibus
382 631 521 661 Choristis
531 653 540 664 ‚
563 633 591 660 &
609 629 724 669 surgent
734 629 837 658 deinde
849 651 856 662 ‚

62 676 174 715 quzndo
185 674 299 712 incipiet
309 672 487 712 Magnificam
510 677 629 709 tuncque
639 671 789 700 Celebrans
799 679 857 698 mu-

62 718 143 745 niens
153 715 180 744 se
193 715 270 754 signo
280 715 378 743 Crucis
387 713 460 741 testo
470 711 558 750 capite
569 711 689 750 praestita
697 710 798 741 Choro
816 722 855 739 re-

60 755 186 785 verentia
195 773 207 791 ,
227 754 278 782 ibit
287 753 320 782 ad
332 752 508 782 intesandum
517 753 613 782 Altere
623 774 631 785 ‚
653 752 728 791 quod
747 752 765 781 si
777 752 856 780 stallo

61 795 234 827 Celebrantis
243 794 297 823 erit
309 794 497 834 propinquum
510 815 517 826 ,
541 803 606 821 tune
626 802 683 821 non
704 792 758 821 erit
769 803 836 831 opus
847 814 853 825 ,

59 847 89 866 ut
99 836 171 865 testo
179 835 272 874 capite
283 836 316 864 :id
328 834 397 863 illud
407 834 616 872 approximetur
626 853 632 860 .
654 832 749 862 Primo
765 842 855 862 autem

59 875 194 905 osculatur
210 885 271 903 cum
287 874 467 904 assistentibus
487 874 584 903 Altare
595 896 603 907 ,
626 873 717 912 posteri
738 883 854 912 vergens

58 917 260 956 aliquantulum
271 915 362 945 versus
372 925 458 943 cornu
468 915 598 953 Epistolae
608 922 696 952 ponet
714 913 854 943 incensum

60 958 91 985 in
102 957 244 986 thuribulo
255 978 263 989 ,
285 959 313 985 δι
324 954 474 984 incensabit
486 956 582 984 Altare
593 975 600 982 .
618 957 716 984 Romae
729 965 798 983 vero
809 955 854 983 ob-

59 997 182 1026 servatur
191 997 265 1034 prius
277 996 434 1024 thurificare
443 997 557 1029 Altare,
581 995 626 1024 ubi
645 995 793 1025 asservatur
803 999 851 1024 Eu-

61 1037 194 1066 cliaristiz
207 1037 413 1065 Sacramentum
424 1057 431 1064 .
454 1037 518 1065 Post
528 1036 632 1066 Altaris
642 1057 650 1068 ,
661 1036 706 1065 vel
717 1036 852 1065 Altarium

62 1076 279 1106 incensationem
290 1099 297 1111 ‚
319 1076 420 1106 redibit
429 1077 462 1105 ad
471 1080 527 1113 ejus
537 1077 626 1105 locum
637 1097 644 1110 ,
669 1080 695 1105 δε
705 1076 735 1104 ab
746 1087 802 1105 uno
819 1087 851 1105 ex

61 1117 254 1148 Affistentibus
276 1117 379 1157 triplici
402 1118 484 1146 ductu
507 1116 691 1146 incensabitur
713 1127 722 1148 5
751 1117 852 1146 deinde

57 1158 260 1188 'Ihuriferzrius
277 1157 428 1187 incensabit
445 1157 576 1187 Chorum
587 1180 595 1191 ‚
618 1161 646 1187 ὅ(
664 1157 796 1196 populum
812 1157 851 1186 sc-

57 1199 176 1228 cundum
187 1198 308 1238 regionis
317 1197 544 1228 consuetudinem
553 1219 560 1227 .
585 1198 700 1234 Quando
719 1198 773 1226 erit
782 1208 851 1227 tem-

20 1250 23 1253 *
59 1250 106 1278 pus
117 1240 228 1268 dicendi
240 1240 405 1272 orationem,
414 1240 547 1275 ,accedent
557 1239 614 1268 duo
625 1238 741 1274 Acolyti
753 1239 787 1267 :id
797 1240 851 1268 Ce-

58 1281 208 1309 lebrantem
217 1289 277 1308 cum
289 1280 436 1308 luminibus
445 1280 561 1309 accensis
573 1301 581 1313 ‚
603 1280 650 1318 qui
661 1279 802 1318 proferens
824 1279 852 1307 111

59 1320 114 1349 fine
123 1320 258 1348 fidelium
269 1320 368 1349 animae
379 1324 431 1349 &c.
454 1320 580 1348 extendit
597 1329 707 1348 manum
730 1319 758 1347 in
769 1330 830 1348 aere
843 1341 851 1352 ,

60 1360 206 1389 formando
217 1361 241 1389 S.
253 1361 352 1390 Crucis
362 1361 470 1400 signum
481 1372 488 1392 ;
510 1361 639 1390 accedens
652 1370 741 1390 tamen
758 1361 791 1389 ad
803 1361 853 1389 Α1-

58 1410 132 1433 tare,
157 1401 230 1440 prius
239 1400 345 1439 signum
356 1401 518 1429 reverentiae
538 1400 670 1439 przebebit
681 1401 715 1429 iis
726 1421 733 1433 ,
755 1401 802 1439 qui
825 1401 854 1428 in

58 1440 158 1470 choro
168 1451 200 1470 ex
214 1451 290 1479 parte
300 1441 430 1479 Epistolae
442 1441 526 1469 astant
539 1462 548 1473 ,
558 1444 586 1468 δε
597 1440 700 1469 deinde
711 1441 770 1470 aliis
781 1463 788 1474 ‚
807 1442 854 1480 qui

57 1491 91 1509 ex
104 1489 180 1517 parte
190 1481 334 1519 Evangelii
346 1501 354 1513 ‚
377 1481 487 1509 tandem
507 1480 597 1510 Alteri
619 1481 690 1509 idem
703 1480 798 1514 faciet,
821 1492 854 1513 ex

57 1530 113 1559 quo
123 1529 261 1548 revertens
281 1521 355 1558 prius
372 1520 485 1549 eandem
495 1522 680 1550 reverentiam
691 1522 783 1550 Altari
803 1531 855 1550 rei-

58 1571 147 1594 terat,
170 1560 272 1589 deinde
284 1560 317 1588 iis
326 1583 334 1594 ‚
353 1560 400 1600 qui
413 1560 514 1590 suntin
523 1561 623 1590 Choro
634 1572 667 1590 ex
679 1571 754 1601 parte
763 1566 853 1591 Evan-

58 1601 126 1640 gelii
137 1622 146 1634 ,
169 1604 196 1630 δι
207 1601 307 1629 ultimo
318 1602 350 1629 iis
360 1623 368 1634 ,
379 1602 471 1640 quiex
483 1611 558 1640 parte
567 1602 695 1640 Epistolae
710 1624 717 1635 ‚
738 1603 780 1630 cui
794 1613 854 1631 orn-

57 1651 105 1670 nes
116 1641 212 1679 capitis
222 1641 404 1670 inclinatione
413 1641 630 1681 correspondent
640 1654 649 1673 5
659 1647 687 1672 ὃ(
699 1643 852 1681 expostam,

55 1691 86 1711 ut
104 1682 239 1720 precedat
249 1682 349 1711 Clerus
358 1705 366 1716 ,
387 1682 485 1712 eodem
504 1683 604 1712 ordine
612 1705 621 1716 ‚
644 1693 700 1722 quo
721 1693 832 1712 venerat
845 1705 852 1717 ‚

57 1721 196 1751 associatus
208 1743 216 1756 ‚
240 1723 344 1751 recedit
360 1744 368 1756 ,
395 1723 428 1752 :ed
437 1723 589 1752 Sacristiam
609 1746 617 1757 ,
639 1724 683 1752 ubi
704 1733 799 1753 omnes
821 1735 854 1753 ex

57 1772 173 1801 utroque
189 1763 274 1791 latere
293 1763 409 1792 astantes
428 1763 530 1792 iterum
541 1764 738 1793 Celebrantem
757 1765 854 1802 capitis

57 1803 216 1831 reverentia
227 1802 368 1832 honorant
378 1825 386 1836 ‚
396 1803 491 1842 &ipse
499 1803 586 1842 capite
598 1804 800 1843 aliquantulum
812 1805 854 1834 in-

60 1843 167 1871 clinato
184 1842 218 1870 ad
227 1843 318 1872 locum
327 1844 494 1873 destinatum
514 1843 692 1883 spoliationis
711 1845 835 1874 transibit
848 1866 854 1873 .

58 1889 134 1912 Hora
144 1882 264 1919 incenfi,
287 1888 314 1912 δε
333 1886 548 1921 Amesomnum
565 1885 696 1914 dicuntur·
707 1884 835 1923 Vesperae
847 1906 854 1913 .

57 1923 131 1951 Vide
142 1923 356 1960 Completorium
366 1943 373 1950 .
393 1924 520 1963 Vesperae
541 1935 602 1953 cum
612 1925 744 1955 Laudibus
754 1924 855 1954 habent

56 1964 203 1992 maximam
223 1964 393 2001 parilitatem
405 1984 412 1992 .
435 1966 509 1994 Vide
525 1967 630 1995 Laudes
643 1986 650 1994 .
672 1967 716 1994 De
727 1966 856 2005 Magnifi-

55 2014 98 2032 cat
110 2002 292 2041 Vesperarum
302 2004 413 2033 cantico
422 2024 430 2032 .
455 2006 527 2034 Vide
540 2009 695 2035 Canticum
704 2025 711 2033 .

14 2047 195 2075 stnmun
205 2064 214 2076 ‚
236 2044 303 2072 olim
314 2044 448 2073 Prioriss‘ae
459 2065 466 2073 .
487 2046 562 2076 Vide
572 2049 746 2084 Primigenia
756 2065 764 2074 .

914 508 1026 537 alterius
1044 507 1146 536 coloris
1157 506 1350 535 Ecclesiasticis
1370 505 1509 544 prohibita
1529 505 1558 534 in
1571 507 1712 535 Clement.

914 548 948 576 dc
958 549 1015 577 vita
1027 570 1034 581 ,
1056 551 1083 577 3<
1094 547 1200 576 honest.
1212 547 1350 577 Clericor.
1365 548 1455 576 Vestis
1464 556 1597 585 purpurea
1607 567 1614 575 .
1638 547 1713 575 Vide

914 591 1030 626 Crustu.
1052 591 1174 627 Purpura
1187 609 1194 616 .
1219 587 1343 617 Vestium
1363 589 1440 617 color
1450 587 1596 616 Clericalis
1607 608 1614 615 .
1638 586 1713 615 Vide

914 630 1040 659 Clericus
1050 649 1057 657 .
1077 632 1235 666 Epitogium
1244 649 1250 656 .
1265 628 1358 657 Vestes
1369 628 1527 668 prelatitiae
1537 648 1543 655 .
1566 627 1639 657 Vide
1651 632 1714 655 Bar·

913 681 959 699 rus
971 691 978 698 .
1003 671 1151 700 Rochetum
1167 690 1174 697 .
1193 672 1338 707 Episcopus
1349 689 1356 697 .
1381 675 1456 707 Papa
1465 691 1472 697 .
1498 669 1592 698 Vestes
1613 667 1713 698 Cadi-

911 711 1018 740 mlitiae
1030 730 1037 738 .
1059 710 1133 739 Vide
1144 710 1308 738 Cardinalis
1319 731 1326 738 .
1337 709 1534 739 Patriarchales
1543 730 1550 737 .
1575 709 1647 738 Vide
1659 713 1714 737 Ca-

911 752 1014 780 milabo
1023 771 1031 778 .
1054 749 1264 790 Religiosorum
1283 771 1290 778 .
1308 751 1382 780 Vide
1402 751 1552 788 Reltgiofus
1561 770 1568 777 .
1593 749 1707 782 Vestes,

911 795 938 821 δε
960 792 1123 821 indumenta
1132 791 1204 820 sacra
1218 813 1224 818 .
1248 790 1321 820 Vide
1332 791 1423 820 Alba.
1446 794 1595 820 Amtstus.
1619 794 1711 820 Arma

905 833 1112 871 sacerdotalia.
1136 838 1230 871 Cappa
1239 852 1246 859 .
1271 833 1415 867 Cnsubula
1425 852 1431 859 .
1455 832 1563 868 Casula
1573 851 1580 858 .
1604 831 1710 859 cheru-

911 874 985 902 bim.
1008 874 1176 911 Cmgulum.
1201 873 1341 901 Calabrum
1359 892 1366 899 .
1389 872 1556 901 Dalmatica
1568 891 1576 899 .
1599 872 1690 908 Ephori
1702 889 1711 897 .

911 917 1089 952 Epigonnrion
1102 934 1109 941 .
1132 912 1578 952 Epimanicion.Epitrachelion..
1600 912 1713 948 Efopho-

910 958 986 983 rium
1005 974 1012 981 .
1035 955 1208 984 Gammadia
1228 974 1235 981 .
1259 955 1470 992 Hypocamisum
1499 974 1506 981 .
1529 953 1693 990 Manipulus
1702 971 1710 980 .

908 995 1015 1024 Penula
1025 1014 1032 1022 .
1053 995 1236 1024 The-tomum.
1260 995 1382 1023 Planeta
1392 1015 1398 1022 .
1420 995 1640 1030 Polystaun'um.
1660 997 1713 1022 Ro-

907 1035 1036 1063 chetum.
1059 1036 1197 1064 Sandalia
1208 1055 1214 1062 .
1237 1035 1411 1064 Stia-barium
1434 1055 1440 1061 .
1464 1032 1690 1071 superhumerale
1701 1053 1709 1060 .

907 1075 1134 1113 Superpelliteum
1144 1097 1150 1103 .
1172 1078 1285 1105 Tunica
1295 1095 1302 1102 .
1323 1075 1472 1104 Tunicella
1483 1095 1489 1102 .
1513 1074 1613 1111 Quales
1623 1072 1711 1101 vestes

905 1115 985 1145 [τετε
998 1116 1097 1144 debent
1107 1126 1185 1145 cruce
1195 1115 1294 1154 signari
1306 1135 1313 1142 .
1338 1115 1411 1144 Vide
1421 1119 1500 1143 Crux
1510 1135 1517 1142 .
1529 1115 1571 1149 tn.-
1583 1115 1711 1143 Contro-

907 1156 1026 1185 vertitur
1039 1156 1112 1185 inter
1126 1157 1277 1189 Αυὲὶοτες,
1300 1165 1393 1184 utrum
1415 1157 1444 1184 in
1464 1155 1608 1194 primitiva
1619 1155 1712 1184 Eccle-

906 1197 940 1226 sia
955 1196 1082 1235 Apostoli
1093 1197 1130 1226 usi
1141 1196 1225 1226 ess'ent
1235 1196 1353 1225 vestibus
1371 1195 1451 1225 sacris
1475 1196 1504 1223 in
1526 1195 1711 1224 celebratione

907 1236 1049 1267 Miss'arum
1060 1258 1066 1264 .
1091 1238 1176 1266 Multi
1195 1236 1392 1266 convenientia
1403 1259 1411 1270 ‚
1435 1240 1462 1265 δι
1482 1235 1609 1265 sacrificii
1630 1239 1713 1272 maje-

907 1279 972 1306 state
983 1277 1052 1306 rrioti
1064 1300 1071 1310 ,
1090 1277 1285 1307 affirmativam
1298 1278 1464 1317 opinionem
1475 1275 1628 1316 sequuntur
1639 1299 1646 1310 ‚
1659 1277 1710 1306 do-

907 1329 998 1347 centes
1007 1317 1149 1347 celebrasse
1161 1318 1313 1356 Aposto²os
1327 1319 1439 1347 colobio
1451 1318 1561 1346 indutos
1573 1339 1579 1344 .
1594 1319 1636 1346 Ita
1645 1315 1712 1346 scri-

906 1359 945 1387 bit
958 1360 1043 1397 Hugo
1053 1370 1066 1387 a
1079 1360 1103 1387 S.
1118 1359 1230 1387 Viftore
1242 1381 1249 1391 ‚
1272 1359 1310 1388 lib
1333 1371 1358 1388 ι.
1369 1359 1403 1387 de
1413 1357 1480 1387 sacr.
1494 1368 1550 1397 par.
1562 1370 1588 1393 4.
1598 1368 1707 1396 cap-13.

912 1401 953 1428 Ac
966 1398 1085 1428 Thomas
1099 1399 1241 1428 Valdcnsis
1252 1421 1260 1432 ‚
1284 1410 1352 1429 tom.
1364 1411 1390 1437 3.
1414 1410 1436 1427 c.
1449 1409 1580 1435 ιρι-1111111.
1599 1409 1640 1436 ¹3·
1663 1399 1711 1437 qui

912 1449 1020 1469 textum
1033 1441 1166 1468 Ac‘iorum
1177 1441 1203 1468 S.
1215 1440 1351 1474 sylvestri
1363 1442 1442 1477 Papae
1454 1439 1530 1468 affert
1541 1460 1548 1472 ,
1572 1439 1602 1467 in
1614 1449 1669 1476 quo
1679 1439 1712 1467 fit

908 1481 1015 1508 mentio
1030 1502 1037 1513 ,
1069 1481 1143 1519 quod
1166 1479 1331 1518 Euphronius
1359 1478 1532 1518 Pamphyliae
1563 1478 1711 1517 Episcopus

907 1520 1129 1549 candidissimum
1148 1521 1285 1549 colobium
1316 1521 1345 1549 in
1368 1520 1552 1549 celebratione
1570 1519 1713 1548 Miffiirum

910 1560 1072 1589 adhibuisset
1084 1583 1090 1594 ,
1113 1572 1168 1600 quo
1188 1560 1248 1589 usus
1268 1561 1352 1589 fuerit
1370 1563 1394 1590 S.
1407 1561 1520 1598 Jacobus
1543 1560 1712 1598 Apostolus.

909 1602 1033 1630 Habetur
1053 1602 1135 1630 ctiam
1146 1623 1152 1635 ,
1175 1602 1249 1640 quod
1258 1602 1427 1631 Theodotius
1437 1599 1710 1635 Hierosolymimnus

910 1641 1058 1680 Episcopus
1069 1640 1152 1681 usquc
1161 1642 1194 1670 ad
1206 1653 1307 1670 annum
1322 1648 1385 1674 870.
1396 1642 1482 1670 vestes
1494 1640 1574 1669 sitris
1586 1663 1593 1674 ,
1612 1641 1709 1679 quibus

908 1681 968 1710 usus
989 1683 1028 1711 est
1050 1682 1123 1711 idem
1145 1683 1293 1720 Apostolus
1305 1705 1312 1715 ‚
1334 1681 1516 1711 conservali'ct
1529 1703 1536 1714 ,
1559 1692 1588 1710 ac
1611 1683 1710 1710 sancto

908 1723 1023 1761 Ignatio
1034 1723 1349 1762 Constantinopolitano
1360 1722 1525 1753 Μετίου-(112
1537 1727 1548 1755 (
1561 1732 1590 1750 ut
1602 1722 1633 1750 in
1644 1720 1714 1758 ejus.

909 1764 974 1791 dem
984 1763 1097 1793 Astibus
1107 1764 1234 1802 legitur)
1256 1764 1333 1792 dono
1351 1763 1433 1792 misl'ae
1446 1762 1554 1792 fuifl'ent
1567 1783 1574 1790 .
1592 1761 1711 1800 Insuper

909 1804 1180 1841 JoannesssDiaconus
1191 1804 1219 1832 in
1232 1805 1296 1832 Vita
1307 1806 1333 1833 S.
1345 1804 1477 1843 Gregorii
1490 1804 1584 1842 Magni
1595 1802 1689 1831 scribit
1700 1824 1708 1835 ,

910 1845 988 1882 quod
997 1844 1229 1873 eideanontifici
1242 1844 1343 1873 fuerint
1353 1845 1463 1873 donata:
1487 1845 1574 1872 vestes
1586 1865 1593 1876 ,
1616 1844 1711 1881 quibus

911 1886 1020 1913 Sanetus
1031 1885 1206 1923 Evangelista
1215 1886 1337 1922 Joannes
1355 1885 1488 1913 celebrare
1510 1882 1690 1912 consueverat
1701 1903 1710 1912 .

912 1926 989 1954 Hinc
1000 1924 1096 1953 frustra
1115 1925 1144 1952 in
1156 1924 1319 1953 Catholicos
1338 1925 1434 1952 latrant
1447 1926 1624 1954 Novatoresz
1649 1933 1712 1952 nam

910 1976 987 1994 more
997 1968 1131 2001 majorum
1139 1963 1217 1993 sacris
1230 1965 1347 1994 vestibus
1368 1966 1397 1994 in
1406 1965 1513 1994 divinis
1525 1965 1710 1994 functionibus

911 2015 1015 2035 utimur
1024 2026 1031 2033 .

870 2048 1025 2076 Vesrrroit
1036 2066 1043 2073 .
1066 2045 1142 2074 Vide
1163 2047 1323 2083 Vestiarium
1334 2066 1341 2074 .

15 2088 42 2114 V
46 2094 201 2114 εςτιωυυε
212 2104 218 2111 .
243 2084 317 2114 Vide
327 2086 494 2123 Canstrifius
504 2107 511 2115 .
533 2088 765 2122 Prorovestiaerins
779 2107 788 2115 .
810 2092 854 2116 Ve-
870 2089 1011 2117 struim
1024 2108 1031 2115 .
1057 2087 1114 2115 PR.
1127 2087 1264 2115 Arborum
1274 2086 1373 2115 fruetus
1383 2108 1391 2120 ‚
1414 2096 1448 2115 eo
1458 2085 1534 2126 quod
1544 2096 1586 2116 eas
1595 2095 1708 2119 ornent,

45 2128 181 2163 stiarium
192 2145 200 2152 .

13 2166 212 2194 vzsnmuun
223 2185 232 2198 ,
255 2165 298 2194 ubi
310 2165 394 2195 vestes
404 2166 483 2196 ἴασι-ε
495 2166 695 2196 conservantur
705 2189 713 2201 ‚
723 2167 798 2206 quod
806 2173 854 2197 Sa-

907 2131 936 2157 &
953 2127 1090 2160 vestiant,
1114 2126 1152 2155 ita
1171 2127 1256 2165 aliqui
1275 2127 1452 2156 existimant.
1475 2127 1527 2156 Sed
1546 2137 1636 2166 potius
1657 2138 1710 2165 ego

909 2178 977 2207 puto
988 2179 1002 2196 a
1013 2168 1139 2205 Vescendo
1148 2167 1286 2200 derivari,
1309 2167 1375 2196 ficut
1385 2178 1398 2196 a
1408 2168 1492 2205 Pasco
1503 2190 1508 2201 ,
1521 2169 1638 2205 Pastura
1650 2189 1655 2199 ,
1680 2171 1708 2196 δε

54 2207 151 2242 cnstia
158 2205 244 2234 hodie
255 2206 358 2235 dicitur
368 2228 377 2240 ‚
396 2211 423 2236 &
433 2207 547 2237 sacrista
555 2209 703 2245 Vestiam:
714 2227 722 2236 .
744 2209 816 2237 Item
825 2212 852 2237 &
908 2210 943 2239 fic
953 2209 1058 2238 barbare
1068 2219 1081 2235 :t
1091 2208 1218 2244 Vescendo
1229 2229 1236 2239 ,
1258 2209 1363 2244 Vestam
1376 2208 1431 2238 dici
1445 2228 1452 2236 .
1478 2213 1490 2243 [
1502 2207 1708 2246 Inquirendum

53 2247 162 2283 Vestitor
173 2267 182 2278 ,
205 2256 235 2274 ut
247 2246 276 2275 in
287 2247 406 2285 quodam
415 2250 453 2276 M.
463 2248 488 2277 S.
507 2248 551 2277 ubi
564 2248 598 2276 de
609 2247 794 2278 translatione
810 2259 851 2278 re-

52 2287 200 2324 liquiarum
210 2287 235 2315 S.
246 2288 291 2325 Jo.
302 2288 328 2316 C
331 2286 497 2323 hrysostomi
507 2289 598 2328 agitur
607 2299 615 2320 ς
635 2288 673 2317 ibi
683 2289 758 2317 enim
767 2289 802 2319 sic
813 2290 851 2319 le-

50 2326 144 2366 gitur:
169 2333 181 2363 [
193 2329 222 2356 B.
235 2327 350 2357 Cosmas
362 2328 506 2357 Vestitor.

10 2366 205 2400 Vesneutzm
215 2388 222 2396 .
247 2370 305 2400 FR.
316 2368 415 2400 atrium
426 2390 435 2405 ‚
447 2369 578 2409 ingreffiis
585 2391 595 2406 ,
605 2368 738 2410 introitus
746 2390 754 2399 .
777 2371 850 2408 [In-

908 2250 946 2278 est
957 2259 1040 2278 etiam
1049 2271 1056 2282 ,
1076 2257 1209 2287 quantum
1220 2249 1326 2277 vesturii
1337 2247 1480 2279 hoscorum
1491 2250 1576 2277 valuit
1587 2268 1594 2275 .
1607 2248 1709 2276 Matth.

907 2288 989 2319 Paris.
1013 2290 1044 2318 in
1056 2288 1191 2318 Additum
1202 2309 1210 2316 .

867 2333 1067 2361 Vtri-:imosus
1078 2349 1086 2362 ‚
1109 2327 1244 2363 annosus,
1265 2327 1432 2360 inveteratus
1444 2350 1450 2357 .
1476 2331 1570 2364 [Tota
1589 2327 1709 2357 Doemo-

904 2381 972 2403 num
983 2369 1099 2412 potestas
1109 2370 1241 2410 antiquis,
1253 2373 1281 2400 &
1292 2371 1444 2401 veternosis
1454 2368 1561 2400 sedibus
1573 2378 1686 2440 {gemens
1695 2390 1707 2408 ζ

1611 2417 1667 2440 tre-
