1866 2526
139 60 219 102 618
472 62 500 104 S
533 64 554 104 Ι

121 118 196 157 quod
207 117 373 149 Fabricenses
383 140 391 153 ,
412 118 480 149 idest
491 142 499 154 ‚
519 131 592 150 arma
603 119 696 149 bellica
707 120 865 152 fabricantes
875 119 920 151 sti-

122 169 213 198 gmata
226 159 345 189 lei-ebant
355 182 363 194 ‚
377 170 459 199 atque
469 161 605 191 Custodes
618 171 747 200 aquarum
757 185 764 196 ,
775 174 806 192 cu
808 166 849 199 jus
860 162 920 192 haec

124 199 189 229 sunt
199 200 290 232 verbm
304 208 315 236 [
327 205 366 230 Ex
377 201 500 239 stigmate
512 212 628 242 namque
637 201 768 232 consueto
779 205 919 233 Fabricen-

125 240 192 270 {ibus
217 242 357 279 imprimi,
384 242 492 270 latitans
511 243 671 272 Fabricenfis
690 244 844 282 agnoscitur
855 265 861 272 .
886 249 920 273 Et

124 282 259 311 Custodes
268 292 395 320 aquarum
406 287 417 315 (
429 293 496 320 quos
508 283 739 322 Hydrophylzcas
749 285 895 314 nominant
907 289 919 316 )

123 323 199 360 queis
209 322 288 359 infigi
298 320 389 351 solent
400 323 579 353 annotatione
589 325 687 363 fignati
699 347 706 358 ,
719 326 765 354 lib.
780 335 804 361 ς.
815 327 859 354 tit.
879 337 885 354 ι
898 337 920 354 i.

122 372 145 390 c.
166 373 208 390 iz.
219 363 248 390 in
258 362 336 392 seXto
348 385 355 391 .
370 366 381 394 ]
399 365 470 393 Item
480 368 586 401 stigma
599 365 733 403 significat
746 367 851 404 plagam
862 390 870 400 ,
894 370 920 395 &

122 403 319 432 ulcerationem
331 425 337 432 .
360 411 371 440 [
383 406 456 434 Nam
466 405 568 443 legitur
581 427 589 438 ,
609 406 683 443 quod
693 407 778 435 Maria
785 406 862 435 soror
885 410 921 435 A-

123 453 176 471 ron
188 465 196 476 ,
207 443 371 482 proplietissii
384 466 390 477 ,
403 445 467 473 dum
478 446 656 474 detractionis
667 447 795 475 adversus
804 448 922 483 Moysen

1294 65 1376 108 SI

979 119 1065 149 filices
1075 120 1245 160 aspicientes;
1254 125 1328 153 unde
1340 128 1367 153 δι
1377 123 1491 154 Cincius
1505 125 1640 156 Alimetus
1649 127 1680 156 in
1688 127 1777 158 histo:

979 161 1017 189 ria
1029 161 1063 190 de
1079 162 1186 201 Gorgia
1195 163 1336 193 Leontino
1353 164 1478 204 scripsit,
1498 167 1607 196 dicens:
1629 168 1684 206 Qui
1708 169 1774 198 duni

976 204 1031 238 jam
1043 202 1193 232 silicernius
1202 201 1242 232 sui
1252 205 1336 234 finem
1348 206 1477 244 temporis
1487 209 1640 247 expectaret
1653 232 1661 243 ,
1672 210 1690 238 si
1702 210 1773 238 mori

979 253 1035 271 non
1045 244 1137 281 potuit
1146 266 1155 277 ‚
1166 254 1259 274 tamen
1270 245 1474 276 infirmitatibus
1483 250 1586 278 exultat
1599 272 1605 279 .
1616 251 1774 289 Fulgentius

977 283 1011 312 de
1023 285 1112 313 vocib.
1121 285 1206 324 antiq.
1219 288 1231 318 ]
1243 296 1325 325 quem
1333 287 1425 316 Graeci
1435 289 1567 328 τυμβογέ,
1575 303 1605 321 ων
1615 292 1719 320 dixere.
1729 293 1776 320 De

978 324 1125 353 Silicernio
1142 327 1285 355 Terentius
1296 328 1325 356 in
1338 327 1459 365 Adelph·
1477 330 1521 359 ubi
1531 331 1616 371 aliqui
1629 332 1776 360 intellexe-

977 375 1042 394 runt
1050 376 1153 395 nomen
1164 368 1301 396 comicum
1312 369 1423 399 fiftumi
1446 378 1522 398 erant
1531 380 1623 400 tamen
1634 394 1641 405 ‚
1665 382 1724 401 mm
1734 373 1775 400 Si-

975 405 1122 435 licernium
1135 406 1245 438 funebre
1254 409 1417 439 convivium
1429 430 1437 442 ‚
1461 419 1490 438 ut
1500 409 1576 449 supra
1586 412 1704 442 diximus
1714 434 1722 446 ,
1745 416 1773 442 ὃς

978 446 1029 474 alia
1042 447 1174 486 fignificat
1184 468 1191 476 .

124 484 277 513 incurriil'et
298 485 429 514 delictum
443 510 448 519 ,
468 486 546 514 illico
564 487 690 525 stigmate
709 488 790 526 lcprae
804 487 922 526 percuss'a
936 487 1054 517 SlLINGI
1065 508 1072 515 .
1097 491 1155 518 FR.
1167 489 1237 518 idest
1248 510 1255 522 ,
1276 491 1413 520 Vandali.
1433 494 1611 521 Eiron-:inno
1621 504 1668 529 49.
1690 505 1716 522 n.
1727 504 1773 532 37·

124 524 162 553 est
174 546 181 557 ,
192 535 250 553 can.
264 527 325 554 Hoc
335 524 422 563 ipsum
433 548 441 558 ‚
453 536 500 564 33.
513 537 557 565 qu.
571 539 596 556 z.

81 565 199 595 SiGNtvivi
209 588 216 598 ,
229 566 315 598 idest,
328 566 496 596 abbreviatio
506 567 535 595 in
545 567 707 606 scribendo,
718 579 799 608 quam
811 570 922 599 D.Hie-

124 616 256 642 ronymus
276 612 394 635 Furtum
414 608 559 636 verborum
578 609 727 647 appellavit
738 632 745 643 ‚
776 612 921 649 inquiens.-

125 648 349 685 [EXtempornlis
358 647 396 675 est
405 648 520 677 dietario
532 671 538 681 ,
562 653 589 677 δ(
602 659 678 678 tanta
689 652 721 680 ad
732 652 823 679 lumen
836 653 920 680 lucer-

123 689 195 715 nulae
207 688 337 716 facilitate
349 688 471 726 profusa,
492 700 520 717 ut
531 690 712 720 Norariorum
724 702 817 720 manus
828 693 921 731 lingua

123 737 272 765 praecurrat
282 750 289 761 ,
311 733 338 757 ὃς
351 729 424 766 iignzi
435 752 442 762 ,
463 740 491 757 :ic
511 729 582 758 furta
602 732 747 761 verborum
766 733 922 761 volubilitas

120 767 277 797 sermonum
288 768 414 797 observet
425 791 431 797 .
445 771 489 798 De
503 771 609 800 vitand.
620 771 732 810 suspeSt.
744 775 894 802 Contuber.
909 776 920 804 ]

121 810 195 838 Item
213 810 346 849 fignificat
357 820 516 849 campanam
529 833 535 839 .
553 818 671 850 Signum
690 815 824 843 radians.
848 814 922 843 Vide

121 852 276 887 Asteriscus
288 871 295 878 .

81 891 169 919 Sinon
178 912 184 919 .
207 893 264 921 FR.
275 901 377 920 nomen
387 890 542 922 hebraicum
553 915 560 926 ,
584 894 659 933 quod
680 896 717 923 D.
730 895 924 931 Hieronymus

121 931 158 959 ait
170 931 244 961 suissi:
253 933 341 960 locum
354 933 504 971 proprium.
520 938 571 969 [Et
580 936 709 972 pervenit
718 935 800 974 usque
812 937 845 965 ad
854 938 910 966 Car

121 973 223 1001 meliiin
234 983 313 1002 maris
324 995 330 1006 ‚
342 978 369 1002 δε
381 973 463 1002 Silior
472 997 478 1007 ‚
490 979 517 1004 ἃ
530 975 675 1004 Labanath.
688 976 772 1014 Josue
784 999 792 1009 ,
804 987 860 1015 cap.
878 989 922 1016 ¹9·

125 1020 170 1041 26.
182 1014 377 1053 Congregavit
388 1025 455 1053 ergo
476 1016 570 1044 David
580 1018 708 1045 cuniitum
719 1016 801 1046 Israel
813 1029 825 1046 a
839 1017 922 1048 sihor

120 1054 249 1092 AEgypii
260 1077 267 1087 ,
287 1054 442 1093 usquedum
455 1056 617 1094 ingrediaris
638 1057 746 1086 Emath.
773 1070 793 1087 i.
806 1061 921 1099 Paralip.

127 1105 169 1132 ¹3·
185 1098 230 1130 5.]
245 1096 295 1127 Sed
309 1095 466 1133 Alphonsus
477 1097 600 1126 Testatus
611 1098 640 1126 in
655 1109 676 1126 1.
688 1100 804 1137 Paralip.
822 1101 920 1130 eodem

125 1146 182 1173 cap.
193 1146 237 1174 qu.
256 1143 298 1165 16.
310 1137 335 1167 ξ.
348 1140 371 1165 Α
385 1137 466 1165 Silior
477 1159 485 1170 ‚
503 1138 594 1176 inquit
608 1160 617 1171 ,
639 1139 791 1177 fignificate
802 1142 921 1171 fluvium

121 1176 246 1205 hebraice
259 1200 265 1210 ,
277 1188 305 1205 ac
316 1178 433 1215 pr0inde
446 1189 503 1207 non
515 1179 565 1207 elle
578 1190 678 1208 nomen
690 1182 832 1219 proprium
844 1182 901 1211 loci

119 1216 168 1244 sed
178 1219 373 1255 appellitiviiin
384 1239 391 1246 .

81 1258 314 1291 Saturninos,
332 1258 487 1289 secretarius
500 1280 506 1287 .
531 1265 589 1296 [Et
599 1261 658 1290 haec
677 1271 753 1292 tanta
764 1263 879 1292 dileftio
890 1265 921 1292 ad

121 1298 175 1326 hoc
188 1298 331 1336 processit,
353 1310 381 1328 ut
391 1311 451 1328 eum
469 1300 635 1329 secretorum
648 1303 788 1332 conscium
802 1326 808 1336 ,
831 1308 858 1333 &
869 1305 922 1342 pri.

126 1349 226 1367 maten]
235 1340 438 1377 capellanorum
452 1341 566 1371 facerem
580 1343 626 1371 fibi
642 1354 750 1381 quoque
761 1345 876 1372 eundem
891 1345 921 1373 fi-

121 1380 268 1408 Ientiarurn
282 1382 408 1409 statueret
419 1403 426 1414 ,
437 1392 466 1410 ut
481 1383 507 1409 in
521 1393 575 1420 quo
586 1394 755 1422 compererat
767 1385 919 1422 prudentia?

126 1420 300 1449 altitudinem
313 1443 319 1453 ‚
338 1426 393 1456 ejus
411 1423 527 1451 consilio
545 1434 726 1462 componeret
744 1426 828 1454 totius
840 1427 919 1465 regni

121 1461 269 1489 utilitatem
281 1483 287 1488 .
299 1463 333 1490 In
348 1463 405 1490 vita
417 1464 442 1491 S.
456 1464 594 1502 Agilberti
605 1466 672 1494 Abb.
687 1465 804 1494 Fortaffe
816 1477 829 1495 a
841 1468 919 1496 silen-

122 1503 181 1534 tio,
200 1503 265 1530 sicut
277 1504 358 1530 eiiam
370 1514 382 1531 a
402 1503 508 1532 secreto
520 1503 657 1534 secretarii
677 1516 778 1534 nomen
797 1507 919 1536 inditum

125 1541 228 1572 suerats
252 1544 379 1581 quamvis
390 1545 420 1572 in
430 1546 514 1573 Curia
526 1547 670 1584 Imperiali
690 1548 776 1576 varias
786 1548 921 1587 significa-

123 1583 214 1612 tiones
224 1582 302 1619 liujiis
314 1586 434 1613 vocabuli
447 1587 589 1615 inveniam
602 1612 606 1618 ,
617 1592 643 1616 ὃ(
657 1589 730 1616 inter
741 1588 805 1616 alias
818 1611 824 1621 ,
834 1589 922 1617 Silen-

936 528 1057 562 SiiiquA
1070 550 1077 561 ,
1100 528 1153 558 hoc
1165 540 1267 559 nomen
1277 531 1389 570 proprie
1400 532 1534 571 significat
1547 533 1660 562 frustum
1670 535 1755 564 vilem
1766 556 1774 567 ‚

978 578 1059 607 quem
1067 569 1151 599 hodie
1161 572 1283 602 Romani
1294 574 1439 601 Guai'nelle
1450 573 1547 602 dicunt
1560 595 1567 606 ‚
1588 574 1706 612 Hispani
1714 579 1769 603 Ca-

977 610 1053 639 robas
1066 632 1073 643 ,
1085 612 1265 650 Neapolitani
1275 614 1419 650 Sciuscelle
1430 635 1438 646 ,
1451 614 1534 643 Siculi
1543 615 1668 643 Chambi
1679 636 1687 648 ‚
1707 617 1775 644 Ara-

978 650 1020 678 bes
1031 652 1142 680 Charub
1152 674 1160 685 ,
1179 652 1212 680 de
1223 653 1318 691 quibus
1329 655 1449 693 frugibus
1470 656 1507 683 D.
1519 657 1601 684 Lucas
1610 675 1620 691 ,
1639 667 1661 683 c.
1679 667 1687 683 1
1697 664 1722 690 5.
1732 655 1776 683 in-

977 691 1053 728 quit:
1067 695 1124 726 [Et
1135 693 1258 731 cupiebat
1267 695 1383 732 implere
1396 704 1521 724 ventrem
1530 695 1606 724 suum
1618 697 1651 724 de
1662 696 1775 733 siliquis,

975 741 1040 768 quas
1059 733 1134 770 porci
1147 734 1343 763 manducabant
1354 756 1360 762 .
1372 737 1383 766 ]
1409 737 1481 764 Item
1501 736 1635 775 significat
1655 745 1776 764 moneta:

977 770 1093 809 speciem
1107 774 1169 802 vilis
1179 774 1290 813 quidem
1303 796 1309 803 .
1332 781 1344 811 [
1360 776 1480 811 Adjeffis
1491 777 1593 815 filiquis
1603 799 1611 810 ‚
1632 777 1758 805 oneribus
1769 798 1778 809 ,

977 815 1005 840 ὃ(
1015 814 1162 850 granaticis
1171 835 1177 842 .
1200 815 1236 842 D.
1249 818 1368 854 Gregor.
1382 818 1410 845 in
1421 817 1526 855 Regist.
1540 818 1585 845 lib.
1603 828 1625 845 ι.
1636 827 1693 855 cap.
1705 828 1751 852 42.
1764 818 1779 847 I

979 853 1048 888 Quae
1069 863 1181 883 moneta
1198 857 1277 891 juxta
1298 856 1477 885 Eruditiffimi
1489 858 1594 886 Latinii
1612 858 1777 895 opinionem

978 903 1033 921 erat
1043 895 1173 932 Vigeiima
1182 906 1273 933 quarta
1282 896 1363 925 solidi
1377 907 1436 934 pars
1447 917 1454 924 .
1463 898 1570 926 Solidus
1580 907 1689 930 vei·o‚ut
1703 898 1779 926 idem

979 935 1017 962 ait
1027 955 1034 967 ‚
1057 945 1115 963 erat
1127 937 1228 964 valoris
1238 937 1374 974 Juliorum
1387 941 1576 967 Romanorum
1589 949 1630 971 17.
1651 942 1679 967 &
1690 939 1778 972 bajoc-

977 984 1072 1003 corum
1082 986 1135 1004 tres
1145 977 1255 1005 circiter
1268 989 1275 1008 5
1287 987 1349 1006 nam
1360 977 1462 1007 solidus
1472 987 1529 1007 erat
1539 978 1617 1007 tertia
1626 979 1698 1006 aurei
1709 978 1778 1006 scuti

977 1026 1036 1054 pars
1048 1038 1056 1049 ‚
1078 1017 1152 1055 quod
1164 1018 1274 1055 quando
1286 1020 1299 1046 J
1309 1019 1408 1047 atinius
1427 1018 1566 1056 scripserat
1576 1041 1583 1051 ,
1607 1019 1675 1047 idest
1685 1040 1693 1052 ,
1715 1029 1779 1047 ann.

983 1062 1066 1091 1568.
1078 1068 1187 1086 aureum
1198 1057 1302 1087 scutum
1311 1060 1456 1089 lecundum
1469 1060 1541 1088 illius
1550 1059 1641 1088 seculi
1662 1060 1781 1098 pretium

978 1107 1037 1125 non
1048 1099 1207 1128 continebat
1217 1100 1268 1129 niii
1278 1100 1366 1138 Julios
1380 1101 1590 1133 ti·cdecim,licet
1602 1099 1686 1129 hodie
1696 1100 1778 1139 quin-

979 1138 1070 1166 decim
1083 1139 1224 1168 contineat
1237 1160 1244 1168 .
1268 1141 1362 1179 Igitur
1372 1142 1432 1170 data
1455 1143 1636 1180 proportione
1647 1141 1779 1179 temporis

979 1179 1084 1208 Latinii
1104 1180 1206 1209 solidus
1223 1181 1452 1219 correspondebat
1473 1183 1609 1211 Carolino
1628 1185 1757 1211 Romano
1769 1204 1777 1215 ‚

980 1230 1080 1258 nempe
1090 1243 1097 1254 ‚
1109 1222 1192 1250 tribus
1202 1223 1306 1260 quartis
1316 1223 1387 1260 Julii
1399 1235 1404 1251 :
1418 1223 1466 1252 sed
1478 1223 1561 1252 hodie
1571 1246 1578 1256 ,
1593 1223 1723 1251 nimirum
1734 1234 1779 1252 an-

976 1271 1014 1288 no
1030 1268 1112 1294 1677.
1124 1264 1154 1290 in
1164 1273 1218 1300 quo
1230 1262 1485 1296 scribimussoiidus
1500 1264 1604 1302 viginti
1615 1264 1701 1301 Julios
1712 1275 1779 1293 con-

977 1301 1079 1329 tineret
1089 1324 1097 1334 ,
1113 1303 1174 1340 quia
1186 1302 1292 1331 scutum
1303 1314 1412 1331 aureum
1424 1303 1510 1332 hodie
1521 1304 1610 1341 Julios
1620 1305 1778 1342 quindecim

976 1342 1103 1369 continet
1114 1362 1121 1369 .
1145 1343 1217 1370 Vide
1228 1344 1335 1371 Soltdus
1345 1364 1351 1371 .
1368 1346 1422 1373 PR.
1434 1346 1479 1372 De
1489 1344 1582 1372 eadem
1593 1354 1704 1372 moneta
1714 1345 1778 1373 Sili-

977 1392 1036 1420 qun:
1050 1381 1161 1411 habetur
1172 1383 1200 1410 in
1210 1384 1228 1411 l.
1241 1383 1314 1412 final.
1327 1384 1360 1412 de
1374 1383 1461 1414 furtis,-
1472 1385 1515 1412 ubi
1528 1383 1621 1413 Gloss'a
1630 1394 1697 1416 erat,
1713 1385 1780 1413 dum

976 1421 1063 1450 ass'ei-i‘t
1074 1423 1205 1461 Siliquam
1224 1433 1331 1452 tantum
1343 1425 1434 1453 valere
1444 1434 1578 1463 quantum
1588 1424 1721 1454 solidum.
1742 1428 1778 1454 In

974 1462 1130 1500 supradicto
1140 1464 1274 1502 Gregorii
1287 1474 1365 1492 textu
1377 1465 1407 1492 fit
1419 1466 1526 1492 mentio
1535 1465 1568 1492 de
1591 1469 1755 1494 Granatice's
1766 1480 1776 1494 .-

975 1503 1081 1532 sortasl'e
1100 1502 1202 1542 species
1212 1514 1330 1532 inonetae
1342 1514 1395 1533 erat
1406 1526 1413 1537 ‚
1438 1515 1518 1543 quain
1529 1504 1614 1532 hodie
1626 1505 1655 1533 in
1666 1515 1779 1544 utraque

975 1545 1068 1572 Sicilia
1086 1548 1175 1573 Grani
1187 1555 1290 1573 nomen
1300 1546 1402 1573 retinet
1413 1567 1420 1578 ,
1444 1549 1471 1573 ὃς
1483 1546 1521 1574 est
1540 1545 1624 1574 ctiam
1644 1546 1709 1576 vilis
1720 1556 1780 1575 mo-

978 1595 1041 1612 nCtss
1059 1606 1066 1613 ·

122 1628 204 1652 tiam
228 1625 386 1654 dicebantur
396 1627 497 1655 milites
507 1628 690 1657 custodientes
711 1632 819 1664 januam
832 1631 922 1667 Impe-
935 1626 1156 1659 SuiQUATICt'M
1166 1648 1173 1655 ·
1194 1629 1249 1656 FR.
1261 1626 1364 1666 gabella
1376 1626 1510 1666 exigenda
1522 1637 1572 1665 pro
1582 1626 1686 1666 siliquis
1696 1649 1704 1659 ‚
1717 1627 1734 1654 l·
1744 1626 1777 1654 fl-

124 1666 197 1693 rialis
206 1667 374 1696 Confistorii
387 1689 393 1699 ,
405 1668 466 1705 quia
475 1669 563 1706 jurgia
575 1690 582 1700 ,
595 1679 716 1697 rumores
728 1691 735 1702 ,
749 1669 869 1708 aliasque
879 1671 921 1698 in-

121 1706 333 1735 convenientias
355 1708 500 1736 detrudere
518 1709 649 1737 debebant
663 1731 670 1742 ,
702 1720 818 1748 quorum
840 1711 920 1739 colle.

121 1746 197 1784 gium
209 1748 528 1786 Scholafilenttariorum
541 1750 689 1779 dicebatur.
698 1753 754 1780 FR.
765 1751 797 1779 de
810 1750 861 1779 hoc
871 1753 921 1779 mi-

120 1787 190 1815 litiae
202 1787 367 1816 Caesarianis
380 1790 511 1818 vocabulo
522 1791 579 1829 egit
591 1791 740 1831 Procopius
749 1793 820 1830 apud
838 1795 919 1821 Baro-

123 1827 199 1856 nium
208 1829 240 1857 ad
250 1840 293 1857 an.
305 1841 342 1865 49
352 1841 374 1857 1.
386 1841 414 1858 n.
427 1838 454 1859 6.

82 1867 224 1898 Saturio
233 1892 240 1902 ‚
257 1871 367 1900 vei-bum
380 1871 587 1901 intranlitivum
598 1894 605 1905 ‚
616 1873 691 1911 quod
700 1881 787 1901 tacere
797 1873 920 1903 denotat.

129 1910 195 1943 [Sic
208 1921 265 1939 non
280 1912 360 1940 debet
371 1922 452 1950 opera
464 1913 519 1940 Dei
532 1934 539 1945 ,
560 1924 619 1952 quae
632 1915 662 1942 in
672 1914 722 1942 illo
734 1924 782 1952 per
790 1913 850 1942 suos
860 1915 925 1943 San-

122 1950 180 1978 ctos
190 1951 260 1980 fiunt
272 1952 327 1981 sinc
338 1952 391 1981 suis
403 1954 507 1982 metitis
516 1975 524 1986 ‚
536 1954 673 1983 silentiare
683 1977 690 1988 ,
703 1953 749 1984 sed
759 1955 909 1993 praedicare
919 1977 926 1984 .

124 1992 159 2018 In
177 1992 234 2021 vita
243 1994 269 2022 S.
281 1994 367 2022 Dion.

83 2031 249 2062 Summum
263 2055 270 2062 .
282 2036 338 2064 PR.
349 2034 474 2064 hebraice
483 2039 566 2064 Domi
576 2036 680 2065 dicitur
693 2057 701 2064 .
722 2037 818 2075 Calep.
831 2036 925 2065 Passssir.

123 2072 153 2100 in
164 2073 229 2101 diet.
241 2075 384 2104 Silentium
395 2097 402 2103 .

81 2112 278 2143 SILicERNiivM
289 2136 296 2143 .
320 2118 376 2145 PR.
394 2123 405 2152 [
419 2117 482 2152 Quo
493 2116 585 2146 differt
596 2118 626 2146 ab
634 2117 716 2155 epulo
728 2117 806 2155 Jovis
826 2117 926 2146 filicet-

123 2155 199 2182 nium
212 2159 220 2183 ?
231 2166 243 2183 a
256 2156 403 2194 iimpluvio
414 2158 479 2186 obba
492 2163 501 2187 ?
517 2159 547 2186 ab
556 2157 676 2196 aruspice
687 2158 824 2196 pollintor
836 2164 846 2185 ἓ
859 2162 925 2187 Tei·-

125 2194 187 2222 tiill.
198 2196 305 2224 advers.
321 2200 427 2226 Gentes
438 2202 468 2230 .]
495 2199 639 2237 Significat
650 2199 833 2227 mortuorium
845 2209 926 2237 pran-

124 2235 200 2264 dium
212 2258 219 2264 .
240 2238 304 2265 Alia
324 2238 474 2276 iignificata
492 2239 570 2271 huius
590 2240 720 2268 dictionis
741 2239 925 2268 inveniuntur

124 2277 194 2314 apud
206 2276 319 2317 Joseph.
335 2280 502 2317 Scaligerum
522 2281 552 2308 in
561 2281 782 2319 castigationibus
790 2280 856 2308 Festi
868 2302 876 2314 ‚
897 2285 924 2309 ὃ(

124 2318 196 2356 apud
207 2319 376 2357 Calepinum
390 2340 397 2347 .

84 2358 273 2388 Siiicrimius
287 2380 293 2387 .
315 2362 371 2390 PR.
381 2359 464 2389 senex
476 2381 483 2388 .
505 2367 517 2396 [
531 2361 689 2390 Silicernios
709 2361 764 2390 dici
778 2360 924 2390 voluerunt

123 2397 201 2427 senes
212 2402 265 2435 jam
285 2400 413 2431 incurvos
424 2423 433 2437 ,
453 2402 525 2441 quasi
545 2405 598 2438 jam
611 2402 798 2442 sepulcrorum
815 2399 925 2431 suorum

975 1667 1030 1694 nril.
1040 1667 1073 1695 de
1086 1667 1161 1695 furtis
1171 1688 1178 1695 .
1191 1668 1242 1696 Sed
1251 1668 1344 1706 potius
1356 1667 1467 1696 videtur
1477 1667 1627 1706 significare
1636 1667 1772 1705 gabellum

976 1717 1027 1744 pro
1037 1717 1206 1747 quocumque
1217 1709 1399 1736 mercimonio
1411 1728 1417 1736 .
1439 1715 1450 1744 [
1462 1712 1494 1736 Et
1507 1707 1659 1746 iiliquatico
1668 1707 1715 1735 det
1727 1707 1779 1736 iin-

975 1748 1051 1786 gulas
1060 1758 1230 1782 mercantum,
1243 1753 1271 1777 δ(
1283 1758 1407 1788 portoras
1418 1769 1426 1777 .
1437 1749 1538 1777 Bullar.
1549 1748 1780 1778 Cafinen.tom.2.

975 1789 1087 1817 constit.
1101 1801 1146 1818 20.
1158 1801 1184 1817 ii.
1198 1800 1224 1828 3.

936 1830 1022 1858 Sliior
1034 1851 1041 1861 ‚
1059 1829 1184 1859 hebraica
1194 1841 1248 1858 vox
1259 1831 1384 1859 Silluach
1398 1851 1406 1863 ,
1427 1829 1495 1858 idest
1505 1850 1515 1865 ,
1537 1828 1645 1860 Missuss
1657 1828 1693 1856 ita
1704 1828 1779 1857 enim

977 1869 1050 1898 sacer
1059 1871 1212 1899 Chronista.
1221 1872 1340 1909 explicat
1353 1892 1360 1904 ,
1384 1871 1429 1900 ubi
1440 1871 1473 1899 de
1485 1869 1590 1908 piscina
1600 1869 1656 1908 agit
1668 1890 1676 1902 ,
1688 1870 1716 1912 in
1725 1879 1777 1906 qua.

980 1921 1062 1939 caecus
1083 1922 1095 1939 :i
1107 1912 1255 1940 nativitate
1266 1912 1382 1951 degebat
1393 1933 1401 1944 ‚
1421 1912 1468 1949 qui
1478 1913 1569 1939 oculos
1587 1911 1679 1939 lavans
1692 1908 1781 1953 visunt

980 1953 1083 1990 reecpit
1092 1973 1099 1980 .
1123 1955 1178 1982 PR.
1202 1955 1273 1981 Fons
1290 1952 1402 1991 quidem
1421 1961 1478 1980 erat
1499 1952 1532 1980 ad
1554 1951 1655 1979 radices
1675 1960 1779 1994 montis

980 1993 1047 2021 Sion
1057 2015 1064 2026 ‚
1076 2002 1105 2021 ut
1116 1992 1208 2021 scribit
1221 1994 1341 2022 Hieron.
1351 1993 1381 2020 in
1393 1992 1454 2021 Isai.
1473 2002 1495 2020 c.
1509 1996 1534 2020 8.
1545 1995 1571 2020 ἃ
1585 2002 1639 2020 non
1650 1990 1779 2019 scaturie-

979 2034 1021 2062 btit
1034 2035 1167 2062 continuo
1177 2056 1184 2066 ,
1196 2033 1284 2062 sedin
1296 2034 1428 2071 aliquibus
1438 2033 1551 2061 incertis
1561 2032 1615 2062 diei
1625 2031 1702 2060 horis
1713 2043 1719 2059 ι
1732 2031 1779 2070 qui

982 2074 1044 2102 fons
1055 2096 1062 2107 ,
1074 2075 1111 2103 ait
1121 2076 1146 2104 S.
1159 2074 1260 2113 Epiph.
1273 2075 1307 2103 de
1318 2084 1377 2102 Vitii
1387 2096 1395 2107 ,
1406 2075 1560 2103 &interitu
1570 2072 1674 2111 Proph.
1686 2082 1741 2110 cap.
1752 2083 1783 2104 7.

981 2114 1176 2144 interceffione
1189 2115 1263 2144 Isaiae
1276 2116 1366 2154 primo
1375 2116 1515 2143 emanavit
1527 2125 1533 2145 ἱ
1558 2124 1621 2142 nam
1633 2122 1780 2151 antequam

980 2166 1130 2185 moreretur
1140 2155 1279 2195 Propheta
1289 2157 1337 2184 ille
1348 2178 1355 2189 ‚
1376 2155 1575 2194 aliquantulum
1585 2155 1675 2183 Deum
1685 2163 1775 2191 preca-

982 2206 1023 2225 tus
1033 2197 1072 2225 est
1082 2219 1090 2230 ,
1101 2207 1130 2225 ut
1142 2208 1175 2225 ex
1186 2198 1237 2226 illo
1247 2199 1310 2226 loco
1320 2206 1415 2235 aquam
1426 2197 1537 2224 mittere
1546 2195 1706 2233 dignaretur
1715 2214 1723 2225 ,
1733 2202 1777 2220 cu-

981 2240 1021 2273 jus
1038 2239 1126 2266 oratio
1139 2238 1228 2267 statim
1247 2238 1374 2267 exaudita
1388 2237 1457 2267 suits
1476 2236 1542 2264 inde
1562 2237 1631 2264 Silo}
1649 2234 1706 2276 liaec
1719 2232 1777 2259 fons

980 2280 1163 2307 denominata
1174 2279 1260 2307 fuerat
1273 2301 1280 2312 ‚
1302 2289 1335 2307 ex
1345 2278 1394 2307 tali
1407 2276 1567 2306 miraculosa
1586 2282 1776 2303 cmananone5

980 2321 1051 2348 silo&
1063 2330 1138 2349 enim
1149 2319 1290 2348 demifl'um
1303 2318 1437 2358 significat
1449 2330 1455 2346 ;
1479 2317 1610 2358 additque
1619 2312 1720 2357 ..quod
1730 2311 1777 2340 sub

981 2361 1100 2389 Ezecliia
1117 2364 1196 2400 Rege
1207 2369 1352 2398 antequam
1372 2360 1497 2397 stagnum
1509 2378 1516 2389 ,
1536 2360 1563 2384 ὃ(
1577 2353 1690 2392 piscmas
1709 2363 1776 2381 con-

981 2401 1126 2436 struxisset,
1140 2401 1170 2430 in
1178 2401 1232 2430 hoc
1243 2401 1320 2430 fonte
1330 2399 1484 2429 scaturierat
1497 2395 1603 2425 modica
1612 2403 1677 2433 aqua
1689 2394 1779 2425 medi.

1666 2443 1739 2464 anti-
