1866 2526
460 40 499 82 T
532 43 568 82 A

116 116 178 137 rum
188 127 196 138 ,
206 108 234 134 δι
242 100 407 132 tarichorum
418 97 448 128 in
458 97 523 128 navi
536 96 687 136 pomorum
698 117 707 129 ,
719 96 792 124 hunc
802 93 852 124 ess‘c
862 105 910 134 pu-

116 156 206 178 torem
218 166 226 173 .
237 141 338 180 Invita
348 141 375 170 S.
387 139 507 170 Antonii
522 160 530 171 ,
541 148 598 176 cap.
609 147 622 175 3
632 146 656 172 ς.
718 176 725 182 ·

74 191 287 218 TAMCHOPOLA
305 176 513 220 ,ταριχοπώλης
523 201 530 212 ,
542 177 772 207 salsamentarius.
793 215 797 220 .

74 226 321 260 ΤΑκῐεκοροιῐυΜ
333 243 340 254 ,
361 219 580 253 τααῖωπωλέἱον
591 240 599 251 ,
618 217 897 247 salsamentartatabcr

117 279 151 297 m
161 290 170 300 ,
180 266 224 294 ubi
233 263 332 292 tarichi
344 264 371 290 5<
381 260 541 289 salsamenta
553 258 709 288 venduntur
718 279 726 286 .

74 313 231 340 TARINCHA
245 326 251 336 ‚
262 302 352 332 fiibula
365 301 452 341 ignita
464 323 471 335 ,
481 312 532 340 φη
543 301 794 339 compungebantur
802 301 830 326 ὅ(
841 296 906 326 (οη

113 349 210 378 bantur
222 345 381 375 Sanctorum
398 344 549 377 Martyrum
562 341 680 369 membra
691 361 698 367 .
721 346 734 375 [
747 340 781 368 In
792 347 908 377 quorum

114 389 222 418 mribus
238 389 265 414 ὃ(
277 382 462 417 auribusjuffit
485 381 659 412 Ristiovarus
676 379 777 409 Praeses
791 378 905 406 immitti

113 427 248 458 tarinchas
260 447 266 452 .
280 424 426 459 Martyrol.
435 426 520 453 Rom.
535 433 543 450 ι
556 432 576 449 ¹.
587 421 714 450 Decemb-

72 474 244 502 ΤΑκτΑκυΜ
256 488 263 499 ,
282 470 309 495 δ(
318 465 471 502 Obscurum
482 485 490 496 ‚
511 462 578 502 quid
587 461 723 500 significet
734 459 764 488 in
775 457 851 488 Miffit
859 458 906 487 de-

115 511 270 540 functorum
281 527 287 534 .
299 505 372 534 Vide
381 505 555 543 Offertorium
566 522 573 529 .
829 539 834 544 ι

71 556 115 583 ΤΑ
122 560 203 580 ςςΑιε
216 571 222 582 ,
239 548 291 576 hoc
302 546 458 574 vocabulum
471 542 611 572 invenitur.
621 542 651 571 in
661 541 774 580 quadam
785 539 906 577 Epistola

111 599 229 630 quatuor
245 586 441 626 Episcoporum
460 587 536 622 1²21>ae
556 581 630 611 missa
647 581 717 620 apud
739 579 905 624 Matthaeum

113 631 243 662 Parilium
253 629 284 657 in
294 630 350 663 ejus
360 625 424 654 hist.
433 624 479 653 sub
489 634 563 652 anno
578 633 662 661 ¹239.
672 622 758 650 idest.-
783 620 906 657 [Tassale

114 682 182 701 vero
192 672 216 699 S.
227 667 320 699 Severi
331 688 338 695 .
349 668 361 698 ]
385 664 536 694 Derivatur
544 674 558 692 a
567 664 681 691 nomine
691 663 788 699 Taffus
799 683 807 694 ‚
830 660 904 699 quod

113 711 246 744 fiznificat
263 716 407 738 acervum,
428 705 473 733 vel
486 704 568 732 strues
578 725 585 736 ,
604 715 636 732 ex
650 702 762 742 Belgico
774 702 905 731 vocabulo

113 745 181 784 T⁹as,
193 749 267 789 quod
277 759 311 776 ex
322 746 405 775 verbo
416 744 536 780 ejusdem
546 744 686 774 idiomatis
695 744 793 780 Taffen
803 742 902 774 oritur,

111 796 139 821 ὅ(
155 799 280 830 aggerem
291 788 423 817 denotat5
445 786 536 824 itaque
555 784 706 823 significare
720 784 832 812 videtur
849 782 903 810 fru-

107 834 166 861 etus
177 853 184 863 ,
196 835 223 860 δ(
232 838 380 868 proventus
392 849 400 860 ‚
412 826 458 866 qui
469 836 501 854 ex
514 826 593 854 terris
604 824 788 863 spectantibus
799 823 831 852 ad
840 824 903 852 San-

108 873 146 901 sti
157 871 251 901 Severi
263 868 408 900 Ecclesiam
419 867 637 905 congerebantur
646 886 652 892 .
663 867 718 894 FR.
730 865 819 893 Verba
831 866 901 892 Mat-

1232 33 1272 77 T
1304 33 1338 76 E
1635 42 1710 82 661

965 93 1008 122 lus
1019 102 1073 122 tam
1084 90 1290 121 latino-barbare
1303 115 1310 125 ,
1321 102 1401 131 quam
1413 91 1504 123 italice
1515 115 1522 123 .
1544 95 1617 125 Item
1628 95 1761 136 significat

966 133 1111 163 frustillum
1123 134 1204 172 panni
1215 153 1222 162 ·
1244 139 1257 169 [
1269 132 1369 171 Coepit
1377 131 1423 161 sub
1441 135 1622 165 obtestatione
1640 138 1759 167 Domini

965 175 1059 204 multis
1069 174 1189 214 precibus
1199 172 1345 212 exposcere
1355 183 1368 202 a
1381 183 1425 201 me
1436 195 1444 207 ‚
1456 183 1486 203 ut
1496 185 1582 204 unum
1594 187 1714 215 pannum
1725 179 1761 207 de

964 215 1072 246 tassellis
1081 215 1153 244 illius
1165 237 1171 248 ,
1183 224 1263 254 quem
1274 226 1288 242 a
1299 213 1373 242 nudo
1382 211 1422 242 sui
1432 216 1555 253 corporis
1565 216 1703 252 habuisset,
1714 220 1764 248 foe.

964 258 1047 286 minae
1060 255 1194 285 deferrem
1204 277 1211 283 .
1224 256 1258 284 In
1269 255 1325 283 vita
1335 255 1360 283 S.
1370 253 1484 284 Caesarii
1495 255 1624 295 Episcopi
1638 279 1645 290 ‚
1656 259 1732 287 lib.2.
1743 261 1759 290 1

963 299 997 328 fic
1007 298 1092 326 etiam
1101 297 1192 326 italice
1205 307 1254 334 pro
1269 295 1385 324 frustillo
1399 296 1480 333 panni
1490 295 1639 335 usurpatur:
1651 302 1687 334 [Ε
1700 297 1759 336 Ιιηίέ

961 338 1062 367 savano
1073 339 1096 367 la
1115 338 1245 377 maggior
1254 344 1330 376 parre
1340 335 1371 363 in
1391 346 1442 364 uns
1451 337 1562 375 gonella
1574 337 1665 368 stretta
1676 352 1688 372 ,·
1706 349 1720 367 e
1732 338 1762 367 di

962 379 1052 418 gross'o
1061 377 1207 407 scarlatino
1216 388 1256 406 cc.
1278 380 1299 405 E
1309 376 1385 405 cinte
1395 376 1422 404 d‘
1432 387 1469 404 un
1481 375 1640 417 scheggiale
1657 378 1703 407 all'
1713 389 1760 407 an-

961 421 1017 449 tica
1029 442 1036 453 ,
1056 431 1070 448 e
1080 430 1116 448 un
1127 419 1259 447 mantello
1274 417 1397 446 foderato
1418 416 1447 445 di
1460 419 1522 452 vsjo
1532 440 1540 450 ‚
1559 419 1602 447 col
1613 417 1719 448 tass'ello
1729 419 1759 448 di

961 459 1040 499 soprs
1051 481 1058 488 .
1069 459 1240 489 Ricordanuc
1252 457 1403 495 Malaspina
1415 478 1423 490 ‚
1433 467 1492 497 cap,
1508 465 1540 487 ¹⁶
1550 469 1572 486 1.
1583 461 1595 490 ]
1607 464 1635 489 ἃ·
1646 460 1758 499 proprie

961 502 1076 532 denotat
1088 500 1133 533 id,
1152 500 1227 538 quod
1241 498 1306 527 Itali
1325 503 1439 527 Bavaro
1456 498 1500 526 del
1511 500 1650 528 Mantello
1668 500 1761 539 appel-

961 543 1017 571 lant
1028 563 1034 569 .
1058 544 1131 570 Item
1143 541 1234 569 italice
1244 539 1360 576 Taffello
1369 538 1472 567 dicitur
1483 537 1630 568 frustillum
1644 540 1758 569 corticis

961 583 1077 621 peponis
1089 603 1094 613 ,
1112 581 1187 619 quod
1198 581 1230 609 ad
1241 579 1456 618 praegustandam
1467 581 1524 613 ejus
1544 580 1704 619 qualitatem
1715 582 1757 609 in<

959 623 1046 652 cisum
1064 622 1149 650 suerat
1160 645 1168 654 ,
1187 632 1216 649 ac
1238 621 1331 649 denuo
1351 620 1504 648 obturatur.
1523 621 1596 649 Item
1616 623 1756 660 appellant

959 664 1074 701 Taffello
1085 661 1253 701 impressore<
1267 660 1379 699 aliquod
1388 661 1558 689 emblematis
1567 672 1665 700 corpus
1677 685 1685 697 ‚
1709 662 1755 693 vel

960 703 1074 743 insignis
1090 702 1226 742 gentilitii
1245 700 1351 729 scutum
1370 701 1401 730 in
1419 701 1497 739 ligno
1519 702 1691 740 imprell'orio
1712 714 1758 732 va-

959 745 1054 773 riabile
1065 765 1073 776 ‚
1093 748 1121 772 ὃ(
1140 741 1287 781 separabile
1307 742 1338 770 ab
1354 741 1415 770 aliis
1430 741 1657 785 circumfigursfis
1676 755 1758 774 otna-

959 785 1059 814 mentis
1072 805 1079 811 .
1091 786 1164 813 Item
1174 784 1255 811 etiam
1268 782 1357 811 italice
1368 781 1504 820 significat
1516 786 1673 820 operculum
1683 785 1758 824 sign-

960 828 1046 855 latum
1058 826 1085 853 in
1095 825 1187 853 medio
1200 823 1291 852 altaris
1303 822 1442 862 portatilis
1452 844 1460 855 ,
1473 822 1519 851 sub
1528 833 1584 862 quo
1597 825 1757 854 custodiun-

959 877 1003 895 tur
1013 866 1133 905 reliquiae
1147 866 1305 894 Sanstorum
1315 885 1323 892 .

109 912 178 941 thaei
191 911 282 940 Parisii
293 910 350 938 haec
361 907 434 936 sunt:
447 909 536 943 [Dum
545 906 681 946 quendam
691 904 823 933 frumenti
834 915 902 932 con·
917 912 1035 938 TAURUS
1048 908 1155 946 signum
1163 906 1273 934 coeleste
1283 905 1351 944 quid
1362 904 1394 933 sit
1402 925 1414 933 ..
1425 905 1498 935 Vide
1508 908 1646 936 Araums
1655 928 1663 935 .

108 954 209 982 fertum
224 961 352 991 aggerem
363 971 371 982 ‚
390 959 470 988 quem
493 947 644 986 vulgariter
665 945 759 975 tass'um
780 946 903 974 nomina<
916 952 1114 978 Turnum>-
1127 969 1134 980 ‚
1145 946 1286 985 praestus
1296 946 1424 975 ordinum
1435 947 1595 975 militarium
1608 969 1614 975 .
1629 948 1706 984 [Ille
1718 956 1757 976 m-

109 1004 166 1022 mus
178 1016 186 1027 ,
199 993 322 1021 venalem
333 989 465 1020 aestimans
477 989 658 1018 consideraret
669 1009 677 1021 ,
687 997 752 1016 ann.
769 997 818 1024 123
827 991 852 1014 8.

68 1039 233 1065 *ras-surus
245 1054 251 1060 .
272 1032 344 1060 Vide
355 1031 488 1059 Taxellus
498 1051 505 1058 .

68 1079 86 1105 ’.ἱ
95 1088 110 1105 Α
120 1087 153 1105 [Α
167 1096 174 1107 ,
201 1073 326 1102 Minister
338 1071 416 1101 Aule
427 1070 735 1108 Constantinopolitani
746 1071 900 1108 Imperato-

108 1118 164 1148 ris,
184 1116 218 1144 de
229 1125 282 1153 quo
300 1113 426 1142 (odinus
433 1113 491 1150 egit
503 1123 509 1142 ς
532 1110 578 1140 sed
600 1122 657 1139 non
675 1110 828 1149 explicavit
840 1131 846 1141 ,
869 1109 901 1136 ad

107 1155 237 1196 quidhoc
249 1154 372 1183 officium
384 1153 557 1183 inserviebam
569 1155 666 1181 Petrus
678 1161 767 1180 tamen
778 1149 902 1180 Poffinus

108 1198 137 1226 in
147 1207 232 1236 graeca
241 1195 354 1224 historia
363 1193 525 1224 Pachimeris
535 1216 542 1226 ,
553 1194 584 1221 ab
595 1203 627 1221 eo
638 1192 771 1220 latinitati
783 1191 883 1219 donata
894 1211 901 1222 ,

959 988 1077 1018 xiarchis
1098 987 1200 1018 vocatis
1210 1010 1218 1020 ‚
1236 987 1275 1015 ait
1287 999 1293 1015 .-
1313 987 1407 1016 Nimis
1418 987 1487 1016 mihi
1507 988 1640 1017 videntur
1659 988 1755 1028 gravia

959 1029 1134 1068 Imperatoris
1147 1038 1279 1067 pra-cepta
1290 1048 1297 1055 .
1317 1029 1362 1066 Jo.
1373 1027 1453 1056 Diac-
1467 1027 1497 1055 in
1508 1029 1566 1056 vita
1576 1029 1601 1058 S.
1612 1031 1699 1068 Greg.
1709 1031 1758 1058 Pa-

959 1081 998 1108 pae
1013 1092 1019 1098 .
1030 1072 1085 1099 FR-
1095 1079 1184 1108 graece
1196 1066 1356 1106 ταξίαρχος,
1369 1068 1506 1097 Centurio
1525 1069 1618 1098 suidas
1629 1090 1636 1097 .
1646 1070 1760 1100 AElizn.

959 1112 992 1140 de
1002 1111 1062 1140 ord.
1075 1111 1161 1138 Milit.
1172 1110 1268 1144 Polyb.
1281 1109 1329 1137 lib.
1340 1115 1366 1137 6.
1389 1109 1423 1137 de
1438 1108 1525 1137 Milit.
1537 1111 1619 1139 Rom.
1632 1112 1757 1147 Etymol.

955 1152 1034 1180 Plato
1044 1173 1052 1185 ,
1064 1152 1110 1179 lib.
1123 1158 1149 1180 6.
1161 1151 1195 1179 de
1207 1151 1262 1189 leg.
1271 1160 1300 1178 ea
1312 1159 1379 1178 voce
1387 1149 1446 1178 usus
1456 1150 1493 1179 est
1504 1150 1585 1178 etiam
1597 1151 1622 1180 S.
1635 1151 1757 1183 Procius,

955 1202 1024 1221 orat.
1036 1203 1062 1225 7.
1076 1192 1106 1220 in
1116 1193 1139 1220 S.
1153 1191 1260 1230 Teoph.

108 1239 138 1267 in
155 1237 270 1273 ejusdem
299 1233 460 1264 doftiffimis
477 1234 710 1263 observationibus
739 1231 1033 1262 Eunuchum-‘resera
1044 1253 1051 1260 .
1069 1234 1125 1262 PR.
1135 1231 1294 1261 hebraicum
1307 1234 1491 1267 nomenjuxta
1501 1232 1580 1261 Bedae
1593 1232 1759 1272 interpreta-

107 1282 240 1314 majorem
250 1276 323 1305 fuiss'e
333 1275 530 1312 existiin2t‚qui
539 1284 630 1302 curam
641 1274 900 1312 gerebatNutricum

107 1319 193 1359 prolis
205 1317 353 1355 imperialis
363 1328 369 1347 ς
381 1316 414 1344 ad
425 1315 499 1354 quod
513 1326 565 1352 ego
575 1324 682 1353 quoque
693 1314 807 1342 inducor
819 1325 826 1344 ς
840 1323 901 1341 nam

106 1359 264 1389 vocabulum
284 1357 387 1396 puerile
400 1356 437 1385 est
446 1378 455 1389 ,
475 1356 553 1394 pueri
570 1354 702 1393 liquidem
722 1357 818 1384 Tatain
838 1355 901 1382 loco

105 1400 191 1430 Patris
202 1398 386 1437 pronunciant
398 1417 406 1425 .

66 1444 202 1471 'sumu
216 1441 370 1468 Hffirffinct
381 1457 389 1464 -
408 1438 482 1468 Vide
494 1440 643 1466 Ena-ratila
654 1457 662 1464 .

67 1484 287 1510 Tauuosouuu
299 1499 306 1505 .
321 1478 395 1506 Vide
406 1477 572 1506 Ormbalmm
582 1498 589 1504 .

67 1523 209 1550 TAxATio
220 1539 227 1545 .
245 1520 300 1547 PR.
312 1518 467 1547 Ordinatio
479 1539 485 1549 ,
508 1517 646 1554 impositio
656 1538 663 1545 .
684 1516 790 1552 [Quod
800 1516 818 1545 si
828 1515 902 1544 testis

107 1560 215 1589 deficiat
227 1581 234 1592 ,
257 1558 413 1586 innocentis
431 1557 512 1586 fidem
532 1556 586 1586 sola
602 1558 778 1594 jurisjurandi
798 1556 903 1585 taxatio

107 1599 278 1632 manifestat,
296 1609 355 1627 can.
365 1599 461 1628 Omne
469 1598 542 1636 quod
553 1619 561 1631 ‚
573 1610 619 1627 η.
631 1609 676 1637 qu.
695 1609 716 1626 1.
727 1600 740 1630 ]
752 1598 825 1627 Idest
837 1619 844 1630 ,
856 1597 902 1625 de-

110 1641 264 1671 ficientibus
274 1639 382 1668 testibus
401 1648 465 1667 tunc
473 1639 600 1667 ordinare
612 1639 782 1674 debetjudex
794 1661 801 1671 ,
814 1648 844 1666 ut
857 1648 899 1666 ac-

108 1681 212 1710 cusatus
221 1680 313 1708 medio
322 1683 476 1715 juramento
485 1682 539 1716 ejus
549 1680 736 1708 innocentiam
749 1688 846 1718 purget
853 1699 861 1706 .

956 1276 1063 1302 tionem
1073 1273 1207 1312 significat
1219 1272 1342 1310 Januarii
1353 1271 1485 1306 mensem,
1494 1271 1540 1301 sed
1553 1284 1587 1302 cx
1597 1274 1674 1302 Sacra
1683 1275 1757 1303 Scri-

955 1324 1034 1353 ptura
1044 1315 1149 1342 constat
1160 1312 1235 1341 fuisse
1247 1313 1384 1341 decimum
1394 1312 1522 1342 mensem.
1536 1316 1647 1349 [Duch
1657 1315 1695 1344 est
1706 1315 1758 1343 ita-

954 1365 1007 1394 que
1017 1354 1051 1383 ad
1061 1354 1213 1383 cubiculum
1231 1353 1317 1392 Regis
1327 1353 1432 1382 Ass‘ueri
1453 1353 1544 1382 mense
1555 1355 1666 1384 decimo
1676 1377 1684 1388 ,
1705 1357 1754 1394 qui

956 1405 1067 1424 vocatur
1075 1394 1180 1424 Tebeth
1192 1415 1199 1422 .
1212 1393 1317 1423 Esther.
1327 1404 1384 1432 cap.
1397 1395 1445 1426 2.]
1467 1395 1493 1423 Si
1506 1405 1573 1439 ergo
1582 1398 1683 1432 primus
1696 1397 1756 1424 He-

954 1437 1090 1465 braeorum
1103 1435 1200 1464 mensis
1212 1435 1329 1463 Martius
1339 1456 1346 1467 ,
1367 1444 1397 1462 ut
1406 1435 1566 1463 cumulatim
1586 1436 1680 1474 probat
1689 1438 1759 1465 Pau-

956 1477 995 1505 lus
1005 1476 1164 1514 Slierlogius
1175 1476 1203 1503 in
1213 1478 1269 1511 ejus
1286 1475 1396 1512 dioptra
1407 1474 1602 1513 antiquitatum
1620 1475 1757 1506 hebraica-

956 1528 1016 1546 rum
1027 1539 1034 1549 ,
1055 1518 1100 1545 lib.
1115 1529 1140 1545 ε..
1151 1515 1252 1545 differt.
1263 1527 1291 1550 4.
1312 1514 1375 1543 sec't.
1391 1525 1415 1550 ς.
1428 1526 1475 1554 per
1485 1525 1572 1544 totam
1585 1527 1592 1547 ς
1615 1516 1737 1556 sequitur
1746 1541 1753 1551 ,

957 1559 1031 1596 quod
1044 1558 1165 1586 decimus
1182 1556 1278 1584 mensis
1291 1557 1405 1585 Lunaris
1416 1555 1586 1584 hebraeorum
1597 1557 1626 1585 in
1638 1559 1757 1587 Decem-

956 1600 1030 1628 brem
1051 1598 1144 1628 cadat.
1167 1598 1240 1626 Vide
1261 1596 1344 1625 etiam
1365 1598 1496 1626 Auaores
1516 1597 1611 1627 citatos
1640 1598 1670 1627 in
1688 1600 1756 1628 dic't.

956 1641 1023 1669 elul
1041 1660 1047 1667 .

917 1682 1097 1709 Temnum
1109 1700 1115 1707 .
1138 1679 1210 1708 Vide
1220 1679 1391 1708 Thea-latura
1401 1699 1408 1707 .

65 1725 211 1752 Taxmvs
224 1743 232 1754 ‚
243 1721 384 1749 ordinatus
394 1742 401 1753 ‚
414 1720 536 1749 addictus
546 1741 554 1752 ‚
566 1724 592 1749 ὅ(
602 1721 736 1759 obligatus
748 1731 754 1752 ;
766 1721 839 1749 unde
848 1724 904 1747 Ta·
916 1723 1019 1750 TECTA
1030 1722 1169 1749 Drusum
1179 1741 1186 1748 .
1209 1721 1263 1749 Hic
1275 1719 1406 1758 loquendi
1427 1719 1523 1748 modus
1533 1741 1540 1753 ,
1562 1731 1620 1749 non
1629 1722 1700 1749 reste
1713 1720 1758 1749 in-

109 1772 197 1792 xatus
217 1761 357 1790 dicebatur
376 1760 553 1798 przfidiarius
572 1761 651 1789 Miles
663 1782 671 1794 ‚
697 1762 744 1799 qui
763 1762 791 1789 in
812 1761 903 1797 aliquo

109 1802 229 1841 praesrdii
239 1803 301 1830 loco
313 1802 474 1830 constitutus
485 1822 493 1834 ‚
504 1800 623 1829 addietus
634 1823 640 1833 ‚
662 1805 689 1829 ὅ(
701 1802 836 1840 obligatus
848 1810 900 1828 erat

109 1843 141 1871 ad
154 1841 325 1870 residendum
335 1863 342 1873 ,
363 1851 418 1880 quo
429 1842 561 1870 vocabulo
576 1842 728 1870 barbarensi
749 1841 812 1869 sunt
824 1841 903 1869 ctiam

109 1881 201 1911 Greci
214 1878 347 1919 Ταξέτος.
362 1883 566 1916 [ΑΠηοτεη-ἰο
576 1881 688 1920 Imperii
699 1883 810 1911 Leontii
823 1906 829 1918 ‚
850 1881 906 1909 acie

110 1923 211 1952 Arabes
224 1922 253 1950 in
264 1921 386 1951 Africam
397 1931 469 1951 mota
480 1922 550 1951 hanc
560 1922 736 1950 obtinuerunt
761 1926 788 1950 ὃ(
799 1932 831 1951 εκ
844 1931 905 1959 pro—

112 1964 173 2001 prio
191 1963 314 1991 exercitu
324 1972 429 1991 taxatos
449 1963 480 1991 in
490 1974 520 1992 ea
538 1962 669 2001 quosdam
685 1963 886 1991 constituerunt
897 1983 904 1990 .

111 2002 290 2041 Landulplzus
306 2003 368 2032 dib.
382 2014 425 2032 ιο.
439 2005 451 2035 ]
471 2005 527 2033 FR.
546 2003 681 2042 fignificat
693 2002 805 2041 proprie
822 2003 905 2040 depu—

110 2054 197 2073 tatum
209 2065 216 2076 ‚
237 2047 263 2072 δι
276 2043 379 2072 dicitur
387 2044 467 2071 etiam
479 2044 513 2072 de
523 2044 614 2073 milite
631 2043 784 2082 spirituali:
807 2048 823 2077 ἶ
835 2046 886 2071 Eos
897 2065 904 2076 ‚

960 1761 1100 1800 telligitur
1110 1762 1140 1789 ab
1152 1761 1182 1788 iis
1194 1783 1201 1794 ‚
1222 1760 1267 1798 qui
1277 1761 1425 1788 orientales
1435 1781 1444 1796 ‚
1463 1759 1648 1800 africanasque
1658 1761 1756 1789 domos

958 1813 1015 1830 non
1029 1801 1156 1830 viderant
1167 1823 1174 1834 ‚
1195 1811 1224 1829 ut
1236 1801 1339 1829 difturn
1358 1801 1395 1828 est
1406 1801 1435 1829 in
1445 1801 1510 1829 dist-
1521 1805 1687 1840 Cymarium
1699 1823 1706 1834 ,
1727 1805 1756 1830 ὃ(

959 1847 1065 1870 Dama.
1085 1841 1227 1880 Significat
1238 1841 1324 1879 igitur
1336 1840 1492 1880 argillosam
1514 1851 1614 1870 ter-ram
1625 1841 1704 1879 super
1716 1853 1759 1870 te—

959 1883 999 1911 ἂει
1007 1881 1200 1911 condensa-„am
1212 1904 1219 1914 ‚
1240 1892 1269 1909 ut
1280 1883 1308 1909 in
1318 1880 1420 1909 eisdem
1432 1882 1521 1909 citatis
1539 1882 1708 1910 difflonibus
1718 1883 1758 1912 di.

959 1924 1031 1951 &um
1040 1923 1113 1952 fuit3
1138 1923 1200 1951 ideo
1211 1923 1300 1960 patrio
1316 1932 1394 1950 more
1414 1922 1601 1951 Tertullianus
1619 1922 1654 1951 de
1665 1922 1758 1952 habitu

960 1965 1104 1992 mulierum
1115 1984 1123 1994 ,
1145 1973 1168 1990 c.
1179 1969 1207 1991 6.
1217 1963 1325 1990 dixerat
1338 1974 1343 1990 :
1366 1969 1378 1997 [
1390 1964 1449 1991 Nec
1468 1972 1561 1991 tamen
1574 1985 1582 1996 ‚
1601 1973 1645 1992 aut
1663 1963 1758 1993 funda-

960 2004 1059 2032 mentis
1069 2003 1265 2032 demandandis
1276 2024 1284 2035 ,
1304 2013 1348 2031 aut
1360 2003 1504 2040 parietibus
1523 2004 1670 2033 moliendis
1680 2025 1688 2037 ,
1712 2015 1757 2034 aut

959 2043 1072 2083 fastigiis
1083 2042 1247 2072 sustinendis
1258 2065 1265 2075 ,
1282 2054 1326 2071 aut
1338 2044 1416 2071 tec‘tis
1428 2042 1575 2073 densandis
1595 2043 1738 2074 necessaria
1751 2066 1757 2073 .

110 2086 157 2122 qui
169 2086 198 2113 in
212 2084 298 2112 Clero
309 2083 392 2112 taxati
401 2083 504 2112 fuerint
513 2106 521 2117 ‚
544 2084 600 2113 five
612 2085 640 2112 in
650 2083 815 2112 monasterio
825 2084 906 2122 depu.
918 2088 1076 2114 'secunlum
1088 2104 1095 2111 .
1117 2085 1173 2113 PR.
1185 2093 1313 2123 tegumen
1325 2104 1332 2111 .
1345 2091 1357 2119 s
1368 2084 1412 2112 Ut
1422 2082 1502 2122 supet
1511 2083 1717 2114 altaria'tecuria
1725 2086 1759 2114 fi-

111 2126 161 2154 mti
175 2147 182 2157 ,
202 2123 372 2153 decrevimus
381 2134 470 2162 neque
481 2125 514 2152 ad
525 2125 652 2153 militiam
663 2146 671 2157 ‚
683 2135 770 2162 neque
779 2124 812 2152 ad
822 2114 914 2152 hono-l

960 2135 1006 2154 ant
1020 2146 1026 2152 .
1047 2126 1082 2153 In
1094 2124 1217 2153 Constit.
1227 2125 1324 2153 Caroli
1335 2124 1430 2162 Magni
1443 2144 1450 2151 .

114 2177 154 2194 res
167 2165 306 2194 saetulares
319 2164 414 2194 venire
426 2186 435 2198 ,
446 2175 505 2193 can.
515 2168 567 2193 Eos
577 2165 622 2204 qui
635 2186 643 2197 ‚
658 2175 704 2194 ιο.
716 2175 761 2203 qu.
773 2175 798 2202 3.
809 2166 821 2195 ]
834 2158 959 2195 VidelTE
970 2167 1058 2194 Demi
1078 2166 1240 2193 nummus
1251 2168 1303 2193 διε.
1321 2174 1456 2193 canticum
1477 2175 1490 2194 a
1509 2166 1614 2195 duobus
1633 2166 1758 2196 Ecclefioe

110 2207 206 2235 Tullia
215 2226 221 2232 .
233 2206 324 2234 Tullio
333 2225 341 2233 .

67 2251 221 2276 TAxELLUS
235 2257 242 2275 ,-
263 2245 349 2284 figura
360 2245 389 2274 in
400 2244 454 2275 oss'e
467 2270 474 2279 ,
493 2247 538 2274 vel
549 2245 599 2274 alia
620 2243 755 2279 reincifii,
777 2255 836 2284 quae
846 2255 907 2284 apta

112 2287 145 2315 ad
157 2286 371 2325 imprimendum
380 2287 476 2315 existat
487 2309 494 2320 ‚
509 2286 596 2315 veluti
609 2286 728 2325 sigillum
741 2308 749 2319 ‚
762 2295 816 2323 quo
827 2296 904 2315 voca-

111 2327 175 2355 bulo
185 2326 272 2355 utitur
284 2326 436 2356 Anastasius
446 2326 582 2356 Biblioth.
594 2327 623 2355 in
633 2330 691 2365 ejus
700 2327 783 2355 latins
795 2327 906 2355 transla-

110 2367 187 2396 tione
195 2367 323 2396 Concilii
345 2367 449 2397 Niceni
459 2369 501 2398 II.
512 2369 568 2399 FR.
586 2368 700 2408 Dicitur
710 2367 792 2397 etiam
803 2368 903 2405 Taſj'el·

152 2408 343 2441 Hierolexa'con
357 2411 450 2438 Macri

958 2206 1124 2235 Dostoribus
1138 2206 1281 2234 Ambrosio
1299 2209 1326 2234 ὅ(
1339 2205 1495 2244 Augustino
1505 2208 1705 2246 compositum,
1727 2207 1758 2236 in

962 2257 995 2274 eo
1003 2246 1048 2275 die
1057 2267 1066 2279 ‚
1087 2256 1141 2284 quo
1153 2256 1186 2274 cx
1198 2256 1265 2284 aqua
1274 2250 1301 2275 δ(
1323 2246 1426 2284 Spiritu
1436 2246 1534 2275 Sansto
1553 2257 1658 2276 renatus
1670 2247 1757 2276 fixerat

962 2287 1037 2316 idem
1058 2286 1185 2315 Aurelius
1198 2286 1364 2325 Augustinus
1375 2309 1382 2320 ,
1405 2287 1436 2315 ab
1445 2288 1542 2315 eodem
1561 2288 1597 2316 D.
1610 2287 1757 2317 Ambrosio

960 2329 993 2356 ad
1004 2325 1224 2355 catliolicismum
1236 2328 1270 2356 de
1279 2337 1352 2356 anno
1361 2339 1375 2366 3
1384 2332 1428 2356 88.
1440 2328 1564 2356 reductus
1573 2349 1582 2362 ,
1599 2339 1630 2357 ac
1639 2328 1757 2357 alterna-

959 2369 1012 2398 tim
1027 2368 1163 2408 prolatum
1174 2379 1183 2400 5
1197 2367 1262 2398 licet
1271 2366 1359 2397 solum
1368 2369 1403 2397 D.
1417 2368 1590 2398 Ambrosium
1602 2368 1687 2408 aliqui
1699 2372 1757 2403 Au-v

1404 2411 1427 2436 T
1438 2419 1447 2436 t
1490 2419 1503 2447 3
1658 2411 1717 2439 ἐΐσ-
