1866 2526
27 112 29 114 .
72 90 219 118 Rmseun
229 108 238 121 ‚
248 84 420 116 nmunculus
428 105 440 122 ,
459 84 506 114 seu
519 83 599 123 stirps
609 105 616 117 ‚
635 93 668 113 ex
679 83 834 124 germanica
846 92 914 112 voce

472 28 517 69 R
549 26 586 68 E
966 81 1108 121 cingulum
1117 83 1225 114 lumbos
1233 24 1426 114 cirffmdffiat,
1437 81 1575 111 humerale
1586 29 1730 118 humfflg,
1740 87 1769 114 ἃ

968 121 1076 152 brachia
1085 122 1237 152 amiciebat.
1249 124 1262 155 ]
1275 122 1347 152 V‘ide
1359 122 1672 160 Cingulumtiumerale
1681 145 1689 153 .
1700 126 1769 165 Phy-

932 163 1162 235 Κειῖῗζῖᾅὶεκ
1173 224 1180 232 .
1204 203 1278 232 Vide
1300 205 1501 235 Ribuam'orum
1518 209 1574 233 Lex
1585 223 1592 231 .

933 245 1083 274 Rue-isio
1097 266 1104 274 .
1127 245 1200 274 Vide
1225 245 1362 280 Rebusfus
1376 265 1384 273 .

934 286 1085 314 Renuitsus
1097 307 1103 314 .
1115 286 1228 318 ‹ei-estus,
1241 294 1295 313 vox
1306 286 1417 324 quidem
1426 286 1540 315 barbara.
1552 285 1679 326 Legimus
1691 286 1768 315 enim

974 335 1004 353 in
1015 325 1124 355 Chron.
1134 325 1262 356 Beccenfi
1273 325 1306 354 de
1316 327 1434 365 quodam
1447 328 1560 356 nomine
1570 325 1703 367 Crispino
1712 349 1719 360 ‚
1733 327 1770 356 ita

112 129 232 166 anusch.
245 133 259 163 [
270 128 404 157 Locorum
413 124 573 165 palustrium
583 146 591 158 ‚
601 134 661 163 que
674 126 753 163 plena
764 134 841 168 erant
853 125 913 153 lon-

111 167 229 213 giffimis
240 165 347 199 rauseis,
357 168 386 194 ὅ(
397 165 534 206 virgultis.
543 167 616 204 Jona
626 166 697 195 Alib.
706 165 738 194 in
749 174 806 194 vita
815 165 915 195 S.Vul-

72 213 265 280 Κεᾟᾟυὲῐζ.
275 246 342 276 idest
351 269 360 281 ‚
369 246 427 276 rei.
439 246 532 276 Glofla
542 247 572 275 in
581 255 639 284 cap.
651 245 734 276 unico
743 267 752 280 ‚
764 245 798 275 de
808 246 898 285 pcenis
909 267 916 273 .

115 292 226 318 Exti-av.
235 289 281 326 Jo.
292 289 386 317 XXII.
397 288 424 319 §.
435 287 564 318 Realibus
575 307 583 315 .

72 332 259 359 Rnriruno
270 350 279 362 ‚
289 339 378 357 reatus
389 350 398 362 ‚
410 328 487 366 culpa
500 350 507 360 ,
521 327 652 356 dclistum
661 349 669 356 .
684 333 696 363 [
710 327 818 362 Quanta
828 336 918 355 autem

110 369 287 398 reatitudinis
295 370 373 408 culpa
383 378 528 397 teneantur
538 367 659 397 adstristi
672 367 702 396 l·ii
710 388 719 400 ,
743 367 790 406 qui
803 367 918 396 idolola-

113 410 226 438 triarum
237 407 489 448 perniciolissimam
497 408 720 446 superstitionem
731 408 858 436 volentes
867 417 920 435 am.

112 452 268 488 plectuntur
279 471 286 478 .
300 451 335 479 In
347 450 405 478 vita
416 450 441 479 S.
451 449 560 478 Paulini
571 449 717 478 Eboraceu.
898 487 902 490 ²

79 491 91 505 '¹
113 493 156 520 Re
164 501 266 520 natio
278 511 285 518 .
299 493 350 519 Per
362 491 434 529 leges
444 489 634 519 i-:cclefiaikicas
645 488 751 526 semper
762 485 856 531 severe
866 487 917 530 fuit

112 531 241 570 calligata
252 551 259 558 .
273 531 351 567 Quid
361 540 428 560 vero
437 530 472 559 de
483 529 680 568 Imperantibus
690 528 818 566 primaevi
830 527 915 556 Chri·

112 571 134 599 st
141 571 194 598 iani
205 569 352 604 senserint,
363 582 398 600 ex
407 571 580 600 Tertulliano
589 568 692 598 discere
702 568 918 611 pollumus,con-

122 621 163 639 tra
179 612 334 650 aliquorum
360 610 546 639 recentiorum
567 609 713 648 opiniones
722 630 730 642 ‚
753 608 849 652 quibus
869 618 915 636 vix

126 651 255 690 Princeps
263 651 328 680 ess'et
337 673 346 684 ‚
364 654 437 686 cujus
450 650 546 678 vitain
557 659 619 677 tuto
629 649 699 678 soret
709 669 733 686 ,⁸
742 647 917 678 Christianus

125 712 145 724 ,‚
157 692 260 720 nullius
270 692 309 720 est
316 690 404 720 hostis
412 710 422 724 ‚
431 690 532 719 nedum
544 690 714 728 imperatoris
723 700 730 716 .-
740 698 822 727 quem
831 687 918 732 sciens

119 752 139 764 ,‚
152 743 166 759 a
179 733 242 760 Deo
250 731 298 760 suo
307 731 455 764 constitui,
476 729 578 758 neccsse
587 730 645 763 est,
664 740 694 759 ut
704 734 732 758 ὃ(
751 728 842 768 ipsum
852 729 917 758 dili-

113 793 133 804 „
144 781 199 810 gat,
211 776 239 800 ὁ(
250 781 414 805 revereatur,
429 774 457 800 δι
468 769 598 804 honoret,
611 774 639 800 δι
648 769 754 800 salvum
765 770 844 802 velit,
855 780 917 813 cum

113 832 134 844 ,‚
147 819 208 839 toto
221 815 352 842 Romano
362 811 481 851 imperio
493 833 500 845 ,
523 810 662 849 quousque
671 810 800 840 seculum
819 810 897 839 stabit
909 821 914 838 :

111 872 132 885 ‚‚
143 853 249 881 tamdiu
259 853 333 881 enim
346 853 423 882 stabit
431 873 438 880 .
459 852 587 881 Colimus
598 860 666 890 crgo
676 855 702 879 δ(
718 851 913 888 imperatorem

117 913 137 925 ‚‚
155 892 190 920 sic
200 915 208 926 ,
217 894 359 932 quomodo
371 897 398 922 δι
409 893 487 922 nobis
497 892 561 921 licet
572 914 580 926 ,
591 895 618 920 ὅ(
629 892 680 930 ipsi
690 891 813 930 expedit,
823 901 854 920 ut
863 890 914 919 lio-

109 953 129 967 „
140 933 247 962 minem
265 945 279 962 a
291 935 354 963 Deo
363 933 512 963 secundum
523 953 532 966 ,
550 936 579 962 ὃς
589 933 725 974 quidquid
747 932 785 960 est
795 953 804 965 ,
825 942 840 960 a
851 933 914 961 Deo

110 994 130 1006 „
141 972 340 1013 consequutum
349 997 357 1007 ,
376 979 403 1004 ὃ(
415 973 474 1002 solo
484 974 550 1002 Deo
561 973 698 1002 minorem
710 993 717 1000 .
736 972 853 1002 Tertull.
881 973 914 1001 :id

115 1015 223 1052 Scapul.
235 1025 259 1042 c.
272 1027 318 1047 2.‚‚
330 1017 422 1044 verno
433 1014 471 1043 est
481 1013 644 1055 quilnesciat
653 1013 826 1044 Tertulliani
836 1023 914 1042 aetate

112 1055 298 1091 Imperatores
311 1055 386 1084 fuisse
395 1055 527 1084 Etlinicos
536 1076 543 1088 ‚
557 1054 613 1082 imo
622 1053 693 1083 Chri
699 1054 775 1083 stiani
786 1053 907 1082 nominis

115 1093 310 1132 persecutores.
323 1096 434 1124 Idcirco
442 1098 507 1134 Jura
516 1095 676 1131 Majeilatis,
687 1106 701 1123 a
710 1093 846 1133 Principis
857 1096 912 1124 Re-

974 366 1112 404 appellato
1122 389 1130 400 ‚
1155 369 1253 403 [Nam
1264 366 1294 395 in
1303 365 1348 395 sua
1361 367 1492 405 prim-eva
1504 378 1584 397 aetate
1603 368 1712 399 habebat
1726 379 1768 398 ca-

977 406 1059 443 pillos
1070 407 1174 446 crispos
1183 430 1190 440 ,
1212 411 1240 436 ὅ(
1250 407 1355 446 rigidos
1366 418 1446 447 atque
1455 407 1558 437 sursum
1567 411 1671 438 ereftos
1682 432 1689 443 ,
1701 414 1727 439 δ(
1739 417 1769 437 ut

977 455 1014 475 ita
1025 447 1115 476 dicam
1126 470 1133 481 ,
1156 447 1276 477 rebursos
1297 448 1330 477 ad
1341 450 1456 478 modum
1473 459 1608 478 ramorum
1621 451 1678 489 pini
1691 473 1698 485 ‚
1721 449 1769 488 qui

974 485 1080 526 semper
1093 490 1213 518 tendunt
1222 486 1334 519 sursum5
1344 500 1427 529 quare
1435 491 1645 530 cognominatus
1653 491 1691 521 est
1702 491 1769 521 Cri-

974 524 1067 565 spinus
1078 550 1086 563 ‚
1105 529 1178 568 quasi
1186 527 1301 568 Crispus
1313 529 1408 569 pinus.
1421 532 1434 562 J
1456 533 1529 561 Item
1551 532 1582 560 in
1595 533 1693 561 eodem
1705 542 1766 561 tex-

977 577 1004 596 tu
1015 570 1140 608 Reburfio
1149 569 1292 598 invenitur
1303 592 1310 602 ,
1324 570 1410 603 idest,
1420 572 1531 601 erectio:
1545 573 1662 609 [Quam
1677 573 1764 612 capil-

974 608 1063 636 lorum
1073 611 1256 639 reburlionem
1269 610 1392 640 videmus
1401 611 1488 641 adhuc
1500 612 1529 642 in
1540 613 1572 642 iis
1582 635 1589 645 ,
1612 623 1659 652 qui
1677 614 1712 643 de
1724 614 1767 652 ip-

975 648 1025 677 sius
1035 660 1138 688 genere
1148 650 1335 684 descendunt,
1349 654 1361 683 J
1381 662 1440 690 que
1460 654 1593 682 vocabulo
1613 665 1646 684 ex
1663 655 1767 694 gallico

973 689 1058 718 verbo
1067 692 1171 722 Reburs
1182 691 1356 724 derivantur,
1368 693 1442 731 quod
1451 694 1610 727 retrorsum,
1619 695 1687 724 &in
1697 705 1766 724 con-

973 730 1087 760 trarium
1101 731 1254 771 fignificars
1273 731 1360 771 crispa¹
1369 734 1444 762 enim
1453 745 1531 764 conio.
1549 736 1580 763 iii
1600 745 1705 775 partein
1715 746 1766 775 pog

972 769 1114 802 steriorem
1125 773 1222 811 capitis
1231 772 1357 802 decidere
1367 773 1438 802 solet
1449 794 1457 802 .

931 812 1102 844 chnvuii.
1121 815 1179 842 PR.
1199 814 1348 847 coelatum‚
1368 814 1486 844 incisum

1161 889 1166 893 Ι
1269 864 1308 882 uae
1326 855 1454 884 continet
1475 856 1549 885 intus

1091 888 1230 921 AEdicula
1249 904 1365 933 argento
1390 895 1507 935 fulgurat
1527 907 1560 926 ex
1581 894 1694 926 solido.
1718 908 1729 910 r

1010 929 1133 961 Praefixit
1156 932 1256 963 tabulas
1276 936 1353 964 dives
1376 946 1469 965 manus
1490 947 1600 976 aequore
1611 938 1676 966 iaevi

1090 972 1249 1003 candentes
1262 997 1269 1008 ,
1283 986 1410 1006 recavum
1420 978 1499 1016 quale
1509 980 1580 1007 nitet
1590 977 1726 1017 speculum
1737 998 1744 1008 .

969 1012 1135 1044 Prudentius
1154 1014 1184 1041 in
1194 1016 1258 1053 pafl‘.
1280 1017 1306 1044 S.
1318 1018 1472 1056 Hyppoliti
1481 1021 1562 1047 Mart.
1580 1019 1656 1048 Hinc
1669 1020 1766 1049 Italice

970 1061 1086 1085 Racamo
1096 1054 1199 1084 dietum
1208 1055 1260 1085 suit
1272 1067 1332 1085 acus
1341 1059 1445 1095 pictura
1454 1079 1463 1092 ,
1483 1070 1542 1097 quae
1555 1071 1569 1088 a
1581 1059 1668 1089 fundo
1675 1061 1766 1089 eleva-

973 1104 1034 1123 tur.

114 1135 223 1173 ligionc
235 1134 341 1173 semper
350 1135 442 1165 habita
450 1134 514 1164 sunt
522 1136 687 1164 omnimodo
695 1134 813 1173 separata
821 1137 848 1163 ὅ(
858 1135 914 1163 coi·
931 1138 1104 1165 Remini-vii
1116 1155 1124 1163 .
1135 1137 1193 1166 FR.
1203 1137 1297 1166 cautio
1308 1160 1316 1171 ‚
1325 1136 1513 1168 satisfactionis
1523 1139 1666 1174 confeffio,
1678 1141 1766 1180 vulgo

110 1174 204 1205 stincl'a
214 1175 251 1204 ita
261 1186 290 1204 iit
301 1177 426 1215 Principi
438 1186 530 1205 veram
540 1177 722 1214 Religionem
732 1176 813 1204 etiam
825 1174 915 1213 persc—

109 1216 206 1253 qucnti
217 1216 374 1245 obedientia
383 1216 477 1245 civilis
488 1226 627 1256 nunquam
637 1217 669 1245 fit
680 1216 843 1254 deneganda
851 1237 860 1248 ,
872 1216 912 1244 vi-

110 1265 138 1283 ta
148 1265 215 1284 vcro
227 1257 353 1294 ponenda
365 1257 397 1286 fit
410 1257 502 1295 potius
512 1277 520 1289 ‚
538 1267 620 1295 quam
632 1267 695 1286 vera
707 1256 823 1295 Religio
833 1256 914 1285 abne-

110 1296 198 1334 ganda
207 1316 214 1323 .
229 1296 302 1325 Vide
311 1297 436 1326 Fellonia
446 1316 454 1324 .

970 1177 1148 1218 Quietantia
1157 1177 1244 1206 diem.-
1257 1184 1268 1213 [
1279 1179 1339 1208 Ubi
1349 1179 1411 1208 esset
1420 1190 1567 1214 recautum,
1580 1191 1636 1220 quo
1644 1181 1693 1211 illa
1703 1192 1766 1210 cau-

971 1217 1013 1244 tio
1022 1226 1149 1245 evacuata
1161 1217 1246 1247 fuerat
1256 1238 1263 1246 .
1281 1220 1318 1247 D.
1331 1222 1404 1258 Aug.
1421 1221 1456 1249 de
1464 1231 1524 1250 cura
1545 1232 1595 1261 pro
1605 1222 1720 1251 mortuis
1730 1243 1737 1249 .
1749 1224 1764 1253 1

971 1257 1059 1286 Unde
1070 1263 1193 1287 Recaveo
1205 1259 1317 1288 verbum
1326 1271 1335 1291 5
1344 1264 1372 1289 ὅ(
1382 1262 1447 1290 Itali
1458 1262 1555 1291 dicunt
1567 1269 1710 1293 Recavare
1733 1264 1765 1292 da·

971 1298 1062 1326 dunno
1071 1319 1079 1330 ,
1092 1298 1160 1326 idest
1171 1300 1292 1328 eximere
1301 1301 1332 1329 ab
1343 1301 1525 1340 obligatione.
1537 1303 1611 1331 Vide
1619 1305 1725 1343 Quieto
1735 1324 1742 1330 .

66 1336 112 1365 Re
118 1344 172 1364 noo
183 1356 191 1363 .
199 1337 255 1366 FR.
267 1338 378 1366 verbum
389 1359 396 1370 ‚
418 1336 544 1376 remugio
554 1358 562 1371 ,
574 1339 612 1366 ’δε
622 1337 783 1366 translative
795 1336 894 1366 resono
904 1359 912 1370 ,
930 1340 1072 1368 RECEPTA
1086 1359 1094 1370 ‚
1105 1340 1305 1377 receptaculum
1313 1362 1322 1374 ,
1333 1351 1435 1371 camera
1445 1365 1452 1376 ,
1476 1344 1506 1371 in
1517 1354 1569 1383 qua
1579 1343 1635 1372 fisci
1648 1353 1763 1382 pecunia

106 1377 227 1405 reclamo
236 1399 245 1410 ,
265 1377 295 1406 iii
304 1378 436 1416 aliquibus
447 1378 564 1416 vulgatis
573 1378 669 1408 Bibliis
679 1399 687 1406 .
710 1384 722 1414 [
734 1378 863 1417 Cumque
873 1379 915 1406 lo-

107 1426 238 1454 queretur
248 1418 308 1447 Saul
318 1419 351 1446 ad
360 1418 533 1447 Sacerdotem
545 1439 553 1451 ,
574 1419 704 1447 tumultus
714 1429 826 1458 magnus
835 1428 914 1447 exor-

108 1466 150 1484 tus
159 1457 197 1485 est
206 1458 237 1486 in
246 1458 337 1486 castris
346 1457 582 1488 Pliilisthinorum
594 1480 602 1491 ‚
620 1459 808 1499 crescebatque
823 1460 915 1498 paula-

109 1496 163 1524 tim
176 1518 184 1529 ,
196 1501 224 1525 δι
235 1498 331 1526 clarius
341 1498 474 1527 reboabat.
490 1509 513 1526 i.
522 1501 594 1537 Reg.
609 1501 725 1535 14.i9.]
738 1501 773 1528 In
782 1500 914 1538 aliquibus

108 1535 192 1566 etiam
202 1537 320 1575 vulgatis
333 1538 437 1576 legitur
445 1539 590 1574 resonabat
598 1558 606 1566 .
627 1540 749 1569 Verbum
761 1541 844 1571 Reboa
853 1541 914 1569 Ser-

110 1575 169 1604 vius
179 1577 211 1604 in
219 1579 414 1616 3.Georgicor.
426 1578 507 1617 Virg.
521 1579 581 1607 vult
590 1578 641 1608 effe
649 1580 843 1619 graecum‚qiiia
854 1581 914 1609 nul-

969 1378 1103 1415 recipitur
1115 1401 1123 1412 ,
1133 1380 1292 1419 colligitur,
1307 1386 1334 1411 δε
1346 1381 1521 1412 conservatur
1530 1408 1536 1413 .
1550 1385 1610 1420 [Ad
1621 1383 1764 1413 sacculum

970 1419 1004 1448 de
1013 1428 1120 1457 recepta
1131 1419 1175 1449 sua
1185 1440 1194 1448 .
1214 1421 1315 1450 Matth.
1327 1422 1410 1451 Paris.
1422 1424 1452 1452 in
1462 1424 1524 1453 hist.
1536 1428 1549 1457 J
1571 1425 1663 1454 Potest
1680 1426 1764 1454 etiam

970 1459 1122 1498 significare
1132 1461 1255 1489 officium
1265 1462 1354 1496 illius,
1378 1464 1421 1491 cui
1433 1464 1600 1493 incumbebat
1619 1466 1762 1503 pecuniam

970 1499 1026 1528 fisci
1035 1501 1156 1539 recipere
1167 1522 1173 1529 .
1189 1502 1276 1531 Unde
1284 1505 1436 1542 Receptam
1450 1515 1551 1533 vocant
1561 1506 1673 1544 Equites
1682 1506 1765 1534 Meli-

969 1539 1056 1568 tenses
1064 1553 1133 1571 onus
1142 1542 1211 1571 illud
1224 1563 1231 1574 ,
1254 1543 1329 1581 quod
1338 1545 1487 1582 Receptori
1510 1556 1679 1584 proventum
1688 1556 1764 1575 com·

969 1581 1059 1609 munis
1069 1583 1180 1612 AErarii
1189 1583 1323 1612 incumbit
1331 1604 1339 1612 .
1350 1585 1424 1613 Vide
1434 1590 1560 1623 Receptor
1570 1606 1578 1614 .

107 1616 165 1644 lum
173 1617 290 1646 latinum
300 1618 413 1647 vei-bum
423 1616 493 1647 solet
511 1616 609 1648 habere
617 1620 799 1658 diipliceino,
821 1621 913 1657 inejus
930 1624 1123 1653 Rectum-iii
1136 1645 1144 1656 ,
1168 1624 1197 1652 in
1215 1626 1326 1654 materia
1347 1624 1438 1659 dotis,
1461 1636 1520 1665 quae
1531 1626 1676 1656 dicuntur.
1688 1627 1763 1657 Vide

74 1662 77 1664 '
108 1655 185 1685 finali
194 1678 202 1689 ‚
212 1667 313 1696 praeter
323 1659 416 1687 inchoo
425 1680 433 1691 ,
443 1659 518 1697 quod
529 1669 622 1688 tamen
632 1661 662 1689 ab
671 1661 792 1700 antiquis
801 1671 862 1690 cum
873 1660 914 1690 as·

969 1664 1161 1699 AntiPhatum
1170 1683 1178 1691 .

108 1696 256 1736 pirationes
265 1698 340 1728 inter
349 1699 413 1728 duas
433 1699 537 1728 vocales
555 1699 737 1734 scribebatur-5
761 1701 816 1730 hoc
833 1703 914 1740 pasto
928 1705 1091 1736 Rimmon
1103 1725 1110 1732 .
1120 1707 1176 1734 FR.
1188 1704 1234 1742 qui
1245 1707 1444 1744 receptaculum
1455 1707 1556 1746 praebet
1565 1729 1573 1740 ,
1591 1707 1626 1736 de
1636 1708 1761 1738 Haereti·

110 1738 201 1766 incoho
212 1758 220 1765 .

68 1776 344 1809 Ruitaci-iiziroiuti
355 1801 363 1814 ,
375 1779 464 1818 laquei
475 1801 483 1813 ,
492 1779 539 1809 seu
549 1779 662 1811 funiculi
672 1802 690 1815 ,.
699 1782 795 1822 quibus
805 1782 911 1822 antiqui

108 1817 242 1846 Monachi
257 1820 378 1858 ligabant
397 1821 482 1849 vestes
490 1819 537 1849 sub
554 1821 670 1851 brachiis
680 1844 689 1856 ‚
709 1833 739 1851 ut
757 1824 843 1862 agiles
851 1845 860 1857 ,
881 1834 910 1853 ac

109 1859 231 1895 prompti
242 1859 271 1888 in
281 1861 428 1890 laborando
439 1860 523 1890 eflent
531 1883 539 1895 ,
554 1871 614 1900 quae
624 1862 659 1892 fic
668 1863 908 1897 aCaffiano,lib.i.

107 1897 142 1925 de
153 1897 238 1926 habit.
249 1900 381 1932 Monadi.
394 1911 418 1929 c.
431 1908 457 1930 6.
468 1900 682 1938 describuntur:[
692 1905 808 1933 Gestant
817 1914 909 1933 autem

108 1937 244 1967 resticulas
261 1940 383 1978 duplices
400 1943 480 1971 laneo
495 1943 587 1981 plexas
608 1942 654 1972 sub
675 1945 800 1983 tegmine
810 1966 818 1978 ,
841 1954 908 1983 quos

107 1979 199 2007 Greci
209 1982 352 2010 anavoleas
361 2003 370 2015 ,
382 1993 430 2010 nos
441 1993 508 2012 vero
517 1982 681 2013 succintoria
690 2006 698 2018 ‚
707 1983 753 2013 seu
764 1985 909 2014 redimicu-

107 2019 132 2047 la
142 2040 150 2052 ,
164 2020 206 2048 vel
217 2030 329 2059 proprie
341 2023 550 2052 rebrachiatoria
560 2023 693 2063 possiunus
701 2027 908 2065 appellare‚quae

108 2058 305 2090 descendentia
316 2071 364 2100 per
381 2063 486 2092 summa
496 2066 622 2099 cervicis,
633 2069 661 2094 ὅ(
679 2067 827 2095 alateribus
843 2067 909 2095 colli

107 2098 195 2128 divisa
205 2122 213 2133 ,
226 2111 399 2141 utrarumque
407 2105 509 2133 alarum
519 2105 589 2134 finus
599 2106 723 2135 ambiunt
733 2127 741 2139 ,
755 2117 833 2145 atque
844 2106 910 2136 hinc

107 2140 174 2170 inde
183 2140 349 2181 succingunt
357 2165 366 2177 ,
375 2153 406 2172 ut
415 2145 634 2183 constringentia
644 2148 818 2176 latitudinem
828 2148 912 2177 vesti-

105 2182 192 2209 menti
204 2203 211 2214 ,
222 2183 256 2211 :id
265 2193 362 2222 corpus
375 2185 540 2215 contrahant
552 2207 560 2219 ,
581 2196 661 2226 atque
669 2191 842 2227 conjungant
852 2210 860 2222 ,
883 2193 911 2218 ὅ(

105 2220 145 2250 ita
155 2223 312 2252 constrictis
320 2223 436 2254 brachiis
443 2226 555 2265 impigri
567 2227 601 2256 :id
608 2238 693 2256 omne
701 2238 770 2267 opus
782 2250 790 2262 ,
799 2229 911 2268 expedi-

103 2262 181 2301 tique
192 2263 344 2294 reddantur
353 2286 361 2294 .
373 2268 385 2298 ]
397 2266 564 2302 Hujusmodi
577 2267 713 2298 funiculus
733 2279 747 2298 a
755 2270 911 2300 Sozotneno

104 2305 258 2333 numerale
268 2307 420 2344 appellatur
429 2318 439 2338 5
463 2309 554 2346 quide
566 2307 657 2337 habitu
667 2310 910 2349 monachali,lib.3.

69 2373 72 2376 Δ
103 2354 128 2372 c.
143 2354 152 2372 i
159 2354 186 2382 3.
199 2344 710 2393 loquens,2it:[1-12bebniitcinguium,
728 2350 912 2386 &humetum

968 1745 1044 1775 eisin
1056 1752 1082 1774 6.
1093 1756 1116 1774 c.
1129 1758 1155 1774 ι..
1174 1747 1245 1774 Item
1256 1747 1329 1774 inter
1338 1747 1449 1784 Equites
1461 1746 1620 1776 Melitenses
1634 1755 1762 1787 Receptor

966 1784 1015 1814 ille
1026 1787 1129 1815 dicitur
1137 1808 1146 1819 ‚
1158 1786 1205 1824 qui
1219 1786 1247 1814 in
1255 1786 1346 1825 aliquo
1355 1798 1449 1816 eorum
1461 1791 1587 1817 Prioratu
1598 1789 1715 1818 residens
1728 1790 1761 1819 ad

966 1827 1138 1865 recipiendos
1148 1836 1297 1864 proventus
1307 1849 1314 1859 ‚
1331 1831 1357 1856 δ(
1367 1827 1454 1865 spolia
1464 1839 1514 1866 pro
1524 1831 1665 1858 communi
1676 1830 1761 1860 AEra-

965 1866 1008 1894 rio
1019 1868 1163 1907 deputatus
1173 1867 1210 1895 cst
1220 1888 1228 1900 ,
1239 1871 1267 1896 δι
1276 1868 1430 1898 relideiitiae
1442 1871 1634 1899 conventualis
1644 1871 1761 1909 privile-

963 1907 1011 1945 gio
1031 1908 1130 1947 gaudet
1141 1927 1148 1935 .

922 1948 1006 1976 Rieu
1013 1960 1028 1977 A
1034 1959 1081 1977 MT
1087 1947 1240 1977 i.FR.inter
1250 1949 1381 1978 Hebraeos
1390 1950 1592 1988 appellabantur
1598 1951 1767 1981 descenden-

963 1998 1002 2015 tes
1014 1999 1027 2017 a
1036 1989 1179 2028 Jonadabo
1190 1988 1312 2018 Rechabi
1324 1989 1394 2022 filio,
1404 1991 1451 2029 qui
1462 1991 1495 2020 ad
1504 1991 1588 2020 instar
1598 1992 1757 2031 Religioso—

970 2039 1028 2057 rum
1041 2030 1172 2059 vivebant
1190 2029 1220 2058 in
1230 2030 1290 2068 lege
1300 2029 1436 2062 Mosaicas
1459 2042 1516 2060 non
1525 2033 1599 2060 euim
1612 2033 1709 2062 vinum
1718 2034 1759 2062 bi-

965 2070 1062 2098 bebant
1071 2092 1078 2103 ,
1091 2080 1141 2098 nec
1154 2070 1250 2098 domos
1260 2070 1393 2100 :edificare
1404 2081 1542 2110 poterant,
1555 2071 1602 2102 sed
1613 2072 1658 2102 sub
1667 2083 1759 2103 tento-

965 2110 1013 2139 riis
1022 2110 1192 2143 habitabant,
1205 2121 1293 2148 neque
1302 2122 1410 2150 campos
1421 2111 1598 2146 seminabant,
1608 2124 1653 2142 eut
1665 2116 1759 2143 vineas

964 2151 1120 2189 plantabant
1133 2173 1140 2184 ‚
1151 2151 1268 2189 ideoque
1286 2163 1300 2180 a
1310 2153 1346 2180 D.
1358 2153 1539 2189 Hieronymo
1550 2177 1558 2188 ‚
1569 2155 1648 2193 epist.
1664 2165 1707 2192 ¹3·
1725 2155 1760 2184 :id

965 2192 1110 2220 Paulinum
1121 2191 1250 2220 Moiiaclii
1260 2194 1439 2230 appellantur.
1450 2196 1564 2224 Vixerat
1574 2196 1696 2233 jonadab
1707 2195 1756 2224 hu-

964 2234 1005 2267 jus
1015 2233 1116 2271 regulae
1127 2233 1269 2260 institutor
1279 2243 1402 2272 tempore
1410 2235 1491 2272 Jofiae
1503 2237 1589 2276 Regis
1598 2236 1676 2274 Judae
1687 2255 1696 2262 -

925 2274 1157 2305 Rammium,
1179 2274 1336 2302 reiteratus.
1359 2275 1484 2310 [Samius
1503 2276 1628 2316 Sophiste
1647 2275 1759 2306 Platoni

965 2315 1058 2342 auctor
1068 2314 1105 2342 est
1116 2313 1269 2342 animarum
1279 2315 1314 2343 de
1322 2315 1485 2349 recidivatu,
1497 2316 1644 2345 revolubili
1655 2315 1762 2355 semper

965 2363 1000 2382 ex
1010 2355 1115 2385 alterna
1124 2363 1299 2394 mortuorum
1305 2354 1473 2387 suffectione.
1483 2358 1601 2387 Tertull.
1615 2357 1650 2386 dc
1661 2359 1761 2392 anima,

1615 2408 1640 2427 c.
1651 2402 1696 2428 28.
1707 2400 1724 2432 1
