1866 2526
446 44 562 88 AC

51 108 70 142 3¹
89 107 291 139 Accusatio,
310 107 342 134 δε
363 106 606 134 ΑεευεΛ-τοιιεε.
627 104 741 143 ,Magna
759 101 790 136 in
809 99 880 131 aeci-

84 144 202 186 piendis
209 155 307 176 contra
328 144 480 185 Episcopos
496 143 674 174 &·Clericos
693 145 882 188 accusationi-

79 185 143 217 *bus
153 197 218 217 cura
228 187 408 217 adhibebatur
416 207 424 215 .
434 220 437 221 ⁷
446 190 484 216 Ea
505 186 611 225 quippe
620 186 734 215 vetustis
746 194 882 229 tempori-

94 230 142 258 bus
160 226 295 258 clericalis
311 227 461 268 dignitatis
483 232 512 257 ὁ(
522 227 737 257 existimationis
747 236 820 255 ratio
831 225 880 255 ha-

90 270 205 300 bebatur
217 292 226 304 ,
242 280 274 300 ut
283 269 414 299 malitiosi
432 267 551 306 cujusvis
571 269 698 307 plebej&
714 268 778 297 falfi
796 277 879 313 accu-

88 313 195 350 satoris
203 310 349 340 calumniis
360 322 390 340 ac
407 309 654 340 obtrectationibus
672 319 734 339 eam
753 319 878 354 exponi,

89 352 166 382 haud
176 362 286 392 aequum
295 351 346 381 este
355 353 523 390 judicaretur
535 371 543 378 .
553 351 607 380 Sed
619 351 738 390 primum
747 350 776 379 in
787 360 879 379 omm—

88 395 141 423 bus
149 392 530 432 accusationibustspecietim
538 401 636 421 contra
648 391 879 430 Episcop03‚duo-

94 445 157 464 xum
166 445 212 464 aut
236 435 321 463 trium
341 435 453 463 testium
464 433 621 462 testimonia
631 454 639 467 ‚
661 443 696 462 ex
715 431 879 471 praescripto

90 475 225 514 Apostoli
234 497 243 509 ‚
254 476 461 514 requirebantur
470 496 478 502 .
501 475 637 510 Quocirca
655 483 740 512 quum
752 473 879 508 Synodus

89 517 270 546 Antiochena
281 528 315 545 ex
325 517 404 544 unius
414 525 521 544 tantum
532 515 877 550 testimonioEustachium

92 557 260 596 Episcopum
276 558 484 587 Antiochenam
501 554 650 585 damnaflet
661 577 670 588 ,
692 555 849 587 Historicus
869 577 877 588 ,

93 599 280 636 TheodJustA.
289 608 355 627 1.c.2
365 599 419 628 1.id
428 596 517 636 ipsum
528 597 631 635 culpat,
644 606 783 635 tamquam
795 607 879 635 agen-

91 639 124 668 di
135 639 248 667 modum
259 640 426 667 contrarium
437 638 538 677 regulae
548 638 718 676 apostolicae,
729 639 876 675 Adversus

86 681 278 717 presbyterum
289 680 494 716 accusationem
502 689 536 707 ne
547 682 660 717 recipito
668 701 676 712 ,
690 678 745 716 nist
747 679 801 716 sub
810 679 875 707 duo-

90 721 142 749 bus
151 717 204 749 aut
214 721 304 748 tribus
314 721 427 751 testibus
437 740 445 748 .
467 719 581 748 Deinde
593 721 624 748 in
642 719 742 748 horum
758 719 875 750 ‚testium

94 761 330 789 existimationem
340 760 537 799 inquirendum
550 771 607 789 erat
619 761 695 800 prius
706 783 714 794 ‚
728 771 819 800 >quam
829 771 876 789 eo-

78 811 152 830 vrum
169 801 361 829 testimonium
379 802 574 831 admitteretur
585 823 592 829 .
616 803 760 831 Haerctico
778 802 876 831 adver-

80 841 132 871 *sus
151 842 318 880 Episcopum
337 842 528 872 testimonium
546 843 639 872 dicere
671 854 730 871 non
756 843 856 872 licebat
867 866 874 876 ‚

78 884 326 921 -quemadmodum
337 894 370 912 ex
383 885 534 913 canonibus
543 906 552 917 ‚
575 885 623 923 qui
635 885 723 924 vulgo
733 884 874 923 Apostolis

89 924 249 954 tribuuntur
261 947 269 958 ‚
292 925 388 964 colligi
401 925 492 963 potest
503 948 511 958 ‚
532 933 652 964 quorum
661 926 760 965 aliquis
771 936 876 955 utrum-

75 1001 79 1005 ?
91 975 147 1004 que
158 966 308 1005 conjungit
321 988 328 1000 ‚
353 971 424 995 Can.
433 968 523 1004 Apost.
533 977 557 994 c.
569 978 616 1002 74.
636 973 669 996 In
688 970 877 1004 testimonium

89 1007 227 1043 adversus
239 1009 398 1044 Episcopum
407 1008 550 1036 hereticus
563 1018 596 1035 ne
616 1009 795 1037 admittatur
804 1023 813 1037 .·
825 1009 877 1046 sed

89 1058 139 1076 nec
159 1058 231 1075 unus
244 1048 319 1083 solus
331 1048 427 1084 fidelis
447 1067 456 1074 .
486 1052 520 1075 In
538 1059 580 1076 ore
599 1051 674 1076 enim
693 1050 812 1077 duorum
831 1049 879 1076 vel

89 1091 180 1116 trium
191 1088 397 1123 testiumstabit
406 1098 482 1115 omne
494 1089 610 1116 verbum
620 1109 626 1115 .
641 1090 730 1126 Hujus
741 1090 810 1129 legis
822 1089 877 1128 pri-

91 1128 228 1167 vilegium
246 1127 421 1165 Athanasius
441 1138 491 1165 pro
512 1127 539 1155 se
560 1129 704 1167 adlegabat
714 1151 722 1162 ,
745 1132 825 1168 Apol.
841 1130 879 1158 ad

91 1170 232 1201 Constant.
243 1178 307 1197 tom.
327 1179 347 1195 1.
358 1178 442 1206 quum
453 1167 587 1196 accusatus
596 1169 661 1196 csset
675 1191 684 1202 ‚
696 1171 771 1208 quod
781 1176 879 1200 Maca-

89 1213 151 1238 rius
161 1209 304 1248 presbyter
313 1211 369 1244 ejus
379 1229 387 1240 ,
398 1208 458 1247 ipso
468 1209 652 1248 permittente
662 1231 670 1242 ‚
690 1211 803 1240 calicem
812 1221 878 1240 con-

91 1248 213 1289 fregiss'et
223 1270 231 1276 .
253 1249 382 1288 Urgebat
392 1269 400 1281 ,
423 1251 597 1286 accusatores
606 1249 667 1279 suos
686 1250 738 1280 esl'e
749 1254 879 1282 Meletia-

89 1301 136 1318 nos
147 1312 156 1324 ,
177 1290 273 1328 quibus
284 1312 291 1323 ‚
313 1299 414 1328 utpote
423 1289 604 1320 schismaticis
615 1295 642 1320 ὃ(
655 1292 780 1322 Ecclesiae
791 1293 878 1322 hosti-

89 1331 137 1359 bus
148 1353 156 1365 ,
168 1331 251 1360 fidem
261 1330 355 1359 haberi
364 1330 437 1360 haud
445 1331 543 1360 liceret
552 1351 560 1358 .
572 1335 597 1361 A
609 1333 746 1362 Concilio
757 1335 880 1364 Cartha-

89 1370 327 1410 ginensisecundo
338 1383 396 1400 uon
405 1371 530 1400 liaeretici
543 1382 651 1402 tantum
662 1395 670 1407 ,
692 1374 741 1403 sed
749 1375 796 1403 alii
818 1375 879 1414 qui-

77 1439 79 1441 ,
89 1423 144 1451 que
152 1413 313 1442 criminibus
324 1435 332 1446 ,
355 1413 491 1452 publicam
502 1413 683 1443 offensionem
693 1415 856 1445 habentibus
870 1439 878 1450 ,

91 1454 214 1487 irretiti,
237 1465 262 1481 c.
275 1462 302 1483 6.
313 1464 378 1483 tom.
391 1466 416 1482 2.
433 1455 538 1484 Concil.
549 1455 677 1484 adversus
688 1461 803 1493 majores
814 1468 879 1486 natu

91 1494 276 1534 quoscumque
293 1495 324 1523 in
334 1495 452 1524 Ecclesia
462 1495 655 1525 testimonium
675 1497 739 1526 dare
750 1498 880 1536 prohibe-

95 1544 191 1562 rentur
199 1555 207 1562 .
229 1536 391 1564 Concilium
400 1537 530 1575 generale
543 1539 879 1577 Constantinopolitanum

95 1574 216 1613 primum
225 1575 313 1604 causas
322 1577 471 1615 distinguit
482 1599 490 1610 ,
512 1578 547 1607 dc
559 1578 655 1616 quibus
674 1581 816 1616 accusatio
834 1581 882 1609 ad-

91 1614 184 1643 versus
202 1616 366 1654 Episcopum
384 1617 445 1645 fieri
461 1618 543 1656 poi'lit
555 1638 561 1646 .
584 1621 697 1648 Poterat
716 1620 792 1649 enim
820 1623 880 1660 quis

88 1657 229 1695 privatam
250 1656 349 1685 habere
367 1658 507 1695 querelam
518 1681 526 1693 ,
543 1660 624 1697 quod
641 1660 773 1690 nimirum
794 1662 879 1691 detri-

89 1707 189 1726 mento
198 1698 292 1737 aliquo
302 1719 311 1731 ‚
324 1698 370 1727 vel
380 1698 480 1734 injuria
491 1701 522 1728 ab
533 1699 593 1738 ipso
602 1701 721 1730 adfectus
731 1701 811 1731 esset:
825 1714 880 1742 quo

90 1738 122 1766 in
131 1737 192 1767 casu
203 1740 345 1774 accusatio
356 1761 364 1772 ‚
387 1739 462 1768 nulla
482 1740 630 1780 dignitatis
641 1764 649 1775 ,
672 1743 718 1771 vel
734 1744 880 1783 religionis

92 1780 263 1816 accusatoris
275 1779 365 1808 habita
377 1780 486 1809 ratione
497 1803 505 1814 ‚
529 1781 666 1811 audienda
684 1793 743 1812 erat
753 1805 760 1811 .
781 1786 880 1824 Opor-

90 1820 165 1848 tebat
177 1820 252 1848 enim
265 1819 394 1859 Episcopi
404 1821 604 1866 copscientiam
613 1823 664 1852 ess'e
676 1825 802 1854 omnibus
821 1837 880 1855 mo-

91 1860 133 1888 dis
143 1861 255 1889 liberam
265 1883 274 1894 ,
295 1866 323 1890 ὃ(
333 1872 396 1890 eum
405 1884 415 1896 ‚
437 1863 485 1901 qui
496 1863 625 1899 injuriam
644 1865 692 1893 fibi
710 1865 808 1895 faftani
829 1867 879 1896 css'e

91 1900 198 1930 dicebat
207 1923 216 1934 ‚
226 1902 418 1942 cujuscumque
428 1904 492 1932 eflet
506 1905 661 1944 religionis,
671 1908 714 1941 jus
724 1906 800 1935 suum
812 1920 880 1937 con-

91 1940 169 1979 sequi
178 1962 185 1969 .
208 1942 236 1971 Si
255 1953 346 1972 autem
358 1943 422 1972 ess‘et
440 1944 547 1974 crimen
557 1956 629 1975 mere
651 1948 859 1978 ecclesiasticum
870 1972 878 1983 ,

89 1982 165 2027 quod
176 1983 312 2022 Episcopo
322 1985 518 2014 intendebatur
528 2008 537 2019 ‚
560 1997 626 2016 ilinc
646 1989 799 2018 examinari
819 2001 880 2029 per-

91 2025 169 2051 ionas
178 2026 368 2060 accusatorum
379 2028 544 2065 oportebat3
568 2039 597 2057 ut
608 2028 747 2058 haeren'cis
767 2042 825 2060 non
845 2033 878 2060 li-

89 2073 164 2092 (eret
174 2063 348 2095 orthodoxos
358 2067 507 2106 Episcopos
517 2091 525 2101 ,
549 2074 629 2098 Cone.
642 2072 812 2107 Constant.2.
824 2080 878 2102 c.6.

94 2115 144 2142 pro
153 2105 230 2133 rebus
240 2107 424 2136 ecclefiasticis
433 2109 557 2139 acciisare
567 2131 574 2138 .
597 2113 734 2140 Praeterea
752 2112 771 2141 fi
792 2114 878 2152 aliqui

91 2157 186 2174 eorum
195 2147 227 2174 :ib
239 2147 356 2177 Ecclefia
365 2149 399 2177 ob
407 2150 509 2188 aliquas
520 2151 608 2180 causas
619 2152 692 2190 prius
711 2153 880 2183 condemna-

90 2187 113 2214 ti
124 2190 151 2215 &
162 2187 242 2223 ejesti
254 2189 298 2215 vel
310 2192 545 2220 excommunicati
555 2191 659 2226 exime,
671 2194 727 2222 five
739 2204 773 2222 ex
785 2195 860 2223 clero
872 2218 878 2229 ‚

81 2227 148 2258 ,five
158 2239 191 2256 ex
204 2229 335 2257 laicorum
346 2231 461 2262 ordine3
485 2243 536 2261 nec
547 2234 585 2261 cis
604 2234 701 2263 licebat
713 2234 879 2274 Episcopum

78 2268 212 2297 accusare
222 2291 229 2302 ‚
245 2269 402 2309 priusquam
411 2273 554 2310 proprium
566 2274 671 2303 crimen
680 2275 857 2305 absterfiffent
871 2298 878 2304 .

88 2310 224 2338 Similiter
235 2315 260 2340 ἃς
273 2312 291 2339 ii
303 2333 312 2344 ,
333 2313 379 2350 qui
392 2312 466 2350 prius
477 2314 517 2342 rei
527 2314 589 2343 fasti
600 2337 607 2348 ,
618 2315 788 2354 accusatique
798 2327 877 2346 erant

76 2350 121 2379 ,τιεί
133 2350 263 2390 Episcopi
282 2353 329 2381 vel
347 2353 464 2382 aliorum
480 2355 645 2385 clericorum
670 2358 876 2393 accusationem

76 2401 146 2422 saon
156 2402 234 2421 erant
245 2393 414 2424 admittendi
425 2417 434 2429 ‚
457 2395 509 2425 nifi
518 2396 592 2436 prius
601 2396 629 2427 se
638 2398 807 2435 objectorum
828 2399 874 2429 fibi

1224 44 1267 87 A
1298 46 1339 88 C
1631 62 1651 90 1

927 122 930 125 -
939 86 1089 132 criminum
1098 100 1224 133 inibntes
1230 102 1419 133 ostendissent
1428 124 1436 132 .
1458 105 1624 141 Concilium
1642 63 1728 139 ghul-

927 143 1083 182 aedoneus:
1093 165 1102 178 ,
1124 154 1206 173 c.21.
1224 144 1323 179 addit,
1345 145 1464 175 clericos
1481 148 1530 176 vel
1548 149 1631 180 laicos
1643 170 1652 182 ,
1673 155 1729 190 epi-

931 184 1022 222 scopos
1032 194 1086 213 aut
1103 185 1213 214 clericos
1223 187 1454 224 accusantes,non
1461 189 1728 227 indiscriminatim,

936 235 986 255 nec
996 227 1072 255 citra
1089 226 1300 265 inquisitionem
1307 229 1347 256 ad
1362 230 1569 266 accusationem
1590 235 1672 268 recipi
1683 234 1729 261 de-

924 267 997 296 bere
1006 287 1015 300 ‚
1036 270 1068 295 ni
1077 279 1088 296 ι
1101 278 1193 296 earum
1202 270 1375 304 existimatio
1380 272 1460 307 prius
1477 275 1648 302 examinata
1662 272 1727 311 fue-

936 311 994 336 rit.
1015 311 1134 338 Tantam
1146 307 1201 337 hac
1210 308 1240 338 in
1258 320 1288 339 re
1298 309 1466 340 adhibebant
1485 310 1709 343 sollici-tudinem
1719 336 1728 348 ,

938 359 969 377 ut
977 359 1013 377 ne
1024 349 1264 380 existimationem
1273 351 1438 381 clericorum
1448 353 1582 391 improbis
1588 355 1726 389 consiliis,

937 391 986 419 vel
1001 389 1140 419 sceleratis
1159 391 1412 431 conspirationibus
1438 395 1730 433 profligatiffimorum

936 433 1119 470 quorumdam
1127 431 1274 462 hominum
1284 456 1292 468 ,
1313 444 1383 473 quos
1392 434 1496 464 malitia
1517 436 1562 466 sua
1572 438 1605 466 ad
1625 448 1670 467 eos
1681 450 1729 467 ac-

937 473 1072 510 cusandos
1083 473 1227 502 induceret
1238 496 1246 508 ,
1269 476 1374 514 exponi
1394 485 1559 513 paterentur
1567 499 1573 506 .
1595 478 1730 518 Denique

937 513 1023 553 {iqua
1034 513 1102 543 falsa
1120 515 1177 544 sive
1188 516 1296 553 publice
1305 538 1314 550 ‚
1336 517 1393 545 five
1403 517 1538 555 privatim
1549 519 1629 549 fieret
1646 531 1730 550 accu-

931 555 1008 592 satio
1019 577 1028 588 ‚
1051 555 1080 584 in
1099 555 1313 595 delinquentem
1329 556 1425 586 severe
1448 559 1661 590 vindicabantur
1671 581 1678 588 .
1699 564 1731 590 Si

937 600 1001 634 quis
1021 597 1137 626 clericus
1148 619 1156 631 ,
1179 598 1272 637 inquit
1281 601 1384 629 Canon
1407 600 1520 638 quidam
1531 604 1554 631 A
1559 602 1709 640 postolicus
1719 624 1729 635 ,

934 647 958 665 c.
971 648 1020 672 47.
1030 639 1179 676 episcopum
1189 642 1361 670 contumelia
1371 640 1516 679 ,adfecerit
1525 664 1533 676 ,
1552 645 1705 682 deponatur
1715 653 1728 677 ς

935 682 1075 716 Scriptum
1084 683 1159 708 enirn
1168 682 1205 717 est
1213 695 1222 709 .-
1241 686 1361 720 principi
1379 683 1470 719 populi
1481 687 1525 711 tui
1545 695 1598 713 non
1609 685 1729 714 maledi—

935 730 977 747 ces
989 739 996 746 .
1016 723 1052 748 Et
1061 721 1165 749 Canon
1175 722 1288 760 quidssm
1298 723 1425 752 Concilii
1434 723 1604 754 illiberitani
1617 748 1625 759 ‚
1646 736 1670 754 c.
1680 734 1729 760 75.

935 760 1006 788 dicit
1016 782 1024 793 ,
1036 764 1063 789 Si
1074 765 1136 798 quis
1148 765 1300 800 episcopum
1309 785 1318 796 ‚
1330 764 1376 792 vel
1382 765 1571 804 presbyterum
1580 788 1588 799 ,
1604 775 1657 795 aut
1665 767 1730 794 dia—

936 812 1034 829 conum
1037 801 1120 839 falsis
1131 805 1298 832 criminibus
1314 808 1463 842 appetierit
1472 826 1480 838 ‚
1503 806 1657 844 &probare
1675 817 1730 835 non

932 846 1055 879 potuerit
1065 863 1074 875 ‚
1096 854 1145 872 nec
1163 847 1193 872 in
1207 845 1296 881 finem
1318 846 1444 874 dandam
1456 849 1481 874 ei
1491 852 1708 877 communionem
1721 867 1729 874 -

940 882 1009 916 Quae
1021 883 1117 912 usitata
1126 894 1208 922 poena
1217 896 1286 918 erat,
1297 896 1378 924 quam
1387 885 1459 915 istud
1470 887 1634 917 Concilium
1643 899 1730 928 gran-

935 923 1014 952 dibus
1023 927 1050 953 &
1063 925 1172 963 publice
1182 927 1257 955 notis
1267 926 1414 956 sceleribus
1423 927 1570 967 infligebat
1580 941 1589 961 ‚-
1601 940 1683 969 quam
1694 929 1730 957 ob

934 963 1040 993 causam
1050 967 1182 996 nonnulli
1194 968 1325 997 Ecclefias
1335 970 1503 1006 Hispanicas
1513 971 1730 1008 Novatianismi

935 1005 1131 1036 infimulavere
1141 1029 1149 1040 ,
1171 1007 1219 1036 sed
1229 1009 1330 1045 iniuria
1340 1031 1348 1042 ‚
1371 1010 1412 1038 uti
1423 1009 1586 1040 ostendetur
1596 1034 1604 1045 ,
1615 1011 1731 1051 quando

935 1047 969 1074 dc
980 1047 1106 1076 Ecclesiae
1117 1048 1268 1087 disciplina
1278 1061 1376 1089 agetur
1386 1071 1393 1077 .
1416 1051 1472 1078 Hic
1481 1052 1633 1081 observasse
1652 1051 1731 1080 suffi-

938 1088 992 1116 ciat
1004 1109 1011 1120 ‚
1022 1087 1115 1117 hocin
1127 1090 1254 1119 maximis
1263 1091 1424 1119 criminibus
1435 1091 1550 1129 posuisse
1563 1105 1570 1125 ς
1594 1093 1730 1132 siquidem

936 1128 1091 1157 istiusmodi
1110 1132 1318 1168 accusatoribus
1335 1140 1478 1160 externam
1489 1134 1614 1163 Ecclefiae
1635 1144 1732 1172 pacem

940 1170 969 1197 in
982 1168 1043 1207 ipso
1056 1171 1154 1198 mortis
1163 1171 1283 1201 articulo
1292 1172 1446 1202 concedere
1455 1173 1614 1203 recusarunt
1626 1196 1633 1203 .
1645 1177 1660 1209 Η
1673 1176 1731 1204 Ca-

938 1210 1072 1239 lumniam
1083 1215 1110 1239 ἀ
1131 1211 1224 1240 falsam
1243 1215 1448 1251 accusationem
1458 1236 1466 1247 ,
1489 1225 1541 1254 qua
1559 1214 1730 1244 fraudulenti

937 1251 1075 1280 delatores
1085 1252 1132 1280 snb
1142 1252 1232 1291 specie
1241 1254 1309 1290 juris
1318 1275 1327 1287 ‚
1346 1258 1373 1284 δε
1384 1254 1519 1294 legitimae
1530 1256 1648 1286 rationis
1666 1255 1732 1295 pos—

937 1290 1047 1321 seflbres
1056 1291 1110 1322 suis
1119 1293 1198 1323 bonis
1207 1293 1327 1333 spoliare
1339 1295 1450 1325 student
1460 1317 1469 1329 ,
1492 1307 1523 1326 ut
1533 1297 1654 1336 speciem
1665 1297 1734 1326 furti

937 1344 966 1361 ac
986 1333 1090 1372 rapinae
1101 1335 1244 1364 interdum
1260 1336 1306 1364 lex
1325 1337 1426 1377 accipit
1435 1359 1444 1371 ‚
1465 1341 1493 1367 δε
1505 1337 1552 1367 sub
1571 1339 1625 1368 hoc
1643 1339 1730 1367 titulo

936 1373 1083 1412 proscribit
1094 1397 1101 1404 .
1123 1377 1366 1412 Quemadmodum
1385 1377 1482 1407 videre
1500 1380 1539 1408 est
1551 1391 1584 1409 ex
1606 1381 1669 1419 lege
1678 1385 1729 1410 Va-

938 1416 1102 1450 lentiniani,
1114 1421 1142 1446 ὃ(
1151 1422 1288 1447 Gratiani
1301 1440 1309 1451 ,
1320 1419 1350 1447 in
1359 1419 1455 1448 codice
1467 1421 1647 1459 Theodosiana
1656 1443 1664 1455 ,
1676 1421 1730 1457 l.9.

938 1456 984 1484 tit.
1003 1467 1025 1484 i.
1036 1458 1068 1486 de
1078 1460 1250 1496 accusation.
1260 1459 1314 1498 leg.
1332 1471 1339 1487 1
1352 1471 1374 1488 1.
1385 1460 1430 1489 ubi
1439 1461 1550 1496 jubetur
1559 1483 1567 1495 ,
1580 1472 1643 1490 eum
1652 1484 1660 1496 ‚
1680 1461 1729 1501 qui

938 1497 1055 1527 alterum
1066 1509 1099 1527 ex
1111 1497 1166 1528 hoc
1176 1500 1266 1538 capite
1277 1500 1444 1529 incusaverit
1454 1523 1462 1534 ,
1474 1503 1569 1531 eadem
1579 1503 1660 1532 adfici
1670 1513 1731 1541 poe-

937 1549 981 1571 na,
991 1540 1034 1567 cui
1045 1540 1162 1568 alterum
1173 1539 1303 1578 subjicere
1313 1541 1456 1576 studuerit,
1467 1543 1487 1572 fi
1497 1543 1575 1572 falsus
1585 1546 1731 1582 accusator

937 1578 988 1608 effe
999 1579 1185 1619 deprehensus
1195 1582 1239 1615 fit,
1250 1586 1288 1616 δε,
1300 1583 1375 1620 quod
1386 1583 1551 1617 intenderit,
1564 1596 1621 1613 non
1632 1585 1731 1623 proba-

941 1621 1033 1649 verit..
1056 1626 1161 1650 Extant
1174 1632 1307 1660 praeterea
1316 1623 1347 1651 in
1357 1625 1458 1652 eodem
1468 1625 1565 1654 codice
1574 1626 1630 1654 duo
1639 1648 1648 1659 ,
1659 1623 1731 1654 tres-

940 1672 973 1690 ve
984 1663 1088 1701 integri
1098 1663 1194 1696 tituli,
1217 1664 1236 1692 l.
1248 1675 1277 1700 9.
1297 1667 1345 1692 tit.
1356 1675 1405 1702 39.
1428 1667 1466 1693 It.
1477 1667 1495 1693 l.
1511 1676 1555 1694 ιο.
1575 1668 1731 1705 deperitio-

938 1704 1019 1731 nibus
1031 1703 1066 1737 ό»
1074 1705 1244 1733 delatoribus
1255 1726 1262 1737 ,
1285 1705 1315 1732 in
1326 1705 1422 1743 quibus
1440 1705 1598 1736 istiusmodi
1616 1708 1732 1745 accusa-

938 1751 1009 1772 tores
1019 1748 1045 1772 &
1057 1745 1191 1782 petitores
1202 1767 1210 1778 ‚
1232 1746 1357 1774 humana
1369 1750 1433 1775 vita
1445 1748 1551 1776 malum
1565 1748 1600 1781 όν·
1609 1748 1732 1777 humani

934 1788 1042 1821 generis
1051 1788 1163 1814 inimici
1176 1796 1312 1815 vocantur
1322 1807 1330 1819 ‚
1339 1787 1523 1827 jubenturque
1534 1789 1669 1817 bonorum
1680 1799 1731 1827 pu-

939 1825 1092 1854 blicatione
1103 1826 1234 1864 puniri&
1245 1827 1341 1865 gladio
1350 1848 1358 1854 .
1380 1830 1437 1857 Lex
1448 1830 1532 1858 etiam
1544 1830 1731 1859 Ecclefiastica

937 1864 1062 1895 severam
1073 1867 1112 1895 cis
1122 1867 1247 1907 injungit
1259 1878 1368 1906 poenam
1377 1888 1383 1895 .
1405 1871 1570 1898 Concilium
1578 1871 1732 1900 illiberita-

937 1917 1005 1936 num
1017 1929 1024 1940 ,
1046 1918 1069 1935 c.
1081 1919 1128 1945 73.
1138 1907 1192 1937 hoc
1203 1910 1288 1937 modo
1298 1909 1424 1938 decernit
1435 1922 1440 1938 ε
1452 1911 1602 1948 Delatorsi'
1609 1915 1673 1950 quis
1683 1923 1732 1940 ex-

939 1949 1132 1985 titeritfi’delis
1144 1970 1152 1982 ,
1172 1949 1262 1987 &per
1271 1950 1438 1978 delationem
1447 1962 1505 1986 ems
1525 1952 1732 1991 aliquisfiterit

935 1990 1102 2027 proscriptus
1113 1990 1160 2018 vel
1169 1989 1333 2028 interfeflus
1346 2012 1353 2022 ,
1372 1991 1484 2027 placuit
1495 2003 1557 2021 eum
1567 2004 1617 2022 nec
1639 1993 1732 2030 infine

937 2034 1058 2067 accipere
1069 2035 1287 2059 communionem
1299 2051 1305 2057 .
1327 2034 1355 2058 Si
1364 2031 1454 2061 levior
1465 2035 1550 2071 causa
1557 2033 1649 2071 fuerit
1658 2038 1671 2068 (
1681 2044 1730 2072 pc-

938 2071 1061 2099 cuniaria
1080 2071 1189 2100 velana
1207 2070 1363 2105 hujusmodi
1376 2075 1388 2104 )
1405 2076 1485 2103 intra
1504 2078 1732 2113 quinquennium

936 2116 1058 2149 acciPcre
1075 2116 1178 2149 poterit
1200 2123 1417 2142 communionem
1427 2134 1435 2141 .
1457 2118 1485 2143 si
1517 2116 1731 2145 catechumenus

931 2152 1026 2191 fuerit
1038 2174 1045 2185 ,
1054 2154 1109 2191 post
1119 2156 1306 2190 quinquennii
1315 2162 1436 2192 tempora
1448 2157 1626 2185 admittatur
1635 2157 1673 2185 ad
1683 2158 1732 2185 ba-

934 2195 1073 2231 ptismum
1084 2214 1091 2220 .
1116 2193 1275 2221 Istiusmodi
1286 2194 1452 2224 calumniam
1462 2198 1638 2234 Augustinus
1650 2219 1658 2230 ,
1681 2203 1730 2235 Ep.

941 2245 986 2269 54.
997 2236 1035 2263 ad
1045 2234 1188 2263 Macedon.
1201 2244 1310 2273 quoque
1321 2234 1396 2264 inter
1406 2236 1508 2275 species
1520 2248 1622 2275 rapinae
1641 2242 1669 2266 &
1679 2248 1731 2275 op-

939 2274 1083 2313 presfionis
1096 2274 1180 2302 refert
1190 2294 1196 2301 .
1209 2279 1245 2304 Et
1256 2276 1362 2304 Audor
1374 2279 1610 2314 Constitui-ionum
1623 2280 1732 2315 Apollo—

937 2318 1060 2345 licarum
1071 2337 1078 2348 ,
1103 2316 1121 2343 l.
1133 2327 1160 2349 4.
1170 2326 1194 2343 c.
1207 2322 1234 2344 6.
1245 2315 1412 2355 Episcopum
1422 2319 1558 2347 instrueris
1568 2341 1576 2351 ,
1599 2317 1733 2356 quosnam

937 2368 951 2385 a
961 2355 1158 2385 communione
1169 2356 1266 2386 debeat
1275 2358 1390 2393 rejicere
1399 2380 1408 2392 ,
1420 2359 1499 2387 inter
1505 2360 1572 2387 alios
1582 2360 1667 2387 etiam
1677 2370 1731 2388 no-

938 2397 1025 2427 minat
1035 2398 1156 2427 militem
1167 2397 1398 2430 calumniatorem
1408 2421 1417 2435 ,
1438 2411 1497 2429 non
1506 2409 1673 2430 contentum
1684 2400 1731 2429 sti·
1758 2423 1760 2425 .

1616 2451 1686 2480 pcn-
