1866 2526
29 2265 46 2280 0‘
64 2267 265 2298 Rooirioxis
278 2290 285 2297 .
309 2270 378 2299 Dies
391 2270 451 2300 festi
461 2279 525 2300 ante
533 2270 739 2302 adscensionem
750 2275 871 2304 Domini

450 37 569 98 Ro

1224 55 1269 98 R
1300 57 1343 98 Ο
1608 75 1686 114 579

91 116 183 148 {ilium
192 127 227 147 ox
235 115 342 156 privata
352 115 466 156 pecnnia
474 112 595 143 donavit
604 134 612 146 ‚
633 121 749 151 eamque
757 110 1092 177 coronamlkoonroiue
1103 111 1224 142 Litium
1235 133 1243 141 .
1254 113 1329 144 Vide
1339 117 1468 153 suggestio
1477 137 1485 146 ,

91 159 255 188 testamento
263 159 383 199 Reipub.
393 155 497 197 legavit
508 177 517 188 ,
526 155 573 184 lib.
582 165 630 193 33.
641 164 664 182 c.
678 166 703 184 2.
715 156 728 186 1
739 157 767 183 &
777 154 888 199 ibidem,

91 211 115 229 c.
129 211 173 230 ιο.
184 199 317 238 [Populus
327 202 467 230 Romanus
478 195 576 235 stipem
587 194 713 234 spargere
723 204 808 233 coepit
818 197 888 226 δια]

92 242 147 270 Hae
156 249 273 279 namque
292 249 402 271 coi-ont
411 238 543 268 militares
556 237 638 266 variae
649 246 745 265 erant.-
769 245 868 274 nempe
882 256 889 268 ‚

93 280 274 319 triumphales
283 303 292 315 ‚
301 280 496 311 obsidionales,
505 277 615 312 civicae,
626 279 740 307 murales
751 299 759 310 ,
772 277 891 306 castren-

90 320 132 351 ses
143 343 151 354 ,
161 322 272 351 navales
281 344 289 356 ‚
307 324 403 351 ovalcs
415 343 421 355 ‚
431 319 583 359 olcagineae
595 339 603 347 .
615 317 693 365 Idem
703 319 721 363 l.
738 324 782 347 ιε.
791 328 815 346 c.
824 328 853 353 4.
862 320 900 374 &l

89 363 166 392 Gell.
176 363 195 391 l.
208 373 232 398 5.
242 373 299 402 cap.
311 371 337 393 ⁶.
349 363 422 392 Vide
433 360 656 397 Pereffivchangu
666 379 674 386 .
685 361 764 388 Licet
773 357 832 387 usus
842 359 899 394 ob-¹

904 155 993 184 Rocvo
1005 172 1012 180 .
1035 154 1090 183 FR.
1102 153 1188 187 idest,
1200 155 1334 193 praecipio
1343 175 1350 183 .
1374 155 1468 185 Glofl'a
1478 158 1506 188 iii
1517 170 1574 187 tin.
1587 161 1682 190 Beatus
1693 161 1744 190 Pe.

946 203 1001 224 trus
1011 214 1019 226 ‚
1039 199 1066 223 6.
1076 193 1170 233 quaest.
1185 205 1208 223 i.
1227 196 1302 225 Item
1313 206 1457 235 congrego
1468 218 1474 226 .
1495 205 1506 234 [
1517 201 1672 229 Tancredus
1691 204 1744 229 etc.

943 234 1022 264 inille
1033 234 1088 264 fere
1098 235 1219 269 milites,
1238 240 1265 265 δι
1277 237 1403 275 peditum
1421 239 1630 269 multitudinem
1651 251 1748 278 copio-

943 274 998 305 sam
1007 275 1138 315 rogavit.
1159 277 1239 306 Falco
1258 280 1448 316 Beneventan.
1466 279 1495 309 iii'
1514 284 1570 316 cjzis
1582 281 1694 311 Chron.
1714 281 1748 310 ad

945 327 1010 346 ann.
1024 319 1130 356 1133.]
1151 317 1198 356 qui
1207 316 1281 357 saepe
1290 317 1344 348 hoc
1357 321 1488 350 vocabulo
1509 322 1538 350 in
1549 321 1598 350 hac
1612 321 1747 361 significa-

945 367 1024 386 tione
1033 367 1121 386 utitur
1130 376 1140 385 .

90 403 178 432 tinuit
188 424 197 436 ,
206 413 236 432 ut
248 414 365 442 precaria
376 402 490 442 potestas
501 400 607 429 dicatur
616 398 683 443 ³¹¹³?
705 409 765 438 qua:
777 410 790 427 a
801 395 1010 456 subdi-{Roous
1024 418 1031 426 .
1053 399 1126 428 Vide
1135 401 1234 436 Bustus
1247 420 1254 428 .
1266 405 1349 445 Erogo
1359 421 1366 429 .
1723 442 1728 446 ἡ

89 443 127 472 tis
136 443 273 483 dependet
285 466 293 477 ,
316 445 391 474 {it-uti
404 444 441 473 est
451 441 550 471 nostris
560 441 726 478 temporibus
737 442 824 477 Regis
837 441 1011 470 Po-,Rocus
1024 440 1082 468 Dei
1094 459 1100 466 .
1115 443 1219 475 [Extra
1228 441 1361 471 lectiones
1371 464 1379 476 ‚
1395 441 1502 472 versum
1514 466 1521 477 ,
1539 447 1567 473 δε
1579 455 1661 484 rogus
1674 444 1728 472 Dei
1741 463 1748 470 .

87 484 173 513 loriiae
182 507 190 518 ‚
202 489 229 514 ὁ(
243 485 356 524 Angliae
366 483 520 515 austeritas,
531 492 592 521 quae
603 491 616 509 a
625 480 759 509 Comitiis
769 501 778 513 ‚
788 483 816 508 δε
825 481 890 524 Ιῖειτ-

88 524 220 554 lamentis
238 525 377 564 dependet
387 536 394 557 ς
418 524 490 553 unde
500 521 650 561 precarium
660 521 762 565 dicitur
772 518 889 548 ususfru-

89 566 146 595 elus
157 588 165 599 ,
183 566 246 605 quia
260 565 448 595 usufructuarii
459 567 501 600 jus
511 573 525 592 a
543 562 648 606 diret-to
658 562 774 606 domino
785 561 888 599 depen-

87 606 134 635 det
149 629 156 640 ,
166 610 193 635 ὃ(
204 607 239 636 fic
250 618 316 646 roga
327 628 336 640 ‚
354 611 381 635 ὃ(
395 605 545 645 precarium
556 603 659 642 pollent
668 603 718 631 elie
729 601 887 646 synonyma

88 647 248 676 translative
256 668 263 675 .
286 648 337 677 Sed
347 644 470 685 rigorose
482 655 548 683 roga
558 640 724 672 confiiitatio
736 665 743 676 ‚
755 646 784 672 δι
793 652 888 687 conci-

88 687 168 717 liatio
177 704 186 722 ‚
203 697 285 727 atquc
303 688 366 715 voti
386 686 530 725 exigentia
547 684 659 723 proprie
678 684 799 712 dicitur:
820 683 887 726 hinc

89 728 243 757 scribentes
250 726 474 766 jurisprudeiitiae
487 724 668 762 Consulentes
679 746 687 758 ‚
696 728 724 754 δε
736 727 836 763 Rogati
847 724 888 752 di-

83 778 193 802 cuntur,
201 777 262 807 quae
273 768 352 796 ambo
363 768 492 796 vocabula
501 766 576 794 idem
587 764 694 794 sonant:
707 766 810 795 &licut
819 775 888 793 con-

81 806 192 837 sultatio
201 818 252 847 pro
258 808 459 838 conciliatione
471 817 529 836 nou
539 816 599 835 raro
609 804 724 835 sumitur
735 828 742 839 ‚
765 806 831 835 hinc
844 817 887 834 ro-

86 857 122 887 ga
133 857 184 887 pro
193 857 309 888 utroque
319 848 460 888 usurpatur
470 859 478 880 ς
499 847 574 875 unde
583 846 617 875 ad
626 847 757 884 captanda
766 848 885 876 benevo-

85 889 180 918 lentiae
193 890 313 930 vulgaria
327 899 392 918 vora
405 912 412 923 ,
433 894 461 918 ἃ
471 888 504 917 :id
515 887 592 927 vulgi
602 887 724 916 animum
734 909 742 920 ,
762 892 791 917 ὃ(
812 888 886 925 plau-

84 928 142 957 sum
153 931 358 960 conciliandum
369 952 377 964 ‚
389 928 595 959 consueverunt
604 928 754 957 Pontifices
766 950 772 962 ,
791 932 818 957 δε
830 930 886 972 Im-

85 980 226 1008 peratores
243 982 358 1010 erogare
378 980 491 999 munera
512 969 541 998 in
560 969 605 998 dic
624 979 712 1008 captae
739 969 886 1008 dignitatis

83 1010 257 1048 possessionis
269 1034 276 1045 ,
298 1016 325 1041 8(
338 1013 366 1040 in
379 1011 493 1050 publicis
504 1009 714 1041 sellivitatibus5
727 1010 792 1039 inde
801 1020 866 1049 roga
878 1032 885 1042 ,

85 1054 112 1079 δε
123 1052 229 1080 donum
240 1052 418 1091 promiscuam
429 1051 646 1089 intelligentiam
655 1051 778 1080 obtinuit
787 1072 794 1078 .
805 1052 885 1090 Legi-

83 1101 141 1119 mus
150 1093 233 1121 etiam
244 1094 316 1131 apud
329 1093 496 1122 Anastasium
505 1092 746 1120 Bibliothecarium
765 1091 794 1121 iri
805 1092 886 1131 Vigi-

85 1133 142 1162 lio;
156 1134 230 1172 quod
241 1135 306 1162 dum
317 1133 362 1162 liic
371 1133 503 1162 Pontifex
514 1142 540 1160 x·
552 1133 612 1161 Kal.
623 1133 781 1162 Decembris
792 1133 822 1161 iii
833 1136 883 1177 Ec.-

82 1173 160 1201 clesia
172 1175 273 1203 3211&ae
293 1174 417 1204 Caeciliae
430 1183 524 1212 rogam
546 1174 649 1212 populo
660 1174 799 1206 traderet,
817 1174 883 1218 iuilu

81 1212 236 1244 Theodora?
251 1215 382 1254 Augustae
393 1225 486 1253 captus
497 1215 530 1242 sit
540 1236 549 1247 ,
569 1218 596 1242 δε
607 1214 882 1253 Constantinopolim

82 1254 266 1287 transmiss'us5
286 1260 314 1285 δ(
332 1258 433 1284 Baron.
453 1265 516 1283 ann.
529 1260 542 1283 8
550 1265 595 1290 54.
615 1264 690 1283 num.
701 1266 728 1290 4.
748 1255 782 1284 de
791 1257 883 1284 Leone

83 1296 152 1333 Papa
163 1297 212 1324 ix.
224 1297 340 1335 loquens
351 1296 398 1324 ait:
411 1303 423 1331 [
435 1297 493 1324 Prae
505 1295 604 1324 amoris
615 1306 680 1324 vero
690 1295 882 1334 magnitudine

79 1335 209 1364 universo
220 1337 322 1376 populo
332 1347 428 1375 rogam
439 1335 578 1365 distribuit
587 1357 594 1364 .
618 1338 691 1365 Item
702 1336 730 1364 iii
741 1338 882 1375 Gregorio

79 1377 148 1414 Papa
162 1377 311 1407 Anastasius
322 1376 458 1407 Biblioth.
470 1378 569 1415 inquit:
585 1377 655 1412 [Hic
663 1376 767 1405 dimisit
777 1387 825 1415 pei·
834 1379 881 1407 ob-

80 1416 172 1456 sequia
185 1428 279 1457 rogaui
290 1429 373 1447 unam
382 1418 520 1457 integram
533 1420 564 1449 .]
584 1421 618 1446 Et
629 1418 659 1446 in
678 1416 823 1447 Bonifatio
832 1420 879 1447 Pa-

81 1467 113 1495 pa
133 1458 206 1487 idei-n
219 1470 225 1487 .·
248 1465 260 1495 [
280 1459 336 1488 Hic
362 1459 466 1487 dimisit
485 1468 530 1486 om
536 1458 563 1485 ni
579 1459 666 1486 Clero
687 1468 736 1496 per
754 1459 880 1497 obsequia

79 1497 124 1526 sua
134 1509 230 1537 rogam
242 1499 385 1537 integram.
399 1501 410 1530 ]
424 1501 464 1527 Ac
478 1498 551 1526 idem
561 1501 646 1537 Greg.
661 1499 714 1526 ait:
729 1499 880 1534 [Theodo-

80 1537 147 1566 {iani
159 1548 237 1571 vero,
247 1540 292 1576 qui
303 1539 349 1566 liic
359 1537 559 1571 remanserunt,
569 1548 663 1577 togam
674 1549 730 1567 non
740 1541 877 1579 accipien-

83 1588 124 1605 tes
134 1581 187 1607 &c.
202 1580 213 1609 ]
239 1579 362 1607 Latinius
374 1590 429 1608 non
440 1588 533 1618 togam
543 1600 551 1611 ‚
570 1578 618 1607 scd
629 1589 722 1618 rogam
732 1581 878 1619 legendum

81 1619 141 1647 vult
153 1618 181 1647 in
193 1620 306 1648 correst.
325 1620 362 1648 D.
374 1622 460 1659 Greg.
471 1620 516 1647 tit.
534 1620 675 1658 epistolar.
696 1621 743 1649 lib.
756 1633 782 1650 2.
794 1632 818 1650 c.
828 1633 842 1660 3
851 1635 875 1652 ι.

80 1664 95 1694 [
105 1659 227 1688 Primum
235 1670 266 1688 ut
277 1670 371 1699 togam
380 1660 487 1688 illarum
498 1670 616 1699 partium
630 1660 731 1690 faciatis
741 1681 748 1689 .
758 1662 876 1697 Ibidem,

79 1700 128 1728 lib.
140 1711 166 1732 7.
179 1711 202 1728 c.
218 1712 226 1728 i
235 1703 303 1732 28.]
328 1701 371 1729 ubi
384 1701 507 1730 Latinius
519 1701 615 1730 itidem
627 1711 720 1741 rogam
739 1704 856 1743 corrigit
869 1727 876 1737 ,

78 1745 93 1775 [
105 1743 190 1779 Togae
201 1751 310 1780 quoque
320 1742 442 1770 militum
451 1762 458 1770 .
482 1742 590 1770 Ibidem
600 1763 608 1775 ,
630 1743 677 1771 lib.
689 1748 714 1771 8.
726 1743 756 1772 in
772 1744 837 1773 dist.
850 1756 876 1783 3.

77 1791 100 1808 c.
113 1791 139 1809 2.
151 1783 164 1813 ]
178 1782 303 1811 Latinius
314 1793 387 1821 rogae
398 1783 466 1821 legit
478 1803 484 1809 .
497 1784 536 1817 εΙΙε
547 1783 614 1819 Quae
623 1793 698 1822 rogae
710 1795 724 1812 a
733 1785 878 1814 Pontifici-

78 1821 164 1849 busin
172 1821 368 1852 distributione
378 1823 552 1852 candelarum
565 1822 676 1852 fiebant:
690 1824 833 1854 Balsamon
843 1827 873 1856 si-

75 1861 190 1899 quidem
209 1873 304 1901 rogam
335 1873 416 1893 vocat
442 1863 663 1893 distributionem
683 1866 856 1895 candelarum
867 1890 874 1901 ,

77 1911 160 1940 quam
178 1902 255 1930 dabat
267 1904 424 1933 Patriarcha
443 1906 607 1933 Graecorum
617 1925 624 1932 .
645 1906 806 1943 Synonyma
816 1929 824 1940 ‚
846 1912 874 1938 ὅ(

75 1942 126 1970 alisi
137 1963 144 1969 .
157 1943 231 1971 Vide
241 1945 418 1982 Circumciſs'o
428 1948 554 1974 Domini.
563 1946 793 1985 Pertffochoregia.
802 1953 876 1979 Stre-

78 1994 117 2011 na
129 2003 135 2009 .
147 1983 516 2023 Thuribulorumftsts'vitas
526 2006 534 2014 .

35 2025 106 2053 Roc
113 2034 182 2052 ALIA
193 2045 200 2056 ‚
211 2023 284 2052 feriae
294 2024 324 2053 in
333 2026 428 2064 quibus
437 2036 504 2065 roga
514 2026 722 2057 distribuebatur
731 2049 738 2056 .
759 2031 832 2058 Item
842 2029 875 2058 li·

75 2065 115 2092 bri
126 2086 134 2097 ‚
146 2065 174 2092 in
186 2064 282 2104 quibus
293 2066 453 2096 notabantur
461 2067 505 2096 illi
514 2089 523 2101 ‚
534 2068 582 2107 qui
593 2079 688 2108 rogam
696 2069 872 2109 accipiebant.

72 2105 148 2133 Vide
157 2111 193 2135 Rc
212 2117 229 2134 ‚a
238 2126 246 2133 .

31 2116 235 2175 Rooniioiiges
247 2168 254 2179 ,
273 2146 308 2176 de
319 2147 414 2186 quibus
423 2147 479 2178 fisse
490 2151 590 2179 Baton.
601 2149 631 2178 in
645 2161 703 2179 not.
723 2151 756 2180 ad
766 2153 872 2189 Marty-

73 2187 124 2214 rol.
146 2197 192 2221 ις.
206 2188 296 2225 April.
309 2188 350 2216 lit.
360 2189 385 2217 b.
397 2192 424 2218 δι
435 2188 481 2218 hic
492 2190 522 2218 in
533 2190 598 2219 di&-
610 2195 710 2221 Crucis
728 2192 870 2223 hebdoma-

72 2227 124 2254 da.
137 2231 254 2257 Litania
263 2249 270 2256 .
282 2231 446 2267 Penta-ostes
455 2250 463 2258 .

70 2307 157 2335 nostri
167 2307 230 2346 Jesu
241 2311 269 2339 C
270 2309 350 2339 lii-isti
361 2332 370 2345 ‚
388 2321 504 2350 quorum
515 2313 609 2341 :iustor
619 2315 769 2343 Mamercus
778 2338 785 2349 ‚
797 2327 827 2345 ut
836 2327 870 2346 ex

68 2348 197 2386 Epillolis
214 2351 354 2380 aSidonio
374 2353 533 2391 Apollinari
554 2353 588 2382 ad
598 2364 660 2384 eum
681 2355 751 2385 datis
760 2358 872 2398 colligi-

73 2397 132 2418 mus
142 2390 240 2421 Sidon.
249 2393 408 2432 Apollinar.
420 2393 467 2423 lib.
480 2398 504 2423 8.
515 2404 557 2438 ep.
573 2405 596 2424 i.

947 480 983 508 In
994 480 1101 518 Regula
1111 481 1235 519 Magistri
1249 504 1259 515 ‚
1276 492 1333 521 cap.
1345 494 1392 522 33.
1407 485 1418 515 ]
1441 485 1520 513 Idein
1531 486 1634 523 repetit
1644 507 1652 518 ,
1664 494 1688 512 c.
1700 495 1712 522 3
1723 494 1748 518 5·

948 525 960 555 [
972 518 1070 549 Psalmi
1100 529 1227 560 tempore
1245 523 1394 557 matutini,
1416 523 1622 564 responsorium
1643 535 1728 555 unum
1740 548 1748 557 .

945 559 1055 588 versum
1067 582 1074 594 ‚
1093 561 1244 591 lectionem
1264 565 1395 603 Apostoli
1406 587 1413 598 ,
1435 569 1463 595 ὅ(
1486 567 1634 606 Evangelii
1648 589 1655 600 ‚
1668 575 1750 604 quam

943 599 1052 639 semper
1060 601 1130 630 dicit
1142 603 1230 632 Abbas
1240 626 1248 637 ‚
1270 609 1299 634 ὅ(
1310 616 1391 645 rogus
1400 605 1472 635 Dei.
1484 609 1496 639 ]
1517 609 1592 638 Alibi
1606 607 1680 637 idem
1691 604 1749 644 pas-

945 641 994 669 sim
1003 663 1010 674 ‚
1021 645 1092 677 cujus
1103 643 1240 673 Gloss‘itor
1252 646 1290 674 ait
1301 646 1452 685 significare
1464 652 1546 687 Kyrie
1558 649 1657 686 eleison
1667 669 1674 676 .
1694 647 1748 676 Sed

943 692 996 721 ego
1007 692 1074 720 puto
1085 682 1236 722 significare
1245 686 1398 719 comestam,
1410 692 1438 717 ὅ(
1449 689 1604 718 orationem
1616 690 1748 718 ultimam.

905 725 995 752 Romi
1007 742 1014 750 .
1025 724 1081 752 PR.
1094 724 1195 762 duplex
1207 747 1215 759 ‚
1231 737 1302 755 nova
1313 749 1320 759 ,
1333 731 1361 756 ἃ
1372 738 1458 762 vetus,
1471 728 1529 757 liaec
1538 740 1639 768 nempe
1651 752 1659 764 ,
1671 729 1747 759 Urbs

942 763 1029 793 Orbis
1036 773 1119 801 caput
1130 787 1138 798 ‚
1157 766 1186 794 in
1199 776 1250 804 qua.
1260 768 1384 796 Summus
1394 769 1526 798 Pontifex
1538 780 1634 810 regnat
1645 793 1652 803 ,
1673 774 1702 800 ὃ(
1714 770 1748 798 il-

942 805 968 833 la
977 804 1239 844 Constantinopolis
1249 808 1286 836 est
1297 831 1304 842 ,
1327 819 1387 847 qux
1398 821 1471 839 nova
1483 813 1572 841 Roma
1583 823 1596 840 a
1608 811 1748 841 Constan-

944 844 1007 873 tino
1016 847 1120 884 Magno
1128 850 1325 887 cognominata
1335 850 1373 878 est
1385 873 1393 884 ‚
1404 861 1434 880 ut
1446 853 1476 880 in
1487 862 1546 880 can.
1556 852 1726 891 generaliter
1736 873 1743 883 ,

948 892 992 914 16.
1001 887 1095 925 quaest.
1109 898 1133 915 i.
1144 890 1244 917 Bai-on.
1254 900 1296 918 an.
1308 901 1376 928 330.
1388 903 1430 930 n.3
1437 904 1463 925 7.
1474 893 1517 921 De
1527 903 1578 931 qua
1588 912 1597 920 .
1610 893 1684 922 Vide
1695 898 1747 922 Re-

939 929 990 963 gia
1003 946 1010 954 -
1023 928 1092 956 Urbs
1103 932 1177 966 regia
1189 950 1195 956 .
1206 930 1274 960 Quae
1285 931 1480 962 denominatio
1492 934 1564 971 apud
1573 936 1686 963 Graecos
1697 933 1748 961 du-

944 967 1016 996 ravit
1037 967 1165 1006 usquead
1182 981 1277 999 eorum
1296 974 1416 1011 Imperii
1433 974 1622 1006 amiffionein5
1643 973 1746 1014 legitur

943 1007 1019 1036 eiiiiii
1032 1008 1148 1047 Josephi
1157 1012 1376 1052 Constantinop.
1389 1015 1552 1044 patriai-cha:
1566 1016 1631 1044 fidei
1641 1013 1746 1055 profes-

941 1048 980 1076 lio
991 1070 1000 1082 ‚
1011 1059 1091 1087 qnam
1101 1050 1263 1081 exhibuerat
1273 1054 1303 1081 in
1314 1055 1409 1083 mortis
1419 1056 1535 1085 articulo
1545 1078 1552 1089 ‚
1562 1057 1625 1085 dum
1635 1057 1748 1085 Floren-

940 1089 985 1117 tia:
995 1100 1071 1118 :inno
1087 1101 1170 1129 1439·
1182 1093 1215 1122 ad
1226 1094 1340 1123 Concil.
1349 1096 1569 1126 Oecumenicum
1582 1097 1721 1126 access‘eru
1733 1118 1742 1130 ,

941 1133 968 1158 ἃ
980 1131 1084 1159 obierat
1097 1153 1104 1163 ,
1125 1135 1228 1161 tenoris
1238 1133 1395 1172 sequentis:
1419 1137 1548 1176 [Joseph
1567 1137 1746 1168 miseratione

941 1171 1040 1199 divina
1058 1172 1321 1213 Constantinopolis
1332 1198 1340 1209 ,
1362 1181 1389 1206 &
1402 1188 1483 1206 novae
1504 1181 1602 1208 Romae
1625 1178 1745 1208 Archio-

942 1209 1069 1251 piscopus
1081 1234 1088 1245 ‚
1108 1217 1137 1242 ὅ(
1147 1215 1352 1245 Oecumenicus
1363 1218 1520 1247 Piitriarcha
1529 1240 1536 1247 .
1559 1220 1701 1256 Quoniam
1713 1219 1749 1248 ad

939 1261 1094 1282 extremum
1103 1254 1172 1283 vitae
1183 1266 1248 1285 meae
1261 1258 1376 1295 pei-veni
1388 1280 1396 1291 ‚
1414 1259 1518 1288 idcirco
1537 1271 1588 1299 pro
1607 1270 1670 1290 meo
1684 1271 1743 1289 mu-

939 1303 1005 1321 nere
1014 1293 1122 1323 dilectis
1131 1295 1196 1324 filiis
1211 1297 1384 1337 benignitate
1394 1300 1448 1329 Dei
1465 1310 1554 1329 meam
1573 1300 1744 1330 sententiam

937 1333 980 1361 iiis
992 1334 1077 1363 literis
1090 1336 1177 1374 palam
1189 1337 1268 1366 facio.
1280 1340 1354 1369 Nam
1364 1350 1423 1379 qiiae
1434 1341 1551 1370 Domini
1562 1341 1625 1380 Jcsu
1634 1342 1743 1372 Christi

937 1373 1086 1404 Catholica
1095 1398 1103 1409 ,
1122 1380 1150 1405 ὅ(
1162 1379 1321 1417 Apostolica
1331 1381 1446 1410 Ecclesia
1456 1385 1554 1412 Romae
1566 1383 1665 1412 veteris
1682 1382 1744 1412 scn-

936 1415 987 1444 tiat
998 1437 1006 1448 ,
1017 1427 1047 1445 :ic
1058 1417 1175 1447 celebret
1186 1442 1193 1452 ,
1204 1421 1297 1449 omnia
1310 1431 1353 1450 me
1363 1432 1472 1460 quoquc
1480 1422 1585 1452 sentire
1595 1445 1602 1456 ,
1616 1424 1742 1453 credere-

936 1466 988 1495 que
998 1457 1132 1495 profiteor
1143 1480 1152 1492 ‚
1171 1470 1200 1488 :ic
1218 1460 1279 1499 ipiis
1298 1462 1446 1500 plurimum
1462 1463 1604 1502 acquiesco
1612 1485 1618 1492 .
1641 1464 1743 1493 Beatis-

936 1499 1031 1526 limum
1040 1507 1128 1527 autem
1138 1502 1248 1529 Petrum
1268 1505 1376 1531 Patrem
1389 1524 1396 1535 ,
1415 1514 1444 1532 ac
1463 1505 1604 1533 Summum
1621 1504 1742 1534 Pontifi-

937 1548 998 1566 cem
1008 1560 1016 1571 ,
1037 1542 1192 1578 Romaeque
1203 1552 1302 1570 veteris
1312 1545 1411 1581 Papam
1423 1566 1430 1576 ‚
1450 1545 1571 1573 Domini
1582 1545 1665 1574 nostri
1675 1545 1740 1584 Jesu

936 1578 1044 1607 Christi
1067 1582 1207 1610 vicarium
1227 1582 1277 1611 effe
1295 1584 1446 1613 concedere
1458 1607 1465 1618 ‚
1488 1595 1569 1624 :itque
1586 1586 1740 1616 animarum

935 1621 1126 1659 Purgatorium
1137 1622 1187 1651 effe
1199 1634 1255 1652 non
1267 1624 1380 1653 inficior
1391 1646 1398 1653 .
1410 1627 1421 1656 ]
1436 1630 1518 1654 Extat
1528 1628 1557 1654 in
1566 1628 1638 1655 calce
1646 1626 1741 1657 seffio-

935 1661 978 1688 nis
987 1662 1092 1690 ultimae
1104 1662 1230 1692 Concilii
1241 1665 1362 1694 Florent.
1373 1669 1463 1696 Roma
1473 1667 1665 1702 transtyberim
1678 1672 1741 1697 Am

933 1702 1024 1739 ripolis
1036 1703 1174 1733 dicebatur
1185 1728 1191 1738 ,
1211 1709 1238 1734 ὅ(
1249 1710 1304 1741 eius
1323 1707 1421 1736 incolae
1433 1709 1626 1746 Antipolitani
1640 1729 1647 1736 .
1666 1709 1740 1738 Vide

935 1743 1006 1779 Esox
1016 1763 1022 1770 .
1036 1745 1070 1772 In
1081 1747 1210 1782 Jiiiiciilo
1220 1757 1295 1775 erant
1305 1748 1488 1777 moleiidinae.
1500 1749 1572 1777 Vide
1582 1750 1738 1778 Machmor.

933 1785 1032 1812 Romae
1046 1795 1150 1822 30000.
1164 1788 1270 1824 Iudices
1292 1789 1369 1817 simul
1380 1789 1499 1818 extitiss'e
1510 1811 1518 1822 ,
1537 1790 1678 1828 quomodo
1695 1792 1739 1819 in-

933 1825 1077 1863 telligatur
1088 1847 1096 1854 .
1116 1828 1283 1863 Vid.Judex
1295 1851 1301 1857 .
1312 1832 1410 1859 Romae
1421 1830 1536 1869 reperiri
1555 1841 1671 1870 quatuor
1689 1833 1739 1861 Pa-

933 1865 1092 1896 triarcliales
1103 1869 1231 1898 Eccleiias
1244 1890 1251 1897 .
1264 1870 1337 1898 Vide
1347 1873 1585 1907 Constantiniana
1598 1871 1717 1909 Ecclesia
1729 1892 1737 1900 .

931 1910 1246 1938 Patriarcln‘umRoma
1257 1911 1436 1940 Pontificibus
1446 1911 1740 1950 concefl'a.Vi'd.Prag-

929 1951 1055 1978 muricus
1066 1969 1072 1976 .
1093 1952 1157 1986 Ejus
1167 1951 1315 1989 Regimen.
1327 1952 1394 1980 Vid.
1408 1952 1571 1990 Randerafia
1583 1974 1590 1986 ‚
1600 1957 1736 1982 Decarco-

932 1999 990 2021 nes,
1002 1993 1170 2019 Draconari'i
1181 2011 1188 2018 .
1208 1994 1305 2020 Romae
1317 2003 1374 2021 non
1383 1993 1576 2022 comedebatur
1583 2004 1646 2022 caro
1654 1994 1685 2022 in
1695 1993 1734 2023 fe·

931 2030 972 2058 sto
985 2031 1028 2058 SS.
1041 2031 1238 2060 Innocentium
1249 2054 1256 2066 ,
1270 2033 1336 2061 Vid.
1347 2039 1484 2071 Sagtmen.
1497 2036 1561 2070 Ejus
1570 2035 1646 2064 varia
1655 2035 1715 2064 loca
1728 2057 1736 2064 .

930 2070 996 2099 Vid.
1007 2072 1169 2110 Campitelii
1181 2095 1188 2105 ‚
1200 2073 1229 2101 in
1238 2074 1302 2102 dic‘t.
1313 2075 1406 2103 Schola
1416 2078 1566 2104 Graecorum
1575 2097 1583 2108 ,
1596 2077 1737 2105 Catabar-

928 2113 998 2141 bara
1008 2133 1014 2144 ‚
1029 2114 1266 2149 Constantiniana
1278 2115 1398 2152 Ecclesia
1408 2137 1415 2148 ,
1429 2114 1573 2153 Cosmodin
1584 2138 1591 2149 ,
1602 2118 1735 2154 Constan—

928 2156 966 2181 tis
973 2153 1116 2189 palatium
1129 2175 1136 2186 ‚
1155 2156 1383 2194 Gmdoneaporta
1393 2176 1400 2184 .
1418 2157 1541 2185 Leonina
1551 2157 1662 2186 Civitas
1674 2180 1682 2190 ‚
1703 2163 1732 2188 δε

927 2195 983 2229 ejus
993 2194 1116 2223 Porticus
1127 2215 1134 2222 .
1146 2196 1218 2224 Vide
1228 2200 1371 2225 Porticani
1381 2217 1388 2224 .
1399 2198 1471 2226 Item
1481 2203 1585 2226 Manus
1596 2202 1707 2227 Caraca
1722 2219 1731 2228 .

926 2235 1071 2264 Merulma
1082 2257 1089 2268 ,
1108 2236 1164 2264 five
1184 2237 1356 2266 Merulanuni
1374 2238 1431 2266 ubi.
1458 2239 1525 2267 Vid.
1543 2240 1705 2276 Baptismus
1719 2261 1728 2272 ,

927 2275 1118 2313 chrismarius
1129 2299 1136 2310 ‚
1145 2278 1411 2316 orphanotrophium
1420 2299 1427 2306 .
1438 2280 1510 2307 Item
1521 2283 1623 2316 Pagine
1633 2300 1640 2311 ,
1660 2284 1730 2307 Prn-

926 2319 988 2345 tica
996 2337 1005 2349 ‚
1014 2318 1122 2345 Penula
1133 2340 1141 2351 ‚
1151 2319 1389 2356 Petrascelerata‚
1399 2320 1527 2348 Palmare
1540 2341 1547 2352 ,
1558 2320 1658 2351 Robur,
1670 2325 1729 2350 Ru-

926 2358 1043 2386 minalis
1056 2380 1064 2391 ,
1076 2363 1162 2396 Rupis
1179 2367 1286 2398 tarpeja
1294 2380 1302 2388 .
1313 2362 1385 2389 Pons
1393 2358 1521 2389 sublicius
1531 2360 1670 2388 dicebatur
1679 2365 1730 2388 Sa-

929 2409 972 2428 cer
981 2419 989 2432 ‚
1000 2402 1027 2428 ὅ(
1039 2409 1130 2439 quare.
1143 2399 1218 2430 Vide
1226 2400 1358 2439 Pontifix
1368 2421 1376 2429 .
1385 2402 1508 2430 Taberna
1519 2400 1733 2470 meritorizubi.

1296 2443 1328 2472 0
1345 2452 1363 2471 0
1407 2453 1421 2471 2
1609 2442 1648 2470 Vi
1670 2452 1684 2470 e
