1866 2526
457 40 574 84 AR

106 99 232 142 dignitas
243 121 261 144 ,ἡ
272 99 307 129 ad
317 108 400 168 ¹cpiam
409 96 440 128 in
452 97 526 144 sesto
532 99 581 128 SS.
593 94 801 142 ⁴Innocentium
820 92 897 139 ordi-

111 152 175 171 nate
185 142 322 171 officium·
341 140 480 184 pefnlabett³
501 149 542 168 ita
558 137 681 169 Michael
696 135 850 167 Monachus
868 145 898 164 in

105 183 243 212 sanctuar.
266 181 340 210 illius
356 182 509 211 Civitatis.

65 226 266 256 Aucmnfflt,
289 225 318 251 ἀ
338 222 504 251 Archiatros
516 235 524 250 .-
546 216 727 259 Α’ρχια’7ρος,
750 220 900 249 Ρτοτοιῐιεέ

93 263 184 292 ,dicus
193 284 200 291 .
225 269 238 299 [
250 261 351 292 Adfuit
358 262 494 291 Reovalis
504 260 669 291 Archiater.
693 263 780 299 Greg.
792 263 896 289 Tur-on.

105 314 164 349 cap.
180 314 224 339 ¹5·
236 303 281 332 lib.
294 314 339 332 το.
350 304 364 334 ]
377 305 436 332 PR.
447 303 545 338 [Quia
566 304 596 330 Β.
607 300 682 330 Petri
706 301 833 339 Apostoli
845 299 900 328 Vi-'

106 355 194 374 carius
205 344 354 373 aestimatur
363 365 372 376 ‚
393 342 547 382 prohibetis
558 341 736 371 Archmrum
751 345 808 378 ejiis
818 339 894 370 affer-

95 385 133 414 ⁴ri
142 385 306 414 medicinam
317 405 324 412 .
348 380 728 420 EnnodiusTicmenAEpisc.
747 381 777 410 in
788 381 896 420 Apolo-

103 436 163 465 get.
185 428 198 458 ]
213 426 344 464 Appellat
353 424 520 454 Pontificem
528 424 605 452 Petri
617 423 757 451 Vicarium
770 443 778 454 ,
795 422 846 460 qui·
854 431 895 449 re-

106 477 174 496 vera
191 465 302 495 Christi
321 465 360 495 est
372 487 380 499 ,
401 464 450 493 scd
468 464 522 493 hoc
542 463 683 493 Ennodius
702 473 735 491 cx
745 461 892 491 aller-tione

105 506 349 536 Schismaticomm
360 506 480 544 loquitur
491 526 498 538 ,
520 515 584 534 nam
593 514 627 533 ex
646 502 822 541 sequentibus
839 505 894 538 ejus

104 548 197 576 verbis
208 569 216 581 ‚
236 547 299 575 satis
311 547 422 575 videtur
432 546 510 574 illum
521 556 573 584 pro
584 543 815 574 ChristiVicm-io
825 553 895 581 pra:-

105 588 197 617 dicare
211 610 217 621 ,
239 588 303 616 dum
314 587 372 616 ait:
397 593 410 622 [
420 588 488 617 Non
498 597 548 615 nos
556 588 586 616 Β.
597 588 709 615 Petrum
718 606 726 617 ,
749 584 815 613 ficut
827 584 894 612 dici-

107 629 147 657 tis
158 650 166 662 ‚
187 639 203 657 a
212 628 342 659 Domino
351 637 412 656 cum
424 627 500 656 Sedis
509 626 665 665 privilegiis
678 647 684 656 .
707 626 751 653 vel
765 623 895 653 success'o-

105 680 148 698 res
158 672 215 705 ejus
227 669 357 707 peccandi
366 668 515 703 judicamus
526 668 670 696 licentiam
679 664 828 703 suscepisse.
840 665 893 694 Ille

105 719 257 749 perennem
267 709 432 737 meritorum
442 709 537 736 dotem
553 717 617 736 curn
626 706 801 736 thaereditate
811 706 894 734 inno-

105 750 204 779 centiae
214 749 289 778 inifit
298 749 332 778 ad
342 749 480 787 posteros:
492 748 566 787 quod
575 748 618 777 illi
629 745 782 776 concellum
793 747 831 775 est
843 756 894 784 pro

102 791 209 820 aauum
219 791 298 822 luce,
320 789 427 818 adillos
437 791 560 827 pertinet
573 811 581 823 ,
603 799 671 828 quos
682 798 730 826 par
748 787 894 817 conversa<

103 831 190 860 tionis
200 829 332 868 splendor
350 829 488 858 illuminat
499 851 506 858 .
530 832 542 861 ]
555 830 616 860 Ubi
625 830 701 859 Petri
712 826 876 858 Success'orcs
886 850 893 861 ,

101 875 131 902 &
141 870 264 899 haeredes
273 870 424 900 Pontifices
435 871 555 910 appellat
565 892 574 906 ,
597 874 624 900 ὃ(
635 871 693 909 pari
703 869 789 898 modo
807 880 821 897 a
830 870 894 898 Deo

106 911 260 941 illuminari
271 912 366 950 probat
377 932 385 940 .

58 952 285 982 Ancmcmrox
296 973 303 979 .
324 958 335 987 [
347 954 391 990 Jo:
403 951 592 982 Archicanton
602 951 721 981 Bafilicae
733 950 876 980 Vaticanae
887 971 893 977 .

101 993 166 1020 &S.
179 993 296 1021 Martini
308 993 414 1026 Abbas,
438 1002 570 1032 tanquam
589 993 730 1031 delegatus
753 992 839 1030 apost.
860 991 893 1019 ad

103 1033 250 1067 synodum
259 1033 451 1070 Anglicanam
461 1034 492 1061 ab
504 1032 735 1072 Agathonei'apa
757 1042 800 1060 an.
823 1038 892 1067 679.

101 1070 211 1105 miss'us,
234 1073 383 1102 Britannos
391 1082 504 1102 cantum
521 1077 600 1109 juxta
620 1073 788 1102 Vaticanum
807 1073 892 1100 ritum

105 1113 199 1142 docuit
210 1133 217 1140 .
241 1113 313 1142 Beda
324 1113 371 1142 lib.
385 1126 413 1149 4.
423 1124 480 1152 cap.
495 1125 504 1142 1
514 1116 562 1145 8.]
583 1114 657 1142 Vide
674 1113 894 1150 Archiparapbo-

103 1155 176 1190 mista
186 1173 192 1181 .
214 1159 381 1183 prasentar-
404 1155 529 1182 Baculus
539 1175 546 1180 .
569 1158 675 1182 Cantor
684 1173 691 1180 .
702 1156 892 1182 Primiterius.

64 1197 279 1224 Ancmcnvus
293 1215 300 1227 ‚
324 1193 512 1223 >Ecclesiastica
531 1194 666 1232 Dignitas
677 1214 684 1221 .
714 1196 873 1232 Regentem
884 1214 891 1225 ‚

103 1233 150 1264 seu
159 1235 381 1264 Gubernatorem
399 1234 525 1263 Ecclefiae
537 1256 545 1268 ,
569 1235 614 1263 vel
633 1233 893 1263 Monasteriideno-

100 1283 143 1303 tar
153 1295 162 1307 ,
183 1274 218 1303 de
227 1284 278 1313 qua
287 1275 428 1314 dignitate
449 1273 522 1314 s-epe
541 1275 571 1304 in
589 1275 719 1314 antiquis.
731 1273 873 1313 scripturis
885 1295 891 1303 .

99 1315 145 1343 ubi
167 1314 430 1345 Archidiaconalem
450 1316 604 1354 praecedere
634 1316 746 1344 videtur
758 1337 766 1348 ‚
789 1315 893 1355 legitur

102 1355 180 1383 enim
190 1355 243 1384 hoc
253 1357 354 1385 ordine
367 1358 396 1385 in
406 1355 650 1395 subscriptionibus
661 1377 668 1384 .
689 1357 829 1395 [Signum
839 1359 893 1386 Ar-

100 1396 170 1424 nulfi
181 1395 394 1436 Archiepiscopi
404 1419 412 1430 ,
435 1397 543 1437 fignurn
553 1397 730 1427 Guarcilonis
747 1396 891 1426 Archicla-

100 1436 131 1464 vi
144 1457 153 1469 ‚
174 1437 284 1476 {ignum
303 1440 384 1475 Jonae
405 1438 608 1480 Archjdiaconi
617 1459 624 1466 .
649 1440 660 1470 ]
691 1439 748 1467 FR-
776 1436 892 1476 Legitur

99 1476 183 1506 etiam
192 1479 493 1518 Archiclavis'sumpta
513 1479 675 1518 metaphora
694 1489 707 1507 a
717 1478 892 1507 Gubernato-

101 1526 132 1544 re
158 1518 259 1550 navis,
283 1518 331 1556 qui
351 1520 478 1554 clavum,
500 1519 547 1549 seu
566 1529 707 1549 temonem
729 1519 821 1557 regit,
843 1520 889 1557 qui

101 1557 182 1585 navis
211 1558 377 1596 gubernator
391 1581 398 1593 ,
423 1564 452 1589 δε
469 1571 568 1600 regens
590 1561 628 1589 est
639 1582 647 1593 ,
670 1560 705 1588 fic
722 1559 757 1587 de
780 1560 891 1588 Summo

103 1597 244 1626 Pontifice
254 1599 396 1628 Ennodius
405 1600 534 1630 Ticinen.
545 1600 637 1636 Episc.
659 1600 690 1628 in
700 1599 891 1639 Apologetico

101 1638 181 1667 dixit
190 1659 198 1667 .
217 1645 235 1675 t
245 1640 309 1668 Deo
320 1641 420 1679 gratias
431 1661 439 1673 ‚
459 1642 506 1680 qui
517 1637 588 1670 han}
599 1640 807 1680 providentiam
816 1641 891 1670 indi-

100 1679 146 1707 dit
165 1679 214 1712 ei,
236 1680 280 1708 cui
301 1691 392 1710 rerum
412 1680 592 1710 humanarum
609 1681 889 1711 summarcommifir.

101 1720 169 1758 Spes
178 1730 253 1748 certa
263 1720 364 1759 quietis
374 1723 413 1751 est
423 1743 433 1755 ,
452 1726 480 1751 ὅ(
489 1722 583 1751 salutis
593 1744 600 1756 ‚
620 1722 738 1760 pei-‘secia
748 1722 777 1750 in
795 1723 891 1762 guber-

100 1769 211 1789 natores
227 1758 361 1800 sapientia
374 1783 380 1790 .
402 1764 506 1801 Puppis
519 1766 595 1800 cujus
615 1762 746 1801 Magister
767 1763 800 1792 ad
818 1764 890 1792 clavi

103 1800 230 1838 regimen
248 1802 407 1831 intellestus
426 1804 494 1832 dote
514 1813 702 1842 praeparatur,
726 1804 824 1842 ubique
840 1805 890 1834 sta-

61 1879 63 1883 .
102 1840 211 1869 tionem
219 1863 228 1875 ,
252 1842 353 1881 ubique
363 1843 566 1882 portum'habet
578 1855 608 1873 in
617 1844 741 1873 fluetibus
752 1865 760 1872 .

63 1879 313 1912 ARCHIDIACONUS
331 1906 340 1918 ,
384 1881 579 1923 A‘pxastdxouag
597 1897 604 1913 :
643 1884 810 1914 canonicalis
848 1885 889 1913 di-

103 1921 196 1959 {nitas
207 1943 215 1955 ³
236 1923 306 1952 idest
316 1945 326 1956 ‚
347 1926 544 1955 Diaconorum
555 1936 636 1964 caput
646 1947 655 1958 ‚
679 1929 753 1962 cujus
771 1926 891 1955 maxima

101 1971 163 1990 crat
184 1963 346 1999 austoritas‚
368 1976 399 1995 ut
417 1965 485 1995 sacri
504 1967 637 1995 testantur
655 1974 792 1995 canones.
814 1968 891 2005 Saepe

103 2003 197 2031 oculus
206 2003 335 2043 Episcopi
345 2007 446 2035 dicitur
457 2028 466 2041 ‚
487 2010 561 2043 cujus
570 2007 710 2036 afflonum
727 2007 802 2036 testis
813 2018 870 2036 erat
880 2030 889 2036 .

105 2048 120 2079 1
130 2044 211 2072 Inter
222 2054 290 2084 quos
300 2067 308 2078 ,
322 2045 490 2084 .videlicet,.
502 2047 672 2076 adversarios
691 2058 760 2076 unus
780 2048 819 2076 est
837 2059 890 2077 no-

104 2085 184 2113 mine
195 2085 339 2120 Lyfiardus
350 2107 358 2119 ‚
378 2088 447 2116 olim
456 2089 568 2127 quidem
578 2088 799 2118 Archidiaconus
808 2110 817 2123 ,
839 2091 887 2128 qui

104 2134 168 2153 cum
186 2125 238 2154 ess‘e
247 2126 358 2154 deberet
376 2128 614 2167 oculusEpiscopi
632 2128 692 2163 sui,
713 2128 890 2167 dispensator

102 2174 254 2204 pauperum
265 2188 274 2200 ‚
293 2167 481 2198 catechizator
488 2169 682 2208 insipientium
694 2192 702 2203 ‚
723 2170 890 2208 apostatavit

104 2206 136 2234 ab
157 2206 202 2235 his
219 2208 362 2241 omnibus,
384 2212 413 2237 δε
429 2209 511 2238 fastus
523 2211 568 2239 ⁴est
587 2210 726 2250 Episcopo
746 2210 795 2240 suo
816 2212 890 2250 quasi

103 2246 196 2275 clavus
208 2248 243 2276 jn
251 2249 361 2277 oculum
371 2270 380 2282 ‚
402 2250 496 2287 praedo
514 2252 674 2290 pauperibus
684 2274 692 2285 ‚
714 2251 769 2280 dux
790 2253 890 2281 erroris

105 2286 299 2326 insipientibus
311 2310 318 2317 .
342 2289 556 2329 FulbertuEpist.
576 2303 621 2330 34.
632 2294 644 2323 ]
669 2291 889 2322 Archidiaconus

101 2329 230 2357 Ecclefiae
239 2332 376 2359 Romanae
384 2329 495 2359 sedebat
503 2342 596 2360 coram
605 2333 742 2362 pontifice
755 2354 762 2361 .
785 2334 885 2363 Baton.

97 2375 166 2398 ann·
180 2380 264 2408 ¹097·
286 2372 350 2401 Imo
360 2371 486 2401 Vicarius
504 2372 625 2408 ejusdem
634 2383 694 2403 erat
714 2374 744 2402 in
753 2374 884 2405 Ecclesia-

954 93 1028 124 sticis
1039 95 1120 124 causis
1132 116 1140 129 ,
1164 103 1226 123 nam
1237 92 1392 123 nonsolum
1403 103 1444 122 eas
1455 93 1633 124 Clericorum
1649 53 1740 136 regio-

954 136 1060 165 nalium
1071 157 1079 169 ‚
1100 135 1145 164 ubi
1154 144 1213 163 non
1221 134 1353 164 relidebat
1365 135 1490 174 proprius
1503 156 1512 168 ‚
1533 136 1676 166 Diaconus
1695 148 1739 166 re-

954 175 1218 215 gionalisjudicabat
1231 196 1240 208 ‚
1257 173 1306 204 sed
1327 176 1412 204 etiam
1431 175 1466 205 ob
1477 185 1535 204 non
1544 175 1613 204 bene
1622 176 1740 206 admini-

955 217 1065 246 stratam
1073 216 1204 253 justitiam
1215 227 1230 245 a
1239 215 1408 245 Diaconibus
1419 217 1604 255 regionalibus
1614 217 1643 246 in
1651 219 1739 256 gradu

954 257 1147 296 appellationis
1166 257 1200 286 ad
1216 266 1283 286 ,eum
1303 257 1488 286 recurrebatur
1500 279 1508 290 ,
1530 266 1611 295 uttex
1628 258 1741 288 Ordine

954 300 1084 329 Romano
1095 308 1153 336 cap.
1165 309 1192 331 7.
1211 298 1246 326 de
1256 297 1345 327 offic.
1365 297 1482 327 Archid.
1502 302 1529 328 δι
1544 307 1590 333 25.
1600 299 1663 328 dist.
1682 309 1741 328 can.

953 339 1080 377 perlec‘tis
1098 339 1186 377 liquet
1196 359 1203 366 .
1225 340 1300 367 Item
1318 340 1461 367 exercebat
1479 340 1513 367 de
1534 343 1594 376 jure
1615 340 1741 369 officium

952 379 1063 408 Datarii
1072 401 1081 414 ‚
1091 375 1230 408 ut'eodem
1241 389 1299 418 cap.
1310 391 1336 412 7·
1345 379 1490 419 colligitur
1502 399 1508 407 .
1527 380 1601 410 Vide
1613 384 1741 410 Circum-

952 420 1082 457 lustrator
1093 441 1102 449 .
1124 421 1178 450 Sed
1197 419 1251 449 hoc
1266 431 1304 450 an
1313 420 1420 449 abusive
1431 442 1440 454 ‚
1461 421 1509 450 vel
1525 421 1559 450 de
1568 423 1628 456 jure
1646 432 1740 461 agere-

953 470 997 490 tur
1007 482 1015 494 ,
1039 461 1113 490 Vide
1123 472 1184 490 can.
1193 460 1297 490 distum
1307 462 1345 490 est
1354 481 1362 488 .
1383 461 1446 490 dist.
1458 472 1505 497 94.
1523 466 1551 491 ὅ(
1581 462 1620 490 ibi
1631 462 1723 492 Gloffa
1734 483 1741 489 .

954 501 1177 530 Archidiaconus
1196 512 1264 530 vcro
1282 502 1404 531 Eccleliae
1417 502 1739 541 Constantinopolitanae

954 542 1114 571 induebatur
1122 541 1284 571 sacerdotali
1306 542 1395 572 casula
1414 543 1444 572 in
1463 543 1509 572 die
1520 544 1619 573 Crucis
1629 546 1741 574 Exalta·

954 583 1042 612 tionis
1051 605 1059 616 ‚
1083 593 1113 611 ut
1122 585 1291 622 Curopalata
1303 583 1412 613 notavit
1422 595 1430 615 ς
1443 583 1506 622 quia
1516 595 1582 621 tuuc
1592 585 1741 615 Archidm-

953 623 1018 652 coni
1027 625 1152 653 officium
1160 625 1317 654 Sacerdotis
1326 635 1360 654 ex
1375 625 1473 653 ordine
1484 627 1739 656 Exocatacoelorum

951 664 1093 693 exercebat
1104 685 1111 692 .
1139 666 1211 694 Vide
1222 667 1410 695 Exocatacoeli
1421 687 1427 693 .
1452 667 1509 695 PR.
1530 667 1694 705 Antiquitus
1707 678 1741 695 ex

949 705 1038 743 gradu
1048 705 1207 734 eorumdem
1220 707 1412 736 Diaconoriun
1425 706 1643 736 Ardndiaconus
1653 709 1739 747 elige-

951 745 1028 774 batur
1037 767 1044 774 .
1068 747 1105 776 D.
1118 745 1385 785 Hieronym.·Epist.
1399 752 1443 784 83.
1453 747 1486 775 ad
1497 748 1648 787 Evagrium
1667 749 1700 777 in
1713 761 1740 777 2.

951 786 1028 815 Esdr.
1037 797 1096 825 cap.
1113 798 1121 815 1
1134 797 1157 814 1.
1167 798 1240 816 num.
1252 799 1299 817 22.
1320 789 1394 816 Item
1406 787 1626 817 Archidiaconus
1645 790 1740 827 appel-

951 826 1024 856 latur
1034 829 1178 866 Episcopus
1188 832 1370 859 Levitamm.
1389 829 1426 862 :lli
1441 828 1496 862 Qui
1507 829 1540 857 ad
1550 828 1740 859 Sacerdotium

951 869 1102 897 deveniens
1119 889 1128 901 ‚
1151 868 1419 898 Archidiaconatum
1442 869 1602 899 dimittebat
1624 891 1633 903 ,
1665 870 1742 909 quod

950 908 1035 948 usque
1044 909 1077 938 ad
1090 907 1207 948 pra-'sens
1218 909 1248 938 in
1258 920 1347 949 graeca
1356 910 1476 939 Ecclesia
1485 909 1645 939 observatur
1657 911 1740 942 5ideo

952 952 977 979 S.
989 951 1144 989 Gregorius
1154 951 1343 980 Salonitanum
1354 949 1521 989 Episcopum
1540 952 1716 990 rcprenderat
1730 964 1739 983 ,-

950 991 997 1030 qui
1005 991 1083 1019 suum
1096 990 1338 1021 Archidiaconum
1349 992 1524 1020 Sacerdotem
1536 992 1597 1021 fieri
1609 993 1735 1032 cogebat,

946 1042 979 1060 ut
989 1042 1020 1060 ea
1030 1031 1169 1070 dignitate
1178 1033 1260 1060 illum
1269 1031 1411 1070 spoliaret,
1427 1032 1494 1060 dum
1504 1033 1525 1060 is
1536 1043 1586 1061 nec
1596 1034 1630 1062 ad
1639 1044 1740 1062 renun—

949 1072 1073 1100 tiandum
1082 1072 1196 1111 gradum
1207 1072 1285 1101 suum
1296 1095 1304 1106 ‚
1317 1083 1366 1101 nec
1377 1073 1565 1102 Sacerdotium
1575 1073 1739 1104 sumendum

949 1113 1100 1142 inclinabat
1108 1133 1115 1141 .
1135 1115 1172 1141 In
1181 1113 1245 1141 sede
1254 1113 1411 1152 Episcopali
1422 1124 1537 1143 vacante
1545 1115 1582 1143 ad
1591 1114 1741 1144 Archidia-

947 1163 1049 1181 conum
1058 1153 1217 1192 capitularis
1231 1154 1384 1183 Vicariatus
1394 1153 1494 1192 spcc'tat
1503 1174 1510 1182 .
1532 1155 1628 1183 Zerol.
1640 1155 1669 1184 in
1679 1165 1740 1193 prr..

949 1194 978 1221 xi
988 1193 1116 1232 Episcop.
1138 1204 1209 1232 part.
1226 1205 1248 1222 1.
1259 1194 1418 1223 Archidiac.
1439 1198 1468 1224 ὃ(
1489 1194 1553 1224 ideo
1574 1196 1604 1224 ab
1613 1196 1739 1226 Ostiensi

950 1237 1074 1264 Vitarius
1083 1244 1170 1264 natus
1179 1235 1332 1273 appellatur
1343 1247 1350 1266 ς
1369 1239 1397 1264 δ(
1407 1245 1441 1263 ex
1451 1245 1485 1264 eo
1495 1236 1560 1275 quia
1569 1236 1603 1265 de
1613 1239 1672 1272 jure
1683 1239 1740 1266 Ar-

950 1274 1129 1304 chidiaeonus
1138 1275 1269 1314 Episcopi
1282 1275 1408 1304 Vicarius
1420 1285 1486 1305 erat.
1497 1287 1556 1315 cap.
1569 1288 1596 1308 7.
1617 1277 1652 1306 tle
1663 1278 1738 1306 offic.

948 1315 1068 1345 Archid.
1087 1316 1151 1345 ideo
1165 1316 1193 1346 ei
1205 1315 1439 1355 Archipresbyter
1459 1316 1651 1346 subordinatus
1660 1328 1717 1347 erat
1729 1341 1738 1352 ‚

935 1366 978 1385 >ut
988 1356 1100 1386 habetur
1110 1358 1140 1386 in
1150 1367 1208 1396 cap.
1220 1369 1246 1386 2.
1258 1357 1293 1385 de
1303 1358 1378 1386 offic.
1392 1356 1600 1396 Archipresbyt.
1620 1359 1740 1397 ideoque

951 1398 982 1426 in
992 1398 1087 1426 multis
1100 1397 1311 1427 Cathedralibus
1322 1408 1418 1427 omncs
1428 1398 1579 1437 dignitates
1591 1399 1739 1428 Archidia-

949 1449 1033 1467 conus
1043 1439 1177 1477 praecedit
1188 1459 1196 1467 .
1219 1441 1307 1476 Hujus
1316 1439 1461 1477 d1gnitatis
1471 1440 1656 1479 praerogativa
1664 1451 1740 1470 arro-

949 1479 1072 1518 gantiam
1082 1479 1204 1508 nutrivit
1217 1501 1225 1512 ,
1235 1489 1265 1508 ut
1275 1490 1304 1508 ea
1314 1480 1427 1518 praediti
1440 1501 1446 1512 ,
1458 1481 1612 1509 Sacerdotis
1622 1482 1738 1520 gradum

948 1529 1086 1559 tamquam
1097 1520 1136 1550 eis
1148 1520 1311 1549 inferiorem
1321 1519 1458 1559 suscipere
1467 1521 1641 1553 recusabant,¹
1664 1523 1738 1551 unde

949 1561 1142 1597 Hieronymus
1151 1562 1262 1598 ajebat‘t
1283 1561 1418 1595 Injuriam
1439 1570 1516 1599 putat
1528 1584 1536 1595 ,
1559 1563 1577 1591 fi
1594 1564 1738 1600 presbyter

948 1601 1093 1630 ordinetur
1105 1623 1112 1630 .
1135 1604 1170 1632 In
1182 1602 1304 1633 Ezech.]
1318 1602 1490 1638 Quare‘Urb.
1501 1604 1542 1631 ΙΙ.
1552 1607 1579 1632 ἃ
1594 1603 1736 1633 AlexJH.

948 1644 1115 1681 temporibus
1125 1642 1282 1679 hujusmodi
1302 1643 1423 1681 dignitas
1434 1643 1566 1681 derogata
1586 1643 1637 1671 fuit
1648 1655 1657 1675 ς
1678 1655 1737 1672 coe-

948 1683 1045 1722 pitquc
1066 1687 1254 1712 Diaconorum
1269 1687 1411 1720 prioratus
1437 1685 1569 1722 appellari
1581 1704 1588 1711 .
1621 1685 1737 1713 Fallitur

947 1725 993 1762 Jo·
1004 1724 1110 1752 Citrius
1121 1746 1128 1757 ,
1151 1724 1217 1751 dum
1226 1724 1311 1759 lib-5.
1323 1725 1380 1762 Jur.
1390 1725 1505 1753 Orient.
1527 1724 1611 1762 Resp.
1626 1736 1648 1753 x.
1670 1725 1735 1754 asse-

946 1765 985 1793 rit
995 1764 1247 1794 Archidiaconatus
1256 1765 1370 1793 titulum
1379 1765 1532 1804 antiquiori
1541 1766 1672 1795 Diacono
1690 1766 1736 1795 so-

948 1806 1030 1833 litum
1045 1804 1121 1833 suiss'e
1131 1806 1202 1834 tradi
1214 1827 1222 1838 ‚
1245 1805 1351 1834 constat
1360 1805 1436 1834 enim
1448 1816 1496 1844 per
1505 1806 1672 1835 electionem
1680 1807 1734 1836 hoc

946 1845 1006 1874 fieri
1016 1845 1204 1877 consueviss'e5
1227 1846 1261 1874 fic
1272 1846 1305 1874 de
1316 1846 1479 1875 Alexandro
1495 1846 1628 1885 legimus.
1654 1853 1666 1882 [
1677 1848 1734 1884 Qui

948 1897 1010 1915 cum
1022 1886 1179 1915 adolescens
1189 1885 1254 1915 ess'et
1267 1908 1275 1919 ‚
1297 1886 1397 1916 Choro
1408 1887 1602 1916 Diaconotum
1621 1888 1733 1926 praefiiit

948 1926 1089 1956 Theodor.
1098 1927 1147 1956 lib.
1163 1938 1187 1955 1.
1196 1926 1334 1955 historiar.
1345 1938 1368 1955 c.
1383 1934 1426 1955 16.
1439 1930 1451 1959 ]
1476 1931 1511 1956 Et
1521 1927 1618 1958 clarius
1637 1929 1673 1957 de
1682 1929 1732 1958 hac

946 1967 1292 1997 Archidiaconieleffione
1303 1988 1310 1996 .
1334 1974 1346 2002 [
1358 1968 1598 2003 Quemadmodum
1617 1968 1637 1998 fi
1655 1980 1733 1998 exer-

947 2009 1017 2037 citus
1028 2010 1230 2048 Imperatorem
1249 2008 1327 2037 faciat
1338 2030 1346 2041 ‚
1369 2018 1415 2036 aut
1435 2008 1558 2038 Diaconi
1580 2010 1688 2049 eligant
1697 2012 1733 2039 de

940 2048 975 2077 ·se
987 2071 993 2082 ,
1013 2059 1096 2088 quem
1107 2049 1274 2079 industrium
1285 2048 1417 2077 noverint
1427 2071 1435 2082 ‚
1455 2054 1483 2078 δε
1492 2049 1731 2080 Archidiaconum

943 2100 1106 2128 nuncupent
1116 2113 1124 2124 ‚
1147 2090 1315 2124 Hieronym.
1325 2089 1410 2127 Epist.
1424 2100 1470 2125 55.
1483 2091 1516 2119 ad
1525 2092 1675 2130 Evagrium
1687 2112 1693 2119 .
1718 2095 1730 2123 ]

947 2131 1031 2168 Quod
1041 2130 1156 2159 habetur
1165 2130 1196 2158 in
1205 2141 1264 2158 can.
1285 2131 1401 2169 legimus
1416 2130 1479 2160 dist.
1490 2143 1540 2170 93.
1552 2133 1609 2161 PR.
1629 2132 1732 2161 Archi-

946 2172 1076 2200 diacones
1086 2181 1164 2200 erant
1174 2171 1335 2200 Oeconomi
1345 2171 1470 2200 Ecclefiae
1481 2194 1489 2205 ,
1512 2176 1540 2201 ὅ(
1551 2171 1730 2211 Episcopatus

947 2212 1128 2241 Vicedomim'
1141 2223 1149 2242 ς
1169 2211 1242 2239 unde
1253 2222 1268 2239 a
1277 2214 1397 2251 Gregor.
1408 2214 1480 2250 Papa
1491 2213 1641 2241 Anatolius
1649 2214 1730 2242 Diac.

944 2253 1120 2281 constituitur
1131 2251 1331 2281 vicedominus
1342 2274 1351 2285 ,
1360 2253 1423 2282 dist.
1437 2258 1482 2289 89.
1494 2264 1552 2282 can.
1564 2254 1731 2283 Diaconum.

946 2298 981 2323 Et
1001 2294 1092 2333 quoad
1104 2293 1308 2323 Oeconomiam
1325 2294 1351 2323 S.
1362 2293 1514 2332 Stephanus
1523 2294 1644 2323 Diacon.
1662 2297 1731 2323 Pro-

946 2344 1057 2363 tomart.
1071 2334 1121 2363 fuit
1130 2333 1285 2362 Primitivae
1296 2334 1422 2363 Ecclefiae
1432 2335 1613 2364 Oeconomus
1625 2354 1633 2361 .
1655 2333 1732 2363 Vide

944 2380 1108 2406 Oeconomus
1122 2395 1128 2403 .
1151 2375 1225 2404 Item
1241 2373 1276 2404 de
1295 2375 1321 2405 S.
1331 2374 1471 2406 Cornelio
1487 2377 1559 2415 ,Papa
1578 2374 1610 2404 in
1628 2373 1675 2403 lib.
1690 2375 1730 2405 de

1627 2417 1688 2445 Ro-
