1866 2526
0 0 2 42 l
12 0 24 21 1
833 3 849 25 Q

115 108 274 139 dicebmuu·
281 128 292 142 ,
313 120 375 141 can.
384 106 514 138 Mulieres
523 102 608 140 ‚ffiib
622 115 669 144 32·
679 104 753 135 Idest
765 126 774 139 ‚
787 105 916 136 habentes

117 159 208 180 :um
218 149 254 178 de
262 151 341 180 rebus
348 148 473 184 fitclefiae
484 169 494 181 ‚
516 155 546 176 ut
560 146 676 185 exponit
687 146 727 175 ibi
739 145 832 176 Gloss'a
843 167 852 175 .
874 147 917 176 Sic

118 192 147 221 S.
156 190 313 221 anedesa
329 192 368 222 D.
379 191 432 219 Pio
441 191 514 227 Papa
535 188 691 226 presbytera
711 187 847 217 declarata
861 186 919 218 fue-

118 241 161 260 rat
167 251 178 265 ‚
186 239 218 261 nt
226 240 260 260 ez
271 234 330 270 ejus
338 231 452 262 Actibus
464 228 570 258 constat
581 248 589 256 .

75 273 302 302 hunum-m
314 294 324 307 ‚
336 267 528 312 πρεσβυτῆειω
537 290 544 296 .
556 270 582 299 C
585 268 685 298 horum
694 268 847 309 fignificat.
869 271 896 297 V
899 270 918 297 i-

116 312 151 341 de
161 312 264 342 chorus
276 334 285 341 .
293 315 367 343 Item
377 311 579 341 Confistori'um
589 311 835 340 Ecclefiasticorum
848 331 854 338 .
866 310 916 338 Vi-

116 352 152 382 de
163 354 223 381 Bar.
233 363 276 382 an.
291 367 305 383 z
313 365 360 390 54.
369 365 398 382 n.
409 364 459 390 99.
470 353 528 380 FR-
541 352 706 387 [Quomodo
718 361 765 379 iicc
778 350 918 390 Episcopis

120 393 202 421 liceat
213 395 334 424 vendere
346 395 448 433 praedia
458 390 620 421 inconsulto
628 391 761 421 Concilio
771 412 780 424 ‚
797 392 844 421 vel
853 401 919 420 cun-

117 434 162 461 ξὶο
171 435 347 470 Presbyterio
360 457 367 468 ,
387 445 447 464 can.
458 432 559 472 placuit
569 453 577 465 ,
603 442 646 462 ιι.
658 443 704 471 qu.
716 442 742 470 3.
754 433 766 463 J
786 432 824 466 ill:
835 431 918 468 Quod

119 475 273 513 elegantius
285 476 360 504 Cleri
371 482 446 506 Rom.
467 479 585 502 Senatus
595 483 610 500 :t
618 473 656 502 D.
669 473 849 507 Hieronymo
859 494 867 505 ,
890 477 916 501 ἃ

117 517 381 552 σοωρνεςὸγηηίιηι
402 516 433 544 ab
452 514 513 543 aliis
531 513 720 542 Ecclefiasticis
739 513 917 550 Scriptoribus

118 551 284 593 appellntii'm
297 556 366 589 suin
383 560 410 586 ες
421 554 581 592 Cyprianus
590 555 724 583 Excitan'
741 553 775 581 de
781 554 913 592 presbyte-

118 599 157 624 rio
167 596 240 624 dixit
253 619 260 630 ‚
281 597 350 626 idest
363 619 370 630 ‚
390 594 545 625 sacerdotio
553 594 695 632 degradari
707 614 716 626 ‚
736 593 794 622 sive
805 604 817 621 a
828 593 916 622 choro

118 637 242 674 expelli.
261 639 334 666 Item
343 636 508 666 donativum
521 656 530 668 ,
546 634 621 672 quod
637 644 726 664 novus
744 633 875 663 Pontifex
886 635 914 662 in

115 679 172 711 ejus
185 679 370 707 coronatione
381 676 467 705 facere
475 674 578 704 solebat
596 676 625 704 in
636 674 813 704 Lateranenfi
822 676 915 704 Eccle-

119 717 153 745 fia
165 717 276 756 singulis
286 717 482 747 Cardinalibus
491 737 500 749 ,
510 715 647 755 fignificat
656 738 663 749 ‚
674 715 767 754 quibus
777 715 809 743 in
819 726 914 744 corum

115 758 208 793 mitras
229 758 285 786 duo
295 757 453 787 scutaaurea
470 766 531 784 cum
543 756 646 785 duobus
662 756 762 796 grosfis
779 756 914 795 argenteis

117 797 283 826 immittebat
294 819 301 831 ,
320 802 348 827 δε
360 798 419 827 aliis
430 797 588 836 Episcopis,
607 808 636 826 ac
646 797 809 827 Praesulibus
828 807 912 826 unum

114 847 222 866 aureum
233 837 338 867 scutum
350 860 359 872 ‚
381 843 408 868 &
417 849 501 867 unum
511 847 669 877 argenteum
688 837 807 877 groflum
819 838 895 867 dabat
905 858 912 865 .

113 878 234 907 Caerem.
251 882 338 909 Rom.
361 880 404 908 Sic
416 877 521 907 fortasse
538 879 722 917 appellabatur
733 901 741 912 ‚
766 879 828 917 quia
841 880 914 907 intra

113 919 313 955 presbyterium
330 920 537 954 distribuebatur
549 941 556 952 ,
577 920 632 948 live
643 921 710 958 quia
725 920 759 948 ad
769 919 915 949 Confisto-

114 960 187 988 rium
205 960 258 989 hoc
271 962 436 990 donativum
453 959 605 998 speftabau
624 970 686 989 nam
708 960 910 990 consistorium

116 1000 320 1036 presbyterium
333 1023 341 1034 ‚
351 1010 380 1029 ut
391 999 468 1038 supra
477 1000 596 1028 diximus
605 1021 615 1037 ‚
625 1001 765 1030 dicebatur
776 1022 783 1029 .
795 1001 914 1030 Cencius

122 1049 214 1070 tamen
225 1042 400 1070 Camerarius
411 1042 440 1069 in
450 1044 504 1075 ejus
517 1042 556 1070 Μ.
567 1042 593 1069 S.
603 1042 803 1071 Caeremonial'i
812 1042 847 1070 dc
858 1042 914 1070 alio

115 1080 199 1110 fimili
217 1081 354 1111 donativo
373 1081 518 1110 pontificis
536 1082 712 1118 Presbyterio
731 1083 913 1112 denominato

114 1122 287 1150 mentionem
299 1123 362 1151 facit
372 1143 380 1154 ,
391 1122 426 1150 de
437 1132 491 1160 quo
503 1143 510 1150 .
520 1122 593 1151 vide
604 1124 686 1151 ctiam
697 1124 911 1152 Thuribulorum

113 1161 263 1200 festivitas
277 1184 284 1190 .
306 1164 354 1192 Ob
364 1162 478 1191 eandem
489 1163 623 1191 rationem
634 1164 837 1199 Presbyterium
846 1163 914 1192 dici-

117 1211 160 1229 tur
170 1202 251 1232 serica
262 1203 337 1232 bursa
346 1204 394 1232 illa
404 1225 412 1235 ‚
423 1203 453 1231 in
463 1213 514 1242 qua
525 1203 756 1243 vigintiquinque
763 1204 832 1243 Julii
842 1203 911 1233 anti-

113 1251 174 1280 quae
189 1253 310 1272 monetat
322 1243 415 1272 inclusi
427 1242 586 1281 praesentari
597 1243 689 1273 solent
708 1245 739 1273 ab
752 1244 911 1283 Archiprcs-

119 1283 218 1318 bytero
229 1285 369 1313 Vaticanae
382 1284 504 1317 Ecclefiae
515 1283 645 1313 Pontifici
656 1307 664 1318 ‚
675 1285 784 1323 quando
796 1285 831 1314 ibi
842 1285 911 1314 sole-

113 1324 216 1352 mniter
227 1325 342 1354 celebrat
358 1329 426 1356 ,Pro
435 1325 520 1361 Miffa
529 1325 593 1353 bene
602 1334 724 1354 cantata
737 1347 744 1358 ,
765 1335 795 1353 ut
807 1326 836 1354 in
847 1327 912 1355 Cae-

114 1365 262 1393 remoniali
273 1365 375 1394 dicitur
385 1386 393 1397 ‚
413 1375 493 1403 quam
506 1364 575 1393 solet
586 1366 686 1394 deinde
707 1367 775 1404 Papa
784 1367 912 1395 Diacono

112 1404 258 1440 Cardinali
270 1428 277 1439 ‚
296 1406 343 1444 qui
356 1407 539 1444 Evangeliuni
557 1406 692 1436 cecinerat
702 1407 830 1441 tradere,
850 1408 911 1436 &is

112 1446 168 1481 ejus
180 1447 345 1475 Caudatario
355 1457 467 1485 erogare
477 1467 484 1473 .

75 1485 293 1514 Fusiis-renen
307 1508 314 1519 ,
338 1487 465 1515 Sacerdos
486 1485 542 1514 fio.

82 1526 322 1555 Pussoxioium
333 1536 401 1559 arca,
411 1526 466 1554 sive
478 1525 623 1555 armarium
635 1526 676 1560 ‚in
685 1537 741 1566 quo
750 1527 836 1557 vestes
845 1539 910 1557 con-

1251 46 1286 88 P
1315 47 1361 88 R
1631 61 1713 103 547

976 104 1014 135 est
1026 127 1034 139 ‚
1054 102 1119 133 licet
1130 103 1180 134 fim
1191 103 1311 134 Pimates
1324 103 1386 136 illi,
1406 102 1453 142 qui
1464 103 1563 143 primas
1571 105 1712 136 Civitates
1730 115 1772 135 te-

977 155 1046 176 nent
1056 166 1065 178 ‚
1086 145 1136 184 qui
1151 147 1180 174 δε
1189 145 1222 174 in
1232 143 1396 184 quibusdan>
1412 145 1482 173 iocis
1493 146 1656 176 Patriarchae
1674 159 1687 176 :i
1696 157 1770 177 non·

975 187 1061 218 millis
1073 195 1207 215 vocantur
1218 207 1226 214 .
1237 185 1388 215 Ameletus
1400 187 1480 224 Papa,
1491 186 1569 224 epist.
1578 197 1606 224 3.
1615 188 1648 215 ad
1658 187 1770 231 episco-

935 229 941 234 '
976 238 1024 268 pos
1035 229 1066 259 .]
1090 228 1150 257 Hi.
1161 230 1246 256 Erant
1256 237 1272 256 a
1281 226 1450 265 temporibus
1458 227 1615 255 Gentilium
1634 229 1770 267 principa-

974 267 1427 300 lioresProvinciarumCivitates
1443 266 1481 295 ita
1500 267 1642 306 appellatae
1661 279 1670 298 ς
1689 278 1772 307 quare

979 317 990 347 ῑ
1001 311 1092 341 Urbes
1101 331 1109 342 ‚
1128 312 1157 338 δε
1178 309 1256 343 ioca,
1276 308 1412 348 inquibus
1423 307 1552 346 primates
1570 308 1713 347 praefidere
1722 309 1771 338 de-

977 354 1042 381 bent
1055 373 1064 385 ,
1083 360 1142 380 non
1164 359 1179 378 a
1195 346 1356 382 modernis,
1377 347 1425 377 sed
1435 349 1529 378 multis
1546 357 1609 378 ante
1617 349 1773 378 adventum

976 391 1084 423 Christi
1105 391 1210 420 statutae
1231 389 1295 419 sunt
1303 389 1472 427 temporibus
1482 411 1490 423 ‚
1510 400 1625 429 quorum
1635 389 1770 420 primates

976 433 1104 463 Gentiles
1114 431 1195 459 etiam
1215 442 1266 470 pro
1275 429 1423 469 majoribus
1442 431 1563 469 negetiis
1579 431 1750 470 appellabant
1761 451 1770 458 .

976 476 988 503 1
993 483 1010 502 ti
1021 473 1082 512 ipfis
1092 480 1160 502 vero
1170 473 1274 502 urbibus
1293 471 1352 511 post
1371 470 1520 500 adventum
1531 471 1639 501 christi
1652 471 1772 510 Aposto-

975 514 994 542 li
1007 535 1014 547 ,
1033 517 1061 544 δι
1080 521 1176 542 eorum
1185 512 1349 542 Successores
1370 534 1378 546 ‚
1395 511 1562 541 Patriarchas
1572 534 1580 546 ‚
1596 514 1771 541 &Friniates

974 553 1125 594 posuerunt
1133 575 1142 587 ,
1161 553 1195 582 ad
1205 564 1272 592 quos
1285 553 1482 592 Episcoporum
1493 552 1605 593 negotia
1623 558 1634 587 (
1646 552 1720 581 fiilva.
1728 563 1770 582 ta-

975 606 1038 623 men
1057 596 1087 623 in
1097 595 1222 623 omnibus
1230 595 1391 633 Apostolica
1401 593 1594 626 Austoritate)
1614 597 1644 623 δι
1652 596 1771 630 majores

973 635 1055 664 causae
1068 636 1128 674 post
1139 635 1328 673 Apostolicam
1338 635 1434 664 sedem
1445 634 1507 663 sunt
1517 635 1669 664 referendae
1680 656 1688 667 ,
1707 645 1768 664 can.

979 687 1001 704 i.
1013 675 1075 705 dist.
1087 677 1156 707 8i.]
1169 679 1203 704 Et
1213 675 1279 704 ibid.
1291 687 1350 704 can.
1372 676 1405 704 In
1418 674 1475 704 illis
1485 685 1553 706 vero
1564 696 1572 708 ‚
1591 674 1651 704 haec
1665 674 1769 704 haben-

974 726 1036 750 tur,
1054 726 1172 754 nempe:
1185 717 1198 747 ]
1218 716 1320 745 Inillis
1331 727 1398 744 vero
1409 714 1581 745 Civitatibus
1591 738 1600 750 ‚
1622 715 1653 744 in
1672 716 1768 756 quibus

971 757 1040 786 olim
1057 758 1128 796 apud
1138 756 1272 786 Ethnicos
1293 757 1378 794 primi
1390 757 1526 786 Flamines
1543 766 1638 785 eorum
1658 779 1666 790 ,
1684 766 1767 795 atque

973 798 1056 836 primi
1067 799 1135 837 legis
1143 798 1280 827 Doftores
1289 807 1368 826 erant
1378 819 1387 830 ,
1407 796 1606 837 Episcoporuni
1616 797 1747 826 Primates
1755 818 1767 831 ,

972 839 1018 868 vel
1029 837 1196 868 Paniai-(lias
1206 841 1237 867 B.
1247 839 1344 868 Petrus
1352 839 1420 877 poni
1429 839 1562 877 praeccpit
1570 860 1578 871 ‚
1587 838 1635 877 qui
1646 838 1766 877 reliquo.

971 889 1031 909 rum
1041 878 1128 908 causas
1137 879 1336 918 Episcoporuni
1346 901 1353 912 ,
1376 882 1404 908 ἃ
1424 881 1528 915 majora
1547 878 1661 918 negotia
1671 878 1702 907 in
1711 878 1768 908 fide

969 920 1126 959 agitarent.
1145 922 1181 949 In
1191 920 1248 948 illis
1256 929 1346 948 autem
1356 941 1364 953 ,
1386 919 1413 948 in
1425 921 1519 959 quibus
1536 920 1605 958 apud
1617 919 1767 958 przdiRos

971 960 1105 990 Ethnicos
1125 970 1201 989 crant
1218 970 1314 989 eorum
1330 960 1545 990 Arcltiflainines
1556 981 1565 993 ,
1587 970 1654 999 quos
1673 970 1767 989 tamen

971 1002 1092 1030 minores
1108 1001 1158 1030 efl'e
1176 1001 1306 1030 tenebant
1317 1023 1325 1034 ‚
1346 1011 1426 1039 quain
1438 1010 1602 1030 memoratos
1612 1001 1745 1030 Primates
1755 1022 1766 1034 ,

970 1041 1200 1080 Arthiepiscopos
1211 1041 1317 1070 institui
1328 1043 1467 1080 praecepit.
1479 1044 1514 1071 In
1522 1041 1635 1081 singulis
1646 1052 1712 1070 vero
1722 1052 1768 1070 rc·

971 1082 1053 1121 liquis
1065 1083 1234 1112 Civitatibus
1246 1104 1254 1115 ‚
1274 1082 1412 1121 singulos,
1433 1086 1460 1111 δ(
1478 1093 1535 1111 non
1550 1084 1640 1120 plures
1650 1081 1766 1121 Episco-

972 1133 1021 1161 pos
1030 1123 1161 1152 constitui
1171 1123 1302 1161 praecepit
1311 1144 1319 1156 ,
1330 1122 1375 1162 qui
1388 1122 1588 1162 Episcoporum
1599 1131 1704 1151 tantum
1714 1134 1766 1152 vo·

970 1165 1061 1193 cabula
1070 1163 1251 1193 sortirentur:
1271 1164 1401 1202 quoniam
1412 1174 1501 1202 neque
1512 1164 1585 1192 inter
1604 1162 1677 1201 ipsos
1688 1167 1764 1203 Apo-

971 1204 1053 1233 stolos
1065 1214 1113 1243 par
1125 1204 1174 1233 suit
1185 1204 1322 1233 institutio
1351 1203 1398 1233 sed
1407 1214 1474 1232 unus
1484 1204 1594 1242 pra-suit
1602 1204 1737 1233 omnibus.
1747 1207 1763 1237 ]

971 1247 1007 1274 In
1025 1256 1085 1274 can.
1102 1246 1252 1284 quoniam,
1274 1249 1302 1274 ὃ(
1320 1244 1396 1284 seqq.
1408 1245 1469 1273 dist.
1487 1255 1548 1273 ioo.
1567 1248 1661 1274 &cam
1672 1246 1764 1274 nullus

970 1286 1069 1323 primas
1080 1307 1087 1319 ,
1105 1297 1133 1322 9.
1147 1296 1192 1325 qu.
1207 1298 1232 1315 2.
1244 1295 1357 1314 cavetur
1367 1307 1375 1319 ‚
1397 1286 1471 1324 quod
1481 1286 1572 1314 nullus
1581 1286 1682 1324 primas
1691 1308 1699 1319 ,
1717 1285 1763 1315 seu

969 1327 1206 1365 Metropolitanus
1215 1326 1296 1365 poffit
1315 1327 1344 1355 iri
1361 1325 1551 1362 jurisdifflone
1563 1326 1691 1366 Episcopi
1707 1326 1764 1355 suf-

969 1367 1088 1406 fraganei
1099 1366 1125 1394 se
1137 1368 1263 1406 ingerere
1273 1378 1280 1398 ς
1291 1366 1364 1395 secus
1374 1377 1441 1396 vei-0
1452 1367 1469 1395 fi
1482 1365 1662 1407 suffraganeus
1672 1368 1765 1406 negliq

971 1417 1039 1447 gens
1049 1408 1169 1436 fueritin
1181 1411 1236 1444 ejus
1247 1408 1343 1436 officio
1355 1430 1362 1441 ,
1374 1418 1403 1436 ut
1414 1407 1444 1436 in
1456 1418 1514 1446 cap.
1525 1418 1586 1436 cum
1597 1419 1630 1436 ex
1640 1408 1761 1443 officiis,

967 1449 996 1476 in
1007 1458 1113 1478 extrav.
1122 1449 1156 1476 de
1165 1448 1317 1487 praescripn

928 1489 1081 1518 PRIMATIA
1092 1509 1099 1516 .
1112 1490 1168 1518 PR.
1178 1489 1232 1527 ipsa
1242 1489 1371 1518 Primatis
1381 1488 1511 1528 dignitas,
1521 1499 1580 1529 cap.
1591 1500 1618 1523 7.
1628 1489 1663 1519 de
1673 1487 1706 1518 in
1716 1488 1761 1518 in-

969 1539 1039 1568 tegr.
1049 1529 1134 1558 restit.
1144 1533 1171 1558 ὃ(
1181 1530 1218 1558 ibi
1229 1529 1321 1558 Gloss‘a
1331 1550 1337 1557 .

119 1563 281 1593 servantur.-
295 1566 402 1601 [Quod
416 1564 571 1599 habueritis,
584 1567 711 1606 reponite
723 1590 730 1600 ,
740 1572 766 1597 ὅ(
777 1569 865 1598 claves
877 1570 910 1598 de
926 1571 1122 1599 PMMlcERius
1133 1592 1140 1602 ,
1153 1569 1328 1606 παμικιῖειος
1337 1592 1344 1602 ,
1355 1569 1488 1608 Dignitas
1498 1569 1680 1599 Ecclefiastica
1691 1591 1699 1603 ‚
1719 1569 1764 1598 id-

113 1606 219 1633 arcellis
230 1627 238 1638 ‚
251 1607 294 1634 vel
306 1605 472 1643 press'oriolis
482 1606 577 1635 vestris
590 1609 747 1648 Registoria
760 1618 849 1638 teneat
860 1631 868 1643 ,
879 1611 909 1639 in

115 1647 224 1684 Regula
235 1645 394 1674 S.Caes:ir1ae
408 1647 488 1685 Virg.
501 1658 524 1674 c.
542 1655 583 1677 16.

72 1687 223 1715 Pnzssuni
235 1706 241 1713 .
252 1687 308 1715 PR.
319 1686 444 1716 Censura
454 1688 646 1722 Ecclesiastica,
657 1689 691 1718 fic
702 1689 798 1718 titulus
808 1689 837 1718 in
849 1701 908 1719 can.

114 1736 172 1770 non
184 1725 212 1754 in
222 1736 383 1765 perpetuum
393 1748 402 1761 ,
417 1739 465 1763 24.
475 1728 568 1766 quaest.
580 1740 606 1767 3.
619 1730 664 1758 ubi
675 1730 710 1759 de
718 1731 908 1760 excommuni-

113 1776 222 1795 catione
244 1777 350 1806 agitur.

70 1808 219 1836 I‘Rz‘riosn
231 1811 282 1836 διε.
299 1810 354 1838 PR.
369 1809 521 1842 versiculus
534 1809 580 1847 qui
590 1810 624 1839 ad
634 1810 748 1849 primam
759 1811 855 1841 horam
867 1823 908 1841 ca.-

113 1847 241 1874 nonicam
255 1849 354 1885 politus
365 1849 402 1877 est
417 1869 424 1875 .
445 1855 456 1884 [
470 1850 611 1885 Quatenus
633 1852 709 1880 omni
719 1853 766 1880 die
782 1853 842 1891 post
851 1853 906 1891 pri-

113 1896 184 1914 mam
197 1908 204 1919 ‚
227 1891 253 1916 ὅ(
266 1888 389 1917 Pretiosa
401 1899 546 1918 teneantur
554 1901 650 1920 omnes
658 1895 725 1923 &c.]
738 1896 772 1921 Et
783 1893 905 1922 inferius:

114 1928 256 1960 Quatenus
266 1929 324 1966 post
336 1940 454 1958 mortem
465 1932 542 1959 D.N.
555 1933 632 1971 Papae
645 1933 703 1971 post
714 1932 841 1971 pretiosa,
857 1934 904 1963 sta-

111 1968 162 1995 tim
174 1969 234 1996 loco
244 1970 436 2007 przediciorum
448 1981 598 2000 teneantur
613 1983 723 2002 cantare
734 1974 778 2002 De
787 1974 903 2012 profun-

112 2009 155 2036 dis
166 2013 218 2037 &c.
229 2010 264 2037 In
275 2010 351 2038 Bulla
362 2011 470 2040 Urbani
481 2013 600 2050 V-penes
611 2014 766 2043 Soresmum
775 2015 809 2044 de
819 2016 905 2054 Capi—

112 2049 183 2078 tibus
194 2050 237 2078 SS-
251 2051 345 2084 Petri,
357 2055 383 2079 δ(
396 2052 488 2085 Pauli,
501 2062 565 2092 pag.
579 2058 603 2082 8.
613 2059 639 2084 ὃ(
650 2066 678 2091 9.

73 2091 149 2120 Pitrx
160 2111 168 2123 ,
180 2091 268 2118 oratio
280 2113 286 2123 ‚
300 2092 436 2129 precatio:
451 2099 462 2128 [
474 2094 543 2122 Prex
557 2103 601 2123 tua
615 2095 686 2124 liunc
697 2104 792 2123 teneat
802 2095 902 2134 lapsum

112 2130 145 2157 ad
155 2129 248 2168 pascua
260 2133 325 2160 vitae
338 2144 344 2159 :
359 2133 371 2162 ]
396 2133 431 2161 In
443 2133 559 2162 verfibiis
572 2136 605 2164 ad
615 2135 750 2164 honorem
760 2136 784 2165 S.
794 2137 903 2176 Eulogii

111 2171 266 2206 Presbyteri
279 2193 285 2203 ,
297 2176 322 2200 δ(
335 2173 417 2201 Mart.
433 2184 440 2201 i
452 2183 475 2201 i.
486 2176 571 2203 Mai-t.

77 2212 176 2241 Pitiiu
189 2233 198 2243 ,
220 2222 253 2239 ex
276 2212 414 2241 canonicis
435 2213 510 2242 horis
519 2235 526 2242 .
549 2214 622 2244 Vide
644 2221 718 2245 Hora
736 2220 878 2248 Canonica
892 2241 900 2252 ,

112 2252 237 2289 Pretiosa
250 2272 257 2279 .

68 2292 180 2322 Pinnas
191 2313 198 2325 ‚
210 2292 394 2322 Eccleliastica
404 2294 528 2334 dignitas
538 2294 617 2335 super
625 2306 721 2326 omnes
731 2296 879 2337 Episcopos
892 2322 899 2333 ‚

109 2331 364 2373 Archiepiscopos,
373 2339 399 2364 ἃ
412 2338 606 2375 Metropolitas
615 2338 709 2377 Regni
721 2349 730 2368 ς
743 2342 771 2367 3<
782 2339 901 2378 aliquan-

103 2371 146 2402 do
155 2373 312 2404 Patriarchii
322 2375 414 2405 intelli
417 2376 510 2417 gitur.-
523 2383 536 2415 [
547 2376 744 2419 Episcoporum
753 2379 823 2410 ordo
833 2390 900 2412 unus

967 1610 1004 1639 cst
1016 1633 1023 1644 ‚
1043 1611 1167 1640 oninium
1180 1611 1316 1639 minorum
1326 1611 1501 1640 clericorum
1521 1611 1666 1648 Superior5
1687 1613 1763 1646 cujus

968 1651 1092 1679 officium
1102 1652 1139 1680 D.
1151 1653 1237 1689 Greg.
1247 1651 1332 1689 Epist.
1345 1651 1377 1678 ad
1389 1651 1549 1680 Laudesred.
1559 1650 1649 1690 Epist.
1666 1651 1702 1680 fic
1710 1651 1760 1679 de-

965 1690 1075 1719 scribit:
1090 1698 1102 1727 [
1117 1692 1158 1720 Ad
1168 1691 1358 1719 Primicerium
1370 1692 1512 1731 pertinent
1524 1690 1673 1726 Acolythi.
1684 1695 1711 1720 ὃ(
1721 1694 1760 1721 Ε-

966 1732 1092 1760 xorcistae
1104 1754 1112 1765 ,
1122 1731 1266 1761 Psalmistae
1278 1754 1286 1765 ‚
1296 1742 1375 1770 atque
1384 1733 1521 1765 Leftores,
1533 1732 1639 1771 signum
1650 1742 1761 1771 quoque

963 1772 1085 1800 dandum
1099 1783 1148 1811 pro
1158 1773 1254 1801 officio
1264 1773 1450 1807 Clericoriim,
1462 1783 1512 1811 pro
1521 1773 1587 1800 vitae
1600 1772 1757 1806 honestate,

963 1816 991 1841 ἀ
1002 1814 1126 1841 officium
1137 1813 1290 1842 meditandi
1301 1835 1309 1846 ,
1320 1818 1347 1843 δι’
1357 1814 1509 1852 peragendi
1518 1812 1679 1843 sollicitudo
1688 1835 1696 1846 ,
1715 1815 1757 1842 le-

963 1854 1068 1891 stiones
1080 1876 1088 1887 ,
1099 1858 1127 1882 ὃ(
1139 1854 1344 1882 benediffiones
1356 1876 1364 1886 ,
1381 1857 1408 1883 ἀ
1419 1853 1565 1893 psalmum,
1579 1854 1672 1883 laudes
1685 1876 1693 1888 ,
1713 1853 1758 1883 of-

963 1893 1117 1927 fertorium,
1128 1898 1153 1922 δε
1166 1893 1338 1933 responsoria
1347 1895 1406 1933 quis
1417 1895 1592 1924 Clericorum
1604 1894 1695 1924 dicere
1705 1895 1754 1926 de-

961 1935 1036 1963 beat:
1047 1935 1117 1963 ordo
1127 1945 1236 1973 quoque
1245 1955 1253 1967 ‚
1274 1937 1302 1963 &
1311 1935 1408 1964 modus
1418 1934 1553 1973 psallendi
1565 1935 1596 1963 in
1606 1934 1694 1965 choro
1701 1946 1754 1975 pro

962 1974 1140 2004 solemnitate
1151 1997 1160 2008 ‚
1181 1979 1208 2003 ὃ(
1220 1985 1363 2013 tempore,
1379 1975 1521 2004 ordinatio
1537 1985 1588 2013 pro
1597 1976 1752 2006 luminariis

963 2016 1142 2054 deportandis
1152 2027 1158 2045 ;
1180 2015 1199 2043 fi
1211 2016 1277 2054 quid
1287 2016 1370 2044 etiam
1387 2026 1438 2054 pro
1448 2017 1619 2054 reparatione
1628 2017 1755 2047 Bafilica-

959 2066 1018 2084 rum
1031 2078 1039 2089 ‚
1050 2067 1109 2094 quae
1120 2056 1150 2084 in
1161 2056 1239 2084 Urbe
1249 2055 1305 2095 ipsa
1313 2056 1460 2085 denuntiat
1471 2057 1611 2086 Sacerdoti
1621 2069 1630 2090 ς
1651 2058 1755 2097 episto-

958 2097 995 2124 las
1005 2096 1146 2136 Episcopis
1157 2107 1207 2135 pro
1217 2097 1309 2126 diebus
1329 2098 1497 2133 jejuniorum
1506 2097 1683 2128 Parochianis
1703 2109 1753 2138 pet

955 2137 1094 2167 Ostiarios
1104 2138 1153 2166 iste
1163 2137 1263 2176 dirigit
1275 2149 1281 2165 :
1294 2139 1421 2167 Clericos
1432 2159 1442 2171 ,
1458 2147 1526 2178 quos
1535 2139 1696 2178 delinquere
1705 2151 1754 2169 co-

955 2178 1078 2216 gnoscit,
1091 2177 1148 2216 ipse
1156 2178 1310 2217 distringits
1323 2189 1390 2217 quos
1404 2187 1472 2208 vero
1481 2179 1626 2208 emendare
1636 2191 1692 2210 non
1707 2191 1754 2208 va-

956 2219 997 2246 let
1008 2239 1016 2251 ,
1026 2229 1121 2247 eorum
1132 2217 1249 2247 excessiis
1268 2220 1300 2247 nd
1312 2219 1486 2259 agnitionem
1495 2219 1625 2259 Episcopi
1644 2221 1733 2249 defert
1744 2231 1752 2248 :

958 2259 1126 2288 Bafilicarios
1137 2258 1194 2298 ipse
1203 2258 1327 2298 disponit
1336 2261 1367 2291 .]
1380 2263 1420 2290 Ex
1431 2261 1527 2299 quibus
1538 2262 1684 2300 colligitur
1690 2261 1752 2289 exi—

957 2300 1040 2328 miam
1052 2299 1126 2328 siiisse
1135 2300 1292 2329 Primicerii
1302 2301 1532 2335 macritatem&
1544 2302 1683 2330 dicebatur
1691 2301 1753 2330 Pri·

956 2340 1083 2369 miccrius
1094 2339 1200 2369 fortass'e
1212 2361 1220 2373 ‚
1238 2341 1340 2379 quiain
1349 2342 1433 2371 cereis
1442 2342 1542 2371 tabulis
1559 2342 1662 2381 primus
1679 2341 1753 2371 anti·

953 2381 1046 2420 quitus
1055 2380 1219 2411 scribebatur
1227 2402 1236 2415 ,
1247 2385 1274 2413 &
1286 2392 1387 2412 nomen
1400 2383 1476 2412 istius
1485 2382 1630 2423 dignitatis
1641 2384 1670 2412 in
1679 2383 1755 2422 capi-

1354 2424 1424 2453 Mm
1467 2435 1483 2453 2
1690 2433 1720 2454 te
