1866 2526
132 58 213 98 554
477 47 509 89 P
541 48 584 90 R

115 103 149 132 de
158 103 204 132 off.
214 106 227 137 3
239 107 302 132 Erat
312 102 395 133 etiam
405 104 619 135 Ecclesiasticum
630 105 769 136 officium
781 128 789 139 ‚
801 106 843 135 cui
855 104 913 145 spe-

116 144 203 173 &abac
212 143 297 173 causas
305 145 464 174 criminales
471 145 646 175 clericorum
658 146 831 185 cognoscere:
846 147 913 175 item

117 186 242 215 Ecclesiae
254 185 384 215 defensor
395 196 462 220 erat,
472 197 500 215 ac
509 184 582 214 suam
593 186 812 222 jurisdictionem
824 188 853 215 in
865 190 913 216 Ec-

116 226 256 256 clefiarum
272 226 389 265 ingress'u
398 227 538 256 exercebat
550 248 558 259 ‚
581 228 628 265 qui
639 227 702 256 ideo
715 227 914 265 πρωτεκὲὶκεῖἱον

115 267 318 306 nuncupabatur
328 280 339 301 ς
362 268 437 306 quod
447 266 570 296 officium
581 268 673 306 primo
683 268 776 296 ordini
785 268 913 296 Clerico-

117 318 177 337 rum
187 307 564 346 Constantinopolitanorum
583 319 596 336 a
608 307 763 337 Parnm-cha
774 307 914 347 Gregorio

117 348 268 387 Xiphilino
278 348 401 377 additum
410 349 461 378 fuit
472 370 479 381 ‚
490 349 554 387 quia
566 371 573 382 ,
585 358 615 377 ut
626 349 663 377 ait
672 348 817 378 Balsamon
827 369 837 385 ,
857 359 913 378 non

117 390 236 418 libenter
255 388 406 418 defensoris
423 400 520 418 munus
533 389 730 417 renunciabant
742 410 750 420 ‚
769 398 800 417 ut
820 389 913 418 adalia

116 429 207 459 officia
215 429 393 459 ascenderent
406 439 517 469 propter
526 432 581 465 ejus
591 430 704 460 lucrium
717 430 833 468 ideoque
844 439 911 468 prae-

115 471 203 500 dictus
222 470 378 499 patriarcha
396 473 470 499 inter
490 470 593 507 priores
616 470 740 498 Ecclefiae
764 470 914 509 dignitates

115 511 170 540 hoc
179 511 303 540 officium
314 511 520 540 annumeravit.
533 510 605 540 Vide
616 511 758 549 Defensor,
769 515 797 540 ὅ(
809 511 912 550 Defen-

112 553 190 590 Jbria
199 572 207 581 .

76 595 216 624 Pitorno
226 613 233 625 ‚
245 592 327 630 longe
335 593 424 628 jacim
440 591 509 631 apud
519 591 669 629 Scriptores
679 602 771 620 tamen
785 592 913 622 Ecclesia-

118 633 198 662 sticos
209 633 367 662 translative
380 634 490 671 ponitur
501 643 557 660 non
568 643 629 660 raro
639 642 688 670 pro
706 632 795 671 spatio
805 644 899 671 tempo
907 651 913 654 -

118 673 153 702 ris
165 674 194 701 in
204 674 318 711 longum
329 674 462 712 produt'to
472 674 504 701 :id
516 673 653 711 agendum
664 674 769 712 aliquid
779 695 786 701 .
801 675 912 709 [Noete

117 714 229 752 quadam
241 714 298 751 plus
308 714 393 742 solito
404 715 558 743 orationem
568 715 705 752 protelans
716 736 724 746 ,
734 714 818 752 usque
830 716 863 743 ad
876 716 915 742 lu-

117 756 155 782 cis
166 753 352 792 crepusculum
364 755 392 783 in
401 755 637 792 contemplatione
648 756 793 793 permanlit
805 775 812 782 .
825 755 915 783 Hinc-

119 805 185 823 mar.
199 795 227 822 in
237 796 347 834 Remig.
358 798 369 827 ]
382 797 423 824 Sic
434 797 517 823 etiam
526 794 670 826 Ctesarius,
683 796 728 824 lib.
745 806 767 822 ι.
779 805 836 833 cap.
851 798 912 828 27-]

119 835 213 864 Vitam
224 837 352 874 protelari
365 837 466 864 virtute
476 837 619 865 medicinae
632 839 643 868 ]
656 837 729 864 dixit
740 856 746 862 .
760 835 915 874 Ustirpzitur

117 876 155 904 eti
165 886 198 903 :m
211 887 238 904 in
250 877 345 905 eodem
355 875 432 905 sensu
443 888 497 916 quo
510 877 542 905 ad
553 877 667 904 moralia
679 889 684 904 .·
707 882 718 912 [
731 877 774 905 Ut
785 877 915 914 quoniam

119 917 266 946 deficiente
277 918 410 945 charitate
420 939 428 950 ,
443 928 476 946 eo
487 917 568 956 usque
580 918 732 955 protelatur
743 917 844 946 militia
855 939 863 950 ,
885 926 915 945 ut

119 968 193 986 nova
204 968 382 986 exerceantur
395 958 513 987 facinora
526 979 532 986 .
546 958 659 987 Concil.
671 959 763 986 Tolet.
775 959 809 984 V.
819 969 877 986 can.
893 969 916 985 ι.

119 1000 190 1034 [PR.
202 999 235 1027 lic
247 1000 327 1027 etiam
340 998 490 1037 Stephanus
500 1001 570 1037 Papa
582 999 733 1027 Cumlberto
745 997 856 1026 Dosinae
867 1000 916 1027 Pa-

115 1039 243 1068 triai-che
255 1038 373 1068 scribens
385 1061 391 1072 ,
409 1040 456 1079 qui
476 1039 612 1078 praetenso
631 1040 693 1068 zelo
710 1039 858 1068 Comenfis
868 1043 916 1067 Ec-

971 110 998 137 &
1010 107 1043 136 ad
1058 107 1134 138 suum
1143 107 1233 138 locum
1242 109 1384 140 recedebat
1394 130 1401 139 .
1421 115 1559 151 Tempore
1577 110 1679 143 deinde
1690 124 1767 145 com-

971 148 1111 177 munionis
1121 171 1127 181 ,
1147 159 1228 187 quam
1237 149 1356 179 sumebat
1367 151 1398 180 in
1408 153 1456 182 hac
1465 154 1515 182 <tie
1523 153 1596 182 intra
1618 155 1765 187 Cancellos

971 198 1032 233 cum
1042 189 1101 217 aliis
1111 187 1194 218 saci-is
1207 190 1342 220 Ministris
1350 213 1360 224 ,
1378 194 1497 232 propriis
1507 195 1628 223 manibus
1637 195 1767 225 Euchari-

972 229 1051 258 stiam
1062 251 1070 262 ,
1084 234 1111 259 δε
1124 229 1292 268 Sanguinem
1301 242 1336 260 ez
1345 233 1440 264 calice
1448 245 1461 264 a
1470 235 1625 264 Patriarcha
1637 238 1766 273 porrecto

970 269 1132 308 suscipiebat
1142 293 1150 304 ,
1173 274 1201 300 &
1211 280 1276 299 ante
1293 272 1531 304 Communionein
1544 275 1715 305 thurificabat
1734 278 1768 308 in

971 310 1087 339 formam
1097 311 1195 340 Crucis
1204 311 1288 340 altare
1298 333 1307 345 ‚
1316 322 1345 341 ac
1355 313 1648 346 deindevPatriarcham
1657 339 1663 349 ,
1676 319 1723 357 qui
1736 322 1766 348 ab

970 353 1150 390 Imperatoris
1160 352 1281 381 manibus
1292 351 1458 383 thuribulum
1467 357 1601 395 recipiens
1613 379 1621 390 ‚
1633 358 1706 387 idem
1718 361 1767 389 ob-

970 391 1094 431 seqqum
1103 392 1128 421 ei
1138 393 1269 422 reddebat
1277 415 1285 426 ‚
1297 393 1377 422 illum
1388 394 1553 426 incensando
1563 419 1570 425 .
1584 399 1708 428 Tandem
1717 401 1765 429 de-

972 443 1078 471 ponens
1090 445 1122 462 ex
1134 434 1223 471 capite
1234 444 1362 463 coronam
1371 456 1380 468 ‚
1391 435 1573 476 Diaconoque
1581 441 1744 479 consignans
1756 465 1765 475 ,

971 473 1076 503 Altaris
1086 476 1260 503 Sacramento
1271 473 1298 502 se
1311 475 1495 505 refocillabat:
1507 478 1543 505 ita
1551 479 1680 519 Curopzil.
1690 492 1712 509 c.
1722 493 1766 515 17.

971 514 1072 543 Similis
1082 516 1206 554 quasdam
1218 514 1351 553 processio
1361 515 1447 545 adhuc
1458 517 1487 545 in
1497 519 1611 548 Ecclesia
1620 524 1768 551 Turonen-

970 554 991 584 fi
1001 554 1078 594 viget
1089 567 1096 587 ς
1116 566 1240 594 tempore
1250 555 1325 585 enim
1333 556 1469 586 offertorii
1479 558 1622 588 ordinatur
1634 562 1767 598 processio

971 605 1005 623 ex
1016 596 1140 625 Sacristia
1151 619 1158 630 ,
1171 608 1198 626 ac
1207 598 1308 635 primus
1319 598 1445 626 omnium
1456 600 1541 637 prima
1552 600 1693 639 Dignitas‚
1704 614 1766 642 qute

970 636 1007 664 est
1017 636 1188 666 Tliesauraiii
1200 659 1207 669 ,
1228 637 1407 675 progreditur
1426 639 1539 677 pluviali
1557 640 1667 670 indutus
1677 663 1686 675 ,
1707 644 1767 681 post

970 686 1051 715 quem
1060 676 1183 715 sequitur
1195 678 1394 711 Cerofemrius‚
1406 679 1505 709 deinde
1515 681 1697 711 Subdiaconus
1707 693 1769 712 cum

970 717 1084 745 urceolis
1096 718 1176 751 vini,
1195 722 1222 746 &
1234 728 1308 756 aquae
1323 719 1386 748 velo
1396 721 1528 749 contestis
1539 743 1547 754 ‚
1565 726 1593 750 ὃς
1606 723 1666 761 post
1683 723 1771 753 alium

969 758 1175 787 ceroferarium
1191 758 1315 797 sequitur
1325 758 1466 788 Diaconus
1483 772 1545 789 cum
1565 772 1660 800 patena
1673 764 1769 793 simili-

971 808 1012 826 ter
1033 799 1097 827 velo
1109 810 1254 837 coopertam
1278 798 1337 837 post
1349 801 1462 828 tertium
1485 802 1692 831 Ceroferarium
1702 805 1770 833 alius

971 838 1112 867 Diaconus
1125 840 1228 868 incedit
1238 849 1300 867 cum
1311 840 1407 869 Calice
1419 862 1426 873 ,
1444 844 1473 869 ὅ(
1482 843 1637 881 Corporale
1649 844 1713 872 velo
1726 845 1770 872 in-

973 878 1070 907 voluto
1080 901 1088 912 ,
1110 878 1188 918 super
1197 879 1273 919 quod
1291 879 1381 909 defert
1394 881 1459 910 duas
1478 883 1607 917 tabellas,
1632 885 1660 912 in
1673 885 1771 922 quibus:

971 919 1085 957 depietae
1098 919 1161 948 sunt
1173 920 1552 961 San&ort1mimagines,quae
1565 934 1614 962 pro
1624 925 1712 954 danda
1724 935 1770 963 pa-

970 970 1000 988 ce
1020 959 1176 990 inserviunt
1187 982 1194 989 .
1216 960 1338 990 Tandem
1347 972 1453 1000 quartus
1476 964 1664 993 Cei-oferarius
1675 966 1772 994 termi-

972 1010 1020 1029 nat
1030 1022 1038 1033 ,
1048 1005 1075 1030 &
1085 1001 1188 1029 claudit
1199 1001 1402 1040 proceffionem
1412 1025 1418 1036 ,
1433 1013 1493 1042 quae
1506 1004 1668 1033 terminatur
1675 1006 1710 1034 ad
1720 1005 1772 1035 Al-

973 1050 1030 1070 tare
1039 1063 1046 1074 ,
1059 1042 1102 1070 ubi
1112 1040 1243 1071 solemnis
1254 1041 1332 1070 Miss'a
1343 1043 1493 1073 celebratur
1503 1065 1510 1071 .

118 1080 204 1108 clelise
227 1081 348 1108 Electum
367 1080 523 1109 consecrare
540 1080 680 1109 distulerat
691 1102 699 1113 ,
722 1080 787 1108 ideo
804 1079 916 1109 scribit:
932 1082 1031 1110 PROTO
1044 1085 1069 1111 A
1081 1083 1221 1112 Seciteris
1233 1105 1241 1117 ‚
1262 1083 1424 1122 principalis
1437 1084 1599 1114 Secretarius
1610 1107 1617 1118 ‚
1642 1085 1698 1114 sive
1711 1087 1772 1115 Ma-

123 1126 135 1155 [
148 1121 173 1149 Si
185 1122 365 1159 protelaveris
376 1143 382 1153 ,
394 1126 421 1151 δ(
432 1132 493 1149 eum
505 1121 665 1149 consecrare
675 1143 682 1154 ‚
697 1124 751 1156 jam
762 1121 847 1149 toties
857 1131 919 1149 nio-

119 1162 192 1189 nitus
202 1184 209 1193 ,
224 1172 279 1189 non
290 1163 476 1195 maturaveris,
489 1161 670 1200 proculdubio
679 1162 712 1190 ad
724 1171 773 1189 nos
785 1161 899 1190 veniens
911 1184 918 1195 ‚

972 1132 1042 1161 gnus
1054 1123 1240 1152 Cancellarius
1251 1145 1258 1151 .
1281 1126 1358 1159 [Leo
1368 1125 1544 1163 Curapalates
1555 1147 1563 1160 ,
1575 1130 1602 1156 δε
1610 1128 1696 1156 Proto
1709 1138 1721 1155 a
1731 1126 1772 1155 se-

974 1163 1056 1191 cretis
1067 1163 1180 1192 Simeon
1189 1165 1297 1203 Luitpr.
1309 1165 1338 1192 in
1350 1166 1434 1204 legat.

117 1200 287 1230 consecratus
298 1203 378 1231 :ibibit
389 1223 396 1230 .
407 1205 478 1232 Can.
491 1214 560 1231 nunc
573 1212 639 1232 vero
651 1223 659 1235 ‚
682 1214 711 1239 9.
722 1212 768 1240 qu.
781 1213 808 1241 3.
822 1203 920 1237 [Vide
936 1205 1215 1233 PitorossasriAitius
1230 1226 1237 1233 .
1250 1205 1323 1235 Vide
1333 1207 1564 1244 Protovestiarius
1574 1226 1582 1234 .

121 1241 222 1270 Matth.
234 1242 317 1271 Paris.
332 1243 361 1270 in
371 1244 435 1272 diei.
446 1243 606 1281 Parvtstum
617 1270 625 1276 ,

936 1246 1243 1274 PROTOCANONARCHA
1254 1267 1261 1273 .
1278 1245 1351 1274 Vide
1362 1248 1544 1275 Canonarcha
1555 1267 1563 1275 .

78 1283 242 1319 Pnoritests
253 1304 260 1315 ‚
287 1283 428 1320 πρὸθὲσις,
441 1285 525 1313 altare
537 1306 544 1317 ,
557 1285 586 1312 in
597 1294 652 1322 quo
664 1282 755 1313 Graeci
766 1283 859 1312 multis
870 1294 919 1312 cae-
937 1287 1217 1314 PROTOCATAPANUS
1230 1306 1238 1313 .
1250 1286 1324 1314 Vide
1333 1290 1505 1324 Catipanus.

120 1324 252 1352 remoniis
261 1333 310 1362 pro
323 1323 398 1352 M1ss11
410 1335 506 1362 panem
519 1347 525 1357 ,
548 1329 576 1354 ὅ(
588 1326 683 1353 vinum
697 1334 852 1362 praeparant
864 1346 871 1357 ‚
892 1328 919 1352 δ(
935 1326 1144 1354 Ριιοτοειεκιυς
1155 1346 1163 1353 .
1174 1326 1249 1354 Vide
1260 1326 1441 1355 Primiceriux
1450 1347 1458 1354 .

118 1374 153 1392 ex
164 1375 197 1393 eo
208 1365 270 1392 loco
281 1364 383 1392 deinde
394 1365 628 1403 procellionsiliter
640 1375 764 1403 tempore
782 1364 919 1392 consecra·
935 1367 1156 1394 Paorocoitum
1168 1387 1176 1398 ‚
1195 1363 1355 1406 vpmw'onov
1367 1391 1373 1401 ,
1393 1366 1530 1405 fignificat
1549 1366 1669 1405 primum
1687 1366 1774 1407 gluti-

120 1405 207 1433 tionis
225 1405 257 1433 ad
268 1404 372 1432 sacrum
381 1406 466 1434 altare
478 1406 604 1434 deserunt
615 1427 623 1438 ,
642 1405 671 1433 in
680 1415 731 1444 qua
750 1404 919 1443 proceffione

122 1446 294 1473 intervenire
312 1443 412 1473 solebat
424 1449 536 1475 Graccus
549 1449 702 1484 Imperator
723 1446 753 1473 in
762 1455 817 1481 ejus
828 1447 916 1474 Coro-

122 1486 242 1514 nationis
251 1485 297 1513 die
309 1507 316 1518 ‚
326 1485 378 1513 hoc
390 1508 396 1518 ,
409 1497 506 1525 nempe
518 1509 524 1519 ,
536 1488 612 1525 pado
623 1498 630 1514 t
641 1496 766 1524 tempore
777 1485 919 1514 deserendi

120 1527 274 1555 oblationes
291 1527 375 1564 aliqui
394 1528 532 1555 Diacones
550 1526 721 1555 discedebant
742 1527 775 1554 :td
796 1527 919 1556 invitan-

974 1415 1040 1434 num
1053 1428 1060 1439 ,
1072 1406 1129 1435 five
1140 1407 1238 1434 collam
1248 1428 1255 1439 ‚
1270 1416 1320 1444 qun
1331 1406 1394 1434 libri
1405 1408 1682 1446 conglutinabantur:
1706 1408 1773 1436 liinc

974 1457 1024 1485 pro
1036 1447 1178 1475 volumine
1187 1445 1301 1475 sumitur
1313 1468 1320 1478 ,
1340 1447 1369 1474 in
1381 1457 1435 1485 quo
1449 1448 1627 1476 instrumenta
1640 1448 1774 1477 Notario-

974 1496 1034 1514 rum
1046 1508 1054 1520 ,
1076 1490 1104 1514 &
1115 1487 1215 1516 similia
1224 1486 1403 1525 registrantur
1414 1508 1422 1519 ‚
1441 1491 1468 1515 δ(
1478 1498 1511 1515 ex
1521 1498 1555 1516 eo
1572 1487 1713 1526 scripturae
1725 1489 1773 1517 de-

974 1526 1128 1556 scribuntur
1140 1549 1147 1560 ‚
1159 1527 1192 1555 ad
1202 1537 1243 1555 esis
1255 1526 1414 1556 interessiuis
1423 1528 1616 1566 consignandas
1625 1548 1634 1556 .

120 1567 187 1595 dum
198 1577 302 1595 novum
319 1569 519 1604 Imperatorem
530 1589 538 1601 ,
561 1568 679 1606 quicum
689 1567 727 1595 eis
739 1567 771 1596 nd
783 1567 920 1596 Prothcsis
936 1571 1156 1598 Pito·i·0civitson
1167 1589 1175 1601 ‚
1185 1566 1337 1596 Cursoruin
1345 1567 1507 1596 Praefefms:
1528 1574 1542 1603 [
1553 1569 1626 1597 Cum
1637 1567 1712 1597 enim
1723 1568 1776 1597 mi-

121 1607 212 1636 locum
223 1607 436 1646 ingrediebatur,
447 1608 491 1637 ubi
502 1619 597 1637 manto
606 1619 669 1637 auro
680 1617 815 1637 contexto
825 1608 921 1636 indue—

120 1649 197 1678 batur
209 1670 217 1682 ‚
228 1649 257 1677 in
267 1650 357 1686 capite
368 1650 473 1687 gestans
484 1660 615 1678 coronam
627 1672 635 1683 ‚
655 1652 682 1678 ὃς
692 1649 814 1678 baculum
825 1648 856 1677 in
866 1659 922 1677 ma-

977 1608 1044 1638 siss'et
1054 1607 1278 1637 Protocursorem
1292 1630 1299 1641 ,
1319 1618 1349 1636 ut
1359 1608 1544 1648 interrogaret
1556 1619 1601 1637 eos
1613 1631 1621 1643 ,
1639 1619 1694 1648 quo
1704 1619 1776 1648 prx-

976 1650 1097 1688 cipiente
1108 1648 1161 1677 hoc
1174 1648 1290 1678 fecerint
1301 1669 1309 1676 .
1321 1648 1475 1695 Landulph.
1485 1650 1514 1678 iii
1523 1648 1613 1678 Phoca
1625 1670 1634 1677 .

120 1700 159 1718 nu
171 1711 179 1722 ,
200 1689 247 1727 qui
258 1689 386 1718 Nartbex
396 1690 534 1719 dicebatur
546 1713 554 1724 ,
578 1691 634 1725 (de
644 1701 698 1729 quo
710 1690 759 1718 suo
776 1690 840 1717 loco
848 1690 920 1718 dixi·
938 1693 1177 1720 Pnorocrmsous
1190 1710 1197 1717 .
1210 1692 1267 1718 FR-
1277 1701 1474 1727 πρωτοκιωηγος
1487 1715 1493 1725 ,
1514 1689 1672 1718 venationis
1681 1690 1775 1719 antesi.

119 1740 179 1759 mus
188 1731 219 1759 in
231 1730 335 1759 sinistra
344 1752 351 1763 ‚
362 1741 389 1759 :ic
399 1741 508 1760 centum
520 1731 631 1760 armatis
643 1731 775 1759 militibus
785 1729 921 1759 ass'ociatus

120 1771 284 1810 procedebar
297 1782 306 1802 ς
325 1771 427 1801 deinde
437 1773 556 1801 Diaconi
568 1772 748 1811 sequebantur
757 1792 765 1803 ,
777 1775 804 1800 ἃ
817 1771 920 1809 postre-

120 1822 170 1840 mo
188 1811 344 1841 Sacerdotes
363 1813 516 1842 oblationes
536 1813 652 1842 ferentes
663 1824 670 1843 ;
694 1811 878 1850 accedensque
888 1813 920 1841 ad

120 1855 255 1889 majorem
268 1862 375 1891 portam
385 1854 414 1881 in
425 1855 519 1882 Sancta
530 1855 699 1886 Sanc'toium,
710 1853 754 1881 rebi
767 1854 921 1890 expectaba-

122 1903 167 1922 tur
176 1905 190 1922 a
201 1894 359 1923 Patriarclia
371 1916 378 1927 ‚
393 1904 457 1923 tunc
469 1895 662 1923 immorabatur
672 1904 706 1922 ex
716 1904 792 1932 parte
802 1895 921 1922 exterio-

978 1741 1081 1770 gnanus
1091 1752 1099 1764 ,
1118 1730 1216 1759 Italice
1226 1734 1395 1768 Capocaccia
1406 1730 1509 1758 dicitur
1517 1750 1526 1758 .
1543 1733 1607 1759 Erat
1619 1739 1711 1758 tamen
1723 1731 1779 1758 Di-

978 1771 1069 1810 gnitas
1080 1771 1109 1799 in
1130 1771 1272 1809 Imperiali
1283 1771 1354 1800 Aula
1373 1770 1684 1809 Constantinopolitano„
1696 1791 1703 1802 ,
1726 1770 1775 1808 qui

979 1812 1115 1850 stnpedein
1125 1811 1276 1840 sustinebat
1283 1812 1289 1839 i
1296 1822 1315 1840 n
1322 1810 1500 1849 Imperatoris
1511 1811 1692 1849 equitatione,
1704 1814 1732 1839 δε
1741 1810 1775 1839 ad

979 1863 1041 1881 eum
1059 1853 1144 1881 vestes
1155 1853 1197 1880 Im
1203 1852 1315 1890 periales
1339 1851 1511 1889 pertinebant
1520 1873 1528 1884 ‚
1546 1851 1565 1880 {i
1586 1851 1616 1879 in
1627 1851 1776 1880 venatione

977 1892 1110 1931 sanguine
1121 1893 1321 1921 maculabantur
1331 1912 1339 1919 .
1349 1892 1475 1921 Codinus
1486 1912 1494 1919 .

119 1934 146 1963 ti
156 1935 310 1972 Imperator
320 1955 328 1967 ,
341 1938 368 1963 ὃ(
380 1935 473 1973 capitis
486 1935 669 1964 inclinatione
680 1935 845 1963 adinvicem
854 1932 922 1963 salu-
937 1937 1190 1963 Paoromaeows
1205 1955 1212 1966 ,
1223 1930 1424 1972 πρωτοᾶὶεὶκονος
1434 1957 1440 1969 ,
1454 1930 1674 1961 Archidiaconus
1685 1953 1692 1964 ,
1716 1931 1751 1961 sic
1761 1941 1777 1959 a

123 1975 266 2004 tabantur:
286 1975 397 2004 interim
417 1976 546 2005 transibat
565 1977 703 2005 Diaconus
718 1997 726 2009 ,
745 1976 921 2004 Patriarchale

123 2015 239 2054 pallium
251 2015 338 2045 ferens
358 2016 389 2045 in
399 2017 527 2050 dextera,
550 2017 636 2056 quiin
646 2016 794 2054 conspeetu
805 2017 920 2054 Impera-

978 1975 1017 2003 D.
1028 1976 1072 2012 Jo:
1084 1972 1264 2006 Damascene,
1276 1974 1322 2002 lib.
1333 1984 1360 2008 4.
1370 1983 1393 2000 c.
1405 1979 1431 2001 6.
1445 1972 1594 2011 appellatus
1603 1972 1656 2001 fuit
1666 1972 1777 2001 sanstus

978 2015 1128 2053 Stephanus
1140 2017 1341 2061 Protomartyr.
1352 2013 1425 2042 Vide
1433 2014 1656 2042 Archidt'aconus
1667 2033 1675 2040 .

122 2056 192 2084 toris
201 2057 294 2085 sistens
305 2078 314 2090 ‚
332 2057 402 2086 elata
416 2068 486 2087 voce
496 2058 555 2086 haec
565 2059 645 2086 verba
655 2057 797 2086 intonabat
809 2069 817 2086 .·
840 2061 853 2091 [
865 2060 921 2087 Re-
938 2059 1167 2087 PROTOMARTYR
1180 2076 1188 2088 ‚
1199 2065 1392 2093 πρωτομαρτυρ
1404 2076 1411 2087 ,
1424 2053 1526 2092 primus
1537 2064 1643 2089 martyr
1652 2074 1659 2086 ,
1674 2063 1729 2090 quo
1738 2050 1779 2079 ti-

122 2097 252 2126 eordetur
262 2097 401 2127 Dominus
419 2100 494 2128 Deus
506 2100 639 2138 potentiae
651 2097 731 2137 regni
742 2097 782 2126 tui
797 2097 826 2125 in
835 2108 925 2136 regno

121 2135 172 2165 suo
181 2138 280 2176 ubique
290 2149 363 2167 nunc
374 2143 400 2168 &
412 2139 519 2178 semper
527 2161 536 2173 ,
555 2144 583 2169 ὃς
594 2140 624 2168 in
633 2139 730 2167 saecula
740 2137 901 2167 saeculorum
915 2160 921 2166 .

123 2180 219 2207 Amen
228 2200 235 2206 .
246 2181 259 2210 ]
271 2180 354 2216 Quod
365 2181 395 2209 ab
406 2181 465 2209 aliis
476 2180 609 2210 Diaconis
618 2184 646 2209 ὃς
657 2179 844 2208 Sacerdotibus
856 2201 863 2211 ,
874 2179 920 2217 qui

122 2217 314 2257 sequebantur,
327 2219 486 2250 iterabatur:
498 2225 527 2250 δε
535 2231 596 2250 cum
607 2221 819 2259 ingrederentur
829 2221 921 2248 Sancta

123 2259 286 2290 Sanstoriim
295 2261 410 2290 limilem
421 2263 609 2300 precationem
619 2262 701 2290 etiam
709 2259 870 2289 Patriarchae
881 2271 922 2288 ca<
938 2298 939 2301 Ἴ

124 2300 229 2329 nebant
239 2301 342 2340 singuli
349 2312 462 2334 eorum5
483 2310 495 2338 [
507 2303 682 2333 Recordetur
691 2301 829 2331 Dominus
847 2302 922 2330 Deus

122 2342 305 2371 Pontificatus
323 2343 365 2371 tui
376 2343 473 2382 ubique
481 2345 555 2375 δια]
578 2343 630 2373 His
639 2342 754 2382 peractis
770 2343 922 2379 Imperator

122 2380 253 2423 salutabat
263 2383 452 2424 Rammium
458 2405 469 2427 ἰ
478 2395 507 2425 ac
517 2384 741 2427 paludamenta&
749 2383 900 2424 deponebat
911 2403 922 2419 ,
927 2384 1176 2463 gPitoroistriotevs
1186 2399 1194 2411 ·
1205 2379 1282 2420 Vide
1291 2379 1444 2418 Archi-areg
1452 2396 1467 2407 .«

979 2097 1039 2124 tulo
1048 2095 1180 2134 appellari
1194 2095 1264 2124 solet
1275 2095 1306 2122 ab
1316 2094 1431 2123 Ecclesia
1441 2096 1477 2122 D.
1487 2093 1641 2132 Stephanus
1651 2104 1660 2123 ,-
1672 2092 1781 2131 primus«

979 2137 1055 2166 enim
1068 2135 1212 2175 fuerat‚qui
1223 2136 1297 2164 inter
1306 2134 1482 2163 Christianos
1489 2135 1577 2174 gloria
1588 2133 1717 2169 Martyrii
1729 2143 1777 2161 co-

977 2177 1070 2207 ronari
1082 2177 1214 2206 meruerit
1224 2187 1231 2204 t
1251 2176 1285 2205 sic
1296 2175 1379 2204 etiam
1389 2185 1507 2204 vocatur
1512 2175 1596 2211 justus
1606 2175 1675 2203 Abei
1685 2172 1776 2211 respe-

977 2219 1021 2247 stu
1033 2218 1134 2246 veteris
1146 2226 1298 2252 martyrum
1313 2215 1468 2245 testamenti
1481 2237 1489 2249 ,
1512 2219 1540 2244 &
1550 2216 1627 2244 inter
1638 2213 1774 2244 christia·

979 2269 1025 2287 nris
1036 2257 1163 2287 foeminas
1183 2258 1277 2286 Sancta
1287 2256 1361 2286 Thec
1367 2257 1391 2285 la
1403 2257 1432 2285 in
1453 2256 1620 2295 Menologio
1628 2263 1719 2294 graeco
1729 2251 1778 2295 his

978 2299 1067 2328 verbis
1078 2300 1245 2328 celebratur:
1268 2304 1281 2334 [
1292 2299 1397 2327 Sanctae
1408 2296 1641 2332 protomartyris,
1662 2296 1692 2323 δε
1701 2301 1775 2332 pam

977 2340 1121 2378 Apostolis
1132 2338 1242 2369 Theclae
1254 2358 1262 2366 .

1660 2415 1738 2444 rm·
