1866 2526
133 34 227 76 228
514 32 553 73 C
584 30 623 71 Y

139 93 159 122 sl
168 93 230 121 Deo
239 89 381 132 placuerit,
392 101 422 119 ut
434 90 465 120 in
476 91 543 120 lianc
554 90 649 119 urbem
659 97 723 117 ante
734 87 851 117 natalem
860 86 923 127 Be&

139 134 161 162 ti
171 132 311 171 Cypriani
320 130 435 161 transeas
447 143 455 164 5
478 143 513 161 ne
525 142 559 160 ex
569 131 647 170 siguo
657 151 664 162 ,
683 130 758 168 quod
767 127 859 171 diebus
870 122 926 151 istis

138 173 245 211 semper
263 174 392 201 imminet
403 195 411 206 ,
433 173 509 211 quod
527 172 591 201 absit
601 193 608 205 ‚
631 169 746 209 aliquod
778 165 929 208 periculum

135 214 220 253 poffit
230 215 343 242 evenire
352 233 363 250 ,
387 213 433 242 lib.
447 225 493 243 ιι.
504 223 547 251 ep.
559 223 606 250 39.
617 213 629 241 ]
641 212 709 248 qu
722 208 866 255 teiiipest'as
884 214 930 248 ap-

138 255 257 294 pellatur
277 255 360 283 etiam
372 266 385 283 a
396 256 503 283 Graecis
515 250 676 282 Auctoribus
689 254 837 282 Κυπειοινα
847 268 854 274 -
877 247 930 293 Nl·

139 295 219 334 ceph.
230 296 277 324 lib.
293 302 336 324 16.
348 305 404 333 cap.
420 306 463 333 ¹3·
476 294 628 333 Evagrius,
651 292 699 321 lib.
722 303 749 327 4.
768 301 792 318 c.
816 296 860 317 16-
876 288 933 314 PR·

142 337 274 374 Evagrius
286 346 377 364 tamen
387 336 448 363 loco
458 347 470 363 c
479 336 508 363 it.
519 336 588 363 lianc
601 332 790 362 narrationem
807 341 820 358 a
829 331 932 374 proco-

141 387 190 416 pio
202 376 358 415 excerpfifl'e
371 375 469 404 fatetur
479 398 486 408 ,
508 380 534 404 ὃ(
546 378 695 412 Procopius
712 373 771 401 aD.
782 370 881 399 Baiilio
906 377 937 395 m

143 423 314 446 Examerone
331 415 454 445 didiciss‘e
472 416 639 444 credendum
662 414 699 442 est
710 433 717 440 .
748 414 935 452 Cyprianaam

142 457 213 485 lianc
235 457 307 486 diem
330 467 409 487 vocat
428 460 525 486 Baron.
543 457 573 484 in
594 458 664 484 Not.
675 455 707 482 :id
719 451 871 495 Martyrolr
892 459 935 482 14·

143 498 264 536 Sepr-lit.
277 500 313 528 C.
325 499 377 527 Sed
388 500 554 539 Cyprianam
567 498 690 524 Latinius
698 495 727 522 iri
739 497 791 530 ejus
802 488 937 520 Bibliotli·

144 539 191 566 tit.
202 539 308 567 observ.
319 543 371 567 &c-
394 540 424 566 in
435 538 581 573 Martyrol.
602 539 699 565 Baron.
720 532 852 573 :ppellari
871 541 936 558 con-

145 579 255 608 tendit.
278 580 302 607 S.
314 579 453 616 Cypriani
464 588 617 616 pronomen
629 597 635 604 .
659 576 732 604 Vide
743 575 878 612 Thascius
891 591 897 599 ·

104 619 319 649 CYPitiARCHES
331 641 338 652 ‚
361 630 395 647 ex
404 630 496 658 graeco
506 619 640 647 idiomate
650 613 836 653 Κυπαάρχης
846 612 914 642 idest
927 633 935 643 ›

1274 27 1390 70 DA

982 89 1010 108 ra
1017 91 1028 124 1ε
1052 92 1115 126 nam
1126 85 1206 114 ibide
1219 86 1384 115 aromatibus
1396 83 1545 116 odoriferis
1555 85 1648 127 agitur
1657 109 1664 116 .
1688 88 1781 122 Quare

981 121 1088 153 assertio
1098 127 1227 155 Auctoris
1236 138 1270 155 ex
1281 126 1376 156 Plinio
1388 128 1568 157 confirmatur
1578 150 1586 161 ,
1609 129 1645 157 fic
1652 129 1781 158 attestan—

982 168 1010 189 te
1024 173 1030 190 ἒ
1051 165 1231 205 [Ligustrum
1247 169 1341 197 eadem
1351 169 1428 197 arbor
1440 168 1478 197 est
1488 191 1497 203 ‚
1523 180 1584 208 quae
1604 169 1634 197 in
1655 169 1781 199 Oriente

985 202 1098 246 Cyprus
1109 226 1117 234 .
1129 208 1194 235 Suos
1206 208 1237 236 in
1246 213 1352 247 Europa
1361 209 1421 238 usus
1429 209 1510 239 habet
1522 222 1528 238 :
1551 209 1642 239 succus
1652 213 1706 245 ejus
1716 219 1780 239 ner-

987 251 1028 271 VlS
1042 267 1050 277 )
1073 247 1193 275 articulis
1201 269 1210 281 ,
1233 250 1368 289 algoribus
1379 261 1384 277 2
1406 250 1476 284 folia
1485 252 1582 289 ubique
1592 251 1664 279 uteri
1673 250 1758 279 ulceri
1770 271 1778 282 ‚

988 295 1049 313 cum
1062 285 1125 315 salis
1134 287 1204 316 mica
1213 309 1222 320 ‚
1234 294 1260 318 ὁ(
1271 291 1326 317 oris
1335 291 1545 322 ulcerationibus
1555 290 1680 329 prosunt,
1692 292 1740 320 lib.
1755 302 1781 319 ι.

988 336 1046 364 cap.
1061 338 1103 354 10.
1115 330 1128 359 ]
1140 331 1175 356 Et
1185 329 1283 357 clarius
1294 330 1340 357 lib.
1355 341 1397 358 12.
1410 341 1469 369 cap.
1483 336 1546 367 28.[
1556 334 1669 371 Cyprus
1680 333 1710 360 in
1721 332 1780 363 AE·

988 377 1080 405 gypto
1093 368 1131 396 est
1140 369 1218 397 arbor
1228 368 1334 408 ziziphi
1347 370 1417 398 foliis·
1430 371 1551 404 ‚semine
1563 373 1714 405 coriandri,
1727 375 1778 400 flo-

992 417 1021 436 re
1030 408 1149 436 candido
1158 429 1166 441 ,
1176 409 1293 438 odorato
1305 431 1314 438 ,
1325 411 1463 449 Coquitur
1472 411 1523 441 hoc
1537 415 1566 442 iu
1575 415 1638 443 oleo
1649 435 1656 446 ,
1680 413 1780 451 premi-

991 457 1035 476 tur
1045 449 1135 486 postea
1146 471 1155 482 ,
1177 450 1252 488 quod
1261 460 1360 490 cyprus
1372 462 1482 480 vocatur
1495 473 1503 485 ‚
1526 454 1650 483 Pretium
1661 454 1686 482 ei
1706 453 1736 481 in
1748 453 1780 480 li-

991 489 1047 517 bras
1059 490 1179 528 quinque
1189 510 1196 517 .
1217 492 1367 529 Optimum
1376 490 1488 520 liabetur
1499 503 1532 523 ex
1544 494 1686 533 Canopica
1705 494 1734 522 in
1745 494 1782 521 ri-

992 530 1035 568 pis
1045 529 1108 559 Nili
1117 541 1196 560 nata:
1217 530 1367 561 secundum
1377 532 1520 562 Ascalonae
1533 534 1625 571 Judeae
1636 548 1644 563 .·
1668 535 1780 563 tertium

992 572 1092 608 Cypro
1103 570 1190 601 insula
1199 572 1291 601 odoris
1300 572 1432 602 suavitate
1443 593 1450 601 .
1475 574 1596 610 Quidam
1605 574 1674 603 hanc
1684 575 1782 604 dicunt

993 610 1044 639 ess‘e
1055 612 1177 640 arborem
1186 635 1195 646 ‚
1219 623 1278 651 quae
1289 615 1317 642 in
1328 614 1410 643 Italia
1421 614 1563 653 ligustrum
1579 625 1691 644 vocatur
1702 635 1710 642 .

147 661 241 698 Cypri
251 671 377 698 princeps
389 682 397 693 ‚
420 659 465 688 seu
485 660 611 688 venustus
630 658 765 696 princeps.
778 662 790 690 [
812 658 845 683 Et
855 653 937 683 Nica·
954 653 1102 681 Crmtmus
1113 674 1121 685 ‚
1145 654 1219 682 Vide
1232 654 1358 693 Cypfinus
1369 675 1376 683 .
1742 694 1746 698 .

148 711 200 728 nor
212 700 398 739 Cypriarches
409 710 466 729 non
477 702 577 730 sinebat
589 710 634 728 eos
646 710 675 727 in
685 696 797 727 filentio
807 705 897 735 agere,
912 705 937 722 2.
953 694 1101 722 Crvsmos
1113 714 1120 726 ,
1145 695 1305 723 mendosum
1320 695 1479 724 vocabulum
1490 696 1562 734 apud
1572 695 1666 725 Anast.
1678 695 1782 727 Biblio-

148 741 272 770 Mstchab-
290 753 347 780 cap.
374 753 416 770 iz.
441 745 452 773 ]
476 745 556 771 Prior
575 750 642 769 vero
660 738 795 778 expositio
806 737 845 766 est
854 735 937 773 inagis

148 783 258 820 propria
267 782 344 818 hujus
356 783 409 811 loci
421 794 428 813 3
439 793 499 810 nam
510 783 540 811 in
553 782 675 810 verfionc
687 779 801 808 Arabica
812 781 937 818 Princeps

150 826 231 859 Cypri
243 824 345 862 legitur
354 844 362 851 .
371 825 426 852 PR.
438 823 629 852 Dubitationis
639 831 731 849 tamen
742 819 880 857 scrupulus
891 816 936 844 hic

995 733 1034 761 tli.
1047 734 1078 762 in
1096 735 1191 763 Leone
1203 737 1259 765 111.
1274 741 1285 770 [
1309 737 1444 765 Fenestras
1461 737 1542 774 ipsius
1563 736 1686 765 Ecclesiae
1706 736 1783 763 mirae

995 773 1209 811 pulchritudinis
1220 787 1252 804 ex
1266 777 1377 805 metallo
1387 777 1500 815 cypsino
1519 777 1662 805 decoravit
1672 797 1680 804 .
1699 777 1711 807 ]
1735 778 1785 805 Le-

995 816 1116 852 gendum
1128 819 1244 855 cyprino
1253 837 1260 844 .
1286 819 1342 845 PR.
1353 816 1386 845 de
1398 828 1452 855 quo
1463 818 1535 846 Plin.
1547 817 1593 846 lib.
1607 828 1653 854 34.
1667 826 1724 855 cap.
1737 828 1762 844 2.

149 865 269 891 occurrit
281 885 289 896 ‚
312 874 373 892 cuin
383 864 471 892 versio
491 865 605 893 Arabica
624 862 716 891 multis
738 860 872 889 erroribus
882 855 938 885 sca-
955 856 1093 884 CYRIACA
1106 877 1114 888 ,
1125 856 1159 884 fic
1172 866 1186 884 a
1197 856 1291 885 multis
1302 857 1417 885 Ecclesia
1428 857 1586 896 appellatur,
1595 868 1629 885 ex
1640 857 1705 886 dict.
1714 867 1786 895 grae-

149 912 207 931 teat
216 925 224 936 ‚
234 914 292 942 quse
305 904 335 932 in
346 914 422 942 parte
432 915 517 942 nuper
527 905 647 933 correcta
656 903 716 933 suits
729 904 854 930 Nicanor
865 899 940 927 enim

150 945 269 973 Patrocli
282 945 316 973 de
328 946 490 983 primoribus
500 947 598 974 amicus
609 967 616 979 ‚
643 957 668 973 ι..
679 942 801 972 Mnclub.
810 953 834 970 c.
859 945 883 968 8.
894 948 938 976 ap-

151 985 268 1022 pellatur
279 1007 286 1018 ,
297 996 324 1013 ac
335 985 510 1023 elephantum
519 984 758 1022 Demetrii-Regis
768 981 939 1020 Praepositus,

150 1024 216 1052 ibid.
226 1037 248 1053 c.
266 1037 309 1061 14·
332 1037 414 1065 atque
422 1028 487 1055 Dux
500 1049 507 1060 ‚
538 1028 634 1065 virque
644 1034 740 1064 potens
751 1046 758 1056 ,
785 1035 808 1052 i.
820 1020 940 1050 Machab.

152 1076 174 1092 s·
187 1076 212 1102 3·
224 1070 251 1094 ὅ(
272 1077 327 1094 ‘¹0¹¹
339 1069 431 1105 Cypri
442 1069 566 1106 princeps
583 1068 701 1096 dicitur:
725 1075 793 1103 ergo
812 1065 939 1100 Cypriar-

154 1108 212 1134 cim
224 1108 347 1146 Principi
357 1118 447 1147 gratus
457 1130 465 1141 ‚
488 1113 514 1137 ἃ
526 1109 652 1137 venustus
663 1106 834 1144 intelligitur
845 1125 853 1136 ‚
876 1113 940 1140 qua-

152 1156 181 1174 re
193 1147 314 1176 Machab.
324 1159 347 1176 c.
370 1160 395 1186 3.
407 1151 487 1177 etiam
501 1149 636 1187 Principis
653 1148 751 1176 amicus
771 1146 889 1187 dicitur5
914 1146 940 1171 δε

151 1188 216 1214 licet
229 1188 399 1217 Nicanorem
410 1211 416 1222 ‚
427 1191 514 1228 quiin
528 1202 553 1219 2.
566 1189 688 1218 Machab.
700 1187 819 1215 refertur
830 1207 838 1218 ‚
848 1184 940 1226 diver-

152 1225 210 1255 sum
222 1227 295 1256 fuisse
306 1230 431 1259 videatur
439 1232 468 1259 ab
478 1241 511 1258 eo
521 1252 529 1263 ,
552 1231 599 1268 qui
608 1231 638 1258 in
662 1239 684 1256 i.
698 1226 819 1256 Machab.
839 1233 939 1253 extite-

152 1277 211 1298 rat5
236 1279 296 1297 nain
305 1270 339 1298 de
350 1270 402 1298 hoc
418 1282 440 1298 i.
453 1270 573 1300 Machab.
585 1282 608 1299 c.
622 1282 648 1303 7.
658 1280 671 1297 a
689 1269 758 1307 Juda
776 1265 939 1295 trucidatum

153 1307 229 1337 sfflffe
239 1320 348 1348 apparet
359 1330 366 1342 >
379 1315 405 1340 δ(
417 1312 450 1340 de
460 1312 602 1341 Nicanore
615 1308 787 1347 Cypriarclia
797 1306 901 1335 constat
915 1317 940 1348 ιζ

154 1349 273 1379 machab.
284 1361 307 1378 c.
322 1361 365 1386 ις.
388 1351 460 1381 fuiss'e
481 1351 614 1382 occisum5
638 1360 730 1379 tamen
748 1347 941 1389 collationanti

152 1400 209 1428 ΠΨ·
222 1402 248 1423 7-
261 1392 343 1429 primi
356 1393 435 1425 libri,
458 1402 518 1420 cum
535 1391 698 1427 15.secundi
710 1411 718 1423 ‚
744 1389 822 1418 facile
841 1386 940 1425 patebit

154 1441 185 1458 cx
198 1441 297 1469 genere
309 1433 405 1460 mortis
414 1454 422 1465 ,
445 1433 548 1461 vistore
560 1434 672 1461 Simone
684 1454 690 1464 ,
703 1439 826 1468 tempore
840 1428 922 1470 Adur
933 1447 941 1458 ,

152 1471 241 1505 idest,
265 1473 359 1501 Martii
372 1472 482 1506 mense,
503 1484 531 1501 ac
550 1474 610 1501 aliis
626 1472 810 1501 conformibus
829 1477 944 1496 circum-

153 1511 267 1545 stantns,
278 1523 308 1541 ut
318 1514 408 1542 dicere
417 1523 542 1551 oporteat
554 1514 695 1543 historiam
706 1509 856 1553 Nicanoris
867 1517 943 1551 ,quae

153 1562 182 1579 in
198 1553 381 1587 15.,secund1,
404 1554 478 1583 suifl‘e
498 1556 712 1594 epilogationem
733 1558 897 1593 narrationis
915 1557 944 1577 in

155 1593 244 1631 capite
254 1605 281 1627 7·
294 1595 379 1632 primi
391 1595 453 1623 iibri
464 1605 623 1629 contentae,
646 1595 721 1633 quod
740 1595 769 1622 in
792 1591 851 1633 πως
870 1590 947 1634 rebus

158 1643 239 1662 ‘'⁷⁸¹³OE
248 1645 322 1672 patet
332 1657 340 1668 5
351 1636 432 1663 dlffls
444 1658 451 1668 ,
472 1647 570 1676 nempe
581 1637 611 1665 in
626 1647 648 1664 1.
660 1636 704 1663 lib.
714 1635 782 1663 &in
795 1645 821 1661 z.
832 1632 878 1659 lib·
890 1641 945 1658 rei—

157 1675 269 1709 terans,
291 1686 320 1705 ut
331 1677 437 1715 optime
448 1687 550 1708 norunt
564 1699 572 1711 ,
594 1687 621 1706 :ic
633 1676 751 1705 fatentur
767 1671 946 1711 scripturales

157 1725 251 1745 omnes
261 1732 272 1745 .-

118 1756 236 1785 Crpuus
250 1780 257 1790 ‚
280 1757 335 1788 hoc
348 1770 452 1790 nomen
467 1760 495 1792 in
507 1760 623 1790 Cantica
637 1783 644 1794 ‚
666 1769 723 1798 cap.
746 1770 773 1792 4.
792 1753 947 1794 ligustrum
966 1758 1179 1768 “’“““”-““-

157 1798 291 1832 denotat,
314 1801 434 1838 plantam
444 1801 550 1830 scilicet
565 1823 572 1835 ,
594 1812 653 1840 quae
665 1803 763 1829 florem
781 1795 945 1826 candidum,

157 1842 185 1867 ὃ(
197 1839 368 1870 odoriferum
377 1843 471 1881 gignit
483 1863 491 1874 ,
513 1852 542 1871 ut
555 1841 717 1870 Mattliiolus
728 1841 757 1868 in
768 1850 791 1866 c.
809 1847 871 1868 107·
891 1836 909 1864 l.
922 1846 947 1878 ἦ·

158 1878 401 1920 Dioscor.optime
412 1883 524 1921 probat.
548 1884 639 1918 Quare
659 1882 689 1909 in
706 1883 763 1920 ejus
773 1879 855 1908 Sacrae
877 1877 948 1920 Sci-i-

158 1929 244 1957 prurae
258 1923 440 1952 Vocabulario
450 1926 589 1961 Rupertus
598 1921 750 1960 Stephanus
770 1917 837 1948 salso
855 1917 947 1945 existi-

159 1969 215 1987 mat
226 1960 275 1990 esse
287 1964 480 2002 camphoram:
504 1964 674 1993 Vocabulum
694 1969 814 2001 graecum
830 1956 947 1997 ’‘¹5⁷194'4'²

162 2006 175 2034 [
187 2002 352 2044 cypricum
363 2006 449 2034 nardo
460 2027 467 2038 ‚
491 2006 586 2034 nardus
595 2008 623 2033 δ(
642 2012 734 2032 crocus
744 2024 753 2036 ‚
778 2000 888 2030 Cantic.
903 1999 948 2042 lo<

161 2050 194 2068 (0
204 2051 250 2069 cit.
263 2044 275 2073 ]
287 2046 332 2073 De
344 2047 465 2075 materiis
475 2045 551 2075 enim
559 2044 706 2073 odoriferis
717 2065 725 2076 ,
747 2053 776 2071 ac
797 2047 948 2081 aromaticis

160 2081 284 2119 loquitur
295 2105 302 2111 .
312 2087 368 2115 FR.
380 2098 405 2116 at
414 2085 568 2125 camphora,
578 2085 646 2115 teste
655 2083 818 2114 Schindlero
828 2081 858 2110 in
869 2082 949 2108 Lexi-

162 2132 195 2150 c0
207 2143 214 2154 1
226 2123 263 2152 cst
274 2127 384 2156 materia
395 2126 531 2167 glutinosa
541 2150 549 2161 ,
558 2137 609 2165 qua
618 2125 724 2165 aliquid
732 2123 882 2152 oblinitur:
903 2121 947 2148 Se-

162 2162 280 2201 raphion
289 2175 379 2196 tamen
391 2179 421 2196 in
439 2169 485 2196 lib.
506 2169 540 2196 de
559 2171 683 2196 Aromat.
705 2167 778 2194 inter
797 2170 949 2193 aromatum

161 2203 263 2242 species
272 2217 450 2237 connumerat
463 2230 471 2242 ‚
492 2219 520 2237 ac
529 2208 646 2247 speciem
657 2205 761 2246 gummi
771 2215 803 2233 ex
815 2202 950 2232 arboribus

163 2244 313 2275 scatentem
325 2248 376 2277 effe
386 2250 422 2277 ait
433 2271 442 2282 ‚
464 2259 526 2277 cum
547 2260 601 2287 quo
619 2247 769 2276 concordat
789 2243 933 2273 Avicenna
944 2253 948 2267 :

163 2296 224 2324 quae
236 2288 343 2317 veroin
351 2291 471 2319 officinis
481 2294 594 2328 Europae
606 2288 691 2317 hodie
701 2285 859 2317 habetur‚ad
869 2283 951 2311 instar

164 2326 273 2359 salnitri
281 2330 319 2359 est
331 2353 338 2367 ,
361 2334 388 2359 δι
399 2329 479 2360 habet
488 2331 603 2359 odorem
613 2338 719 2358 acutum
728 2350 741 2362 „
757 2331 783 2356 ὅ(
794 2328 934 2364 ingratum
945 2335 949 2350 :

157 2383 226 2412 ergo
236 2373 347 2414 Cyprus
358 2393 367 2408 ,
394 2372 429 2403 de
445 2371 544 2413 quoin
555 2370 672 2403 Cantica
683 2391 695 2406 ,
715 2378 776 2401 nou
784 2368 822 2406 <³st
833 2366 950 2407 campho

991 1922 1104 1957 '³¹‘21213k'111ssffl1

992 2024 1004 2036 V

996 906 1026 924 ea
1037 893 1159 926 Κυειακῆ
1168 917 1176 929 ,
1198 897 1265 925 idest
1276 919 1284 930 ‚
1307 902 1456 926 Dominica
1466 919 1473 930 ,
1495 908 1554 936 qux
1567 908 1621 926 vox
1643 907 1705 925 cum
1716 897 1786 925 mul-

997 937 1031 965 tis
1044 936 1104 965 aliis
1113 937 1272 966 nominibus
1282 937 1315 966 ad
1326 939 1438 966 Latinos
1451 938 1575 966 transivit
1587 958 1594 965 .
1616 943 1628 972 [
1650 939 1693 967 Sic
1703 937 1787 965 etiam

997 977 1117 1012 Cyriaca
1127 998 1135 1010 ,
1158 977 1227 1005 idest
1239 1000 1247 1010 ‚
1269 979 1419 1007 Dominica
1428 978 1575 1007 aDomino
1594 987 1765 1015 nuncupatur
1776 999 1783 1010 ,

997 1019 1060 1057 quia
1071 1017 1198 1046 Domino
1208 1019 1424 1047 Dominantium
1432 1040 1442 1052 ,
1464 1022 1491 1047 ὃς
1503 1018 1574 1056 Regi
1586 1020 1695 1056 Regum
1705 1018 1735 1045 in
1754 1018 1787 1045 il-

997 1059 1021 1087 la
1030 1056 1151 1087 servitur
1162 1080 1170 1092 ‚
1194 1059 1284 1087 Valas-
1295 1059 1328 1087 de
1338 1059 1454 1088 exordio
1465 1080 1474 1092 ‚
1497 1062 1524 1087 δε
1544 1059 1718 1088 incremento
1737 1061 1788 1086 Ec-

998 1098 1085 1127 ciefiae
1097 1119 1105 1131 ‚
1117 1109 1174 1138 cap.
1185 1110 1212 1132 7.
1223 1101 1235 1131 ]
1248 1100 1364 1128 Dicitur
1373 1100 1456 1129 etiarn
1466 1098 1616 1128 Dominica
1629 1120 1636 1126 .
1648 1099 1721 1127 Vide
1731 1102 1786 1126 Do-

998 1142 1134 1168 minicum
1146 1160 1152 1167 .
1174 1141 1246 1168 Item
1259 1144 1378 1179 Cyriaca
1388 1140 1539 1169 Dominica
1555 1139 1613 1168 dies
1633 1139 1765 1178 fignificat
1778 1159 1787 1167 .

1000 1180 1074 1208 Vide
1084 1200 1090 1207 .
1101 1184 1252 1209 Dominica
1260 1185 1327 1209 Dies
1338 1182 1404 1210 Solis
1416 1203 1422 1210 .
1447 1184 1503 1210 FR.
1514 1180 1617 1208 dicitur
1626 1180 1768 1208 Chiriacht
1780 1200 1788 1211 ‚

999 1224 1026 1249 ὃ(
1039 1220 1171 1259 Kyrzachi
1184 1218 1193 1253 ξ
1215 1226 1243 1250 ὃ(
1253 1222 1402 1260 aliquando
1416 1219 1610 1251 Hieracensem
1621 1221 1652 1249 in
1660 1219 1787 1249 Calabria

999 1259 1155 1288 Civitatem
1165 1260 1298 1298 fignificat
1308 1284 1316 1295 ,
1339 1263 1400 1300 quia
1412 1264 1497 1291 Hiera
1510 1283 1517 1294 ‚
1539 1261 1682 1290 dominam
1701 1260 1790 1290 deno—

999 1309 1047 1328 tat:
1063 1305 1147 1333 [ann.
1157 1306 1227 1336 986.
1237 1303 1507 1340 comprehenderunt
1528 1302 1651 1330 Saraceni
1671 1300 1791 1328 sanciam

1000 1338 1134 1374 Cyri-‘echi
1147 1341 1299 1369 Civitatem
1311 1363 1319 1374 ‚
1338 1346 1365 1370 &
1378 1341 1576 1380 diffipavemnt
1587 1340 1739 1371 Calabriam
1749 1350 1796 1368 to·

1000 1390 1055 1409 tam
1065 1400 1071 1407 .
1095 1380 1204 1408 Chi-on.
1225 1382 1294 1420 Lupi
1314 1381 1439 1421 Protosp.
1455 1384 1466 1413 ]
1488 1381 1540 1410 alia
1551 1382 1637 1410 lectio
1655 1380 1685 1409 in
1694 1380 1789 1409 codice

999 1421 1084 1450 Ducis
1094 1421 1208 1449 Andriae
1220 1420 1301 1450 habet
1311 1425 1440 1451 Santram
1455 1425 1613 1450 Civitatem
1624 1425 1771 1450 Hieracem
1780 1440 1790 1449 .

961 1462 1003 1491 Cr
1010 1463 1372 1497 mesum-rumvocahulum
1383 1462 1465 1491 nimis
1473 1460 1585 1490 obscura
1595 1462 1625 1489 in
1637 1462 1790 1498 vita-sume

1001 1504 1138 1531 Saxonum
1151 1502 1236 1540 Regis
1247 1523 1254 1530 .
1278 1503 1338 1532 Alii
1350 1513 1442 1531 tamen
1451 1503 1653 1539 Cericseattnm
1673 1502 1768 1540 legunt
1779 1523 1789 1534 ,

1002 1542 1075 1581 quod
1085 1542 1209 1580 quaedam
1218 1541 1321 1571 semina
1333 1565 1341 1576 ,
1354 1553 1405 1581 pro
1416 1542 1538 1581 primitia
1546 1541 1669 1571 Ecclefiae
1681 1542 1771 1570 debita
1782 1562 1794 1574 ,

1004 1582 1138 1623 significat
1149 1603 1155 1610 .
1169 1583 1365 1618 [Cyricseatta
1375 1584 1482 1613 reddita
1492 1583 1544 1612 (int
1553 1583 1582 1611 in
1603 1582 1670 1610 sesto
1680 1583 1705 1611 S.
1718 1585 1793 1611 Mar-

1005 1623 1080 1655 tini]
1102 1634 1134 1651 ex
1147 1625 1255 1653 vocibus
1269 1625 1383 1653 Saxonis
1393 1628 1477 1661 Kyrik
1489 1645 1497 1658 ,
1520 1622 1565 1652 seu
1578 1626 1681 1656 Kerek,
1705 1623 1770 1652 idest
1781 1642 1790 1654 ‚

1005 1664 1119 1693 Ecclesia
1130 1685 1138 1697 ‚
1160 1668 1188 1694 ὁ(
1198 1670 1261 1695 Seat
1271 1664 1365 1694 semen
1373 1685 1382 1693 .

1326 1757 1708 1768 ———--——-—-—
1727 1755 1800 1764 ——-

1373 1814 1419 1853 D

1134 1913 1247 1942 Acrlu
1257 1933 1265 1944 ,
1287 1912 1385 1941 Palinae
1399 1910 1496 1939 fruetus
1509 1932 1516 1939 .
1529 1910 1602 1940 Vide
1613 1907 1776 1938 Palmatinae
1787 1924 1798 1933 .

1144 1953 1394 1983 ΒΑετΥιοτΗεεΑ
1407 1973 1414 1985 ,
1436 1948 1621 1982 &mumolum
1632 1971 1639 1981 ‚
1659 1946 1777 1986 Capsul²
1787 1952 1799 1979 ι’

1100 2006 1110 2032 ⁴>
1165 1993 1195 2020 in
1204 2003 1255 2032 qua
1266 1993 1419 2031 digitorum
1427 1992 1503 2021 anuli
1514 1990 1708 2020 conservantur
1717 2007 1724 2014 .
1735 1988 1793 2015 FR.

1000 2003 1010 2017 ,l

1015 2042 1057 2053 “¹*-·¹
1067 2042 1080 2053 ⁰¹
1092 2046 1094 2052 ·
1167 2035 1220 2062 Sed
1229 2044 1260 2062 ex
1272 2034 1365 2062 Plinio
1382 2033 1564 2072 quantitatem
1574 2053 1582 2064 ‚
1605 2028 1650 2058 seu
1666 2027 1797 2056 inusaeum

1006 2085 1174 2121 gemmarum
1185 2073 1338 2112 significare
1347 2074 1508 2112 colligitur5
1531 2073 1564 2101 fic
1575 2070 1648 2100 enim
1661 2069 1736 2112 illel.
1749 2078 1798 2105 37.

1007 2133 1030 2150 c.
1047 2133 1069 2150 1,
1082 2116 1189 2158 inquit:
1213 2121 1225 2150 [
1236 2118 1363 2143 Gemmas
1373 2115 1462 2152 plures
1473 2136 1481 2147 ‚
1504 2112 1578 2151 quod
1589 2118 1738 2152 peregrino
1748 2117 1794 2145 ap-

1008 2163 1110 2201 pellant
1121 2156 1235 2188 nomine
1245 2155 1462 2190 dactylothecam
1475 2176 1483 2187 ‚
1504 2154 1603 2192 primus
1613 2158 1738 2178 omnium
1748 2147 1798 2175 lia-

1008 2203 1065 2231 buit
1076 2204 1174 2230 Romae
1185 2198 1329 2235 privignus
1339 2196 1421 2231 Syllae
1433 2195 1522 2223 Scauri
1534 2215 1542 2227 ,

968 2245 1084 2273 Daemon
1096 2264 1104 2275 ‚
1125 2248 1213 2279 graece
1225 2236 1327 2272 δαὶμων
1338 2259 1344 2269 ,
1364 2236 1472 2274 sapiens
1483 2256 1489 2267 ,
1511 2238 1538 2263 ὃ(
1548 2233 1646 2262 astutus
1657 2242 1667 2264 ,-
1680 2237 1798 2258 antono-

1011 2283 1119 2312 mastice
1129 2289 1223 2309 tamen
1232 2277 1264 2306 ad
1274 2277 1401 2316 spiritum
1412 2275 1576 2305 infernalem
1586 2272 1709 2302 refertur.
1722 2267 1798 2311 Quid

1011 2334 1102 2353 autem
1113 2319 1208 2351 David
1220 2318 1319 2348 Psalm.
1336 2330 1385 2354 90.
1405 2315 1577 2345 intellexerit
1594 2311 1704 2352 quando
1722 2308 1799 2336 dixit

1014 2372 1028 2403 [
1039 2365 1081 2399 Ab
1092 2360 1200 2396 incursu
1211 2367 1226 2397 ,”
1242 2363 1270 2391 δε
1280 2357 1432 2399 Daemonio
1440 2356 1592 2388 meridiano
1604 2356 1616 2386 J
1635 2351 1672 2380 cst
1681 2347 1798 2418 (ιυῖἒὶῡ
