1866 2526
101 50 125 90 4
134 54 150 79 2
159 52 181 92 4
446 35 497 78 M
529 39 567 78 A

88 107 138 135 pro
147 95 258 126 utendis
268 106 282 124 a
291 94 377 124 Clero
389 93 480 123 vestro
490 91 622 132 mappulis
634 88 775 130 scripsistis
786 111 793 123 ‚
810 99 824 118 a
834 98 883 117 no—

88 139 148 166 stris
159 138 196 166 est
214 136 333 166 Clericis
343 136 454 164 sortiter
470 135 611 163 obviatum
622 155 629 166 ,
651 131 804 161 dicentibus
817 128 884 170 nulli

89 178 142 207 hoc
160 188 276 216 unquam
294 178 348 206 :ilio
365 175 476 205 cuilibet
497 174 622 204 Ecclesiae
643 171 793 201 concessum
810 168 884 198 suifle

90 223 141 249 δίε.
162 219 239 258 epist.
256 229 300 253 54.
322 218 367 246 lib.
378 229 403 246 2.
416 219 427 248 ]
441 218 509 245 Haec
520 215 595 244 enim
617 212 804 242 controversia
814 211 886 237 inter

89 260 204 289 clerum
222 262 378 288 Romanum
391 279 399 290 ‚
419 261 446 285 ὃ(
458 259 652 285 Ravennatem
663 264 721 282 non
739 252 824 280 fuerat
837 259 886 286 pro

90 299 137 329 usu
151 300 284 337 manipuli
304 304 355 332 (ut
367 297 462 335 siliquis
473 296 542 324 male
552 295 746 324 intellexerat)
767 292 884 330 agitatu

92 351 153 369 nam
175 341 293 370 Clericis
301 338 450 367 minoribus
469 336 568 365 nullibi
579 344 698 373 unquam
718 333 800 361 talem
809 330 884 359 usum

89 381 243 419 permissum
254 379 327 409 fuiss'c
337 378 479 410 noscitur3
493 376 540 404 sed
552 376 667 414 quaestio
675 383 728 402 erat
740 374 811 401 inter
821 371 887 400 Cie-

90 422 162 450 ricos
174 424 286 457 majores
305 431 337 448 ex
351 428 462 456 utraque
472 426 547 455 parte
557 418 588 443 in
610 416 745 454 dignitate
754 412 885 441 constitu*

91 471 133 490 tos
143 485 151 495 ‚
164 473 227 501 puta
238 460 397 491 cardinales
408 480 416 491 ,
439 459 486 496 qui
497 458 578 485 etiam
589 459 765 485 Ravennates
777 453 827 481 hoc
852 451 886 479 ti-

90 503 151 532 tulo
159 503 312 542 gaudebant
323 523 330 534 ,
352 500 385 528 de
395 499 489 538 quibus
511 508 567 525 non
577 497 615 526 cst
626 494 773 524 verisimile
784 515 792 526 ‚
814 493 888 531 quod

90 544 225 582 manipuli
236 543 294 571 usus
304 540 398 579 negari
416 538 575 577 nequiverit
585 549 593 568 3
603 536 649 565 scd
661 535 838 575 praesuiiiptio
847 533 888 561 di-

91 584 229 623 gnitatum
248 586 390 612 Ravenna:
401 590 457 609 erat
476 580 545 607 circa
557 577 632 606 usum
642 577 749 605 instrati
771 576 801 603 iii
812 574 888 612 equi·

91 626 177 663 tando
189 647 196 658 ,
219 625 254 653 de
265 625 387 662 quojure
398 620 559 650 Cardinales
579 618 699 647 Romani
712 615 868 644 insistebant
880 638 886 647 ‚

90 668 209 702 ajeiites:
236 663 341 700 [Nulli
361 662 414 690 hoc
434 670 553 699 unquam
564 660 617 687 :ilio
639 656 886 687 cuilibetEcciefiae

91 705 245 735 concessum
265 703 341 733 suiss‘e
353 723 359 730 .
384 705 395 734 ]
410 704 499 734 Nam,
517 711 545 728 ut
556 699 635 738 supra
653 699 789 730 diximus,
809 698 885 725 Con-

90 746 225 775 stantinus
251 745 316 774 solis
344 743 478 772 Romanis
496 741 613 770 Clericis
639 741 691 769 tale
712 737 889 777 privilegium

91 786 254 816 concesserat
264 808 272 819 ‚
295 791 322 816 ὃ(
336 784 410 823 quod
429 784 463 811 de
473 781 628 818 hujusmodi
646 781 762 809 instrato
772 778 887 816 agitare-

93 837 137 855 tur
148 849 157 861 ,
173 829 245 856 clare
254 837 287 856 ex
297 826 349 855 alia
360 823 478 861 eJ'usdem
498 821 640 851 Pontificis
651 821 765 859 epistola
784 819 871 856 liquet
882 830 887 846 .-

91 867 318 897 Raveuiiatenses
335 866 410 894 enim
421 864 527 894 Clerici
546 861 782 901 praescriptionem
803 870 851 898 pro
863 858 889 887 se

94 908 280 940 adducebant,
301 907 375 947 quod
386 906 469 935 etiam
487 907 585 933 Romae
598 902 646 940 ipsi
666 903 754 940 palam
773 911 836 929 cum
848 902 889 928 in-

95 949 184 978 stratis
194 971 201 983 ,
214 950 269 978 sive
281 948 412 986 mappulis
422 943 594 984 equitassent,
606 954 655 981 pro
665 943 760 981 quibus
772 944 842 979 Josii
848 953 891 970 nes

92 1000 187 1018 eorum
205 987 436 1027 Areliiepiscopus
453 984 593 1024 Gregorio
613 984 646 1012 iic
664 982 824 1021 scripseram
846 983 891 1010 ubi

95 1040 162 1059 nota
175 1052 182 1063 ,
206 1031 281 1069 quod
300 1041 356 1058 non
375 1030 409 1056 de
427 1026 591 1064 simplicibus
608 1024 712 1053 clericis
743 1025 887 1063 agebatur.-

97 1071 235 1107 [Quoties
246 1071 279 1099 ad
289 1069 458 1109 episcopatus
468 1066 693 1098 ordinationem,
713 1063 758 1093 seu
770 1064 889 1103 responsi

1221 32 1273 74 M
1304 31 1344 75 A
1729 3 1737 26 '¹

939 89 1076 132 Dominus
1094 92 1177 118 venit
1187 111 1196 123 ,
1212 91 1284 129 quasi
1296 89 1394 120 adesset
1413 90 1553 121 ultionum
1571 90 1666 120 Deus.
1686 91 1738 128 {Si

941 138 1001 167 quis
1011 139 1070 157 non
1088 128 1158 158 ainat
1165 131 1317 159 Dominum
1327 132 1449 161 nostrum
1469 131 1562 171 Jeliim
1573 132 1714 161 Christum
1728 153 1738 166 ‚

942 170 974 198 sit
987 169 1139 198 Anathema
1148 191 1157 203 ,
1176 175 1203 199 ὃ(
1213 173 1308 200 Maran
1320 171 1384 201 atha
1395 194 1402 205 ,
1429 184 1452 201 i.
1464 174 1532 202 Cor.
1549 175 1614 204 16.]
1629 176 1670 202 Ex
1682 172 1736 201 hoc

942 210 1074 253 vocabulo
1084 210 1220 239 existimat
1231 211 1351 241 Mariana
1361 213 1509 251 provenire
1518 212 1683 251 hispanicam
1693 212 1737 241 di-

941 251 1061 278 &ionem
1070 256 1203 279 Marrano
1215 272 1222 283 ‚
1236 252 1284 289 qui
1292 252 1339 281 lib.
1349 264 1376 285 7.
1385 264 1407 281 c.
1421 260 1448 282 6.
1468 252 1519 282 fuce
1530 253 1651 282 historiae
1663 252 1739 282 affert

942 290 1081 329 quoddam
1100 291 1258 320 donationis
1278 302 1485 322 monumentum
1496 316 1504 328 ‚
1534 294 1579 323 ubi
1596 294 1735 323 Gallaeciae

941 334 1002 360 Rex
1015 331 1049 359 de
1060 342 1102 359 :iri-
1114 343 1149 365 77
1157 341 1181 367 5.
1191 331 1312 367 ejusdem
1321 334 1488 363 Monasterio
1496 334 1586 373 aliqua
1594 334 1664 363 bona
1682 344 1737 362 tra-

944 371 1011 399 dens
1020 393 1028 404 ‚
1048 372 1237 402 similiaverba
1247 373 1353 411 profert
1364 384 1460 402 contra
1480 375 1627 403 violatores
1642 374 1737 412 praefa-

942 421 976 439 ωε
986 412 1146 441 donationis
1157 434 1164 441 .
1189 415 1247 442 FR.
1266 413 1300 441 de
1318 414 1446 442 similibus
1456 415 1689 444 maledictionibus
1708 415 1740 443 in

944 452 999 480 fine
1009 452 1193 482 donationum
1209 454 1337 492 appositis
1347 476 1355 487 ,
1376 453 1471 492 passim
1482 456 1511 483 in
1529 454 1715 485 instrumentis
1726 476 1735 488 ,

942 491 990 536 scii
997 492 1098 521 chartis
1107 493 1215 532 septimi
1227 515 1235 527 ,
1246 495 1336 523 octavi
1347 516 1355 527 ,
1367 494 1584 524 nonicliristiani
1595 495 1694 528 saeculi,
1707 499 1735 523 δε

943 534 1013 561 intra
1023 544 1069 572 per
1081 543 1166 562 totam
1178 538 1314 574 Europam
1335 535 1460 564 invenies
1472 537 1509 570 εΗε
1520 534 1565 564 sed
1575 536 1737 573 probabilius

941 583 1043 602 nomen
1059 581 1191 604 Marrano
1200 574 1371 614 hispanicum
1390 587 1423 605 ex
1434 576 1537 605 hebr-ea
1557 586 1624 604 voce
1633 582 1737 604 Mamm

942 615 1091 653 provenire
1111 615 1238 644 existimo
1250 629 1256 644 .·
1276 622 1378 645 Maran
1396 618 1469 645 enim
1490 626 1587 645 vocant
1597 616 1686 654 Judaei
1707 617 1742 644 il-

942 656 1000 684 ium
1010 676 1018 687 ,
1035 656 1126 694 quiex
1137 666 1231 684 eorum
1243 656 1311 685 festa
1325 656 1499 686 Christianus
1518 667 1678 695 apparenter
1687 656 1718 684 fit
1729 676 1738 687 ‚

944 695 990 740 sed
999 697 1106 724 occulte
1126 696 1277 725 hebraicam
1289 697 1378 735 legem
1397 697 1526 726 sestatui·5
1544 698 1618 735 quod
1627 696 1744 725 eviden—

945 747 983 779 tia
995 747 1067 774 patet
1079 750 1084 765 :
1097 747 1160 765 nain
1169 736 1324 773 hujusmodi
1334 737 1587 775 pseudo-christiani
1599 738 1630 765 in
1641 736 1744 774 Hispa-

946 787 989 805 nia
1002 777 1103 805 detefti
1114 781 1247 806 Marram‘
1257 778 1386 806 dicuntur
1395 799 1402 805 .
1427 779 1536 806 Frivola
1548 787 1638 806 tamen
1648 777 1685 805 est
1695 787 1744 805 eo-

945 827 1004 845 rum
1023 819 1178 854 conjefiura
1189 839 1196 850 ‚
1216 819 1290 856 quod
1307 824 1440 848 Marrano
1461 818 1595 857 significet
1614 816 1743 845 Maurita-

948 868 1013 886 num
1024 878 1030 885 .
1043 860 1100 887 PR.
1113 857 1207 887 Gloss'a
1216 859 1246 886 in
1255 870 1314 887 can.
1327 859 1488 888 Guilisarius
1497 881 1506 892 ‚
1532 869 1577 896 23.
1589 868 1633 896 qu.
1647 869 1674 892 4.
1683 857 1719 885 ait
1729 879 1740 890 ,

945 899 1019 936 quod
1030 901 1124 927 Maran
1135 898 1196 927 :itha
1208 899 1375 928 Adventum
1387 902 1502 928 Domini
1513 899 1656 937 significet,
1666 902 1692 926 ὅ(
1706 898 1742 926 sic

945 939 1065 978 explicat
1077 959 1084 965 .
1095 940 1189 967 Mai-an
1198 939 1261 967 atha
1272 961 1279 972 ,
1291 940 1357 967 idest
1371 939 1471 977 ,usque
1482 940 1514 968 ad
1523 940 1671 968 adventum
1683 939 1742 966 Do·

945 979 1014 1007 mini
1025 980 1057 1008 fit
1067 980 1320 1008 excommunicatus
1332 1001 1339 1012 ,
1351 978 1463 1017 supple,
1478 979 1526 1008 nist
1540 979 1684 1017 poeniteat,
1695 978 1741 1006 sic.

948 1031 994 1052 27·
1005 1030 1050 1058 qu.
1067 1031 1089 1048 i.
1101 1020 1135 1048 de
1147 1020 1244 1049 Viduis
1257 1023 1286 1053 ,]
1307 1021 1340 1048 de
1353 1031 1407 1058 quo
1419 1021 1509 1048 vocab.
1524 1019 1577 1048 fuse
1598 1031 1644 1054 24.
1656 1028 1701 1056 qu.
1711 1028 1741 1056 3.

945 1061 970 1092 §.
983 1059 1030 1089 sed
1039 1060 1085 1099 qui
1098 1071 1149 1099 pro
1158 1083 1166 1093 ,
1178 1072 1236 1089 crin.
1251 1073 1260 1090 1
1272 1072 1294 1090 i.
1305 1061 1371 1089 Vid.
1383 1062 1546 1089 Anathema
1555 1081 1562 1088 .

95 1113 253 1140 sacerdotes
264 1134 272 1145 ²
285 1111 330 1140 vel
340 1110 444 1139 Levita:
457 1107 626 1137 Ravennatis
638 1105 760 1135 Ecclesiae
771 1103 1014 1135 Romam-Maxu
1025 1123 1032 1134 ,
1044 1102 1171 1139 ponderis
1180 1112 1275 1141 geniis,
1285 1101 1360 1141 quod
1368 1101 1515 1130 secundum
1523 1102 1626 1139 aliquos
1638 1108 1692 1128 erat
1700 1097 1742 1126 se-

95 1162 233 1181 venerunt
245 1175 252 1185 ,
262 1152 336 1190 quod
348 1160 442 1179 omnes
453 1149 482 1177 iii
493 1148 578 1176 oculis
590 1145 820 1176 sanctissimorum
832 1148 889 1175 De-

93 1192 224 1221 ccfforum
237 1193 389 1222 vestrorum
399 1200 459 1219 cum
471 1188 604 1227 mappulis
615 1188 670 1216 sine
680 1187 892 1225 reprehensione

93 1234 183 1272 aliqua
193 1233 374 1272 procedebant
384 1244 391 1263 3
404 1240 485 1269 quare
494 1240 575 1258 etiam
586 1239 618 1257 eo
631 1238 754 1266 tempore
763 1250 771 1261 ‚
782 1239 836 1267 quo
846 1227 891 1255 ist-

94 1272 140 1302 hic
152 1285 166 1302 a
188 1273 383 1303 Praedecessore
403 1271 493 1300 vestro
512 1280 638 1309 peccator
655 1269 797 1297 ordinatus
809 1268 867 1296 sum
880 1290 886 1301 ,

96 1316 185 1343 cunffi
196 1314 351 1350 Presbyteri
364 1336 370 1346 ,
383 1317 410 1342 δε
420 1313 542 1340 Diaconi
552 1311 605 1339 inei
617 1311 646 1337 in
655 1309 815 1348 obsequium
827 1310 885 1337 Do-

94 1357 153 1383 mni
172 1358 250 1394 Papae
270 1365 377 1383 mecum
396 1352 574 1392 procedentes
592 1351 631 1379 usi
649 1350 727 1378 sunt.
749 1351 832 1388 Apud
853 1351 889 1379 D.

94 1398 182 1435 Greg.
198 1396 244 1424 lib.
269 1408 294 1424 ι..
306 1395 383 1434 epist.
399 1396 467 1429 55.]
490 1393 545 1421 Cui
565 1392 640 1420 idem
659 1394 746 1429 Greg.
756 1390 832 1428 epist.
845 1402 889 1426 54.

97 1437 142 1465 lib.
155 1450 180 1466 z..
193 1436 337 1475 respondit
350 1447 356 1463 .·
383 1442 394 1470 [
407 1436 466 1463 Nec
476 1437 654 1463 Ravennates
666 1432 792 1461 clericos
803 1432 846 1459 vel
859 1433 890 1459 ii-

946 1142 1061 1170 milibrae
1073 1163 1082 1174 ‚
1094 1141 1241 1171 secundum
1251 1144 1319 1171 alios
1332 1143 1447 1182 iiitegrae
1460 1142 1534 1170 librae
1545 1163 1551 1169 .
1563 1141 1690 1176 Cujacius
1702 1149 1743 1167 ta-

947 1192 1011 1210 men
1020 1191 1096 1221 putat
1108 1183 1182 1212 fuifl'e
1193 1184 1296 1211 bilibris
1307 1183 1445 1222 ponderis.
1456 1184 1527 1211 Item
1538 1182 1671 1220 significat
1681 1190 1742 1208 mo-

948 1232 1039 1251 netam
1049 1244 1056 1251 .
1066 1225 1121 1252 FR.
1131 1229 1232 1253 Marta
1242 1234 1295 1252 tam
1308 1224 1413 1261 pondus
1424 1244 1431 1255 ‚
1443 1233 1524 1261 quam
1537 1232 1648 1250 moneta
1658 1243 1665 1254 ‚
1676 1220 1739 1249 sunt

946 1263 1103 1298 synonyma
1115 1264 1189 1292 librae
1200 1284 1207 1291 .
1229 1270 1241 1300 [
1252 1262 1444 1293 Poss‘effionem
1457 1273 1506 1300 pro
1523 1263 1613 1291 CXC.
1623 1262 1717 1290 marcis
1727 1282 1736 1293 ,

946 1308 974 1332 ἃ
986 1304 1060 1331 libris
1070 1305 1224 1333 invadiavit
1235 1325 1241 1331 .
1252 1304 1365 1332 Buchar.
1377 1304 1410 1332 de
1419 1303 1516 1331 casibus
1527 1303 1552 1331 S.
1562 1303 1637 1330 Galli
1649 1312 1687 1329 c.1
1700 1303 1738 1331 i.]

946 1346 1019 1373 Item
1031 1349 1132 1373 Marta
1153 1355 1263 1373 monem
1272 1345 1309 1374 est
1318 1344 1410 1373 eidem
1419 1354 1479 1372 cum
1492 1344 1624 1379 Mancuso
1636 1363 1642 1370 .
1667 1341 1742 1369 Vide

944 1384 1099 1423 Manocoffis
1111 1387 1148 1420 ;Η;
1162 1384 1271 1415 Marcha
1281 1386 1394 1413 ulterius
1404 1383 1538 1412 territorii
1548 1382 1697 1411 terminum
1706 1381 1741 1410 fi-

944 1426 1057 1464 gnificat
1070 1447 1078 1458 ,
1089 1426 1123 1454 de
1133 1437 1187 1464 quo
1197 1447 1203 1454 .
1227 1427 1300 1455 Vide
1309 1426 1440 1454 Marchx'a
1451 1445 1458 1452 .

98 1479 144 1510 lic,
157 1478 201 1505 vel
212 1488 241 1505 iii
253 1480 378 1506 Romana
389 1475 516 1504 civitate
527 1474 579 1502 tale
590 1473 693 1512 aliquid
702 1482 762 1500 cum
771 1470 816 1499 sua
824 1483 890 1500 con-
905 1468 1091 1495 MARCHANUS
1103 1487 1111 1494 ·
1133 1469 1188 1495 Μὶ-
1198 1466 1326 1495 Marchiae
1348 1465 1439 1494 incola
1459 1463 1565 1499 [Quod
1583 1463 1602 1491 fi
1623 1456 1741 1500 suspicio

97 1517 211 1546 scientia
221 1523 232 1552 (
242 1519 308 1555 idest
320 1518 397 1546 clero
407 1522 527 1545 Romano
536 1515 724 1545 advertente)
742 1510 873 1551 praesump

97 1558 154 1587 fifl'e
164 1581 171 1592 ,
192 1569 242 1587 nec
253 1558 270 1587 fi
281 1567 418 1586 tentatum
427 1557 490 1585 esset
501 1577 509 1588 ‚
529 1565 562 1583 ex
574 1554 677 1583 furtiva
695 1553 870 1591 usurpatione
880 1576 887 1587 ,

97 1600 145 1628 sibi
163 1599 350 1639 praejudicium
366 1598 493 1637 generari
506 1608 514 1628 5
536 1595 583 1624 sed
593 1606 641 1624 nos
651 1594 788 1623 servantes
797 1594 889 1622 hono-

98 1650 157 1669 rem
171 1639 358 1669 Fraternitatis
369 1649 421 1667 tuae
433 1661 440 1671 ,
452 1640 516 1667 licet
526 1646 621 1664 contra
632 1636 804 1663 voluntatem
814 1645 890 1663 ante-

99 1682 165 1709 disti
176 1681 256 1709 Cleri
268 1680 352 1708 nostri
366 1692 373 1711 5
393 1690 482 1708 tamen
493 1677 587 1718 primis
599 1677 764 1705 Diacoiiibus
777 1675 871 1704 vestris
882 1697 890 1707 ‚

946 1507 1045 1541 suerit,
1066 1516 1094 1535 ut
1114 1518 1160 1545 per
1181 1506 1341 1535 consensum
1360 1504 1570 1534 Marelianorum
1587 1503 1743 1532 nostrorum

945 1558 993 1587 per
1004 1548 1108 1576 nostras
1127 1548 1250 1575 Mai-elias
1259 1557 1333 1576 extra
1347 1556 1446 1574 terram
1466 1545 1585 1573 nostram
1602 1543 1720 1572 exierint
1731 1563 1741 1576 ,

949 1588 1058 1618 satisfiat
1070 1589 1100 1617 ab
1119 1588 1160 1616 his
1171 1588 1340 1616 Marclxanss:
1362 1588 1396 1615 Iii
1407 1586 1555 1624 capitulare
1567 1582 1724 1614 Radelcliisi
1733 1604 1742 1616 ‚

946 1639 1002 1667 cip.
1018 1641 1060 1661 17·
1077 1629 1147 1667 apud
1157 1629 1309 1659 Camillum
1330 1627 1473 1667 Peregrin.
1493 1626 1522 1655 in
1537 1624 1600 1654 hist.
1611 1623 1732 1661 Princip.

948 1671 1122 1709 Longobard.

99 1732 165 1759 quos
176 1723 252 1750 uobis
263 1721 375 1760 quidam
385 1721 520 1750 testificati
532 1717 594 1746 sunt
605 1739 611 1750 ,
622 1718 704 1745 etiam
712 1726 774 1744 einte
785 1717 822 1744 eis
832 1714 891 1744 usos
900 1713 1168 1741 Maiiciimuznus
1180 1733 1187 1740 .
1209 1715 1265 1742 FR.
1283 1711 1313 1740 in
1323 1709 1444 1739 Mai-chia
1461 1708 1608 1745 adscriptus
1622 1727 1629 1739 ‚
1643 1705 1687 1734 vel
1696 1714 1744 1741 :ip-

99 1761 174 1791 suisse
187 1784 195 1795 ,
215 1763 244 1791 in
256 1761 382 1800 obsequio
400 1762 540 1790 dumtaxat
552 1768 601 1786 tuo
612 1780 620 1791 ‚
643 1757 824 1796 mappulisuti
835 1767 891 1795 per.

97 1804 232 1831 mittimus
242 1824 249 1831 .
260 1805 273 1834 ]
285 1803 347 1832 Alia
358 1804 528 1838 Syiioiiyma.
539 1799 612 1829 Vide
624 1799 779 1836 Chafidius,
789 1804 891 1826 Νίκης.

55 1846 241 1873 MAPPULAMI
255 1865 260 1871 .
284 1843 357 1872 Vide
378 1845 510 1882 Mappula
521 1863 528 1870 .

58 1887 278 1914 MAuAsoriNus
290 1906 297 1917 ‚
309 1894 425 1912 monetx
436 1883 537 1923 species
546 1904 554 1915 ,
577 1883 610 1912 de
621 1891 671 1919 qua
683 1880 753 1919 saepe
773 1878 892 1909 Ccncius

98 1928 270 1955 Camerarius
288 1926 317 1952 in
327 1925 375 1953 suo
394 1926 552 1954 Caeremon.
570 1934 606 1952 m.
618 1934 638 1951 s.
656 1926 736 1960 (suam
756 1928 893 1949 monetam

99 1966 199 1994 solebat
220 1965 350 1996 Pontifex
364 1965 393 1993 in
406 1966 538 2004 aliquibus
549 1963 741 1995 festivitatibus
759 1960 893 1990 Cardina-

98 2007 166 2034 libus
183 2008 358 2036 distribuere.
389 2009 443 2036 PR.
461 2007 563 2044 legitur
582 2005 662 2034 etiam
679 2003 872 2032 Marabon'nus
885 2022 891 2032 ,

99 2046 206 2075 sortasse
226 2058 350 2076 nummus
362 2048 406 2076 hic
416 2056 473 2076 erat
485 2069 492 2080 ,
514 2048 560 2085 qui
572 2048 600 2074 in
614 2044 747 2083 Hispania
754 2048 875 2072 Marave

99 2088 142 2115 dis
152 2087 252 2116 dicitur
263 2108 269 2115 .
294 2091 449 2123 [Prieterea
459 2099 520 2126 quia
530 2090 568 2116 M.
582 2083 756 2125 praedcccss'or
767 2093 826 2111 tuus
837 2080 891 2109 fue-

948 1753 1110 1792 propriatus.
1123 1759 1134 1788 [
1145 1754 1316 1791 Expellamus
1325 1752 1358 1779 de
1368 1751 1416 1779 ista
1427 1749 1572 1788 provincia
1583 1747 1671 1775 nostra
1683 1756 1744 1774 om·-

949 1804 983 1822 ne
993 1795 1138 1822 Saracenos
1155 1798 1316 1832 &apraerer
1327 1792 1389 1820 illos
1400 1813 1407 1824 ‚
1428 1791 1473 1828 qui
1493 1788 1660 1826 temporibus
1672 1787 1742 1815 Di).

949 1835 1055 1863 Sicoui‘s
1067 1857 1074 1867 ,
1094 1839 1121 1863 δε
1131 1835 1234 1863 Sicardi
1248 1834 1357 1862 fuerunt
1375 1830 1530 1861 Christiani
1542 1851 1549 1863 ‚
1567 1829 1586 1858 si
1598 1837 1667 1856 marc
1679 1826 1744 1854 iari-

949 1875 1003 1903 zati
1017 1885 1075 1903 non
1083 1874 1145 1903 sunt
1157 1897 1166 1903 .
1176 1877 1210 1903 In
1223 1874 1371 1913 capitulare
1382 1870 1539 1901 Radelchisi
1549 1879 1607 1907 cap.
1618 1879 1664 1903 24·
1673 1865 1746 1905 apud

948 1915 1101 1944 Camillum
1121 1916 1301 1954 Peregrinum
1318 1915 1348 1943 in
1367 1913 1431 1941 hist.
1450 1912 1543 1940 Princ.
1563 1907 1715 1947 Longobar.
1727 1909 1743 1938 1

949 1956 1008 1985 Ubi
1019 1956 1147 1984 mendose
1156 1957 1360 1994 Margariwti,
1379 1958 1406 1982 δ(
1416 1954 1601 1984 Μαζανὶιατί
1611 1948 1723 1977 habetur
1734 1968 1746 1980 ,

949 1997 1023 2035 quod
1035 1996 1142 2026 Vossius
1164 1997 1258 2025 frustra
1269 1997 1306 2024 ait
1317 1994 1367 2023 effe
1386 1994 1513 2033 punicum
1526 1992 1636 2020 verbum
1647 2000 1653 2019 ;
1678 1998 1744 2017 nain

950 2039 1058 2076 punica,
1068 2048 1127 2077 qua:
1140 2037 1211 2066 mihi
1224 2036 1369 2066 vernacula.
1378 2036 1416 2064 est
1426 2056 1433 2067 ‚
1443 2033 1513 2062 hanc
1524 2033 1673 2061 dictionem
1686 2040 1744 2057 nou

949 2078 1029 2107 habet
1038 2100 1045 2106 .

97 2138 138 2157 rat
159 2129 315 2156 Canonicus
325 2130 454 2168 regularis
464 2150 471 2161 ,
492 2133 518 2157 ὃ(
539 2129 593 2156 duo
616 2127 704 2155 millia
714 2123 894 2153 iiiarabatiiio—
908 2121 1049 2148 Maxentii
1063 2141 1069 2147 .
1081 2121 1138 2149 PR.
1148 2119 1348 2147 marchionatus
1358 2140 1366 2151 ‚
1378 2115 1558 2147 territorium,
1569 2113 1599 2140 in
1609 2121 1664 2150 quo
1675 2112 1747 2139 Mar-

101 2179 159 2198 rum
172 2191 178 2201 ,
199 2178 257 2205 qux
268 2171 422 2206 acquisierit
436 2192 443 2202 ,
462 2169 491 2197 in
503 2168 668 2207 Episcopum
689 2169 742 2202 jiiii
753 2172 894 2203 promotus

98 2209 265 2239 Monastetio
278 2211 388 2238 dederat
399 2219 560 2241 memorator,
572 2210 616 2237 iib.
632 2217 656 2242 5.
668 2205 893 2240 decretal.tit.33.

99 2261 154 2289 cap.
164 2262 206 2285 ¹4·
218 2251 229 2281 ]
242 2253 323 2279 Extat
334 2250 417 2278 hodie
427 2250 608 2279 Urbevetcris
621 2248 722 2277 familia
733 2245 831 2274 nobilis
841 2243 893 2271 hoc

97 2292 229 2320 vocabulo
239 2300 434 2331 cognominata
446 2311 452 2317 .

59 2334 168 2362 Minu
179 2343 259 2361 Arnim
272 2354 280 2365 ,
302 2332 410 2367 Syriaca
423 2341 477 2358 vox
490 2352 496 2363 ,
519 2341 578 2369 qux
589 2331 620 2358 ab
642 2328 765 2358 Hebraeis
776 2335 896 2366 pronun—

100 2374 165 2403 ciari
185 2373 288 2403 solebat
306 2373 336 2402 in
345 2373 452 2412 signum
471 2370 673 2401 maedi-‘tionis
682 2391 690 2404 ,
713 2372 742 2399 ὃς
762 2366 896 2407 fignificat

949 2161 1015 2188 chio
1025 2160 1183 2188 dominatur
1193 2182 1201 2193 ,
1222 2163 1317 2196 &jura
1337 2158 1430 2186 reddit
1441 2178 1447 2184 .
1470 2155 1597 2194 Sigonius
1614 2153 1648 2180 de
1659 2161 1747 2190 regno

950 2201 1010 2229 Ital.
1025 2202 1070 2229 lib.
1084 2203 1158 2235 7.:1{;
1180 2211 1213 2228 ex
1225 2199 1386 2228 theutonica
1397 2197 1517 2226 dictione
1535 2197 1618 2223 Mark
1628 2214 1635 2226 ‚
1656 2192 1724 2220 'idest
1736 2209 1746 2221 ³

949 2241 1101 2269 confinium
1112 2263 1118 2273 ‚
1139 2253 1152 2269 a
1173 2242 1256 2269 verbo
1268 2244 1382 2269 Marken
1392 2261 1401 2272 ‚
1412 2247 1510 2274 nempe
1521 2258 1527 2269 ‚
1546 2235 1624 2273 signo
1635 2254 1644 2266 ‚
1656 2240 1726 2260 noto
1736 2240 1746 2258 ὁ

949 2283 1010 2320 quia
1023 2283 1155 2320 lapidibus
1165 2281 1435 2309 coiiterniinabaiitur
1445 2275 1628 2317 possessiones}
1638 2273 1686 2300 ille
1698 2279 1745 2298 ve-

952 2334 983 2351 ro
992 2345 999 2356 ‚
1012 2325 1056 2361 qui
1068 2332 1157 2351 curam
1170 2323 1279 2361 gerebat
1291 2315 1646 2353 centerininatiterritorii,
1666 2316 1746 2339 Mar-

954 2364 1012 2393 cln'o
1021 2363 1176 2399 vocabatur,
1187 2363 1261 2402 quod
1272 2362 1374 2392 dc'mde
1384 2372 1416 2390 ex
1426 2359 1521 2389 officio
1530 2357 1560 2385 in
1569 2352 1733 2423 djgpciirtfiteffl
1741 2371 1750 2385 ‚

1614 2408 1628 2424 ι
1663 2402 1709 2423 eu*
