1866 2526
461 5 563 70 o's

1264 27 1307 69 0
1336 23 1377 68 T
1639 28 1722 92 483

112 83 205 126 potius
213 82 314 116 meta-ix
323 94 332 116 ς
342 93 407 114 nam
417 91 520 113 umam
528 105 538 118 ‚
550 81 700 114 terminum
710 105 719 118 ‚
738 82 768 112 8(
778 81 850 113 viam
859 93 913 114 cae-
929 80 945 99 *
951 79 1116 113 Oscuitm.
1131 81 1285 114 Vener-:itio
1295 81 1442 130 Epi-scopis
1451 83 1578 115 exhiberi
1589 81 1670 116 solita
1680 98 1710 116 in
1719 96 1777 117 ma·

111 126 181 156 tei-'u
187 123 372 158 coturnicibus
389 124 511 154 ostendit
521 147 531 159 ‚
552 135 595 154 eas
603 124 786 154 conducendo
796 144 804 153 .
826 124 917 154 Unde

112 167 223 198 Plinius
233 166 279 196 lib.
294 175 337 195 io.
347 176 373 194 c.
385 177 401 195 2
404 176 432 202 3.
443 166 545 205 inquit:
559 165 750 202 [coturnices
759 175 822 194 ante
831 165 918 194 etiam

115 207 223 246 semper
233 207 388 237 adveniunt
398 210 451 236 &a
463 207 604 246 Aquilone
612 216 680 245 ergo
689 204 808 234 maxime
821 205 918 235 volant

971 134 1058 154 nuum
1067 123 1190 164 ipsorum
1199 124 1408 156 exosculatione
1417 145 1425 152 .
1438 126 1564 154 Ambros.
1574 127 1607 155 de
1617 127 1721 166 dignit.
1730 129 1777 157 Sa-

971 165 1045 194 cerd.
1055 177 1078 194 e.
1091 178 1118 195 ι..
1141 167 1249 196 Paulin.
1273 167 1325 196 vit.
1336 164 1464 196 Ambros.
1473 165 1669 202 Chrysostoin.
1691 169 1778 197 Hom.

972 216 1020 242 45.
1032 206 1061 235 in
1075 207 1173 236 Melet.
1183 209 1236 237 Par
1257 218 1367 248 quoque
1385 208 1539 236 reverentia
1557 209 1682 246 Templis
1699 213 1726 238 ὃ(
1739 210 1779 238 al-

113 257 305 287 ortygometra
313 247 382 277 duce
392 249 422 278 .]
438 247 509 276 Vide
519 246 682 285 jansenium
692 247 722 275 in
731 245 797 276 diet.
808 246 919 286 Sapien-

115 290 162 319 πίε
182 299 240 328 cap.
263 296 307 318 1⁶.
319 289 383 320 Quo
403 297 472 317 vcro
490 287 672 317 fundamento
691 287 795 318 Auster
816 288 918 316 Vocab.

114 327 218 358 Eccles.
234 329 288 359 hoc
300 339 403 358 nomen
424 328 568 367 regionem
578 328 751 357 coturnicum
769 327 920 367 significare

113 369 188 398 dicat
196 391 205 403 ‚
214 374 243 401 ὅ(
253 380 288 399 an
299 370 370 399 reste
380 368 432 398 hoc
444 368 538 397 afferat
549 390 557 402 ‚
569 369 660 398 videat
671 369 771 399 Leflor
780 388 787 396 .

73 409 197 439 Onzou
207 433 216 444 ,
238 413 296 440 FR.
317 419 477 448 corruptum
487 408 646 438 vocabulum
655 419 689 438 ex
699 407 817 438 urceolis
827 427 835 436 .
855 409 919 438 Ber-

115 451 247 480 nardinns
265 451 368 481 Coi-ius
379 451 410 480 in
420 449 484 479 hist.
494 449 688 481 Mediolanen.
708 449 741 478 ad
749 459 814 479 anu.
831 458 840 476 1
847 458 861 487 3
867 459 881 487 3
887 459 916 487 3.
974 450 1129 479 cvmcimus
1139 451 1190 481 ess'e
1200 453 1321 492 antiquae
1331 453 1456 483 Ecclesiae
1478 453 1620 482 laudanda:
1631 451 1777 482 consuctu-

116 491 192 520 Vide
213 496 293 522 Ama
304 512 312 520 .
973 491 1052 519 dines
1063 513 1070 524 ‚
1084 491 1157 521 haud
1170 503 1255 525 veros
1275 504 1305 522 ut
1324 492 1507 522 heterodoxis
1519 493 1628 532 placen·
1647 494 1777 523 Sacerdo-

73 532 208 562 osam-,⁴
220 555 228 566 ,
250 532 356 561 hebr-'ea
365 541 422 561 vox
433 551 441 560 .
461 531 536 562 Vide
545 531 690 568 Hasanna·
974 532 1036 560 talis
1047 530 1178 570 superbiae
1189 556 1197 567 ,
1206 537 1233 563 δε
1246 535 1324 573 vulgi
1334 533 1541 572 superstitionis
1552 543 1716 573 argumenta
1726 555 1734 564 .

74 574 234 603 OSCILLUM
246 595 254 607 ,
275 573 353 602 ludus
363 595 372 606 ‚
394 573 440 612 qui
450 572 482 602 iit
492 571 555 602 fune
567 569 691 610 suspensa
701 571 732 600 ab
743 569 828 599 anulo
839 591 848 603 ‚
870 567 917 598 seu
932 572 1040 601 Osnus
1050 594 1060 605 ‚
1073 573 1145 602 idem
1155 584 1183 602 :ic
1195 573 1313 603 Bacchus
1324 595 1331 602 .
1353 575 1427 603 Vide
1440 575 1543 604 Elusus
1554 594 1562 602 .

115 614 211 642 arbore
221 613 367 643 sustentata
377 634 385 647 ‚
406 617 433 642 δε
446 612 477 642 in
488 623 518 642 ea
530 612 656 641 ludentes
664 611 784 650 agitatur
792 632 801 644 ‚
819 610 866 649 qui
877 611 917 639 lu·
932 613 1026 642 Osius
1038 635 1046 646 ‚
1058 610 1126 648 ’ὅσιος
1137 635 1144 642 .
1158 615 1215 644 PR.
1226 616 1352 643 sancius:
1376 621 1388 650 [
1404 616 1475 645 Haec
1483 614 1666 645 abrahamicus
1677 614 1726 644 ille
1735 614 1781 644 se-'

973 246 1072 276 taribus
1083 247 1205 277 exhibita
1215 259 1278 278 cum
1288 247 1444 278 Christiani
1459 249 1577 287 aliquam
1587 248 1702 277 illorum
1716 259 1779 287 par-

974 297 1031 317 tem
1043 309 1050 322 ‚
1060 290 1154 325 januas
1165 310 1174 322 ‚
1185 289 1292 323 limina,
1306 290 1447 318 columnas
1457 286 1606 322 salutarent
1617 299 1698 328 atque
1709 300 1778 319 exo-

975 328 1142 358 scularentur
1150 350 1158 358 .
1178 329 1305 360 Ambros.
1325 330 1403 369 epist.
1417 340 1466 368 33.
1487 330 1583 359 Sidon.
1603 330 1778 369 Apollinaris

974 369 1021 398 lib.
1039 381 1062 398 i.
1075 369 1184 408 epist.5.
1198 370 1273 400 Hinc
1285 372 1371 400 multa
1383 372 1455 410 apud
1465 371 1611 400 Ecclefiam
1621 373 1777 402 Romanam

974 419 1038 449 erga
1048 410 1248 445 Sacerdotalem
1259 413 1439 451 Dignitatem
1458 411 1646 441 venerationis
1663 413 1756 441 officia
1767 434 1776 446 ,

116 654 165 683 dus
177 657 276 684 Romae
296 653 534 690 Cannafimdola,
550 653 581 681 in
591 651 686 681 Tuscia
703 652 863 684 Altalena‚
886 651 916 680 in

116 695 209 724 Gallia
222 695 369 724 srantem
380 715 389 729 ,
406 691 455 729 *seu
465 693 648 726 Pandileore5
667 691 698 720 in
717 692 810 722 Sicilia
831 702 916 724 vero,

114 735 182 764 acin
193 735 294 765 Melita
304 756 312 768 ‚
334 734 379 763 ubi
391 733 476 762 multa
493 733 623 762 vocabula
634 733 732 772 gallica
753 733 840 762 adhuc
852 732 918 761 reti-

113 784 217 804 nentur
227 797 236 809 ‚
256 775 383 805 B.mdola
390 774 489 803 dicunt
499 796 508 808 ‚
526 773 575 803 sed
585 783 675 812 potius
685 784 719 802 ex
730 773 818 802 latino
837 783 918 802 voca-

974 664 1028 682 ncx
1041 663 1106 682 vere
1117 655 1186 683 ofius
1198 676 1204 687 ‚
1218 655 1286 684 idest
1296 675 1308 692 ‚
1317 654 1424 684 sancius
1435 678 1443 689 ,
1453 659 1480 685 ὃς
1490 654 1574 685 sensit
1585 674 1594 689 ‚
1611 660 1640 686 δε
1649 655 1754 694 scripfit
1766 676 1774 684 .

973 692 1111 723 Athanas-
1128 694 1256 724 adversus
1276 696 1373 725 Arian.
1388 707 1458 726 orat.
1475 709 1498 726 1.
1512 699 1524 729 ]
1543 697 1644 727 Ofium
1663 697 1776 726 Cordu-

971 734 1134 804 liilerggiepisc.
1147 736 1285 776 intelligit
1296 757 1305 770 ,
1317 737 1351 765 de
1363 747 1418 776 quo
1429 737 1492 766 vide
1502 737 1533 766 in
1543 737 1609 767 dic‘t.
1621 737 1775 778 Symbolum

113 815 178 844 bulo
196 817 323 845 Pendula
334 837 343 849 ,
366 825 495 854 corrupte
507 815 637 845 Bendula
654 814 711 843 five
731 815 865 844 Bandula
874 814 916 842 di·
931 817 1088 846 OssAxium
1099 837 1106 844 .
1127 816 1201 846 Vide
1212 820 1391 847 Cinerarium
1402 837 1411 846 t

114 855 172 885 etio
182 857 316 894 provenit
326 878 334 890 ‚
354 856 388 885 de
400 855 449 884 hac
462 868 487 885 2.
499 855 632 894 Georgic.
652 854 788 894 Virgilius
797 874 806 883 .

153 895 263 926 oscilla
273 907 306 925 ex
317 896 371 926 alta
382 895 554 935 suspendunt
562 895 658 924 mollia
677 905 777 934 quercu
790 915 797 923 .
874 934 879 939 ι

113 935 202 967 Unde
212 948 304 967 autem
313 937 366 966 hoc
379 947 482 966 nomen
493 959 502 971 ‚
520 941 548 966 ὃ(
557 947 570 965 a
579 947 634 975 quo
645 936 801 965 institutum
811 956 819 964 .
843 934 917 964 Vide

113 977 283 1016 Calepinum
307 979 335 1008 in
344 978 439 1007 eadem
461 977 583 1006 diftione
594 999 604 1010 ‚
625 981 654 1005 ἃ
674 978 786 1006 verbum
798 977 897 1011 oscilla
908 996 915 1003 .

111 1021 154 1049 At
172 1019 358 1047 Tertullianus
379 1018 542 1048 translative
554 1028 605 1056 pro
626 1015 723 1055 sphera
733 1017 867 1046 mundiali
887 1017 917 1044 ab

113 1069 165 1088 axe
174 1057 300 1098 suspensa
315 1060 362 1088 lib.
375 1059 409 1088 de
428 1059 519 1087 anima
527 1069 550 1086 c.
567 1069 610 1087 12.
621 1056 750 1096 usurpat,
770 1056 912 1097 inquiens:

113 1105 129 1136 [
138 1098 256 1128 Initium
276 1100 352 1128 enirn
360 1100 486 1128 omnium
506 1108 707 1128 commentatus
726 1098 850 1128 animum
859 1119 867 1132 ‚
889 1101 917 1126 ὅ(

113 1140 301 1170 univerlitatii
311 1139 437 1169 oscillum
448 1140 482 1169 dc
491 1140 566 1168 illius
576 1149 626 1168 axe
637 1138 803 1178 suspendens
812 1159 819 1167 .
832 1140 845 1170 ]
858 1140 916 1168 PR.

114 1184 155 1211 At
165 1180 239 1210 idem
251 1181 436 1210 Tertullianus
445 1181 480 1209 de
489 1181 576 1218 pallio
586 1190 644 1218 cap.
661 1189 683 1208 i.
694 1180 799 1210 in‘vera
810 1179 916 1218 fignifi-

113 1221 223 1250 catione
242 1221 294 1250 hoc
315 1222 447 1250 vocabulo
466 1220 525 1249 usus
543 1221 581 1250 est
591 1241 598 1248 .
623 1220 698 1249 Vide
723 1220 896 1257 Testitrabus
907 1238 916 1247 ι

114 1262 324 1292 Machomctani
343 1272 432 1291 autem
453 1262 580 1300 antiquos
600 1264 745 1290 Romanos
757 1262 896 1290 imitantes
906 1282 913 1293 ,

114 1303 161 1341 qui
172 1303 254 1332 talem
268 1303 361 1331 ludum
370 1301 533 1331 exercebant
542 1312 589 1341 per
601 1311 654 1330 tres
663 1302 720 1330 dies
730 1302 760 1330 in
773 1301 843 1330 feriis
855 1301 915 1330 lati-

115 1344 158 1372 nis
168 1354 182 1372 a
192 1343 291 1374 thino
303 1346 382 1383 Rege
393 1342 537 1376 institutis,
547 1342 604 1372 five
612 1342 646 1370 ad
655 1343 814 1381 exemplum
824 1341 915 1371 Athe-

114 1384 252 1415 niensium
262 1407 270 1418 ,
282 1385 329 1423 qui
340 1385 424 1412 etiam
437 1385 488 1412 tale
501 1383 600 1412 ludum'
608 1383 637 1411 in
647 1392 742 1411 eorum
754 1382 827 1411 seriis
838 1393 913 1411 exer-

931 858 1083 886 Ossmum
1096 879 1104 891 ‚
1116 858 1211 896 porci,
1223 859 1267 887 vel
1278 859 1390 888 alterins
1399 858 1525 888 animalis
1537 869 1634 899 caput:
1659 864 1672 895 [
1684 858 1776 890 Pisces

970 908 1029 926 non
1039 896 1166 927 habemus
1177 920 1185 932 ,
1198 899 1476 937 Monachiliniplices
1486 899 1548 929 sunt
1560 923 1568 934 ‚
1586 904 1612 929 δ(
1625 899 1751 930 esuriunt
1762 912 1771 931 ς

973 938 1041 967 vade
1052 961 1060 972 ‚
1074 939 1164 978 accipe
1172 940 1299 969 officium
1310 962 1318 973 ,
1329 943 1356 970 δε
1366 939 1463 970 oslibus
1472 941 1564 977 ejeftis
1577 963 1584 974 ,
1594 952 1656 970 cum
1667 941 1777 980 pipera-

972 979 1074 1007 mentis
1083 989 1202 1018 praepara
1214 1002 1222 1014 ,
1234 981 1324 1020 sicque
1333 991 1453 1019 appones
1464 1004 1471 1015 ‚
1483 985 1510 1011 ὃς
1521 982 1615 1011 dices:
1633 982 1775 1011 comedite

972 1019 1005 1047 de
1015 1020 1087 1048 bono
1098 1019 1214 1049 rhombo
1226 1040 1234 1048 .
1243 1020 1380 1050 Caesarius
1391 1023 1436 1051 lib.
1447 1029 1473 1052 6.
1483 1033 1541 1061 cap.
1556 1032 1580 1058 5.

931 1060 1145 1089 Osi-mmmm<
1157 1082 1165 1094 ,
1174 1062 1325 1090 ostentatio
1335 1084 1342 1095 ,
1355 1063 1540 1092 manifestatio
1553 1085 1559 1091 .
1575 1068 1587 1098 [
1598 1065 1633 1093 In
1642 1063 1774 1099 omnibus

973 1099 1205 1138 persecutionibus
1217 1124 1224 1134 ,
1236 1106 1263 1132 ὅ(
1274 1103 1398 1141 pressuris
1410 1125 1417 1136 ‚
1431 1104 1526 1142 quibus
1537 1103 1675 1133 sustinetis
1682 1104 1774 1133 osten-

971 1151 1061 1171 tamen
1080 1142 1144 1178 justi
1163 1143 1261 1179 judicii
1270 1143 1325 1173 Dei
1335 1163 1343 1172 .
1364 1145 1481 1174 Tertull.
1499 1142 1625 1174 adversus
1643 1145 1772 1174 Gnostic-

971 1192 1029 1220 cap.
1057 1193 1065 1211 ι
1073 1194 1100 1222 3.

929 1222 1099 1252 Osrmiuus
1111 1245 1118 1256 ,
1138 1232 1205 1253 unus
1214 1235 1247 1253 ex
1258 1235 1376 1264 quatuor
1385 1225 1535 1256 minoribus
1546 1247 1554 1260 ,
1573 1224 1773 1256 ecclesiasticis-

969 1274 1022 1302 que
1033 1264 1173 1294 ordinibus
1182 1287 1191 1299 ,
1210 1266 1252 1294 cui
1262 1288 1271 1299 ,
1291 1272 1304 1302 [
1316 1268 1461 1295 Pertinent
1469 1267 1561 1296 claves
1573 1267 1698 1296 Ecclesiae
1710 1289 1719 1300 ‚
1742 1277 1773 1296 ut

969 1304 1075 1333 claudat
1085 1327 1092 1338 ‚
1103 1309 1130 1334 ὃ(
1139 1305 1240 1344 aperiat
1250 1308 1384 1346 templum
1395 1307 1467 1341 Dei,
1477 1312 1505 1337 δι
1514 1308 1605 1337 omnia
1615 1329 1622 1341 ,
1632 1318 1693 1347 quae
1706 1306 1772 1336 sunt

968 1345 1043 1373 intus
1053 1367 1061 1379 ‚
1073 1346 1208 1375 custodiat
1218 1369 1226 1380 ,
1238 1347 1331 1376 fideles
1342 1348 1467 1386 recipiar,
1478 1353 1506 1378 δε
1515 1347 1640 1378 infideles
1650 1348 1756 1385 rejiciat
1765 1358 1783 1376 .’

969 1386 1067 1414 Isidor.
1079 1387 1158 1426 epist.
1171 1388 1205 1416 ad
1216 1389 1345 1417 Lansred.
1357 1391 1371 1420 ]
1383 1389 1457 1418 Vide
1466 1390 1624 1428 Anagnasta
1633 1410 1640 1418 .

113 1425 211 1453 (Cb-“snt
220 1447 228 1458 ‚
240 1435 270 1454 ut
280 1426 371 1454 austor
379 1425 416 1453 est
428 1424 606 1454 Germmlcus
619 1423 695 1452 Arati
706 1423 841 1462 interpres
853 1445 861 1456 ‚
880 1423 915 1454 fic
928 1424 1112 1456 Ornrcicus
1123 1449 1131 1460 ‚
1142 1428 1190 1466 qui
1199 1430 1304 1458 aurium
1315 1429 1414 1458 dolore
1425 1430 1538 1462 laborat,
1549 1439 1584 1458 ex
1594 1439 1686 1468 graeco
1695 1428 1774 1465 ω’σᾰς,

114 1465 157 1493 illi
171 1465 202 1493 in
213 1476 308 1494 eorum
320 1469 436 1493 Bairam
447 1487 454 1498 ,
466 1465 532 1494 idest
541 1485 550 1498 ‚
571 1463 669 1492 Pascha
678 1461 769 1492 solent
779 1465 862 1492 talem
873 1465 914 1493 lu-

114 1505 180 1532 dum
189 1516 314 1533 exercere
324 1526 331 1532 .
352 1505 517 1543 Bulingerus
526 1504 657 1543 Penfilem
672 1506 854 1542 wintrionem
866 1516 916 1535 vo-

116 1553 159 1573 tat
168 1542 241 1573 hunc
252 1546 346 1573 ludum
359 1565 366 1572 .

75 1586 320 1616 OSCULATORIUM
333 1606 341 1618 ,
363 1595 448 1624 parva
458 1586 554 1615 tabella
563 1595 625 1614 cum
642 1582 713 1614 sacra
723 1584 811 1624 aliqua
820 1585 916 1626 imagi-

116 1636 162 1659 ne,
172 1636 223 1664 qua
237 1626 343 1664 populo
354 1625 474 1654 osculum
485 1627 555 1665 pacis
565 1625 707 1655 confertur
715 1636 839 1665 tempore
849 1625 917 1656 Mis-

115 1666 151 1695 Γπ
163 1687 171 1698 ,
187 1667 222 1694 de
233 1677 283 1705 qua
295 1667 321 1695 in
332 1667 399 1695 dist.
408 1671 471 1699 Pax
481 1687 490 1694 .

77 1704 228 1736 Oscum-m
240 1729 249 1740 ,
266 1708 340 1746 quod
362 1707 392 1736 fit
405 1706 435 1735 in
447 1707 572 1737 omnibus
589 1707 665 1736 rebus
674 1729 682 1740 ‚
701 1718 762 1746 quae
773 1707 915 1738 Sacerdoti

118 1748 300 1786 porriguntur
309 1748 338 1776 in
348 1747 422 1776 sacro
435 1748 524 1777 Altari
534 1770 543 1782 ,
552 1758 612 1788 quae
623 1748 697 1787 prius
706 1747 861 1783 osculatur,
885 1753 914 1778 ὃ(

114 1788 180 1816 dum
191 1789 318 1817 Sacerdos
335 1789 368 1817 :id
379 1789 437 1817 illas
448 1789 620 1829 reperiendas
641 1789 769 1817 extendit
788 1800 896 1819 manum
906 1811 914 1823 ‚

118 1836 149 1856 ea
159 1837 268 1866 quoque
279 1828 394 1857 osculari
404 1829 483 1858 debet
494 1841 502 1861 ς
521 1830 672 1868 eodemque
685 1829 770 1858 modo
779 1829 811 1859 fit
820 1830 851 1859 in
859 1840 914 1860 tra-

117 1868 227 1896 ditione
239 1878 345 1906 patenze
356 1891 365 1902 ‚
388 1870 444 1898 sive
454 1869 586 1899 thuribuli
601 1881 614 1899 a
625 1869 783 1902 Ministris5
805 1881 864 1910 quae
873 1870 915 1900 os—

118 1910 176 1937 cula
186 1909 357 1937 omittuntur
366 1930 374 1941 ,
386 1910 406 1938 fi
417 1911 569 1948 expolitum
579 1911 633 1939 erit
643 1912 851 1940 Sacramentum.
861 1914 916 1941 Ga-

116 1959 216 1978 vantus
226 1970 234 1977 .
258 1952 382 1988 Excepto
393 1959 483 1980 tamen
495 1951 655 1980 Subdiaconi
672 1949 765 1981 osculo
776 1952 806 1980 in
814 1952 870 1981 fine
880 1956 901 1982 E

117 1990 226 2029 pistolae
240 2011 248 2022 ,
270 2001 298 2018 ac
308 1990 424 2019 Diaconi
436 1992 466 2021 in
474 1992 634 2030 postulanda
643 1991 839 2021 benedictione
850 2003 914 2023 ante

116 2030 263 2069 Evangelii
284 2040 395 2060 cantum
417 2042 492 2060 rnore
501 2031 604 2064 solito;
628 2042 689 2061 nam
708 2033 740 2061 in
759 2034 914 2071 prolatione

115 2071 239 2110 epistolae
260 2072 387 2101 Sacerdos
397 2071 445 2101 Ch
451 2072 545 2102 ristum
563 2083 694 2113 tanqu-‚im
702 2074 771 2112 legis
789 2074 912 2114 antiquae

116 2112 268 2140 terminum
280 2134 287 2145 ,
297 2116 324 2141 ὅ(
333 2112 364 2140 in
375 2114 529 2152 Evangelio
538 2114 610 2143 illius
619 2115 768 2143 Auctorem
779 2114 894 2144 denotat
906 2137 915 2149 ‚

116 2154 265 2182 Innocent.
276 2154 333 2182 111.
347 2153 396 2185 libr
406 2165 431 2182 2.
443 2154 478 2182 de
487 2154 572 2190 Myst.
583 2154 655 2184 Mifl]
665 2165 708 2183 c.2
716 2165 740 2183 1.
750 2157 778 2182 δε
788 2156 916 2184 Durand.

116 2193 166 2222 lib.
176 2205 203 2228 4.
213 2204 236 2220 c.
254 2204 296 2226 ¹7·
314 2195 349 2222 In
359 2193 437 2224 Miffi
447 2204 516 2223 vero
523 2195 726 2224 Defiinstorum
736 2193 827 2224 oscula
844 2206 915 2235 prae-

113 2234 187 2262 dic‘ia
195 2233 255 2271 post
267 2234 420 2272 epistolam,
432 2238 459 2264 ὃ(
469 2244 533 2264 ante
544 2236 725 2275 Evangelium
735 2235 913 2272 omittuntur,

115 2273 178 2313 quia
189 2284 250 2302 cum
259 2273 417 2311 hujusmodi
427 2276 501 2314 signa
507 2275 651 2305 suavitatis
660 2298 669 2310 ,
680 2275 913 2317 dulcitudinisque

114 2315 169 2344 fint
180 2336 188 2347 ‚
199 2314 230 2343 iri
243 2315 340 2344 mortis
348 2317 481 2345 memoria
491 2317 606 2346 minime
617 2318 790 2355 reperiuntur
798 2336 806 2345 .
819 2319 913 2356 Quan-

115 2355 154 2384 do
162 2354 243 2386 datur
250 2355 374 2387 osculum
383 2377 392 2386 .
410 2357 483 2388 Vide
493 2358 682 2397 Evangelium
689 2379 699 2392 ‚
710 2363 772 2388 Pax
781 2377 790 2387 ,

970 1467 1038 1495 idest
1048 1489 1057 1501 ,
1067 1468 1132 1496 airis
1140 1489 1149 1501 ‚
1170 1473 1198 1499 δ(
1208 1467 1266 1507 ἄλ)
1272 1482 1298 1505 ος
1309 1491 1316 1503 ‚
1330 1469 1412 1498 dolor
1422 1491 1431 1503 ,
1453 1476 1464 1505 [
1477 1469 1591 1499 Etenim
1610 1479 1674 1507 cum.
1682 1480 1776 1499 arcem

971 1509 1096 1547 corporis
1107 1531 1116 1542 ‚
1134 1509 1221 1543 idest,
1241 1519 1319 1550 caput
1330 1511 1370 1539 vis
1382 1511 1463 1538 noxii
1480 1510 1605 1539 humoris
1614 1510 1751 1540 obsederit
1763 1532 1773 1544 ‚

970 1548 1137 1588 cephalagiae
1156 1550 1462 1589 procreatfpail'ioncm:
1479 1561 1541 1580 cum
1550 1561 1618 1580 vero
1627 1562 1703 1580 aures
1714 1573 1722 1584 ‚
1739 1562 1773 1580 o-

971 1587 1082 1619 culosve
1092 1591 1252 1628 pervaserit,
1264 1592 1293 1620 in
1303 1591 1462 1631 otalgicum,
1474 1591 1530 1620 sive
1539 1591 1772 1631 ophthalmicum,

971 1630 1091 1660 vertitur
1100 1632 1224 1660 morbum
1236 1652 1243 1659 .
1255 1631 1375 1662 Cassian.
1389 1632 1481 1661 collat.
1497 1643 1542 1668 ¹4·
1551 1643 1609 1671 cap.
1624 1644 1633 1662 1
1643 1642 1668 1668 5.

929 1669 1060 1700 Omosss
1074 1693 1081 1704 ‚
1093 1669 1162 1702 bebi„
1171 1694 1179 1705 ,
1193 1673 1311 1702 linteum
1323 1694 1332 1706 ,
1343 1673 1445 1702 tobalia
1455 1694 1461 1701 .
1474 1673 1618 1709 [Othone
1628 1695 1636 1707 ,
1646 1683 1708 1702 cum
1717 1683 1771 1712 qua

971 1711 1109 1740 ministrat
1120 1713 1259 1742 Diaconus
1269 1735 1278 1747 ,
1296 1714 1421 1753 designat
1430 1714 1541 1743 Christi
1559 1713 1749 1744 humilitatem
1760 1735 1770 1747 ,

969 1762 1051 1790 quam
1062 1753 1261 1783 demonstravit
1272 1776 1280 1788 ,
1303 1764 1363 1782 cum
1373 1754 1454 1794 pedes
1461 1754 1572 1783 suorum
1581 1755 1702 1784 abluerat
1713 1775 1721 1782 .
1738 1755 1767 1784 S.

972 1795 1126 1822 Germanus
1145 1794 1176 1822 in
1196 1794 1299 1824 Theor.
1311 1798 1322 1827 ]
1343 1797 1400 1825 FR.
1419 1796 1523 1824 Othone
1533 1795 1590 1824 fine
1608 1796 1666 1824 ullo
1686 1794 1771 1835 diph-

971 1832 1082 1873 thongo
1092 1834 1130 1863 est
1140 1834 1222 1864 herba
1233 1836 1262 1864 in
1270 1836 1349 1871 Syria
1361 1834 1472 1864 nascens
1480 1836 1575 1865 fimilis
1587 1840 1679 1865 Erucae
1689 1858 1698 1870 ‚
1709 1845 1773 1875 per-

971 1873 1065 1903 foratis
1076 1875 1169 1904 crebro
1178 1876 1251 1905 foliis
1260 1898 1268 1909 ‚
1285 1878 1353 1905 flore
1363 1877 1436 1905 croci
1448 1898 1456 1910 ‚
1479 1887 1562 1915 quare
1572 1877 1684 1916 quidam
1702 1887 1770 1906 ane·

970 1924 1081 1943 monem
1094 1926 1263 1945 vocaverunt
1273 1937 1280 1944 .
1304 1917 1434 1946 Plin.l1b.
1446 1929 1492 1950 27.
1503 1928 1561 1956 cap.
1576 1929 1618 1946 iz.
1629 1917 1676 1946 sed
1685 1919 1770 1947 Otho-

970 1965 1007 1984 na
1020 1964 1080 1984 cum
1097 1955 1278 1996 diphthongo
1290 1957 1319 1985 in
1329 1957 1384 1986 fine
1396 1978 1404 1989 ,
1426 1958 1541 1986 linteum
1551 1958 1687 1998 fignificat
1697 1958 1769 1997 apud

969 1997 1124 2034 Homerum
1132 1996 1214 2025 Iliad.
1225 2008 1252 2035 3.
1261 1998 1305 2026 ubi
1316 1998 1430 2036 loquens
1440 1998 1475 2027 de
1483 1999 1566 2029 Elena
1577 2021 1585 2032 ‚
1596 1999 1650 2027 ait:
1666 2005 1678 2034 [
1690 2001 1770 2028 Con-

970 2034 1060 2064 festim
1070 2045 1160 2065 autem
1180 2036 1333 2076 splendidis
1342 2038 1439 2067 amida
1449 2038 1578 2069 Othonis
1587 2042 1618 2071 .]
1643 2040 1704 2069 Ubi
1712 2041 1768 2069 Di·

970 2075 1071 2112 dymus
1089 2077 1224 2116 interpres
1237 2078 1307 2107 dicit
1318 2080 1439 2108 Othona:
1448 2090 1482 2108 ex
1504 2079 1566 2109 lino
1575 2090 1718 2110 contextas
1727 2079 1769 2109 es-

969 2115 997 2145 se
1008 2138 1016 2150 ‚
1037 2117 1085 2146 :ilii
1095 2128 1129 2146 ex
1138 2119 1198 2147 lana
1206 2141 1214 2152 ‚
1236 2120 1330 2158 quibus
1344 2119 1484 2149 ass'entitur
1492 2121 1591 2149 Pollux
1602 2141 1610 2149 .
1632 2123 1668 2150 In
1676 2126 1767 2151 Evan-

970 2158 1068 2197 gelista
1077 2158 1184 2197 Jotmne
1204 2169 1260 2198 cap.
1274 2171 1318 2196 19.
1336 2160 1371 2190 de
1387 2159 1505 2189 Christo
1521 2160 1682 2196 humando,
1704 2162 1765 2191 haec

971 2199 1052 2228 verba
1072 2199 1222 2228 habentur.-
1254 2205 1266 2236 [
1288 2204 1324 2229 Et
1351 2201 1511 2241 ligaverunt
1528 2212 1591 2231 eum
1616 2203 1728 2232 linteis.-
1749 2205 1764 2235 ]

971 2241 1084 2268 Graecus
1101 2250 1192 2268 textus
1212 2240 1294 2270 habet
1311 2240 1444 2279 o'Son'oig:
1467 2243 1568 2282 reliqui
1587 2253 1654 2272 vero
1672 2247 1767 2272 Evan-

968 2280 1074 2318 gelistae
1103 2279 1206 2309 habent
1223 2283 1368 2311 Sindonem
1378 2304 1386 2311 .
1416 2285 1498 2312 Inter
1513 2284 1589 2313 linea
1615 2284 1768 2313 vestimen-

970 2329 996 2349 ta
1015 2320 1107 2358 posuit
1125 2322 1223 2351 Pollux
1234 2342 1241 2350 .
1265 2322 1339 2352 Vide
1349 2324 1428 2354 Coel.
1446 2323 1644 2364 Rhodiginum
1663 2325 1708 2354 lib.
1723 2331 1770 2354 16.

968 2371 1028 2400 cap·
1051 2374 1060 2391 1
1068 2373 1096 2392 0·

1351 2404 1380 2434 H
1390 2403 1410 2434 h
1453 2416 1470 2434 z
1632 2406 1650 2438 7
1658 2406 1739 2439 Oriff
