1866 2526
469 28 583 72 HE

111 87 210 122 decur,
231 87 305 128 qnod
313 85 414 127 species
422 84 482 115 hac
492 85 602 114 hederae
614 82 680 112 solia
689 82 788 113 iimilia
805 80 910 122 pampi-

116 130 157 158 nis
166 129 232 158 vitis
241 128 365 158 obtineat
374 147 382 155 .

74 169 215 200 Htwcus
227 190 237 203 ,
247 168 342 207 capitis
351 167 457 197 obtufio
468 188 477 199 ‚
488 165 534 195 seu
545 166 655 206 vertigo
666 187 672 193 .
686 166 834 202 [Liberum
843 174 908 193 eun-

113 212 176 240 dem
185 210 255 248 npud
265 208 424 248 AEgypuos
432 207 550 240 Oiirim‚
563 207 769 246 Harpocration
780 205 910 235 industria

112 250 274 280 hederatum
283 257 490 288 argumentatur
499 269 506 280 ‚
517 248 591 287 quod
600 248 706 277 heder-‘e
716 257 813 276 namt-a
825 247 855 276 sit
865 255 907 274 ce-

113 291 221 320 rebrum
229 291 261 319 ab
269 289 368 318 heluco
378 288 518 318 defensare
529 310 536 316 .
547 289 663 318 Tertull.
672 289 706 317 dc
715 297 817 317 corona
826 287 908 316 milit.

113 341 136 359 c.
146 332 196 364 7.]
209 330 285 360 Vide
293 335 310 358 S
312 339 416 359 ceroma
427 351 434 362 ,
447 333 647 360 Scetomaticus
658 350 665 357 .

73 371 260 401 Ηεινιοιᾼκι
272 390 279 398 .
304 372 360 399 FR-
371 370 504 400 Haeretici
515 391 523 403 ‚
534 371 566 401 ab
579 369 715 398 Helvidio
725 367 907 400 haercsiarcha,

111 412 158 450 qui
176 410 377 449 blasphentibat
395 412 462 440 alios
479 409 550 439 filios
571 411 686 438 Mariam
704 409 854 447 Virginem
873 419 907 437 ex

112 451 236 490 Joseplio
247 456 302 489 ejus
313 450 414 489 sponso
423 450 564 490 suscepifle
575 472 583 484 ,
595 462 641 486 ²4·
650 459 696 488 qu.
705 459 732 487 3.
744 459 803 476 can.
814 459 862 490 39.
874 452 908 477 Et

111 493 149 520 D.
162 493 283 522 Hieron.
294 493 355 521 adv.
368 491 484 521 Helvid.

71 533 354 563 HEMEROBAPNSTAE
365 554 373 566 ‚
395 530 464 560 festa
473 531 581 568 judaica
592 553 600 564 ,
622 530 660 558 ita
669 529 805 569 appellata
816 551 824 563 ‚
846 528 907 568 quia

113 574 179 601 tales
188 572 314 611 sequaces
325 573 451 611 quotidie
461 571 489 600 se
500 572 626 601 lavabant
637 572 670 600 ad
679 569 855 598 sanetimtem
865 580 905 597 ac-

114 615 275 651 quirendam
287 635 295 647 ‚
317 614 386 652 (qui
397 622 472 641 error
480 622 564 650 penes
574 610 779 640 Mahometanos
789 611 865 650 viget
877 631 884 637 .
896 613 907 640 )

112 654 178 682 Imo
196 654 339 683 hominem
359 653 455 682 vivere
473 662 533 680 non
551 650 624 690 polle
640 651 782 681 afferebant
809 650 906 689 absque

111 695 277 731 quotidiano
286 694 391 722 lavacro
402 713 409 726 ‚
428 703 459 721 ut
468 693 503 720 de
511 692 613 721 eisdem
627 693 709 721 refert
720 692 829 720 Sanctus
842 692 907 729 Epi-

113 734 246 772 phaniuss
267 733 297 762 hi
309 743 423 771 rumque
443 732 534 764 fliere5
553 732 601 770 qui
621 732 728 761 Christi
748 731 906 770 Discipulos

112 775 209 803 inlotis
219 774 339 802 manibus
348 783 444 812 penem
455 773 616 802 manducare
627 773 825 811 exprobrabant
835 793 842 799 .
855 773 906 801 Vi-

110 814 144 843 de
154 815 304 844 Baronium
314 814 343 842 in
355 817 459 852 Appar.
470 825 499 842 n.
517 825 560 849 ¹4·
571 817 599 842 ὅ(
607 824 669 842 ann.
680 824 727 852 33.
737 824 765 841 n.
782 824 825 847 ¹4-
844 815 905 842 No-

110 864 175 883 men
184 865 252 883 vero
260 853 314 883 hoc
323 865 443 893 grecum
452 855 490 883 est
502 851 724 894 ιῖμεροβατιτιςῦς
733 875 741 887 ,
753 854 820 882 idest
831 875 840 887 ‚
857 854 906 892 qui

73 907 83 914 ·
107 895 233 933 quotidie
242 896 347 924 lavatur
359 916 366 923 .

28 941 31 943 ’
70 935 287 965 ΗεΜειιοΒιυς.
311 936 384 966 vide
407 936 574 964 Imerobius.

68 976 314 1006 Hemeuonitoiius
326 999 334 1010 ‚
357 977 533 1014 quotidianus
544 973 635 1004 cursor
644 997 652 1008 ,
663 985 781 1015 grsecum
792 976 905 1004 vocabu-

108 1016 166 1043 lum
179 1013 352 1054 iiuspospo'uoq
363 1037 370 1043 .
383 1019 438 1052 [Et
449 1017 482 1044 :id
491 1027 552 1044 eum
563 1017 674 1054 quidam
683 1017 798 1045 mittunt
808 1026 840 1044 ex
856 1016 886 1043 iis
897 1037 904 1049 ‚

109 1057 156 1094 qui
167 1057 237 1095 apud
247 1056 317 1095 ipsos
327 1056 534 1086 hemerodrom'i
542 1066 676 1086 vocantur
685 1077 692 1084 .
703 1058 740 1086 In
749 1057 808 1086 vita
817 1057 842 1085 S.
852 1056 906 1086 Ni-

111 1097 131 1123 li
142 1097 210 1125 Abb-

68 1136 257 1166 Hmiiaxmm
270 1159 278 1171 ,
289 1135 432 1175 τίμιαριαίοι
452 1137 612 1167 Semiariani
621 1160 629 1171 ‚
638 1137 726 1173 abfuit}
735 1159 743 1170 ,
758 1137 787 1165 in
797 1148 904 1176 compo.

108 1177 286 1215 iitionesemi
297 1177 430 1216 fignificat
441 1199 448 1206 .
472 1180 514 1207 Ita
525 1178 590 1205 dicti
609 1178 739 1206 nonnulli
759 1177 902 1210 haerctici,

106 1228 139 1246 eo
151 1219 225 1256 quod
235 1219 336 1255 partim
348 1218 460 1247 Arianis
472 1220 632 1246 viderentur
641 1217 795 1250 confistere,
806 1223 833 1247 ὅ(
844 1218 904 1256 Spi-

107 1260 191 1286 ritum
200 1257 319 1292 sanetum
330 1257 476 1287 ass‘erebint
486 1268 633 1287 creaturam
643 1279 651 1286 .
676 1259 745 1286 Ideo
755 1259 791 1286 D.
803 1260 901 1287 Hiero-

108 1308 207 1333 nymus
217 1299 272 1327 ait:
296 1301 393 1328 Credis
412 1300 483 1337 quod
499 1298 699 1335 univeifitatis
718 1302 849 1327 Trinitas
862 1300 903 1337 fit

106 1343 230 1367 creatrix
242 1341 450 1376 .>istudAr1ani
460 1361 467 1372 ‚
477 1339 513 1372 ὁ»
522 1342 668 1368 Emeriani
678 1348 781 1375 negant
793 1359 800 1370 ,
819 1344 901 1376 Spiri—

106 1380 305 1416 tumsanc'lum
315 1390 367 1408 non
378 1381 542 1408 conditorem
552 1401 560 1412 ,
573 1380 622 1415 sed
631 1380 771 1407 conditum
783 1379 901 1418 blaspln⁴

109 1429 216 1448 mantes
227 1441 235 1452 ,
257 1419 291 1448 ad
302 1421 405 1449 Param-
419 1420 503 1457 Epist.
515 1427 562 1448 61.

67 1461 261 1488 Henici‘ssus
273 1482 280 1493 ‚
302 1459 503 1488 semicirculus.
526 1460 600 1488 Vide
621 1460 766 1488 Tribuna.

68 1501 258 1527 Hmsmzuii
269 1520 276 1527 .
298 1501 374 1528 Vide
396 1501 582 1528 Halabarcbes
593 1519 600 1526 .

68 1540 224 1567 flanona
236 1559 243 1566 .
268 1542 325 1569 PR.
335 1540 442 1568 exafti'o
461 1538 580 1578 sesclupa
598 1538 706 1567 ratione
716 1538 802 1569 usur-‘e
813 1560 821 1572 ‚
843 1550 901 1567 can.

107 1588 238 1617 quoniam
250 1580 350 1613 multi,
361 1579 423 1608 dist.
434 1590 480 1614 47.

67 1621 284 1649 nimiminus
297 1641 304 1652 ,
315 1620 361 1658 qui
372 1620 436 1648 febri
447 1619 563 1649 tertiam
572 1619 671 1649 laborat
684 1631 691 1649 ;
711 1631 799 1659 graeca
808 1631 901 1649 tamen

106 1660 194 1688 dietio
206 1659 342 1697 ἧμιτρὶγης
351 1682 358 1693 ,
381 1670 492 1698 proprie
510 1659 729 1689 semitcrmrium
749 1661 899 1700 {ignificats

106 1710 170 1728 mm
182 1702 296 1728 tertiam
308 1701 337 1728 in
346 1701 468 1739 quolibet
477 1701 570 1730 triduo
581 1701 694 1734 accedit,
707 1701 774 1730 ‘idest
785 1723 793 1734 ,
805 1712 839 1730 ex
851 1701 898 1730 tri-

108 1742 154 1770 bus
164 1742 256 1770 diebus
275 1742 334 1769 due
346 1751 475 1770 extremm
486 1741 547 1770 sunt
568 1742 657 1770 libers:
670 1762 678 1774 ‚
697 1740 770 1770 secus
781 1753 847 1771 vcro
857 1743 900 1771 in-

107 1782 296 1810 termediatrix
307 1782 366 1810 dies
377 1804 383 1810 .
409 1789 421 1818 [
434 1783 526 1810 Nemo
535 1781 612 1820 supra
621 1792 702 1810 unam
715 1781 813 1810 febrem
824 1793 899 1820 cupit

107 1821 234 1850 adhibere
244 1826 366 1860 pejorem
375 1844 383 1856 ‚
403 1834 438 1851 ne
448 1823 561 1860 incipiat
573 1822 739 1851 hemitritaeo
756 1821 900 1852 infinibili

108 1863 199 1890 labore
209 1882 215 1889 .
238 1863 263 1890 S.
275 1864 365 1902 Cypr.
375 1864 408 1891 de
420 1864 497 1901 Sing.
507 1863 586 1892 Cler.
595 1873 653 1901 cap.
665 1870 692 1892 6.

67 1904 310 1931 Htxziicmizsus
323 1924 330 1931 .
354 1904 427 1932 Vide
449 1908 670 1941 Energumenus.

66 1944 271 1972 HENEiuclANi
294 1965 302 1976 ‚
325 1947 352 1973 &
371 1945 535 1972 Henriciam
554 1964 560 1971 .
582 1946 638 1973 PR.
660 1941 792 1972 Haerctici
810 1943 902 1980 symo-

107 1984 178 2013 niaci
190 1984 306 2012 Henrici
317 1985 388 2022 Imp.
400 1983 525 2023 sequaces
536 2005 544 2016 ,
553 1984 627 2012 illius
637 2007 644 2017 ,
656 1994 764 2022 nempe,
779 1985 826 2022 qui
837 1986 901 2013 San-

107 2025 179 2053 &um
190 2027 359 2064 Gregorium
370 2026 469 2062 Papam
480 2026 549 2053 VII.
562 2024 738 2063 persequutus
748 2028 785 2053 eit
796 2047 804 2058 ,
817 2029 845 2054 δι
858 2025 901 2054 U-

107 2066 244 2094 vibertum
255 2087 263 2098 ,
274 2064 320 2093 seu
333 2065 484 2094 Gubertum
497 2068 661 2103 Antipaparn
676 2087 681 2096 ‚
692 2066 726 2094 de
736 2076 790 2103 quo
803 2069 901 2095 Baton.

923 730 1174 759 Herrstrcuxusi
1184 751 1191 762 ,
1214 732 1242 758 ὃ(
1262 734 1276 764 )

922 770 1006 799 Hine-r
1013 781 1122 799 Amrxis
1262 775 1276 804 )

922 810 1176 840 HkprATieuciiuu
1186 831 1192 838 .
1217 813 1291 841 Vide
1303 811 1461 849 sequentem
1471 808 1623 837 distionem
1631 826 1640 834 .

922 851 1131 880 Heianricmi
1140 871 1147 878 .
1159 856 1171 885 [
1183 852 1219 879 In
1228 850 1421 891 septuagesima
1429 849 1538 879 Paschae
1549 856 1656 886 poni-int
1665 846 1761 883 hepta-

1268 0 1408 68 HE.
1600 7 1707 79 '361

966 93 1041 112 meas
1051 94 1062 117 ,ς
1073 91 1138 111 tunc
1148 84 1241 121 Reges
1249 81 1388 119 exceperit
1398 102 1404 108 .
1420 79 1521 109 Blond.
1532 80 1625 110 decad.
1638 93 1665 110 2.
1676 79 1724 109 lib.
1735 86 1764 116 3·

926 123 1141 153 Hzpniismus
1154 144 1162 156 ‚
1174 123 1208 151 sic
1219 123 1320 161 legitur
1329 121 1400 160 apud
1411 122 1521 149 Petrum
1531 120 1636 156 Chrys.
1648 121 1676 149 iri
1684 118 1767 148 serm·

971 173 1034 202 134.
1043 164 1078 193 de
1088 165 1114 193 S.
1127 164 1268 192 Felicitate
1278 164 1416 200 inquiens:
1431 163 1598 198 [Beat2,quae
1610 171 1666 188 non
1676 159 1766 187 solum

965 213 1016 242 pro
1025 206 1084 244 lege
1094 213 1197 242 patitur
1208 215 1216 235 ς
1226 202 1272 232 sed
1286 203 1366 241 iplius
1377 202 1446 240 legis
1455 199 1650 239 heptalismum
1663 198 1765 226 meruit

965 245 1054 274 Mater
1072 246 1167 274 Sancta
1176 254 1306 283 generare
1318 255 1324 271 :
1337 245 1349 274 ]
1371 241 1417 270 sed
1430 241 1649 281 Heptaiychnum
1673 240 1766 277 legen-

965 285 1031 314 dum
1040 296 1073 314 ex
1083 295 1176 325 graeco
1187 285 1319 313 vocabulo
1329 281 1516 316 §vr-ikaiog:
1527 281 1561 310 fic
1574 281 1650 309 enim
1658 278 1767 317 septem

965 327 1134 355 lucernarum
1142 326 1335 353 candelabrum
1345 345 1354 357 ,
1377 324 1411 352 de
1419 331 1478 360 quo
1489 321 1577 350 Exod.
1591 331 1650 359 cap.
1661 331 1676 348 2
1684 328 1709 354 ς.
1721 328 1765 356 ap-

965 367 1081 405 pellavit
1100 366 1298 396 Nazianzenus
1307 387 1315 398 ‚
1334 364 1367 393 :id
1379 362 1454 402 quod
1465 362 1588 390 alludens
1607 358 1767 394 chrysolo-

964 417 1013 447 gus
1024 429 1032 440 ,
1042 408 1067 436 ci
1077 406 1182 445 sePtem
1193 405 1343 435 Felicitatis
1357 404 1429 433 lilios
1437 412 1585 440 comparar-
1597 401 1708 430 Sanetus
1719 409 1765 427 vc-

965 458 996 477 ro
1014 449 1135 477 Irenaeus
1162 447 1235 475 idem
1256 445 1365 484 antiqui
1391 443 1547 473 testamenti
1574 441 1766 471 candelabrum

966 486 1128 526 ἔπτείμυξον
1139 487 1334 517 denominavit
1344 507 1353 519 ,
1375 484 1443 514 idest
1455 505 1464 516 ,
1485 481 1589 522 septem
1597 482 1689 516 myxis
1700 491 1708 511 5
1731 479 1764 508 fi-

965 537 1010 556 cut
1021 530 1095 556 enim
1117 529 1233 557 dicimus
1242 531 1376 566 Dimyxos
1389 547 1397 558 ‚
1415 527 1562 560 Diomyxos
1573 544 1581 556 ,
1600 525 1747 564 Trimyxor
1755 542 1765 554 ,

964 569 1122 608 Polymyxos
1131 581 1143 602 ;
1155 569 1189 597 fic
1200 569 1281 596 etiam
1293 569 1483 605 Hepmmyxos
1492 563 1649 592 dicendum.
1666 568 1678 597 [
1690 561 1764 590 Ubi-

963 605 1014 646 que
1024 610 1100 637 enim
1111 609 1224 637 Eccleiiri.
1234 608 1366 647 praedicat
1376 606 1523 635 veritatem
1533 626 1540 637 ,
1563 607 1590 632 ὅ(
1601 602 1654 632 hoc
1666 602 1704 630 est
1715 601 1763 631 he-

964 650 1102 687 ptamyxis
1112 650 1223 678 lucei-nti
1233 647 1342 678 Christi
1353 648 1470 683 bajulans
1480 646 1573 674 lumen
1583 664 1590 672 .
1601 645 1628 674 S·
1640 645 1762 673 irenaeus

964 690 1010 717 lib.
1034 699 1058 725 5.

1298 750 1372 779 Vide
1394 749 1584 787 Heptaltsmus
1594 766 1604 775 .

963 892 1048 920 ticum
1059 890 1142 929 usque
1158 891 1189 919 in
1198 902 1323 930 quintam
1332 891 1467 920 decimam
1486 890 1560 918 diem
1569 897 1632 916 ante
1639 885 1742 916 Pascha
1751 905 1761 913 .

962 932 1036 961 Ord.
1047 935 1131 961 Rom.
1143 931 1223 960 Idem
1234 932 1395 961 vocabulum
1406 930 1542 969 reperitur
1554 929 1583 957 in
1594 929 1650 956 vita
1659 929 1758 957 S.Gre-

960 972 1034 1011 gorii
1045 973 1139 1011 Magni
1149 993 1156 1003 ,
1168 972 1236 1001 idest
1247 995 1254 1006 ,
1268 972 1546 1009 {Scripsit-praeterea
1553 968 1634 1006 super
1644 969 1762 996 Prover-

961 1013 1003 1041 bi2
1015 1035 1022 1045 ‚
1032 1011 1111 1050 super
1120 1012 1234 1041 Cantica
1245 1035 1254 1047 ,
1265 1014 1299 1042 de
1310 1011 1458 1050 Prophetis
1469 1032 1477 1044 ‚
1498 1011 1533 1039 de
1543 1009 1619 1038 libris
1628 1011 1739 1047 Regum
1751 1028 1759 1040 ‚

960 1053 994 1081 de
1004 1053 1154 1091 Heptatico
1164 1073 1170 1080 .
1184 1055 1196 1084 ]
1208 1053 1260 1082 Sed
1269 1053 1367 1082 rectius
1379 1051 1601 1089 Heptateuchum
1611 1048 1760 1077 dicendum

960 1094 998 1122 cst
1009 1104 1043 1121 ex
1052 1104 1143 1132 greco
1156 1094 1248 1122 vocab.
1266 1090 1437 1130 ε’πτοέτώχον
1449 1113 1457 1124 ,
1479 1091 1554 1129 quod
1563 1089 1668 1128 septem
1677 1089 1762 1132 volu-

963 1133 1037 1162 mina
1049 1133 1202 1173 fignificat?
1224 1144 1285 1162 narn
1297 1133 1519 1162 Pentateuchum
1538 1131 1668 1159 dicuntur
1677 1138 1759 1167 quin-

961 1185 1013 1213 que
1022 1174 1125 1210 Moyiis
1136 1173 1197 1202 libri
1208 1195 1216 1206 ‚
1237 1175 1330 1213 quibus
1339 1172 1440 1202 additis
1451 1170 1532 1210 Josue
1547 1195 1553 1207 ‚
1573 1169 1739 1208 &judicum
1752 1187 1762 1201 ,

961 1225 1026 1243 tunc
1036 1238 1043 1247 ,
1068 1213 1292 1252 Heptateuchum
1302 1235 1310 1247 ‚
1323 1213 1393 1242 idest
1404 1233 1412 1245 ‚
1434 1211 1540 1250 septem
1548 1211 1610 1239 libri
1621 1209 1760 1247 appellan-

961 1265 1005 1283 tur
1015 1275 1022 1282 .
1043 1256 1133 1290 Quzre
1145 1255 1179 1282 de
1187 1254 1286 1283 eodem
1305 1255 1361 1283 ritu
1369 1275 1378 1287 ,
1400 1262 1457 1291 quo
1465 1255 1607 1281 Romanus
1623 1249 1706 1280 Ordo
1717 1247 1760 1276 su-

960 1305 1007 1334 pra
1015 1317 1024 1329 ,
1035 1296 1204 1333 Micrologus
1213 1305 1294 1333 agens
1302 1294 1448 1323 correctius
1458 1314 1466 1326 ‚
1478 1291 1513 1320 fic
1523 1291 1614 1329 inquit
1625 1302 1632 1318 :
1646 1296 1658 1325 [
1669 1291 1706 1318 In
1715 1290 1761 1318 Se,

961 1336 1104 1375 tuagesima
1114 1335 1327 1373 heptateuchum
1346 1334 1485 1373 incipiunt
1497 1353 1504 1360 .
1527 1333 1575 1361 De
1585 1329 1687 1360 Eccles.
1698 1330 1760 1359 Ob-

960 1375 1031 1404 serV.
1042 1387 1065 1404 c.
1078 1388 1124 1412 47.
1138 1381 1149 1410 [
1162 1376 1235 1404 Vide
1244 1375 1367 1404 Gloss‘am
1378 1377 1408 1404 in
1420 1385 1480 1402 can·
1489 1371 1625 1411 qualiter,
1635 1382 1662 1404 7.
1671 1380 1717 1409 qu.
1733 1379 1758 1397 1.

960 1417 986 1448 §-
999 1415 1184 1455 Heptateuchi
1195 1436 1202 1443 .
1222 1417 1277 1445 FR.
1289 1417 1423 1445 Probatur
1433 1413 1543 1450 insuper
1554 1433 1562 1445 ‚
1585 1412 1659 1450 quod
1668 1419 1760 1454 textus

960 1458 1075 1495 Joannis
1084 1456 1206 1486 Diaconi
1216 1457 1246 1485 in
1258 1457 1315 1485 vita
1328 1457 1353 1485 S.
1365 1454 1498 1494 Gregorii
1510 1450 1597 1480 fuiss‘et
1607 1462 1621 1480 a
1630 1451 1760 1480 librariis·

961 1498 1123 1535 depravatus
1134 1508 1141 1527 ς
1154 1496 1216 1535 quia
1226 1507 1285 1525 non
1293 1498 1327 1525 de
1341 1499 1495 1534 Heptaneo,
1503 1491 1551 1521 sed
1559 1493 1593 1520 de
1603 1493 1760 1529 Heptateu-

962 1538 1015 1566 cho
1025 1537 1211 1575 composuerat
1222 1537 1375 1575 Gregorius
1385 1547 1392 1567 ς
1417 1545 1478 1563 nam
1489 1534 1634 1561 tractatum
1646 1532 1679 1561 de
1698 1534 1757 1567 ejus

957 1578 1103 1607 success'ore
1115 1577 1252 1616 Stephano
1272 1579 1312 1605 11.
1324 1578 1477 1605 Cantorum
1496 1572 1602 1602 Scholae
1625 1573 1761 1601 donatum

960 1618 1035 1648 suilli:
1044 1619 1154 1647 habetur
1165 1638 1172 1645 .
1197 1624 1207 1653 [
1221 1617 1414 1647 Reverentiam
1426 1618 1456 1644 B.
1467 1614 1599 1652 Gregorii
1610 1610 1761 1650 praedeces-

959 1658 1030 1688 soi-is
1040 1659 1079 1688 sui
1091 1669 1146 1697 prae
1155 1659 1242 1686 oculis
1251 1658 1341 1686 cordis
1350 1656 1450 1685 habens
1460 1678 1467 1689 ‚
1491 1654 1587 1684 tribuit
1597 1653 1670 1682 idem
1679 1654 1760 1681 Sum·
1812 1675 1814 1677 ,

958 1710 1015 1728 nius
1025 1699 1156 1728 Pontifex
1169 1699 1198 1725 in
1209 1697 1338 1736 hospitali
1350 1697 1428 1736 ipsius
1446 1699 1476 1725 Β.
1485 1694 1616 1733 Gregorii
1628 1693 1658 1721 in
1669 1693 1760 1731 porti-

958 1751 990 1768 cu
1002 1740 1110 1770 B.Petri
1125 1738 1220 1778 Apost.
1231 1737 1387 1767 sermonum
1397 1737 1495 1765 librum
1505 1737 1629 1768 unum,&
1639 1734 1670 1762 in
1678 1732 1762 1762 sebo-¹

958 1782 984 1809 la
995 1783 1151 1810 cantorum
1164 1801 1170 1812 ,
1191 1789 1250 1817 quae
1262 1779 1366 1817 pridem
1375 1775 1661 1816 Orphanotrophium
1679 1783 1760 1802 voca-

957 1822 1033 1850 batur
1044 1844 1052 1855 ,
1065 1819 1291 1858 Heptateuchum
1301 1840 1308 1847 .
1319 1818 1454 1847 Gulielm.
1465 1815 1601 1847 Biblioth.
1611 1814 1683 1852 apud
1690 1817 1762 1844 Tor-

958 1863 1011 1902 rig.
1023 1862 1056 1890 de
1068 1863 1158 1898 Cryp.
1170 1860 1296 1888 Vatican.
1307 1858 1420 1888 secunda
1430 1855 1546 1896 impress‘.
1559 1866 1619 1894 pag.
1634 1866 1644 1884 i
1653 1859 1700 1891 89.

919 1904 1103 1932 Heneti-ra
1114 1922 1121 1929 .
1133 1903 1188 1930 FR.
1200 1899 1335 1929 Haeretici
1344 1899 1374 1927 ab
1386 1898 1516 1927 Heraclio
1525 1895 1629 1925 sedutti
1638 1917 1646 1928 ,
1656 1895 1704 1933 qui
1714 1894 1760 1923 ni-

958 1941 1009 1971 mis
1017 1940 1204 1981 superstitiose
1215 1941 1371 1969 coeiibatum
1381 1939 1582 1969 colebantsnam
1590 1935 1755 1974 conjugium

958 1982 1009 2011 eii'e
1021 1984 1120 2011 malum
1131 1980 1285 2011 ass‘crebanu
1299 1980 1434 2019 negabant
1443 1978 1556 2016 insuper·
1564 1976 1684 2006 infantes
1693 1974 1758 2014 pos-

958 2023 985 2052 se
995 2034 1056 2053 cum
1067 2021 1200 2061 baptismo
1211 2031 1325 2060 regnum
1335 2029 1468 2048 aeternum
1479 2017 1628 2057 consequi,
1648 2027 1696 2052 24.
1707 2026 1755 2056 qu.

959 2075 984 2102 3.
995 2075 1052 2093 can.
1063 2075 1111 2102 39.

109 2116 152 2134 an.
170 2111 253 2134 1080.
266 2116 339 2134 num.
353 2117 367 2134 2
377 2116 385 2133 i
394 2126 401 2133 .
411 2105 552 2134 intrudere
560 2116 589 2134 in
599 2116 726 2144 papatum
735 2116 846 2135 comtus
855 2108 901 2135 cst.
910 2106 1005 2139 'Hem
1018 2106 1122 2133 Dum
1136 2124 1142 2130 .
1161 2102 1234 2131 Vide
1244 2103 1387 2132 maduca
1397 2121 1404 2129 .
1666 2138 1672 2143 .

109 2152 123 2181 [
132 2147 316 2175 Henricianoe
336 2156 402 2175 vero
421 2147 527 2184 penitus
540 2167 546 2177 ,
568 2146 748 2184 penitusque,
773 2148 823 2175 nili
845 2144 1068 2184 ponii-lizinniam
1078 2166 1088 2177 ,
1098 2143 1195 2182 pisum,
1207 2144 1335 2182 legumen
1345 2163 1353 2170 .
1367 2139 1488 2178 [Pisum‚
1498 2139 1572 2180 quod
1582 2139 1672 2168 rustici
1683 2140 1757 2167 Her-

105 2197 230 2225 rmgnzm
240 2187 350 2215 demum
371 2189 579 2215 convenionem
589 2209 597 2219 ‚
618 2189 644 2214 ὃ(
655 2188 854 2224 poenitcntiarn
864 2177 914 2215 re-l

107 2229 236 2265 probavit
246 2249 253 2256 .
276 2230 311 2257 In
325 2229 381 2256 vita
391 2229 416 2256 S.
431 2226 553 2256 Anselmi
563 2227 688 2256 Lucernis
700 2227 788 2265 Epist.
798 2226 814 2256 Ξι
834 2216 916 2256 Lucal

960 2187 1054 2214 biliam
1064 2194 1163 2213 vocant
1174 2205 1182 2216 ,
1205 2193 1239 2212 ex
1250 2184 1384 2212 adventus
1391 2181 1432 2210 sui
1443 2191 1567 2219 tempore
1579 2190 1626 2218 per
1635 2180 1755 2217 singulos

960 2237 1046 2255 annos
1056 2225 1153 2265 sponte
1166 2223 1284 2253 nascitur
1294 2244 1302 2251 .
1324 2224 1360 2252 In
1370 2223 1426 2251 vita
1437 2223 1462 2251 S.
1471 2221 1636 2251 columbani
1649 2221 1717 2249 Abb-

106 2268 265 2307 Uvadingo
278 2269 308 2297 in
318 2269 405 2297 lucem
416 2270 490 2297 edita
500 2290 508 2302 ,
527 2272 555 2296 δι
565 2278 742 2297 cementariis
754 2268 884 2297 illustrata
895 2290 902 2301 ,
920 2268 1046 2296 Heucea
1058 2289 1066 2299 ,
1088 2265 1132 2294 seu
1149 2266 1259 2298 bercia,
1281 2263 1381 2292 famula
1401 2262 1549 2292 domestica
1561 2284 1569 2295 ,
1591 2265 1618 2289 ὃ(
1637 2263 1735 2288 Graece
1745 2278 1754 2291 1

103 2308 132 2339 §-
144 2310 214 2346 38.]
236 2311 315 2338 Inter
323 2310 390 2337 :ilios
402 2310 517 2338 Henrici
530 2319 634 2338 cri-ores
644 2331 653 2342 ‚
665 2308 790 2338 afferebat
800 2330 809 2341 ‚
831 2310 903 2347 quod

962 2308 1047 2344 {pnes-2
1056 2327 1066 2334 .
1076 2306 1173 2344 Aliqui
1183 2315 1274 2334 tamen
1289 2304 1540 2342 verenam-legunt
1550 2322 1557 2329 .
1570 2301 1642 2329 Vide
1652 2304 1758 2327 sterce-

79 2366 82 2370 ·
104 2349 218 2389 ¹61⁸1:me
237 2351 346 2381 dixerat
355 2353 439 2382 Petro
455 2349 584 2380 Christus
591 2349 728 2391 Dominus
746 2351 832 2390 Pasce
839 2361 902 2378 oves
958 2360 990 2386 ,a
1000 2368 1006 2376 .
1029 2347 1192 2378 Tei-tullian·
1203 2344 1326 2375 adversus
1338 2344 1528 2375 Valentinian.
1537 2341 1645 2380 inquit:
1659 2345 1672 2375 [
1684 2339 1760 2408 (ξα-
