1866 2526
463 47 573 91 PR

104 103 203 137 mnndi
215 104 301 148 plagis
309 106 435 135 mornios
443 106 642 147 congregabit,
653 105 831 146 appellarint
839 108 908 146 Quis

107 153 210 181 clamor
218 146 484 187 premi-rentium&
496 148 708 186 praetubantium
716 149 890 188 Angelorum
900 169 908 177 .

65 192 319 223 ΡιενΑιιςΑ-ῐοπ,
329 187 358 216 in
368 199 424 228 quo
434 187 543 217 differat
551 200 565 217 a
574 188 792 222 Calumniatore‚
805 193 832 218 δι
841 193 907 219 Ter-

105 229 273 274 giversatore
283 249 290 257 .
311 229 386 258 Vide
394 235 473 267 Terga
479 230 603 266 versarer
611 249 619 257 .
641 231 698 258 FR.
709 230 907 259 Praevaricator

106 272 209 313 primus
222 269 310 299 Adam
319 270 371 299 suit
383 291 390 299 .
409 269 504 300 Glosl'a
524 270 555 298 in
575 280 632 299 can.
649 268 709 298 haec
726 269 817 310 imago
828 292 836 304 ‚
858 281 906 310 33.

104 313 199 354 quast.
212 320 237 346 5·
248 311 322 340 Vide
334 314 502 340 erman-icor
514 331 521 338 .

66 354 264 384 manmena
279 372 286 379 .
308 353 365 381 FR-
376 351 490 380 crimina
499 349 654 380 abscondo:
679 357 692 387 t
703 353 777 380 Accu
784 350 904 395 satorum

106 394 247 424 temeritas
258 393 342 421 tribus
353 393 443 421 modis
451 392 610 431 detegitur:
629 401 675 420 aut
685 392 761 420 enim
771 392 903 420 calumni-

106 444 190 464 antur
198 456 205 467 ,
217 442 262 461 aut
275 442 489 471 praevaricantur
501 454 508 465 ,
522 441 566 460 aut
577 431 792 471 tergiversantur
802 452 808 457 .
820 432 904 474 Calu-

101 475 212 507 mnitiri,
223 473 260 502 est
273 472 333 502 salsa
342 473 456 502 crimina
466 471 584 501 scienter
594 473 738 501 intendere
749 492 756 499 .
768 474 902 502 Praevari-

1253 49 1285 92 Ρ
1323 50 1366 94 R
1631 69 1706 112 545

959 105 1111 149 ambigitur
1120 129 1130 142 ,
1152 110 1210 144 ejus
1218 109 1295 138 enim
1313 109 1406 139 bulbus
1414 108 1486 140 albus
1498 110 1537 140 est
1548 131 1554 140 .
1576 114 1648 144 Item
1659 116 1761 146 ibidem

960 149 1000 177 ait
1009 170 1016 178 .
1039 148 1198 188 [OPtimus
1215 150 1293 178 color
1309 149 1444 190 smaragdi
1464 155 1516 180 διε.
1536 153 1651 185 vilioris
1674 159 1756 188 turb-e

960 189 1060 228 prasius
1068 202 1080 224 5
1099 192 1174 226 cujus
1185 189 1298 220 alterum
1308 189 1557 232 genassanguineis
1565 197 1673 232 punffls
1682 199 1758 228 abor-

958 240 1011 263 ret,
1023 230 1137 259 tertium
1147 230 1262 269 virgulis
1273 232 1358 261 tribus
1366 232 1526 263 distinctum
1535 234 1574 263 est
1584 238 1756 272 candidum]

960 266 988 300 δὲ
999 270 1129 300 inferius:
1153 277 1168 307 1
1181 271 1227 300 Est
1244 282 1336 301 autem
1345 275 1424 302 color
1443 273 1555 304 fumidae
1566 279 1670 314 topazii
1683 301 1691 311 ,
1714 290 1757 308 aut

958 312 1109 351 aliquando
1119 312 1224 341 mellea:
1235 314 1248 344 ]
1263 313 1337 342 Vide
1347 315 1444 343 melius
1452 336 1460 347 ,
1481 326 1542 354 quae
1552 316 1586 346 de
1596 316 1760 358 chrysopra-

958 350 988 380 so
1000 362 1029 380 in
1045 352 1112 381 dicst.
1123 354 1296 392 chrysocolla
1312 354 1432 383 diximus
1443 377 1452 388 ‚
1473 357 1516 385 ubi
1527 367 1661 396 gemmam
1682 360 1758 389 illam

959 391 1009 422 ess‘e
1017 393 1150 431 prasinam
1160 413 1169 426 ,
1189 394 1291 422 coloris
1300 417 1309 428 ‚
1330 405 1429 434 nempe
1437 418 1446 428 ‚
1457 398 1573 426 violacei
1583 398 1738 429 asstruimus
1749 422 1761 429 .

958 436 1034 472 Ergo
1046 434 1110 462 licet
1119 433 1229 471 Prafion
1237 444 1325 474 graece
1334 446 1446 475 porrum
1455 437 1591 477 significet
1602 462 1610 472 ,
1633 440 1663 470 in
1675 441 1760 474 variis

957 483 1049 502 tamen
1058 474 1195 502 coloribus
1207 473 1322 504 habetur
1332 496 1340 504 .

102 517 156 545 cari
167 516 205 544 est
229 525 292 543 vera
305 515 420 543 crimina
427 512 589 543 abscondere
599 533 606 541 .
628 511 814 551 Tergiversari
824 512 862 540 est
873 513 903 540 in
916 515 1070 543 PitAviras
1083 534 1090 541 .
1104 516 1160 544 FR.
1170 515 1205 543 de
1214 514 1264 544 hac
1274 516 1389 547 clausula
1399 521 1616 557 Sinepravitate
1627 522 1657 550 in
1667 521 1754 551 literis

106 555 264 586 universum
273 556 305 584 ab
314 554 486 583 accusatione
494 553 620 582 desistere
632 574 639 585 ‚
649 563 708 581 can.
719 553 737 581 fi
747 561 830 591 quem
842 574 849 585 ,
875 546 910 580 ιμ’

104 607 150 636 qu.
162 607 176 635 3
183 618 189 623 .
199 596 396 625 praevaricator
406 594 444 639 est
453 593 526 632 quasi
536 594 672 638 varicator
682 615 689 626 ‚
702 593 749 631 qui
759 591 901 637 diversam

103 645 207 676 partem
217 637 329 673 adjuvat
339 635 446 674 prodita
457 633 532 662 causa
543 633 587 662 sua
597 653 604 661 .
617 633 689 662 Ibid.
700 634 727 664 §-
737 634 902 679 Praevarica-

105 687 151 706 τοι·
160 699 167 705 .
179 680 190 710 1
203 677 276 706 Vide
286 677 439 713 Accusator
448 694 455 701 .
466 674 626 703 Colludium
637 695 645 702 .
656 674 802 703 lnludmm
814 694 822 701 .
831 679 897 703 Ter·

97 719 254 756 giversaror
265 738 272 744 .

958 555 1125 592 Apostolicis
1133 555 1253 594 apposita
1264 578 1273 585 .
1285 558 1358 586 Vide
1367 558 1489 588 Glossiim
1498 561 1527 590 in
1538 561 1584 591 lib.
1596 575 1622 592 ι.
1642 563 1758 593 Decret-

957 594 1003 622 tit.
1014 595 1224 626 de‚C0nsirmat.
1235 598 1296 625 util.
1311 599 1354 627 vel
1364 598 1458 628 inutil.
1469 611 1527 640 cap.
1539 607 1565 630 8.

914 636 1052 664 mezom
1064 656 1072 668 ,
1089 646 1178 674 graece
1190 634 1310 675 πράξεων
1324 664 1328 670 ,
1340 640 1474 669 Afrorum
1484 663 1492 675 ‚
1511 642 1550 672 ita
1560 643 1592 671 ab
1603 643 1716 673 Hilario
1725 645 1756 675 in

954 685 1028 710 c.i4.
1041 676 1141 704 Matth.
1151 678 1284 715 appellata
1292 678 1355 708 sunt
1368 682 1435 710 Ac‘ta
1445 683 1654 721 Apostolorum.
1667 687 1758 722 [Nam

955 715 1022 744 sicut
1035 716 1064 744 in
1075 717 1146 745 libro
1155 727 1278 755 praxeon
1289 720 1451 750 continetur
1461 743 1469 750 .

60 760 276 788 Pniciinicus
287 776 293 783 .
315 762 327 791 [
339 757 416 791 Qui(
428 756 496 793 idest
507 776 516 788 ‚
537 757 737 792 Constantinus
755 761 875 793 Magnus
884 758 1065 788 iszcmuA
1074 777 1087 794 ,
1098 758 1343 788 ecclesiasticorum
1354 761 1487 791 bonorum
1499 764 1660 794 ususfi-uftus
1675 767 1757 802 [Sta-

105 807 203 836 quarto
212 797 259 826 die
269 796 307 825 sui
319 796 485 835 baptismatis
494 807 547 824 unzi
555 806 617 825 cum
626 798 752 825 omnibus
762 796 879 835 Satrapis
889 818 896 829 ,

103 841 131 867 δι
141 837 272 867 universo
283 838 392 871 Senatu,
403 837 594 876 optimatibus
603 837 698 874 etiam,
706 842 733 866 ὅ(
743 838 841 865 ειιῃθιο
851 847 900 875 po-

99 879 166 917 pulo
183 878 212 906 in
225 878 338 916 persona
349 879 378 907 B.
391 878 523 914 sylvestri
533 899 542 910 ,
562 877 608 906 sibi
629 879 782 907 Romanam
801 889 900 906 conce-

100 919 196 947 dendo
206 919 314 948 Urbem
324 919 493 957 relinquens,
505 918 534 946 ab
546 928 588 949 eo,
603 921 630 946 ὅ(
640 918 834 948 Succeslbribus
843 922 898 954 ejus

101 969 149 998 per
159 960 354 998 pragmaticum
363 959 543 988 constitutum
556 958 752 996 disponendam
762 959 813 988 ess'e
827 959 899 993 (de-

98 1010 212 1028 cernens
232 1000 261 1027 in
282 999 337 1037 ipsa
356 999 434 1028 Urbe
453 998 591 1038 utriusque
617 1000 756 1038 potestatis
786 1002 899 1029 Monar-

99 1038 191 1068 chiam
200 1040 334 1069 Romanis
343 1040 522 1068 Pontificibus
533 1044 545 1071 )
554 1040 702 1069 declararet
716 1063 723 1074 ,
735 1043 896 1070 &c.1nnoc.

98 1081 152 1109 IV.
163 1081 197 1109 de
208 1081 292 1109 Elect.
303 1084 330 1109 δι
344 1081 428 1109 Elefti
442 1091 499 1119 pot.
511 1081 540 1108 in
551 1089 578 1109 6.
588 1092 611 1109 c.
624 1080 796 1110 fundamenta
809 1104 816 1114 ,
824 1082 851 1114 §.
862 1092 897 1110 ne

105 1131 194 1149 autem
207 1142 214 1153 ,
227 1121 262 1149 ibi
273 1121 365 1150 Glossa
376 1143 384 1154 ‚
403 1125 430 1150 ὁ(
443 1122 472 1149 in
481 1132 503 1149 c.
521 1132 542 1149 i.
552 1122 587 1150 de
598 1132 686 1150 rerum
697 1123 897 1161 permutatione

106 1162 195 1200 inquit
209 1173 215 1189 :
228 1163 363 1201 [Pragma
372 1162 444 1191 idem
454 1163 492 1191 est
503 1184 510 1195 ,
521 1162 595 1200 quod
605 1161 679 1191 causa
689 1184 696 1191 .
720 1163 807 1193 Unde
818 1174 896 1202 prag-

97 1203 196 1231 matica
214 1201 317 1231 sanetio
329 1224 336 1235 ,
355 1203 392 1231 est
414 1203 575 1231 constitutio
586 1202 666 1241 super
682 1205 771 1242 aliqua
794 1214 822 1232 re
833 1215 896 1242 pro-

95 1243 216 1282 mulgata
229 1264 235 1270 .
247 1243 298 1271 Sed
308 1243 344 1271 ibi
354 1253 469 1280 ponitur
479 1253 530 1281 pro
539 1244 760 1277 confirmatione,
770 1245 825 1273 sive
833 1243 897 1273 scri-

97 1293 176 1321 ptura
190 1283 255 1311 sacta
264 1284 294 1311 ab
304 1285 475 1321 Imperatore
486 1288 537 1312 ἃς.
550 1286 560 1315 ]
576 1284 648 1312 Vide
659 1290 736 1322 Leges
748 1305 755 1312 .
766 1287 804 1318 :ll:
815 1286 896 1314 Dici—

100 1333 146 1351 tur
155 1327 335 1361 Pragmatica
341 1326 449 1362 sanc‘h'o
458 1346 465 1356 ‚
475 1327 655 1362 pragmatica
666 1326 748 1363 jussio,
762 1331 895 1363 Pragma-

98 1367 171 1392 titus
182 1373 259 1404 typus
270 1363 327 1397 &c-
351 1364 446 1403 quibus
457 1364 588 1403 loquendi
609 1365 698 1394 modis
706 1365 777 1404 sepe
788 1367 894 1395 Conci-

96 1404 134 1432 lia
143 1413 258 1433 utuntur
276 1404 309 1433 ad
321 1404 499 1443 significanda
517 1404 647 1444 rescripta
665 1404 894 1444 supplicationum

96 1444 206 1480 alicujus
228 1446 435 1474 communitatis
443 1467 453 1479 ‚
471 1455 516 1474 aut
536 1447 670 1486 collegii,
690 1457 748 1475 non
765 1458 855 1478 autem
865 1448 893 1477 in

96 1486 212 1522 gratiam
223 1485 390 1521 particularis
400 1484 515 1522 persona
527 1507 531 1512 .

58 1529 226 1555 PRANDEUM
237 1544 244 1550 .
256 1525 330 1553 Vide
340 1527 501 1554 Rrandeum
511 1546 518 1553 .

56 1568 216 1597 Pnnsiietvs,
229 1562 357 1600 vpioirog
366 1585 373 1591 .
383 1567 439 1594 FR-
450 1564 504 1594 hoc
516 1567 648 1596 vocabulo
657 1566 728 1606 saepe
742 1568 892 1599 Anastasius

97 1605 322 1634 Bibliothecarius
332 1606 361 1633 in
372 1606 437 1634 vitis
447 1606 615 1636 Pontificum
624 1609 711 1636 utitur
720 1619 728 1639 5
741 1609 815 1647 quod
825 1610 891 1638 viri-

95 1644 137 1672 dis
148 1667 155 1677 ‚
167 1645 211 1674 scu
221 1655 361 1683 porraceus
372 1647 449 1674 color
457 1656 471 1674 a
479 1647 618 1686 Calepino
627 1670 635 1681 ,
649 1648 679 1676 in
689 1648 756 1677 di&-
767 1649 893 1685 Chryso-

94 1684 185 1723 prasus
204 1685 376 1714 existimatur
388 1708 395 1719 ‚
415 1696 493 1725 quam
503 1686 625 1726 sequitur
640 1689 780 1718 Famianus
790 1691 889 1719 Nardi-

96 1736 146 1754 nus
157 1726 186 1754 in
195 1729 249 1762 ejus
264 1727 387 1765 Antiqua
396 1729 499 1760 Roma,
511 1728 558 1756 lib.
569 1735 596 1757 ⁶.
605 1740 660 1758 (η’.-
670 1731 785 1768 regione
796 1741 890 1771 9.pag.

94 1765 175 1799 mihi,
186 1777 199 1804 3
207 1777 252 1803 23.
264 1766 289 1797 ξ.
300 1767 349 1795 Gli
358 1767 480 1806 alberghi
492 1788 499 1795 .
511 1769 563 1797 Sed
574 1779 614 1798 res
622 1768 732 1798 obscure
741 1771 890 1802 latethu-

93 1805 180 1834 &ores
192 1816 267 1834 enirn
276 1807 462 1836 communiter
470 1807 585 1837 afferunt
594 1831 602 1842 ,
623 1810 759 1848 prasinum
769 1812 890 1842 colorem

93 1845 212 1874 viridem
224 1868 230 1879 ,
242 1850 269 1874 δι
279 1857 438 1884 porraceum
449 1848 500 1878 ess'e
510 1869 518 1876 .
541 1849 594 1878 sed
602 1860 636 1878 ex
646 1850 740 1879 Plinio
751 1862 809 1880 non
819 1853 890 1882 clare

96 1887 239 1924 colligitur
249 1908 257 1918 ‚
267 1890 342 1922 cujus
350 1888 384 1917 fit
394 1889 496 1917 coloris
505 1899 597 1919 revera
608 1901 615 1921 ς
629 1901 690 1918 nam
699 1891 746 1919 lib.
758 1903 803 1921 20.
814 1904 888 1923 c-n.

94 1926 148 1954 ait.-
173 1933 185 1962 [
197 1927 363 1956 Marrubium
372 1928 446 1958 inter
455 1931 555 1968 primas
572 1930 665 1959 herbas
675 1933 888 1963 commendave-

93 1976 122 1994 re
132 1989 139 2000 ‚
150 1968 223 2005 quod
234 1969 326 1996 Graeci
339 1969 447 2007 prasion
459 1981 558 1999 vocant
567 1991 574 1998 .
588 1974 600 2003 ]
625 1974 660 2000 Et
673 1971 786 2001 inferius
796 1973 829 2002 de
838 1974 888 2002 hu-

91 2009 133 2041 jus
145 2009 238 2036 colore
250 2018 332 2046 agens
342 2030 351 2042 ,
371 2010 427 2038 ait:
449 2011 570 2045 [Castor
581 2012 712 2040 Marrubii
724 2012 780 2041 duo
788 2024 888 2052 genera

92 2047 175 2076 tradit
189 2070 196 2081 ‚
216 2050 327 2088 nigrum
338 2070 346 2082 ,
366 2053 394 2079 δι
402 2051 477 2089 quod
485 2052 573 2090 magis
591 2053 688 2090 probat
697 2053 844 2083 candidum
854 2076 861 2083 .
873 2058 884 2087 ]

90 2090 125 2116 Et
137 2089 238 2117 ibidem
248 2110 257 2121 ‚
276 2099 334 2128 cap.
350 2100 393 2121 ¹7-
413 2092 593 2131 [Origanum
603 2093 714 2126 onitin,
727 2095 771 2123 vel
779 2095 886 2132 prasion

90 2130 231 2166 appellant
242 2149 249 2156 .
269 2131 282 2160 J
298 2131 371 2158 Item
381 2130 428 2159 lib.
438 2142 519 2169 37.c.
533 2137 557 2161 8.
578 2132 742 2169 [Thebaidis
751 2135 886 2166 Alabastra

88 2170 224 2207 oppidum
245 2170 316 2199 nasci
327 2172 439 2204 dicunt,
460 2176 487 2202 ὅ(
497 2173 553 2201 duo
563 2183 664 2212 genera
673 2173 776 2203 faciunt
785 2175 888 2214 prasoi-
902 2166 940 2205 P'a

87 2209 151 2238 dem
161 2232 168 2243 ‚
181 2220 260 2249 atque
270 2210 473 2250 chrysopetron
485 2213 601 2242 similem
610 2213 801 2252 chrysoprasio
811 2235 823 2252 ,
832 2220 887 2254 ejus

84 2251 160 2278 enim
173 2260 232 2280 tota
243 2251 396 2281 similitudo
405 2253 438 2281 ad
448 2254 522 2292 porti
531 2253 639 2283 succum
648 2255 787 2294 dirigitur.
799 2257 813 2287 ]
829 2259 886 2286 Hic

54 2324 57 2326 ι
86 2291 160 2319 enim
172 2302 231 2320 non
243 2293 278 2321 de
290 2294 365 2331 porri
376 2293 463 2323 forma
473 2316 482 2328 ‚
504 2293 549 2323 seu
563 2295 658 2324 colore
666 2317 675 2327 ,
685 2293 733 2324 sed
742 2296 776 2325 de
786 2295 864 2328 succo
876 2321 884 2333 ‚

954 797 1055 825 ruimus
1066 819 1073 829 ,
1093 807 1123 825 ut
1132 799 1260 836 precariae
1269 821 1278 832 ‚
1301 804 1328 830 δε
1339 804 1567 834 commutationes
1576 815 1701 844 tempore
1712 808 1742 836 vi
1750 826 1756 830 —

954 837 1095 866 duatarum
1113 839 1290 868 Ecclesiarum
1303 841 1378 872 fastae
1388 843 1418 872 ab
1429 843 1488 882 his,
1513 845 1560 884 qui
1570 846 1628 875 loca
1641 846 1755 886 Episco-

953 888 1050 916 porum
1059 889 1273 917 occupaverunt,
1286 882 1476 913 rescindantur
1485 906 1492 913 .
1503 887 1614 916 Concil.
1625 888 1755 920 BelvacJ

956 920 1013 948 PR.
1033 921 1189 956 [Precariae
1199 922 1330 951 dicuntur
1350 925 1473 963 quaedam
1484 927 1672 966 praestationes
1682 928 1756 958 usus—

955 959 1054 989 fructus
1064 960 1094 989 in
1103 962 1389 1000 recompensationem
1403 970 1458 1002 ejus
1469 969 1651 1006 proprietatis
1664 991 1672 1005 ,
1691 980 1752 1008 qux

936 1014 938 1016 ·
952 1001 1031 1028 datur
1040 1001 1174 1030 Ecclesiae.
1187 1004 1320 1033 Praeterea
1335 1007 1455 1044 precaria
1464 1008 1502 1037 est
1519 1009 1631 1048 quidam
1642 1021 1754 1039 contra—

951 1041 1008 1069 fuis
1026 1041 1117 1070 affinis
1127 1042 1298 1082 emphyteusi
1309 1056 1318 1075 ς
1338 1044 1384 1075 sed
1398 1048 1425 1076 in
1435 1046 1488 1077 hoc
1500 1049 1595 1079 differt
1604 1073 1612 1084 ,
1633 1052 1708 1090 quod
1718 1053 1754 1080 de

951 1082 1144 1120 quinquennio
1156 1083 1184 1112 in
1193 1084 1415 1123 quinquennium
1428 1099 1576 1119 renovatur
1585 1094 1638 1120 ἀς.
1659 1091 1754 1127 Quan-

951 1122 1042 1161 doque
1053 1124 1091 1152 est
1103 1133 1252 1162 precarium
1265 1147 1273 1158 ‚
1297 1128 1371 1165 quod
1380 1129 1503 1167 precibus
1512 1131 1545 1160 ad
1561 1135 1695 1162 utendum
1703 1133 1755 1162 ali-

951 1163 993 1190 cui
1004 1163 1082 1192 datur
1094 1185 1101 1195 ,
1121 1168 1148 1193 &
1163 1165 1232 1194 illud
1249 1169 1372 1197 revocari
1396 1170 1485 1207 potest
1504 1173 1731 1213 quandocumque
1743 1196 1752 1208 ,

952 1214 1008 1231 non
1020 1205 1142 1233 obstante
1153 1206 1246 1244 aliquo
1255 1210 1332 1244 pacto
1341 1231 1350 1242 ‚
1362 1209 1388 1238 ff.
1399 1211 1433 1239 de
1444 1213 1568 1248 precario
1576 1234 1585 1247 ‚
1603 1217 1631 1243 ὅ(
1642 1224 1752 1243 extrav.

951 1254 1051 1273 comm.
1062 1256 1085 1273 c.
1096 1246 1144 1274 ult.
1156 1245 1243 1275 Glofll
1254 1248 1284 1275 in
1297 1259 1354 1277 can.
1366 1251 1498 1280 Precariae
1511 1274 1520 1285 ,
1544 1265 1586 1282 10.
1598 1264 1643 1293 qu.
1656 1267 1683 1284 2.
1705 1257 1753 1285 Ne

951 1285 1098 1314 videantur
1106 1286 1189 1314 etiam
1209 1287 1336 1327 Episcopi
1357 1301 1482 1331 tempore
1500 1294 1750 1325 administrationis

950 1326 1066 1363 prolixae
1078 1349 1084 1360 ,
1094 1336 1138 1355 aut
1149 1336 1278 1364 precarias
1290 1352 1298 1362 ‚
1309 1341 1369 1359 cum
1379 1333 1502 1361 ordinati
1515 1335 1568 1364 sint
1577 1357 1585 1368 ‚
1598 1335 1682 1365 facere
1693 1348 1753 1366 non

949 1365 1080 1400 debuisse,
1099 1378 1158 1396 can.
1171 1369 1295 1403 Clerici,
1311 1379 1354 1400 16.
1364 1383 1410 1411 qu.
1422 1384 1448 1411 3.
1459 1376 1526 1403 Non
1538 1375 1661 1405 violenta
1672 1399 1679 1410 ,
1692 1388 1754 1406 non

948 1407 1117 1436 clandestina
1130 1430 1137 1441 ,
1159 1419 1206 1437 nec
1216 1410 1335 1440 concesi'a
1345 1415 1464 1451 precaria
1475 1436 1482 1447 ‚
1498 1426 1520 1443 c.
1530 1428 1557 1448 7·
1569 1417 1603 1444 de
1615 1417 1708 1454 privil.
1719 1417 1752 1447 in.

948 1446 1028 1475 sexto
1042 1469 1048 1479 ,
1058 1452 1086 1477 ὃς
1095 1449 1133 1476 ibi
1142 1449 1228 1479 Giofl‘.
1238 1461 1296 1479 can.
1307 1452 1340 1480 de
1351 1455 1480 1491 precariis
1491 1477 1497 1486 ,
1507 1467 1566 1484 can.
1578 1467 1729 1494 precarium
1739 1480 1750 1492 ,

948 1488 1023 1526 lib-3.
1035 1489 1173 1518 Decretal.
1185 1491 1219 1518 de
1230 1493 1396 1528 precariis&
1408 1495 1436 1523 in
1447 1506 1476 1523 c-
1488 1506 1511 1524 1.
1524 1496 1619 1534 passim
1629 1498 1660 1526 fit
1671 1507 1750 1527 men-

948 1529 989 1556 tio
1008 1528 1042 1557 de
1054 1527 1108 1557 hoc
1121 1531 1252 1560 vocabulo
1262 1553 1269 1564 ,
1290 1537 1316 1561 &
1328 1534 1357 1561 iii
1368 1545 1390 1562 c.
1401 1545 1428 1572 3.
1441 1535 1562 1571 ejusdcm
1579 1538 1650 1570 tin]
1675 1540 1751 1567 Item

949 1570 1067 1607 precaria
1085 1571 1186 1599 nedum
1196 1574 1228 1600 ad
1242 1573 1466 1611 quinquennium
1477 1598 1484 1609 ‚
1505 1576 1552 1605 sed
1573 1578 1655 1606 etiam
1664 1578 1751 1618 usque

948 1610 980 1638 ad
990 1620 1109 1639 mortem
1128 1613 1286 1650 accipientis
1306 1614 1476 1654 intelligitur
1486 1638 1494 1649 ,
1517 1628 1574 1646 can.
1588 1617 1659 1657 saepe
1670 1641 1678 1652 ‚
1701 1626 1751 1648 iz-

947 1661 992 1688 qu.
1005 1662 1030 1680 2.
1040 1652 1090 1680 Sed
1103 1654 1243 1690 precariae,
1253 1663 1370 1691 precaria
1382 1678 1390 1689 ‚
1403 1659 1430 1684 δ(
1442 1659 1594 1695 precarium
1604 1658 1748 1690 differunt.

945 1690 1038 1720 Gloss'a
1058 1692 1087 1720 in
1105 1703 1163 1720 can.
1176 1703 1302 1731 precariae
1312 1716 1320 1728 ,
1343 1707 1384 1724 io.
1404 1708 1430 1736 q.
1444 1709 1468 1726 z.
1480 1700 1518 1732 til:
1538 1699 1652 1728 Dicitur
1663 1700 1750 1730 etiam

947 1733 1093 1768 Prastaria
1103 1754 1112 1766 ‚
1122 1732 1158 1762 fic
1169 1733 1242 1771 saepe
1254 1735 1419 1765 Flodoardus
1430 1750 1436 1766 z
1451 1744 1462 1772 [
1472 1741 1526 1767 Pro
1536 1740 1611 1768 rebus
1624 1742 1748 1770 Remen-

946 1772 978 1800 fis
990 1773 1115 1801 Ecclesiae
1124 1795 1132 1805 ,
1141 1784 1205 1812 quas
1218 1775 1262 1804 libi
1272 1785 1321 1813 per
1330 1778 1498 1815 praestariam
1509 1779 1700 1810 'theodoricus
1712 1785 1748 1810 E-

945 1811 1071 1851 piscopus
1081 1813 1201 1853 delegari
1213 1817 1321 1853 petebat
1331 1839 1338 1849 ‚
1350 1818 1397 1846 lib.
1409 1830 1436 1857 3.
1447 1830 1470 1847 c.
1483 1831 1529 1849 21.
1540 1822 1552 1852 ]
1567 1823 1640 1850 ltem
1650 1828 1749 1851 Preca-

945 1861 1019 1881 tona
1027 1853 1144 1882 dicitur:
1160 1857 1228 1890 [De
1238 1858 1323 1889 rebus,
1336 1857 1439 1888 scilicet
1451 1861 1598 1892 ,Ecclesiae
1610 1884 1617 1894 ,
1627 1862 1748 1901 qualiter

947 1894 1090 1922 tractanda:
1101 1895 1155 1922 sint
1166 1917 1173 1928 ,
1183 1899 1210 1925 ὅ(
1221 1897 1256 1924 de
1264 1897 1307 1925 his
1320 1918 1326 1929 ,
1336 1908 1396 1937 quae
1408 1910 1456 1938 per
1465 1902 1646 1939 precatoriam
1659 1913 1748 1942 impe—

944 1944 1051 1963 trantur
1067 1935 1098 1962 ab
1111 1936 1226 1965 Ecclesia
1237 1958 1243 1964 .
1264 1938 1409 1968 Flodoard.
1430 1940 1476 1969 lib.
1489 1954 1515 1970 ι..
1535 1942 1608 1970 Hist.
1627 1945 1748 1972 Remen-

945 1984 1001 2012 cap.
1017 1984 1041 2010 5.
1054 1975 1138 2009 Quod
1149 1977 1256 2005 Clerici
1266 1979 1350 2007 etiam
1361 1979 1417 2009 sine
1429 1983 1588 2019 precatoriis
1598 2004 1606 2015 ,
1627 1985 1748 2022 quiliteiz

943 2015 1128 2044 diuturnitate
1155 2018 1288 2056 temporis
1315 2020 1350 2048 de
1377 2022 1502 2052 Ecclesia:
1522 2024 1748 2054 remuneratione

944 2054 1132 2094 poss'ederunss
1141 2057 1169 2085 in
1177 2061 1220 2093 jus
1231 2062 1409 2098 proprietatis
1418 2063 1550 2101 temporis
1560 2063 1747 2104 praescriptio-

945 2106 978 2124 ne
991 2107 1049 2124 non
1071 2107 1205 2126 vocentur
1217 2119 1224 2126 .
1249 2100 1353 2134 synod.
1366 2103 1533 2140 Epannensis
1544 2126 1552 2137 ‚
1561 2114 1585 2133 c.
1604 2116 1613 2134 i
1623 2109 1648 2133 S.
1671 2107 1747 2135 Item

944 2140 1127 2165 Precaturi'a·
1139 2139 1291 2178 Marculph.
1303 2141 1348 2169 lib.
1363 2152 1390 2169 2.
1403 2143 1511 2172 formul.
1523 2155 1545 2173 c.
1561 2154 1586 2181 5.
1632 2143 1637 2147 ⁴

942 2186 1076 2206 tenum
1087 2199 1094 2210 ,
1113 2177 1239 2208 salarium
1250 2202 1258 2213 ,
1269 2181 1453 2219 stipendium:
1476 2190 1488 2220 [
1501 2185 1544 2214 Ut
1565 2186 1627 2223 quia
1638 2196 1683 2215 eos
1694 2197 1746 2225 pro

943 2218 1124 2257 percipiendo
1142 2228 1266 2257 precario
1276 2221 1342 2251 illuc
1359 2223 1484 2252 noscitur
1495 2225 1686 2255 transmisisse.
1704 2228 1743 2256 D.

942 2260 1029 2297 Greg.
1041 2259 1071 2288 in
1080 2259 1186 2298 Regisl.
1198 2261 1244 2290 lib.
1262 2272 1304 2290 io.
1316 2263 1393 2302 epist.
1405 2275 1432 2302 3.
1446 2267 1457 2296 ]
1469 2265 1569 2295 Differt
1579 2278 1593 2294 a
1602 2268 1724 2304 precaria
1735 2287 1744 2296 .

945 2298 1017 2328 Vide
1025 2304 1157 2329 Precaria
1164 2320 1172 2328 .

82 2341 184 2370 nempe
195 2354 203 2365 ,
223 2332 318 2371 sapore
327 2334 453 2372 loquitur
463 2346 471 2366 ς
481 2345 618 2374 praeterea
628 2335 648 2364 si
658 2336 693 2364 de
703 2338 780 2375 porri
789 2339 884 2368 colore
900 2339 1093 2369 Pucnous
1104 2362 1113 2374 ‚
1133 2340 1260 2371 haerctici
1273 2344 1403 2374 Monachi
1421 2357 1454 2375 ex
1466 2346 1683 2377 Meffilianorum
1701 2347 1742 2377 se—

79 2381 183 2411 ageret,
193 2383 228 2402 an
239 2374 273 2402 de
280 2375 358 2412 porri
371 2375 463 2409 bulbo,
475 2377 533 2408 sive
541 2376 617 2416 foliis
626 2375 766 2418 intelligat
776 2379 884 2410 Plinius
938 2381 981 2408 sta
991 2401 998 2414 ,
1020 2380 1068 2419 qui
1088 2380 1234 2412 afferebant
1252 2383 1361 2425 semper
1377 2396 1456 2416 orare
1473 2398 1601 2427 oportere
1612 2410 1620 2421 ,
1638 2389 1742 2428 aliaque

128 2415 322 2446 Hieralexicon
341 2419 437 2446 Marri
445 2437 453 2446 .

370 2479 379 2493 Ι

1386 2428 1417 2457 Μ
1431 2436 1459 2456 m
1623 2439 1702 2458 exet-
