1866 2526
417 67 533 110 AG

67 126 132 157 talia
149 123 331 156 numismata.
354 125 446 161 Quare
463 125 498 154 ad
517 122 701 162 objectionem
721 122 852 154 satisfaci-

67 177 126 197 mus
134 188 143 201 ‚
166 167 258 207 primo
267 165 339 196 Sui-ii
348 166 510 195 auctoritate
519 187 527 198 ,
548 165 595 204 qui
616 165 645 194 in
656 166 729 194 notis
739 165 772 194 :id
782 165 852 194 hanc

67 208 212 245 synodum
230 229 238 240 ,
269 206 328 235 haec
359 207 441 236 vei-ba
467 206 573 245 profert
584 217 590 234 ε
625 212 637 241 [
659 206 790 244 Demptis
812 215 851 234 ta-

67 258 133 278 men
140 247 310 288 quibusdam,
321 248 367 286 qui
381 257 513 286 putantur
523 246 703 285 supposititii‚
716 247 761 275 vel
772 249 852 276 orse-

67 298 162 318 comm
171 289 330 318 temeritate
348 288 490 327 depravati
501 309 508 315 .
519 290 531 319 ]
555 292 589 317 Et
602 287 732 316 Batonius
750 287 784 316 ad
804 297 851 315 an-

69 340 135 359 num
145 334 212 359 681.
233 329 356 358 ostendit
366 328 546 358 Theodorum
558 327 851 366 Constantinopolita-

69 380 135 399 num
145 369 332 399 Patriarcham
344 370 542 398 Monotelitam
564 369 633 398 hanc
643 369 749 397 sextam
760 369 848 404 Syno-

68 411 135 440 dum
144 410 302 440 adulterasse
313 430 320 437 .
334 409 489 439 Francisciis
500 410 634 439 Turianus
644 410 673 438 in
685 409 791 447 Explic.
802 409 849 442 l.7.

67 451 225 481 Clementis
235 450 357 480 Romani
369 451 402 479 de
417 451 474 479 vita
485 450 645 480 Christiana
655 471 663 482 ‚
683 448 742 477 haec
752 449 849 478 habet:

71 497 85 527 [
98 493 166 521 Illos
177 501 245 520 vero
260 502 322 530 1:23.
333 490 512 530 canones,qui
523 489 609 519 sextae
621 489 727 525 Synodi
740 489 848 518 fuerunt

69 535 122 561 &a
132 535 224 562 Patres
237 543 292 560 non
305 532 452 560 ediderunt
463 553 471 564 ‚
493 531 540 559 sed
548 530 596 559 alii
616 530 676 568 post
689 541 735 565 24.
746 541 830 559 :innos
841 552 848 563 ,

68 583 98 600 ut
119 573 302 611 Theophanes
319 572 420 601 Taralii
438 570 712 609 Constantinopolin
735 571 851 599 Pati-iar-

67 612 127 642 chae
139 613 321 648 Syncellus‚&
335 612 484 641 Anastasius
496 610 629 640 Biblioth.
641 621 704 641 eum
714 609 850 650 sequutus,

69 655 235 683 Hincmarus
244 662 353 691 quoque
365 652 496 691 Archiep.
508 651 684 685 Rhemenfis,
695 652 742 690 qui
752 654 852 680 florue-

68 704 110 722 rat
132 704 257 733 tempore
278 693 389 723 Nicolai
410 694 435 722 1.
453 693 587 722 testantur
597 714 605 725 ,
626 693 716 722 nullos
734 703 851 720 canones

68 734 176 763 sextam
189 734 334 770 synodum
344 742 444 771 praeter
455 733 500 762 sex
513 732 602 761 fecisti:
613 754 619 761 .
632 737 644 766 ]
659 736 698 762 At
708 734 850 772 quomodo

69 785 111 804 res
122 774 148 803 se
159 774 283 803 habuerit
295 795 301 806 ,
325 774 392 801 Vide
402 773 432 801 in
441 784 500 802 can.
512 774 608 802 Habeo
622 797 628 807 ,
640 774 701 802 dist.
718 782 763 802 16.
774 778 799 802 ὅ(
813 775 849 802 ibi

68 814 155 844 Gioff.
167 815 232 843 vide
241 815 325 842 etiam
336 815 369 843 ad
379 825 444 843 ann.
457 822 525 851 692.
538 814 609 853 apud
622 814 780 848 Batoniuin,
792 826 818 843 n.
828 826 849 842 i.

66 858 95 884 ὅ(
104 854 179 894 seqq.
189 859 217 884 ὃς
229 854 274 883 hic
284 865 392 893 quoque
404 855 433 882 in
444 855 508 883 diet.
518 859 656 885 Penteaes
668 876 675 883 .
686 856 787 884 Canon
799 856 850 895 igi-

68 905 113 925 tur
123 896 260 934 praedistae
272 896 380 930 Synodi
392 917 398 927 ,
413 905 441 923 in
451 906 506 934 quo
515 897 590 934 Agni
605 897 708 934 piffiira
720 896 848 934 prohibe-

66 946 111 964 tur
120 958 128 969 ‚
148 936 250 964 nedum
260 936 505 964 contaminationis
516 936 648 975 suspectus
669 936 707 964 est
720 959 726 969 ,
746 936 792 965 scd
803 948 847 975 ap-

65 987 194 1015 parenter
206 975 284 1005 falsus
295 998 301 1009 ,
313 976 414 1005 cumin
423 977 522 1005 ordine
534 978 565 1006 fit
580 983 592 1006 8
601 973 663 1006 2⁸&
675 976 780 1014 praefati
793 979 844 1006 ΡΙ).

66 1027 125 1044 non
137 1017 187 1045 nisi
196 1016 243 1044 sex
253 1027 372 1045 canones
382 1017 532 1046 condidere
545 1040 552 1050 ‚
574 1028 604 1046 ut
615 1017 692 1055 supra
711 1017 846 1045 ostensum

69 1056 119 1084 suit
132 1077 138 1083 .
151 1057 272 1085 Secunda
283 1056 422 1094 responsio
434 1057 472 1084 cst
483 1078 490 1089 ‚
511 1058 585 1096 quod
596 1079 603 1089 ‚
615 1068 713 1095 nempe
724 1080 731 1090 ‚
742 1059 845 1086 etiami}

68 1106 119 1134 pro
129 1095 322 1135 hagiographo
332 1097 394 1124 talis
403 1107 492 1125 canon
503 1098 668 1126 concedatur
680 1119 688 1130 ,
709 1099 775 1136 quid
787 1101 845 1133 ejus

67 1137 148 1165 vei-ba
169 1138 319 1174 importent
330 1158 338 1169 ‚
357 1146 421 1164 mox
444 1138 595 1165 videbimus
605 1159 611 1165 .
630 1140 666 1166 In
685 1137 734 1166 hac
754 1140 844 1176 itaque

67 1176 145 1204 sexta
155 1176 279 1211 synodo,
291 1186 350 1213 qux
364 1176 414 1204 fuit
424 1176 549 1205 Concilii
559 1178 829 1216 Constaminop-III
837 1199 843 1205 .

65 1215 112 1245 sub
124 1216 271 1255 Agathone
281 1218 391 1253 Papa‚&
403 1217 593 1245 Constantino
602 1218 730 1246 Orientis
741 1221 842 1256 Imper.

65 1258 119 1285 IV.
139 1257 212 1294 quod
229 1255 352 1284 asseritur
369 1269 382 1284 a
394 1258 486 1285 leone
499 1259 539 1286 ΙΙ.
559 1260 690 1287 Romano
709 1258 843 1287 pontifice

65 1296 140 1325 fuiss'e
150 1297 180 1324 in
189 1306 264 1334 parte
284 1297 476 1325 confirmatum
486 1320 494 1330 ,
513 1302 540 1327 ἃ
552 1309 565 1326 a
577 1299 728 1328 Clemente
740 1302 792 1328 IV.
815 1299 843 1327 in

64 1346 140 1374 parte
150 1337 233 1365 ctiam
243 1347 383 1375 acceptum
394 1360 400 1370 ‚
413 1349 473 1366 can.
484 1339 641 1367 Clementis
651 1362 658 1372 ,
669 1340 732 1368 dist.
749 1347 791 1368 16.
802 1348 841 1367 ta<

63 1377 98 1405 lis
107 1379 144 1406 est
155 1381 210 1412 ejus
220 1377 380 1415 dis-politio.
403 1379 434 1407 in
445 1389 503 1406 can.
517 1383 562 1408 82.
585 1384 597 1413 [
611 1380 703 1418 Igitur
713 1390 761 1418 per
773 1391 840 1408 non-

63 1418 151 1446 nullas
161 1419 357 1446 venerabilium
370 1419 521 1457 imaginum
532 1420 647 1457 pifturas
661 1424 754 1459 Agnus
766 1421 821 1449 Dei

64 1459 112 1495 qui
121 1459 214 1497 digito
225 1458 400 1487 Praecursoris
412 1459 579 1488 monstratur
590 1482 596 1491 ,
608 1461 781 1500 depingitur,
793 1460 842 1499 qui

63 1498 96 1525 ad
105 1509 200 1536 grathe
211 1499 324 1537 figuram
334 1499 477 1538 asliiinptus
488 1502 526 1528 eil
538 1522 544 1532 ,
566 1511 662 1528 verum
681 1512 694 1529 :i
707 1502 783 1530 nobis
794 1511 843 1539 pei·

64 1537 154 1574 legem
165 1538 306 1567 Christum
318 1541 408 1568 Deum
418 1540 541 1568 nostrum
551 1542 769 1578 praemonstrans.
783 1545 842 1570 An-

66 1578 153 1614 tiquas
165 1587 232 1616 ergo
242 1578 339 1616 figuras
349 1601 356 1611 ‚
367 1584 394 1609 ὃ(
403 1581 508 1609 umbras
518 1603 525 1613 ‚
541 1591 571 1608 ut
584 1583 708 1610 veritatis
720 1582 804 1621 signa,
815 1585 842 1610 δ(

63 1616 231 1645 characteres
240 1620 363 1647 Ecclelix
374 1621 488 1649 traditos
497 1622 612 1660 ample&
618 1632 705 1654 entes,
717 1624 842 1661 gratiam,

63 1660 91 1685 δ(
103 1657 250 1686 veritatem
259 1667 458 1696 praeponamuS,
467 1671 538 1694 eum,
550 1672 580 1689 ut
594 1663 661 1701 legis
670 1662 844 1701 supplemen-

66 1706 124 1725 tum
136 1719 144 1730 ‚
153 1696 329 1736 suscipientes
339 1720 345 1726 .
360 1701 405 1729 Ut
414 1711 490 1739 ergo,
502 1702 576 1739 quod
588 1702 735 1739 perfectuin
746 1704 844 1736 cst‚ve1

63 1738 206 1766 oculorum
216 1738 570 1776 expreffiombus,omruum
581 1743 667 1770 oculis
675 1742 842 1779 subjiciatur,

66 1781 142 1814 ejus,
162 1779 209 1818 qui
221 1779 296 1808 tollit
309 1790 417 1818 peccata
428 1781 543 1814 mundi,
564 1781 671 1811 Christi
682 1784 738 1812 Dei
758 1783 842 1812 nostri

65 1817 148 1846 instar
166 1818 288 1848 hominis
305 1819 489 1849 chara&erem
500 1842 508 1854 ‚
528 1822 612 1850 ctiam
631 1823 661 1850 in
682 1823 843 1862 imaginibus

67 1857 194 1896 deinceps
214 1869 265 1897 pro
284 1871 351 1889 vero
364 1864 449 1900 Agno
460 1862 539 1890 statui
557 1862 725 1896 αἰςηλέθκι
745 1869 759 1897 (
767 1865 842 1902 quod

66 1897 215 1942 legendum
223 1900 261 1928 est
270 1900 476 1938 α’γνκςηλέθοα
485 1906 497 1934 )
505 1903 625 1939 jubemus·
638 1925 643 1934 ,
654 1912 683 1931 ut
697 1914 743 1941 per
753 1903 841 1942 ipsum

39 1976 44 1983 ι
67 1938 143 1966 verbi
154 1939 210 1981 Dei
219 1938 407 1970 humilitatem
416 1952 509 1971 mente
520 1943 796 1981 comprehendentes,
807 1946 841 1974 ad

67 1987 231 2021 memoriam
248 1990 355 2020 quoque
376 1984 431 2017 ejus
459 1983 489 2011 in
506 1993 586 2011 carne
606 1983 823 2014 conversationis
831 2007 840 2018 ‚

71 2017 204 2056 pastionis
217 2040 225 2051 ,
243 2023 270 2049 δι
289 2022 439 2052 salvatoris
460 2024 559 2052 mortis
577 2024 743 2052 deducamur
753 2047 761 2058 ,
780 2025 849 2061 eius-

66 2069 119 2097 que
129 2080 137 2091 ,
155 2068 214 2097 quae
234 2069 267 2087 ex
278 2070 312 2089 eo
330 2062 398 2090 facta
407 2062 446 2091 est
466 2064 587 2097 mundo,
606 2065 805 2103 redemptionis
815 2086 822 2093 .
836 2069 847 2098 ]

67 2099 126 2142 sz
150 2100 190 2126 nil
209 2099 244 2127 dc
264 2101 467 2131 numismatibus
485 2105 570 2133 cereis
579 2108 678 2144 Agnus
691 2106 746 2134 Dei
757 2126 764 2133 .
785 2107 848 2135 Imo

67 2149 98 2167 in
109 2149 126 2177 q
137 2139 224 2167 isidam
234 2140 375 2184 Theodori
394 2144 509 2180 epistola
529 2155 612 2183 penes
622 2146 770 2174 Bai-onium
782 2157 846 2174 ann.

69 2183 136 2213 814.
147 2180 184 2207 ibi
204 2181 237 2208 :id
248 2182 433 2211 comunionem
444 2186 604 2213 Gtaecorum
615 2206 623 2217 ,
645 2196 692 2224 qui
703 2187 846 2225 Imagines

66 2217 151 2247 sacras
160 2221 298 2265 negabant
308 2242 316 2253 ,
327 2221 401 2250 inter
410 2223 461 2252 alia
471 2235 632 2264 argumenta
644 2236 695 2266 pro
703 2226 731 2254 se
741 2227 845 2255 dictum

66 2269 200 2288 canonem
211 2262 286 2289 affert
300 2283 308 2294 ‚
327 2262 457 2301 additque
466 2264 662 2301 Chrysostomi
682 2267 781 2300 verba,
802 2277 844 2295 in-

65 2309 179 2336 quiens:
205 2307 217 2335 [
229 2303 294 2330 Vox
304 2301 501 2344 chrysostomi
511 2306 550 2334 est
559 2327 567 2339 ‚
588 2310 648 2345 Ego
666 2317 700 2335 ex
712 2317 773 2335 cera
783 2317 846 2336 amo

67 2347 200 2382 picturum
212 2343 324 2380 pietatis
333 2353 399 2381 ergo
410 2342 505 2372 fastam
515 2366 522 2372 .
533 2348 546 2376 ]
567 2350 602 2374 Et
613 2349 708 2375 Petrus
720 2348 843 2376 Valeria-

66 2387 115 2408 nus
125 2400 134 2413 ‚
145 2379 192 2409 hb·
207 2391 216 2409 1
224 2393 250 2412 0·
260 2383 423 2421 praedistum
432 2394 567 2414 canonem
574 2386 659 2417 latine
668 2387 698 2416 in
706 2386 785 2416 sensu
803 2388 845 2416 af-

1194 66 1304 107 AG
1591 78 1641 122 35

910 121 1051 152 firmativo
1059 120 1186 151 traduxit
1206 142 1213 149 .
1225 122 1324 151 Tertio
1335 121 1521 160 respondetur
1538 135 1585 162 per
1597 123 1694 159 Adria,

907 174 974 193 num
992 165 1094 202 Papam
1112 163 1143 191 in
1162 162 1240 202 epist.
1259 163 1294 192 ad
1312 162 1470 192 ‘tharasium
1489 165 1674 194 Patriarcham
1683 185 1693 199 ,

908 205 969 234 dist.
982 215 1009 243 3.
1018 215 1078 233 can.
1090 205 1200 233 Sextum
1211 203 1356 239 Synodum
1367 225 1376 237 ‚
1387 207 1415 233 ὅ(
1424 204 1521 233 clarius
1529 205 1600 244 apud
1611 208 1692 234 Baro-

907 245 984 274 nium
993 244 1027 274 ad
1036 256 1100 274 ann.
1114 249 1148 277 87
1156 254 1180 280 5.
1195 244 1243 272 fol.
1254 255 1323 283 370.
1333 244 1390 273 litt.
1402 247 1436 274 A.
1445 248 1473 274 δι
1483 244 1561 284 seqq.
1573 245 1690 284 iinpress‘.

906 286 1047 315 Vaticana:
1058 308 1066 320 ,
1095 285 1243 314 canonem
1264 284 1407 323 pra-fatum
1426 286 1601 324 ampleffltur
1619 287 1691 324 Papa

906 326 1044 356 Adrianus
1054 326 1118 360 ,ubi
1128 326 1247 354 dicitur:
1269 331 1281 361 [
1295 326 1385 354 Etiam
1395 326 1426 354 in
1436 326 1599 366 imaginibus
1609 331 1662 356 &c.
1676 328 1687 358 ]

905 377 953 406 per
963 377 1043 406 quam
1053 367 1214 406 particulam
1224 387 1232 399 ,
1252 377 1313 395 cum
1324 376 1357 395 ex
1369 365 1409 396 sui
1429 377 1526 396 natura
1535 367 1689 404 conjunt‘h-

908 419 941 437 va
953 429 961 441 ,
971 411 999 436 δι
1008 407 1167 447 ampliativa
1178 429 1186 441 ‚
1206 417 1267 436 non
1279 417 1345 436 vero
1356 407 1478 437 taxativa
1488 429 1496 442 ,
1515 412 1544 438 δ(
1552 408 1688 437 exclusiva

904 459 934 477 ea
954 449 986 477 sit
998 459 1006 479 ς
1028 449 1092 478 ideo
1111 459 1169 476 non
1189 447 1361 486 intelligitur
1379 449 1489 477 excludi
1500 451 1612 488 Agrium
1632 448 1690 477 Dei

904 489 1042 528 depictum
1052 510 1060 517 .
1071 490 1178 527 Quarto
1189 489 1305 518 dicimus
1316 499 1372 517 non
1383 487 1433 517 eise
1444 489 1479 517 ibi
1490 488 1642 518 sermonem
1653 488 1688 516 de

905 528 1063 566 hujusmodi
1074 534 1171 568 Agnus
1184 533 1237 559 Dei
1248 539 1281 558 cx
1291 540 1352 558 cera
1361 533 1414 558 &c-
1432 528 1478 559 sed
1487 530 1522 558 de
1539 530 1595 559 illis
1603 529 1637 559 ad
1648 530 1688 558 la-

907 580 948 599 tus
957 570 1135 599 Praecursoris
1146 570 1260 609 depictis
1271 590 1278 597 .
1301 571 1361 599 Nec
1380 569 1443 598 sane
1452 570 1584 599 credibile
1603 569 1668 599 ess'et
1678 591 1686 601 ,

907 612 1052 646 Synodum
1061 611 1126 640 talia
1135 610 1205 640 sacra
1214 609 1379 640 numismata,
1389 609 1554 649 prohibuisse
1564 633 1572 644 ,
1584 612 1614 640 in
1625 610 1687 649 qui-

906 651 952 679 bus
964 651 1070 690 semper
1080 674 1089 686 ‚
1106 656 1133 681 δ(
1144 653 1176 680 ab
1186 652 1304 690 antiqno
1322 662 1421 690 magna
1440 652 1557 680 devotio
1568 653 1683 680 extitit:

906 692 1024 730 legimus
1044 694 1119 721 enim
1140 693 1211 730 apud
1221 691 1374 721 Zucchium
1393 692 1421 720 in
1441 691 1555 720 historici.
1565 694 1686 731 Mogun-

908 733 954 760 tiae
967 755 975 765 ‚
993 735 1163 772 Gregorium
1174 733 1305 772 Magnum
1321 732 1524 761 Theodolindae
1536 733 1624 771 Regis
1644 734 1685 761 A-

905 773 984 811 giulfi
994 775 1074 802 uxori
1086 775 1150 802 bina
1161 772 1322 802 numismata
1332 771 1404 801 sacra.
1416 775 1511 811 Agnus
1521 774 1578 802 Dei
1588 771 1685 801 misisse

905 823 971 842 auro
981 814 1093 853 alligata
1106 836 1113 847 ‚
1124 824 1183 852 quae
1194 813 1282 842 adhuc
1293 824 1321 841 in
1330 823 1360 841 es
1373 814 1409 842 Ci
1415 814 1502 841 vitate
1513 812 1682 842 conservan-

905 864 949 882 tur
960 875 967 882 .
977 854 1133 883 paschalem
1144 864 1212 882 item
1224 853 1402 892 primum‚qui
1411 854 1539 885 regnavit
1550 858 1683 885 ann.817.

905 894 984 928 idest,
995 896 1054 933 post
1065 894 1192 924 saeculum
1201 894 1312 923 circiter
1321 895 1401 932 ipsius
1412 894 1528 923 Adriani
1541 916 1548 927 ‚
1560 905 1616 923 non
1628 903 1685 922 tam

904 935 1133 973 recenterjuffiffe
1145 936 1211 963 tales
1223 935 1320 974 figuras
1331 935 1407 973 Agni
1419 935 1474 963 Dei
1485 935 1596 981 formari
1607 956 1614 967 ,
1635 934 1684 963 sic-

906 986 935 1004 ut
946 976 1033 1004 adhuc
1045 977 1074 1004 in
1083 977 1188 1005 musivo
1198 976 1327 1014 effigiatae
1341 975 1471 1004 videntur
1491 977 1519 1004 in
1529 975 1683 1005 Transtibe-

905 1017 963 1045 rina
982 1017 1007 1045 S.
1020 1017 1143 1046 Caeciliae
1154 1016 1270 1045 Ecclesia
1282 1038 1289 1049 ,
1313 1020 1341 1044 ἃ
1351 1016 1380 1043 in
1392 1016 1497 1045 Sacello
1516 1017 1541 1045 S.
1553 1015 1684 1045 Praxedis

900 1057 940 1084 sui
951 1057 1145 1085 Cardinsclatus
1167 1057 1251 1085 titulo
1262 1078 1270 1089 ,
1292 1057 1335 1084 ubi
1353 1055 1416 1094 Jesu
1426 1056 1532 1085 Christi
1543 1057 1683 1085 Columna

901 1098 1003 1125 colitur
1020 1119 1028 1130 ‚
1062 1098 1091 1125 in
1113 1107 1165 1135 qua
1183 1098 1309 1135 alligatus
1328 1118 1336 1129 ‚
1359 1101 1386 1125 Sc
1407 1097 1557 1135 flagellatus
1579 1096 1664 1124 fuerin
1674 1117 1683 1124 .

902 1137 1000 1166 Refert
1011 1137 1156 1175 predictus
1167 1137 1308 1165 Bonardus
1320 1158 1328 1170 ,
1349 1136 1454 1164 sextam
1464 1137 1607 1171 synodum
1617 1136 1682 1165 ideo

899 1176 952 1205 hoc
963 1176 1128 1215 prohibuisse
1138 1199 1145 1209 ‚
1166 1188 1199 1205 ne
1218 1186 1383 1216 cogerentur
1402 1176 1496 1204 fideles
1515 1177 1655 1212 judaizare
1675 1189 1682 1207 i

899 1217 946 1245 sed
965 1218 1018 1245 tale
1046 1217 1197 1255 periculum
1218 1218 1248 1245 in
1270 1218 1321 1245 illo
1340 1216 1440 1245 sxculo
1461 1216 1581 1245 extitisse
1590 1239 1598 1249 ‚
1622 1218 1684 1245 nul-

900 1258 948 1286 libi
962 1258 1074 1296 legitur3
1085 1258 1152 1286 benc
1162 1267 1254 1285 tamen
1266 1257 1318 1285 ho:
1331 1257 1483 1295 periculum
1493 1258 1524 1285 in
1536 1257 1682 1295 primitiva

900 1299 1017 1327 Ecclesia
1029 1297 1104 1326 fuiffe
1117 1296 1253 1326 noscimus
1263 1319 1269 1325 .
1282 1300 1342 1327 Nec
1354 1301 1437 1333 majus
1449 1297 1511 1326 esset
1523 1299 1662 1326 motivum
1673 1319 1682 1330 ‚

899 1338 1043 1367 Christum
1054 1338 1100 1367 sub
1121 1349 1191 1376 typo
1203 1339 1279 1377 Agni
1292 1361 1298 1370 ,
1319 1342 1399 1377 quaxn
1411 1338 1545 1376 Spiritum
1556 1339 1681 1367 Sanftuin

900 1378 946 1406 sub
958 1378 1042 1417 figura
1053 1379 1196 1408 Columbae
1217 1379 1364 1417 prohibere
1383 1379 1497 1418 dipingi
1509 1390 1515 1409 ;
1541 1379 1585 1407 vel
1606 1379 1683 1406 idem

896 1418 1050 1456 sti-apulum
1061 1418 1124 1448 esset
1136 1422 1248 1458 Agnum
1259 1419 1407 1458 dipingere
1418 1440 1426 1452 ‚
1449 1430 1478 1447 ac
1490 1420 1520 1447 in
1531 1417 1608 1447 Missh
1619 1429 1684 1456 pro-

896 1459 966 1488 ferre
977 1463 1074 1497 Agnus
1084 1465 1136 1488 Dei
1150 1463 1198 1498 qui
1208 1460 1282 1487 tollis
1293 1460 1351 1492 &cz
1362 1459 1596 1497 Quandoquidem
1607 1469 1684 1487 utro-

897 1511 950 1538 que
960 1499 1043 1528 modo
1055 1501 1249 1539 deciperentur
1268 1500 1362 1528 idiotae
1376 1511 1382 1527 :
1402 1500 1478 1528 ficuti
1498 1500 1608 1527 cuidam
1618 1500 1680 1528 rudi

896 1540 980 1569 semel
991 1540 1092 1568 accidit
1103 1563 1111 1573 ,
1135 1541 1185 1579 qui
1192 1541 1257 1568 dum
1279 1550 1337 1569 non
1356 1550 1463 1578 poterat
1481 1539 1620 1568 addiscere
1631 1540 1682 1568 ali-

900 1591 980 1619 quam
991 1590 1094 1619 partem
1104 1579 1277 1609 salutationis
1289 1581 1433 1619 Angelicae
1445 1601 1453 1613 ,
1472 1579 1525 1608 fuit
1535 1580 1682 1609 insti-ustus

899 1621 1006 1660 vulgati
1018 1619 1145 1649 sermone
1157 1622 1270 1649 recitare
1279 1620 1350 1649 hanc
1360 1630 1469 1658 precem
1479 1642 1486 1652 ,
1501 1629 1599 1657 nempe
1609 1641 1617 1652 ,
1639 1622 1683 1648 A-

893 1673 964 1699 gnus
978 1664 1047 1694 Dei,
1070 1665 1118 1699 qai
1129 1662 1326 1699 tollispeccata
1337 1661 1435 1688 mundi
1448 1681 1454 1692 ,
1468 1661 1595 1697 miserere
1605 1662 1660 1688 mei
1671 1673 1681 1689 .-

897 1701 990 1740 elapso
1002 1712 1068 1729 vero
1078 1712 1151 1729 anno
1170 1712 1228 1729 non
1240 1701 1357 1739 amplius·
1379 1700 1487 1728 dicebat
1496 1704 1594 1737 Agnus
1603 1721 1613 1733 ,
1631 1698 1680 1729 scd

898 1746 982 1771 Aries
1000 1745 1074 1774 Dei,
1098 1741 1178 1769 stulte
1198 1740 1364 1770 obstinando
1374 1762 1382 1773 ,
1405 1741 1480 1778 quod
1497 1740 1557 1778 post
1576 1750 1681 1769 annum

897 1793 955 1810 non
964 1791 1071 1820 poterat
1083 1782 1199 1820 amplius
1210 1782 1267 1810 dici
1279 1785 1376 1818 Agnus
1387 1801 1395 1812 ,
1416 1779 1465 1809 sed
1474 1784 1558 1809 Aries
1570 1781 1662 1818 potius
1670 1802 1681 1814 ,

897 1823 963 1850 dum
981 1823 1125 1850 anniculus
1140 1825 1196 1857 jam
1216 1831 1290 1850 erat.
1312 1821 1376 1857 Quo
1388 1831 1456 1849 vero
1472 1821 1507 1849 ad.
1517 1821 1601 1848 ritum
1614 1831 1682 1849 con—

894 1861 1041 1891 sueverant
1053 1861 1216 1890 numismata
1225 1862 1285 1890 haec
1294 1860 1367 1890 sacra
1379 1861 1506 1889 distribui
1516 1861 1680 1899 antiquitus,

895 1912 926 1930 ut
937 1903 1092 1931 Amalarius
1111 1901 1209 1931 scribit
1218 1924 1227 1936 ‚
1249 1901 1320 1930 infra
1342 1901 1480 1930 Octavam
1498 1899 1608 1929 Paschae
1621 1922 1628 1932 ‚
1651 1912 1681 1929 ac

896 1943 972 1971 varie
982 1944 1014 1971 in
1026 1943 1110 1971 vai-iis
1120 1943 1287 1981 temporibus
1298 1939 1524 1969 consecrabantur
1533 1963 1541 1974 ‚
1562 1951 1592 1968 ut
1601 1940 1684 1970 habe-

902 1993 947 2011 tur
959 1993 1041 2021 penes
1051 1983 1138 2011 difflos
1149 1983 1305 2012 Bonardum
1316 2003 1323 2014 ,
1335 1981 1450 2009 ‘sobiam
1459 1983 1602 2011 Coronam
1611 2002 1620 2014 ,
1633 1984 1683 2021 Jo-

901 2021 996 2061 sepum
1017 2023 1194 2061 Pamphilum
1204 2045 1212 2056 ‚
1240 2020 1438 2058 Honuphrium
1455 2022 1630 2055 Panvinum,
1652 2026 1683 2051 ὅ(

902 2063 1055 2102 josephum
1074 2064 1190 2092 Mariam
1209 2062 1358 2091 Suaresium
1368 2082 1376 2093 ,
1404 2062 1451 2100 qui
1462 2072 1558 2090 omnes
1573 2062 1608 2090 de
1631 2062 1682 2091 hac

901 2104 1016 2132 materia
1029 2114 1145 2142 egerunt
1157 2124 1163 2131 .
1183 2104 1219 2136 ΙΙΙΙ
1239 2102 1291 2130 Sed
1303 2101 1388 2129 hodie
1397 2103 1468 2140 Papa
1477 2101 1548 2131 solet
1560 2102 1619 2130 haec
1630 2113 1681 2131 nu-

899 2143 1025 2172 mismata
1034 2154 1110 2172 cerea
1120 2144 1213 2181 primo
1221 2153 1294 2170 anno
1304 2140 1526 2172 smPontificcitus
1535 2142 1682 2171 benedice-

900 2195 929 2213 re
939 2206 948 2217 ,
969 2184 1072 2212 deinde
1094 2185 1125 2212 in
1134 2183 1257 2221 quolibet
1278 2180 1425 2220 septennio
1436 2184 1470 2211 ad
1481 2184 1620 2212 Octavam
1632 2185 1682 2212 Pa-

898 2224 971 2253 schae
984 2245 992 2252 .
1002 2227 1075 2253 Rev.
1085 2234 1177 2252 tamen
1189 2223 1303 2252 Sacrista
1312 2223 1421 2251 auxilio
1430 2224 1610 2253 Clericorum
1621 2245 1629 2255 ‚
1652 2228 1681 2253 ὅ(

899 2263 1109 2303 Religiosorum
1121 2274 1151 2292 ea
1160 2273 1224 2292 ante
1234 2273 1336 2291 annum
1346 2273 1480 2303 praeparat
1490 2286 1496 2296 ,
1507 2274 1535 2292 :ic
1548 2263 1681 2293 Pontifex

899 2305 931 2334 in
944 2305 1012 2333 ferm.
1021 2306 1105 2334 tertia
1115 2303 1222 2333 Paschae
1235 2303 1346 2332 'indutus
1355 2306 1456 2333 amictu
1467 2326 1475 2337 ‚
1497 2305 1556 2333 alba
1567 2325 1574 2335 ,
1584 2314 1683 2343 cingu-

900 2346 928 2373 lo
940 2367 946 2377 ,
971 2345 1038 2373 stola
1049 2365 1058 2378 ,
1082 2349 1110 2374 ὅ(
1129 2345 1210 2372 mitra
1230 2354 1326 2383 aquam
1346 2345 1487 2373 benedicit
1499 2365 1505 2377 ‚
1529 2342 1683 2373 infundens

898 2384 1063 2418 balsemium
1081 2390 1109 2414 ὅ(
1121 2384 1240 2414 chrisma
1253 2406 1262 2418 ,
1280 2384 1406 2422 dicitque
1424 2386 1529 2423 aliquas
1539 2392 1632 2454 pereces
1648 2387 1682 2416 in

1297 2425 1328 2453 C
1370 2435 1387 2454 2.
1573 2432 1645 2453 απε-
