1866 2526
0 0 47 86 β

12 106 18 113 ι

16 127 31 141 Ἰ

462 51 564 95 SU

110 114 147 145 de
158 124 209 154 qun
216 111 297 143 etiam
306 108 439 142 Horatius
448 132 457 144 ‚
479 110 526 140 lib.
544 121 566 139 i.
578 109 716 149 epistolar.
726 109 759 139 acl
771 107 906 140 Metenn-

115 165 172 184 tem
179 153 251 183 circs
259 153 361 182 finem:

152 193 270 226 Occurri
281 214 290 226 ,
300 192 371 221 rides
384 205 390 220 :
404 191 423 220 si
435 191 506 220 sorte
515 190 639 220 subucula
649 201 725 230 pexae

150 231 227 265 Trita
236 232 322 262 subest
332 233 432 261 tunica:
448 253 455 264 ,
463 232 508 260 vel
518 231 537 261 si
548 242 612 271 toga
623 231 733 261 dissidet
743 231 829 270 impar
839 252 847 258 .

70 275 240 304 Sumen-110
252 295 260 307 ,
280 273 314 303 sic
324 273 508 312 appellabatur
518 272 548 300 in
559 272 651 302 Gallia
661 271 756 301 festum
766 273 795 301 in
805 280 909 300 memo-

112 314 179 344 riam
197 315 300 343 reditus
319 315 344 342 S.
364 312 479 343 Martini
504 311 630 352 Episcopi
651 312 686 341 ad
702 311 776 341 suain
797 313 908 341 Dione<

111 355 178 386 sim3
189 365 252 384 nam
264 358 319 391 ejus
330 354 452 382 adventu
465 353 552 381 fidelis
561 353 676 391 populus
685 351 908 382 subventionibus

111 396 259 424 abundavit
271 417 277 423 .
289 401 302 430 [
316 396 453 424 statutum
461 393 499 421 est
510 415 518 426 ‚
529 403 557 421 ut
568 392 680 432 singulis
690 394 767 421 :uinis
776 394 906 430 deinceps

112 446 161 475 per
171 435 329 465 universam
347 433 496 463 Dioeecfim
513 431 701 462 subventionis
715 431 793 469 hujus
812 433 907 461 festum

111 487 210 515 quarto
221 476 278 505 idus
289 476 353 510 Maji
363 473 524 503 solemniter
539 474 718 502 celebraretur
728 493 734 500 .
752 473 821 502 Odo
839 473 906 501 Clu—

1269 52 1298 94 S
1331 53 1373 95 U
1631 64 1707 113 641

964 108 1067 138 sionem
1077 106 1106 137 in
1120 107 1234 138 Ecclesia
1243 108 1464 148 catholicaque
1478 121 1567 143 tamen
1578 113 1705 146 succeffio
1718 119 1764 147 in.

963 159 1003 178 ter
1015 150 1167 179 Haereticos
1178 149 1294 192 reperiri
1305 149 1486 188 nequiutAut
1497 155 1587 192 pastor
1597 154 1687 186 haberi
1699 169 1767 198 qum

962 189 1050 219 modo
1057 189 1146 228 potest
1158 213 1166 224 ,
1177 198 1224 229 qui
1235 194 1383 224 (manente
1395 200 1461 220 vero
1469 193 1584 230 pastore,
1595 199 1622 225 δε
1633 197 1660 225 in
1674 200 1767 228 Eccle-

961 231 996 259 sia
1004 230 1061 259 Dei
1079 230 1258 259 ordinatione
1276 229 1434 260 succidanea
1452 233 1638 271 praesidente)
1656 239 1766 268 nemini.

963 268 1117 304 succedam,
1129 274 1157 299 δι
1168 282 1181 299 :t
1192 269 1219 298 se
1230 269 1289 309 ipso
1300 270 1433 309 incipiens
1444 272 1546 303 alienus
1557 275 1586 304 sit
1599 277 1768 314 ?epil}.76.1

965 313 1023 380 ἔξ.
1033 309 1158 379 tQvidius
1173 312 1204 341 in
1213 311 1358 340 Laodamia
1368 332 1377 345 ‚
1398 315 1426 342 ὅ(
1435 314 1584 346 Protesilao
1594 318 1766 346 Succiduunt

986 361 997 379 a
1005 362 1064 420 Leiix
1090 402 1201 460 qlpoque
1219 401 1308 421 tecum
1338 391 1405 421 abiit
1437 395 1609 436 tenebrisque
1634 397 1766 438 exanguis

1045 442 1262 502 Supciffigsdicor
1273 473 1438 511 procubuisse
1445 485 1517 514 genii
1528 496 1535 504 .

111 517 302 548 niac.]E:idem
312 515 443 544 festivitas
451 514 627 543 denominata
633 513 672 542 est
682 517 813 551 Exceptio
823 513 851 540 in
861 513 908 541 lx·
923 512 1158 541 SUCCINTORIUM=
1169 513 1241 542 Vide
1254 517 1442 552 Epigonation.
1452 517 1552 546 Graece
1562 518 1712 547 Anavolea
1721 519 1765 547 di-

110 558 182 586 titiae
195 557 354 586 memoriam
364 578 372 589 ,
383 565 434 594 qua
445 554 518 583 idem
527 554 645 592 Populus
655 553 797 591 praefatum
808 552 908 582 Praesu.

963 561 1034 580 citur
1044 574 1050 580 .
1064 553 1138 581 Vide
1152 554 1381 583 Rebrachiatoria
1391 575 1399 582 .

111 598 166 626 lem
177 608 320 636 exceperat
332 598 360 625 in
369 599 422 633 ejus
432 594 548 633 regrcssii
559 615 566 622 .
589 595 682 628 [Haec
692 593 730 622 est
753 593 838 632 igitur
846 594 905 632 glo·
922 593 1161 622 SuccumusAER.
1171 592 1528 632 subsidiuin,auxilium.[Et
1537 596 1669 627 succursui
1680 609 1759 628 terrae

111 637 180 666 riosa
190 660 196 670 ,
208 637 394 675 solemnisque
403 635 530 673 exceptio
540 655 548 667 ,
559 644 610 672 qua
623 632 906 677 ArchipraesulTuro-

114 679 203 707 nensis
213 678 349 708 Martinus
366 677 396 704 ab
407 676 492 703 exilio
503 683 642 703 revertens
653 695 661 707 ,
680 674 710 702 ab
719 675 835 707 alumnis
854 673 906 702 suis

962 632 1057 661 sanc-“tx
1070 633 1154 671 magis
1166 634 1276 663 noverit
1287 635 1418 674 expedire
1430 658 1438 670 ‚
1448 637 1482 666 de
1493 637 1545 667 fide
1555 638 1768 669 instrumentor-

963 682 1020 710 cap.
1031 685 1057 706 7.

107 717 232 747 officiose
243 718 310 747 :deo
319 716 455 754 excipitur
466 735 472 742 .
483 715 561 744 Idem
574 716 586 745 ]
598 715 794 744 Subventionis
803 724 906 743 nomen
923 714 1038 742 sucum
1051 734 1058 741 .
1070 713 1144 742 Vide
1154 715 1316 753 Frischinga
1327 736 1334 744 .
1346 718 1462 746 Porculn
1471 738 1479 745 .

107 758 272 797 generaliter
280 757 416 795 sumptum
426 776 432 783 .
443 756 515 784 Vide
525 755 682 792 Subsidium
694 776 701 783 .

923 754 1206 783 SummommNide
1218 757 1364 792 Fascialis.
1374 759 1763 789 muccinium.ploratorium.

66 799 305 830 Susvzauwws,
316 799 390 827 Reus
399 818 408 830 ,
419 796 465 834 qui
477 796 535 835 post
547 796 690 824 verberum
701 797 829 825 mulfkam
841 795 904 834 stig-
924 795 1082 823 SuDARiurA
1093 816 1102 827 ,
1122 794 1292 833 manipulus:
1317 802 1328 831 [
1341 797 1484 826 Sudnrium
1495 809 1610 838 namque
1622 822 1629 832 ,
1651 801 1726 838 quod
1735 803 1764 830 δε
1784 801 1786 804 ’

110 837 309 866 matizabamur
318 837 397 876 signo
407 837 549 866 dedecoris
561 858 569 869 ,
589 839 616 864 «St
629 835 751 865 infamia:
761 857 768 864 .
792 837 904 872 [Quan.

110 887 168 907 tum
177 878 309 907 denotavi
321 899 328 910 ,
350 876 485 915 passivitas
494 877 575 906 offert
583 876 725 905 libertinos
735 878 765 905 in
775 877 904 915 equestri-

105 918 162 951 bus,
170 917 353 948 subverbustos
362 918 391 946 in
401 917 562 950 liberalibus,
572 916 714 946 dedititios
726 918 754 946 in
764 917 904 957 ingenuis,

106 968 212 997 rapaces
222 958 251 987 in
261 958 367 987 urbanis
377 979 384 990 ,
402 957 502 987 scurras
512 960 541 987 in
552 957 699 986 forensibus
709 979 717 991 ‚
742 969 860 997 paganos
872 958 899 985 in

107 998 277 1027 militaribus:
300 997 420 1036 vespillo
429 1020 438 1032 ,
450 999 524 1033 leno,
535 999 630 1027 lanista
640 1007 730 1026 tecum
741 1000 902 1028 vestiuntur.

105 1039 264 1068 Tertull.de
274 1040 335 1077 p2ll.
347 1049 403 1078 cap.
417 1051 444 1075 4.
457 1042 468 1071 ]
494 1042 550 1069 FR.
561 1039 607 1068 alii
620 1048 711 1068 tamen
722 1039 775 1068 lioc
790 1040 901 1068 vocabu-

111 1080 168 1107 lum
179 1089 192 1107 η
203 1079 286 1107 verbo
297 1080 402 1108 Verbera
421 1080 518 1108 deduci
528 1089 669 1109 autumant
680 1101 688 1112 ,
710 1080 782 1108 unde
792 1079 901 1109 subver—

108 1119 196 1148 bullus
208 1119 360 1148 liberalibus
370 1141 379 1152 ,
389 1120 457 1149 idest
468 1143 475 1153 ,
487 1121 576 1149 liberis
588 1143 595 1153 ,
605 1121 784 1158 contraponit
795 1121 902 1149 Tertul-

962 834 1115 872 manipulus
1125 835 1227 864 dicitur
1237 858 1245 868 ,
1255 836 1340 874 gestas
1352 837 1381 866 in
1393 840 1424 866 1ae
1431 849 1460 867 va
1470 860 1476 867 .
1487 841 1561 868 Petr.
1571 839 1763 869 Blcsenscrm.

965 876 1032 906 ια]
1047 875 1094 913 qui
1103 875 1204 904 ibidem
1216 875 1292 905 affert
1303 878 1436 908 rationem
1447 880 1591 914 mysterii,
1615 882 1742 919 inquiens
1754 893 1762 909 ε

966 921 978 950 [
990 915 1136 951 Quondam
1152 916 1278 945 messores
1289 918 1322 946 ad
1331 916 1457 948 sudorem
1475 920 1675 960 detergendum
1693 932 1764 950 zona

959 956 1099 994 alligatum
1109 956 1243 985 sudarium
1254 959 1399 996 portabant
1411 980 1417 987 .
1429 962 1441 992 ]
1464 962 1520 990 FR.
1531 960 1577 990 sed
1587 961 1646 990 haec
1656 972 1766 998 etymo-

961 996 1036 1034 logia
1045 995 1179 1026 Blesensis
1190 997 1299 1026 videtur
1309 999 1392 1028 nimis
1403 1000 1629 1039 impropriasimm
1640 1002 1766 1032 messores

961 1037 1082 1065 serebant
1091 1038 1244 1075 manipulos
1253 1037 1386 1076 spicarum
1397 1062 1405 1074 ,
1425 1045 1453 1070 ὅ(
1463 1040 1597 1070 sudarium
1609 1054 1666 1072 non
1676 1054 1690 1072 a
1699 1043 1765 1072 solis

959 1075 1172 1110 messbribusstd
1183 1088 1196 1105 a
1206 1088 1376 1118 quocumque
1389 1081 1417 1109 in
1426 1091 1508 1121 opere
1518 1083 1653 1113 laborioso
1663 1083 1761 1113 sudm-

961 1126 988 1145 te
1009 1127 1132 1155 portatur
1144 1138 1150 1145 .
1164 1117 1238 1147 Vide
1246 1122 1412 1158 Mampulus
1421 1141 1430 1150 .

104 1160 209 1191 lianu55
230 1170 292 1189 nam
302 1159 374 1190 servi
388 1163 524 1199 fustigati
542 1172 555 1190 a
564 1161 698 1191 Romanis
718 1160 902 1200 ignominiose
920 1158 1028 1186 Suria
1037 1179 1047 1192 q.
1059 1158 1132 1186 Vide
1141 1162 1315 1195 Septimania
1327 1181 1333 1188 .

105 1201 309 1239 appellabantur
318 1221 325 1228 .

67 1242 182 1270 Simoin
195 1261 203 1268 .
215 1241 287 1270 Vide
297 1243 440 1271 Tarincha
449 1263 456 1269 .

63 1283 216 1310 susumus
229 1302 238 1314 ,
249 1291 394 1320 porcorum
403 1283 498 1310 custos:
511 1288 524 1317 [
535 1282 684 1311 Tolluntm·
693 1293 726 1311 ex
740 1282 847 1315 familiis
859 1282 904 1311 sibi
919 1279 1109 1308 SUH'OCATUS
1121 1301 1129 1312 ‚
1152 1281 1209 1309 FR.
1219 1280 1256 1309 est
1266 1282 1377 1321 quidem
1387 1283 1570 1324 antiquissima
1581 1309 1588 1320 ‚
1607 1291 1636 1316 &

104 1322 304 1359 pertinentibus
314 1321 418 1350 subulci
431 1343 438 1350 .
449 1323 474 1351 S.
486 1324 577 1351 Valet.
588 1323 623 1351 de
633 1323 866 1354 Gen.Monacli.§.
877 1335 904 1356 7.

63 1361 299 1391 SUnURBICARIUS
312 1383 318 1389 .
330 1362 404 1391 Vide
413 1364 574 1392 Urbicarius
585 1384 592 1390 .

63 1402 238 1431 secunaum
251 1424 257 1430 .
269 1402 343 1431 Vide
353 1405 490 1440 Proastius
502 1424 509 1430 .

65 1442 288 1471 Succstomn.
299 1444 356 1472 PR.
368 1443 488 1481 dignitas
502 1444 531 1471 in
541 1443 673 1482 aliquibus
682 1443 903 1473 cathedralibus.

106 1482 206 1520 [Super
214 1481 379 1510 succentoria
387 1483 560 1511 pictaviensis
570 1484 692 1512 Ecclesiae
701 1485 851 1522 questione
861 1484 904 1512 su-

106 1522 182 1550 borta
193 1543 202 1554 ,
219 1522 268 1549 lib.
283 1531 309 1556 5.
319 1522 447 1550 decretal.
459 1523 502 1550 tit.
517 1534 530 1560 3
542 1534 564 1551 1.
575 1534 632 1562 cap.
649 1535 657 1552 i
670 1535 691 1552 i.
704 1526 748 1553 De
761 1523 904 1554 succento-

106 1561 144 1589 ria
153 1561 251 1590 fanum
262 1560 312 1589 esse
321 1562 494 1600 dignoscitur
504 1583 511 1589 .
523 1563 593 1591 lbid.

66 1601 197 1631 succes]
207 1613 244 1631 oit
255 1623 264 1634 ‚
281 1601 328 1641 qui
339 1603 512 1640 praebendam
523 1603 702 1634 succentoriae
713 1604 828 1644 possidet
842 1627 850 1638 ,
869 1606 903 1634 de

106 1652 162 1680 quo
172 1643 276 1671 dicium
287 1642 363 1670 estin
372 1643 438 1671 dic}-
450 1647 554 1673 Cantor
562 1664 570 1671 .
591 1650 638 1684 Pa)
650 1659 674 1675 ιο
683 1666 690 1673 .
713 1646 840 1675 Mesliinae
851 1669 857 1679 ,
875 1650 902 1675 Sc

107 1683 135 1711 in
145 1683 205 1711 aliis
213 1683 314 1712 Siciliae
326 1683 514 1712 Cathedralib.
535 1695 648 1714 vocatur
658 1692 819 1715 Succtantro
837 1697 903 1715 voce

106 1723 280 1761 gallicamam
291 1723 392 1763 gallice
403 1725 508 1753 Cantor
519 1729 635 1755 Ciantre
644 1727 754 1755 dicitur.
769 1728 810 1755 Fit
821 1728 901 1755 etiam

107 1765 161 1797 ejus
179 1765 284 1792 mentio
304 1764 333 1792 in
344 1763 597 1794 constitutionibus
614 1767 834 1796 Cinci-cientium
847 1789 854 1800 ,
873 1778 901 1795 :ic

109 1803 195 1842 Hugo
214 1805 339 1833 Ecclesiae
365 1805 469 1834 Sanc'tae
491 1805 584 1834 Μαι-ἐκ
601 1807 753 1836 Parisiensis
774 1809 901 1836 Decanus

106 1853 188 1881 agens
197 1843 231 1872 de
241 1845 346 1874 lotione
357 1846 527 1884 pedum‚quae
539 1845 608 1874 sitin
621 1847 682 1876 seria
693 1848 789 1887 quinta
800 1849 899 1877 Coenae

106 1883 224 1912 Domini
236 1905 243 1917 ,
255 1885 345 1923 inquit
357 1897 364 1912 .-
384 1892 398 1920 [
409 1887 555 1915 Ablutioni
563 1897 651 1915 autem
662 1910 669 1921 ,
679 1891 705 1916 δ(
716 1889 849 1918 Mandato
858 1887 898 1916 in-

106 1923 199 1952 teresle
220 1934 330 1953 tenetur
338 1926 487 1954 Succentor
506 1927 630 1956 Ecclefiae
652 1929 748 1957 nostra:
759 1948 766 1955 .
787 1930 841 1958 PR.
862 1929 902 1957 Fit

106 1964 188 1992 ctiam
201 1965 306 1993 mentio
314 1966 348 1994 de
357 1964 406 1994 hac
421 1977 487 1995 voce
497 1968 527 1996 in
537 1968 676 1996 annalibus
687 1969 885 1998 Minoritarum
895 1991 902 2003 ,

107 2015 150 2032 an.
166 2015 215 2042 ¹¹3
226 2015 250 2040 ς.
262 2006 338 2034 nulla
352 2017 397 2039 27.
409 2008 479 2036 Item
492 2029 500 2041 ‚
521 2007 550 2035 in
561 2008 607 2036 lib.
622 2019 646 2043 5.
657 2009 784 2037 decretal.
797 2010 841 2037 tit.
855 2020 902 2047 39.

106 2055 129 2072 c.
145 2055 190 2077 27.
200 2046 242 2073 ubi
257 2045 290 2073 sic
301 2045 428 2075 habetur:
454 2048 560 2086 [Quod
569 2058 629 2076 cum
648 2051 675 2077 F.
687 2047 903 2078 Archidiaconus

108 2085 137 2112 in
149 2083 336 2114 succentorem
346 2087 376 2114 in
384 2089 525 2117 communi
546 2089 715 2118 dormitorio
731 2099 825 2117 manus
837 2090 904 2119 inie.

106 2123 181 2153 ciss'et
192 2135 294 2155 temere
307 2127 442 2156 violentas
450 2132 503 2157 &c.

67 2163 293 2196 Svecrssnriux
305 2187 311 2194 .
334 2169 390 2197 FR.
402 2169 526 2197 Foemina
536 2191 545 2202 ‚
564 2179 623 2208 quae
634 2169 662 2197 in
675 2169 766 2207 aliquo
775 2180 886 2199 munere
895 2194 902 2205 ,

104 2204 322 2236 seuhaereditate
331 2206 470 2237 succedit.
488 2210 589 2239 Bullar.
609 2210 740 2239 calinen.
758 2210 836 2249 epist.
860 2222 903 2250 ¹3·

105 2255 174 2274 tom.
187 2259 213 2276 2.
224 2247 310 2276 const.
327 2259 389 2286 ¹32·
401 2261 430 2277 n.
445 2254 470 2278 8.

61 2286 270 2317 Svecxmmus
285 2310 292 2320 ‚
304 2287 464 2318 successivus
475 2312 482 2323 ‚
505 2289 565 2319 usus
576 2290 614 2319 est
622 2290 675 2320 hoc
685 2291 805 2320 termino
815 2292 902 2326 S.cy-

103 2327 214 2366 prianus
231 2339 328 2357 contra
348 2330 540 2359 Novatianum
558 2332 592 2360 ad
618 2332 784 2371 probandam
810 2333 901 2360 conti-

103 2376 185 2399 nuam
198 2395 203 2402 ,
215 2372 242 2398 8(
253 2380 394 2409 nunquam
404 2371 582 2403 intermissam
593 2371 790 2412 Episcoporum
801 2371 900 2403 succes-

149 2410 341 2445 Hierolgxicon
360 2415 453 2442 Macri
468 2433 474 2441 .

919 1199 1132 1232 SuffiToMUM,
1143 1208 1187 1227 vas
1198 1220 1206 1232 ,
1216 1200 1290 1238 quod
1301 1201 1334 1229 ad
1343 1199 1571 1242 suffumigandum
1580 1203 1763 1235 inserviem-

959 1238 993 1267 de
1003 1240 1190 1267 Thumbulum
1200 1259 1208 1267 .

1657 1286 1761 1326 gravis-

959 1320 1024 1348 sima
1042 1320 1158 1358 quaestio
1177 1320 1256 1359 super.
1274 1323 1352 1358 hujus
1373 1327 1495 1355 vocabuli
1515 1327 1743 1367 significationem
1755 1348 1762 1359 .

961 1360 1044 1388 etiarn
1055 1371 1068 1388 a
1077 1361 1287 1391 Recentioribus
1295 1365 1394 1402 agitata
1404 1388 1412 1399 ‚
1422 1365 1469 1396 sed
1479 1373 1492 1402 (
1503 1378 1531 1397 ut
1541 1368 1610 1397 mihi
1622 1369 1760 1400 videtum-1

960 1400 1071 1429 nemine
1080 1400 1141 1429 satis
1152 1401 1273 1435 discussa,
1284 1404 1321 1432 ita¹
1331 1415 1361 1434 ut
1374 1407 1421 1435 vix
1435 1408 1494 1446 post
1504 1408 1643 1438 discessum
1653 1419 1686 1437 ex
1698 1419 1760 1446 pot·-

961 1451 990 1468 tu
1000 1463 1008 1474 ,
1027 1440 1126 1470 statum
1135 1442 1164 1470 in
1175 1444 1341 1482 apocryphis
1349 1445 1468 1480 syrtibus
1478 1449 1636 1488 naufragare
1646 1449 1760 1478 videan-

961 1490 1024 1515 tur-,-
1037 1481 1100 1510 idco
1109 1493 1242 1521 quantum
1255 1494 1345 1513 meum
1356 1488 1492 1517 imbecille
1500 1499 1634 1518 conamen
1644 1491 1758 1528 elonga-

959 1522 1016 1560 gari
1030 1522 1165 1556 meliust,
1184 1523 1337 1553 discurrere
1348 1527 1437 1556 nitar.
1456 1529 1578 1564 Quaestio
1589 1530 1702 1570 inquam
1723 1539 1758 1558 ex

961 1562 1049 1590 verbis
1060 1563 1091 1591 in
1102 1565 1178 1592 Actis
1190 1565 1386 1602 Apostolorum
1398 1590 1404 1601 ,
1423 1579 1480 1608 cap.
1496 1579 1538 1605 ις.
1553 1571 1646 1609 politis
1666 1570 1760 1598 venti-

959 1602 1086 1631 laturtubi
1097 1603 1130 1632 ad
1140 1604 1312 1634 Christianos
1330 1608 1364 1636 de
1375 1611 1512 1639 Gentibus
1532 1610 1680 1639 conversos
1698 1612 1759 1649 epi-

960 1643 1026 1672 stola
1035 1643 1173 1681 sequentis
1183 1646 1285 1674 tenoris
1295 1649 1424 1685 expedita
1434 1650 1518 1679 fuci-:it
1529 1673 1535 1684 ‚
1547 1651 1759 1687 videlicetthi-

958 1682 1017 1712 sum
1027 1685 1065 1712 est
1079 1686 1153 1713 enim
1165 1686 1282 1723 Spiritui
1301 1689 1398 1718 Sanfto
1409 1712 1416 1723 ,
1434 1695 1461 1720 ὃ(
1481 1692 1558 1720 nobis
1570 1714 1576 1724 ,
1597 1691 1669 1720 nihil
1688 1693 1759 1720 ultr:

957 1725 1101 1763 imponere
1114 1726 1189 1754 vobis
1200 1728 1301 1761 oneris,
1312 1739 1391 1767 quam
1400 1730 1459 1759 haec
1469 1731 1610 1761 necessaria
1623 1744 1669 1761 :ut
1679 1732 1757 1761 absti-

961 1765 1047 1793 neatis
1057 1767 1144 1795 vosab
1155 1766 1301 1796 immolatis
1313 1770 1518 1800 simulacrorum
1527 1795 1536 1806 ‚
1546 1776 1573 1802 δε
1583 1771 1755 1812 sanguine,&

958 1804 1087 1835 suffocato
1097 1828 1105 1839 ‚
1115 1811 1143 1835 δ(
1155 1806 1338 1837 fornicatione
1350 1821 1358 1840 ς
1372 1821 1385 1839 a
1397 1813 1492 1850 quibus
1503 1813 1686 1842 custodientes
1697 1823 1756 1846 vos,

958 1846 1026 1874 bene
1036 1847 1124 1885 agetis
1132 1868 1140 1874 .
1161 1849 1259 1877 Valete
1269 1869 1276 1876 .
1289 1851 1301 1880 ]
1317 1850 1358 1880 Sic
1367 1854 1452 1881 etiam
1461 1854 1529 1892 legit
1539 1854 1649 1882 Sanetus
1659 1854 1759 1889 Cyril-

957 1886 996 1915 lus
1008 1887 1198 1922 Hierosoly-m.
1209 1888 1295 1927 Episc-
1306 1891 1445 1921 catacheii
1462 1898 1504 1921 18.
1518 1904 1630 1932 nempe:
1645 1893 1758 1930 [Visum

961 1927 999 1955 est
1011 1927 1125 1966 Spiritui
1136 1928 1244 1960 δεηὲἰο,
1254 1932 1281 1958 &
1293 1931 1369 1958 nobis
1380 1953 1387 1963 ,
1399 1933 1470 1960 nihil
1480 1934 1595 1971 :implius
1604 1934 1695 1963 oneris
1705 1934 1758 1962 im-

958 1978 1060 2005 ponere
1071 1990 1078 2001 ,
1091 1977 1192 2006 praeter
1204 1967 1263 1996 haec
1274 1990 1281 2001 ,
1294 1980 1353 2008 qux
1365 1972 1506 2002 necessaria
1514 1973 1618 2003 suntnit
1628 1974 1759 2003 abstinea-

959 2018 992 2035 tis
1000 2008 1029 2036 ab
1039 2007 1211 2044 Idolothytis
1223 2031 1230 2041 ‚
1242 2020 1254 2037 a
1266 2009 1290 2037 sa
1296 2012 1400 2049 nguine
1408 2011 1547 2047 suffocato,
1557 2019 1585 2044 ὅ(
1597 2014 1758 2044 i‘ornicatio-

957 2059 992 2076 ne
1003 2068 1010 2075 .
1021 2050 1033 2079 ]
1046 2052 1129 2077 Extat
1139 2050 1166 2076 in
1178 2049 1310 2078 Biblioih.
1320 2052 1362 2079 SS.
1375 2054 1485 2082 Pan-um
1494 2055 1646 2084 Parisienfis
1655 2055 1757 2084 editio-

959 2090 1000 2117 nis
1010 2089 1043 2117 de
1052 2099 1126 2117 anno
1142 2100 1171 2124 1)-
1180 2094 1224 2125 89.
1245 2096 1254 2123 (
1267 2101 1317 2128 qua
1327 2102 1409 2121 etiam
1420 2095 1449 2122 in
1462 2093 1682 2134 subsequentibus
1691 2096 1757 2124 cit:-

958 2130 1108 2157 tationibus
1117 2139 1178 2158 utrir
1189 2133 1200 2162 )
1211 2140 1277 2159 toni.
1291 2143 1316 2160 ε..
1326 2133 1502 2172 col.183.lit.
1516 2139 1552 2165 A.
1566 2137 1694 2165 Parianus
1704 2158 1712 2170 ,
1724 2137 1756 2166 si-

958 2180 991 2198 ve
1003 2170 1149 2199 Pincianus
1160 2170 1248 2208 Episc.
1261 2173 1407 2201 Barcinon.
1418 2176 1524 2213 inquit:
1539 2176 1625 2211 [Post
1635 2177 1757 2206 Domini

957 2209 1105 2247 passionem
1118 2232 1125 2244 ,
1138 2211 1275 2248 Apostoli,
1287 2214 1407 2242 tractatis
1419 2216 1553 2249 omnibus,
1564 2225 1644 2254 :itque
1655 2215 1756 2245 discus-

956 2251 988 2278 iis
998 2272 1007 2283 ‚
1017 2251 1156 2289 epistolam
1167 2251 1338 2281 tradiderunt
1350 2253 1392 2282 his
1402 2276 1410 2287 ,
1420 2256 1510 2293 quiex
1523 2257 1658 2285 Gentibus
1668 2257 1757 2286 credi-

955 2292 1052 2320 derant
1065 2313 1073 2324 ‚
1093 2292 1283 2330 proferendam
1296 2314 1304 2326 ‚
1323 2297 1395 2330 cujus
1405 2295 1528 2334 epistolae
1547 2295 1686 2325 sententia
1696 2296 1756 2327 haec

955 2331 1007 2360 suit
1020 2344 1026 2359 :
1038 2332 1180 2370 Apostoli,
1191 2335 1219 2360 ὅ(
1230 2334 1385 2369 Presbyteri
1397 2335 1554 2368 fratresdiis,
1564 2335 1684 2375 quisunt
1696 2341 1757 2367 An-

955 2372 1066 2403 tiochia:
1079 2395 1086 2406 ,
1099 2377 1125 2403 S<
1137 2373 1223 2409 Syn'ae
1238 2378 1283 2412 ¹.‹.‘5c
1293 2375 1404 2405 Ciliciae
1417 2398 1423 2408 ,
1438 2375 1577 2412 fratribus,
1588 2376 1708 2416 quisunt
1719 2389 1753 2409 ex

1417 2417 1431 2446 S
1443 2427 1454 2445 s
1637 2419 1716 2448 Gen-
