1866 2526
452 27 563 70 CA

94 97 123 118 re
136 86 225 117 debet·
238 87 291 122 [N.
303 83 478 116 miseratione
486 84 586 114 divina
595 82 621 113 S.
632 82 726 112 Mai-iae
741 82 770 113 in
780 79 881 114 Domi-

95 129 156 158 nica
163 127 303 157 Diaconus
313 127 340 156 S.
352 129 390 157 R.
399 130 429 155 E.
439 125 599 155 Cardinalis
609 143 616 151 .
629 124 698 160 Quae
707 130 740 153 In
751 128 880 153 Domini-

93 180 128 198 ca
135 179 150 197 ι
157 168 262 197 Graecis
273 168 392 202 cyriaca
401 166 504 196 dicitur
513 165 545 194 ab
554 164 629 194 illius
641 165 765 194 Ecclefiae
784 164 880 194 funda—

92 209 161 238 trice
171 208 286 237 nomine
295 206 405 246 sumpto
415 229 424 240 ,
435 211 462 237 ἀ
475 216 588 235 vocatur
598 205 680 234 etiam
693 210 719 234 S.
728 211 770 234 M.
781 209 811 234 in
821 211 878 235 Na-

91 249 208 277 via-ula.
233 251 294 283 [A.
304 249 330 277 S.
349 248 467 287 Georgii
480 247 622 276 Diaconux
643 246 804 274 Cardinalis
815 267 822 278 ,
844 247 878 275 de

89 288 122 317 in
130 288 365 328 intcgrum'restit.
375 299 398 317 c.
411 300 436 317 ι.
447 290 484 317 G.
496 289 522 316 S.
542 287 646 327 Angcli
666 287 804 316 Diaconus
811 287 879 316 Car-

89 328 190 357 dinalis
202 349 209 357 .
233 329 304 358 Ibid.
314 339 372 367 cap.
387 339 412 363 5.
421 330 525 358 Coram
535 328 642 357 dilectis
655 327 718 356 filiis
730 327 828 356 nostris
837 329 873 356 R.

90 369 167 397 tituli
179 371 205 398 S.
218 369 363 398 Anastalice
379 369 543 404 Presbytero
554 390 561 400 ‚
585 372 612 397 Sc
633 369 662 396 P.
671 370 696 405 ὃ.
709 367 800 396 Lucia:
809 367 876 395 Dia-

87 420 163 438 cono
171 409 364 438 Cardinalibus
375 430 382 437 .
405 411 439 438 In
452 410 592 438 Decretal.
602 408 636 437 de
647 407 854 444 exceptionibus
865 429 872 439 ,

51 469 54 472 -
87 460 112 477 t.
122 451 172 482 6.]
185 450 245 478 Ubi
259 449 400 478 manifeste
411 450 519 478 videtur
535 447 692 477 differentia
712 448 788 475 inter
798 447 873 476 Pres-

87 489 216 525 byterum
227 511 235 523 ‚
257 494 284 519 &
298 490 454 520 Diaconum
465 489 627 519 Cardinales
638 499 646 519 ,¹
669 497 730 515 nam
739 487 772 515 de
783 487 874 525 primo

86 530 192 559 dicii-ur
200 531 295 560 Tituli
308 530 366 563 &a
376 541 434 558 non
445 540 510 559 vero
521 530 554 557 dc
565 527 684 557 secundo
694 547 702 554 .
715 527 767 556 Sed
777 527 873 562 objici-

87 579 132 598 tur
143 581 175 599 ex
189 571 323 600 Concilio
334 569 505 599 Lateranenfi
513 568 561 598 sub
571 569 654 598 Alex.
674 568 730 596 111.
756 568 869 596 celebra-

84 619 118 639 to
129 621 139 641 s
166 611 212 639 ubi
232 621 338 638 cautum
359 610 444 639 suerat
452 632 461 643 ‚
485 609 560 648 quod
573 619 622 637 nec
639 608 780 636 Diaconus
791 629 799 641 ,
822 618 870 636 nec

85 651 234 685 Presbyter
246 651 300 679 line
311 651 394 679 titulo
402 650 549 679 ordinetur
559 670 568 682 ‚
590 649 636 678 ubi
645 648 758 677 habetur
776 649 806 677 in
824 649 869 676 de-

85 692 181 719 tretali
189 691 224 719 de
238 691 390 729 ptaebendis
400 713 407 723 ‚
419 695 446 719 ὅ(
455 691 560 729 dignit.
571 700 594 717 c.
605 701 632 725 4.
642 693 669 718 ὃ(
679 688 746 716 ibid.
757 699 782 716 c.
794 700 820 717 2.
834 689 869 717 ibi

82 741 118 759 ex
129 741 234 760 canone
241 728 407 769 apostolico:
431 741 499 769 ergo
507 731 648 759 Diaconus
659 729 815 758 Cardinalis
835 729 869 756 ti-

84 772 174 800 tulum
183 771 280 800 habere
290 771 356 799 licet
367 791 374 798 .
395 771 442 800 Ad
456 771 531 810 quod
542 770 724 808 respondetur
734 790 742 802 ‚
765 769 801 798 ibi
812 780 868 798 non

83 811 162 849 loqui
173 811 207 840 de
218 811 302 839 titulo
311 811 502 840 Cardinalatus
514 822 522 842 5
533 809 580 839 sed
589 811 623 839 de
633 810 718 839 titulo
727 831 734 843 ‚
744 820 800 848 quo
809 811 868 848 quis

83 851 120 880 ad
130 845 223 879 Sacros
229 852 354 881 Ordines
363 852 397 880 fit
408 851 628 890 promovendus:
652 851 690 879 ita
707 860 798 879 tamen
807 873 816 883 ‚
839 859 868 878 ut

82 892 102 920 fi
112 891 256 920 Ecclefiam
265 913 274 924 ‚
298 893 344 920 vel
362 893 523 921 beneficium
546 903 601 920 non
620 891 744 920 obtineat
754 912 761 923 ,
783 890 868 929 postet

81 931 128 960 sub
140 932 224 960 titulo
234 933 392 970 patrimonii
403 933 436 961 ad
446 933 530 962 sacros
539 933 650 961 ordines
661 932 829 970 promoveri,
840 941 867 959 ui

81 972 112 1000 in
119 983 143 1000 c.
155 983 200 1010 23.
211 972 244 1001 de
257 973 408 1011 praebendis
420 995 428 1006 ,
451 978 478 1003 δε
488 974 590 1012 dignit.
609 977 636 1001 &
657 972 694 1000 ibi
713 971 800 1000 Gloss'.
820 975 867 1001 Ec-

80 1012 158 1040 clefia
169 1022 257 1040 autem
268 1013 437 1042 Diaconibus
447 1014 638 1042 cardinalibus
648 1012 786 1051 affignatzi,
797 1015 868 1042 Dia-

81 1055 163 1080 consa
172 1053 323 1091 appellatur
335 1054 401 1082 idest
412 1054 621 1086 administratio,
631 1053 675 1081 ubi
684 1063 782 1082 munus
791 1053 866 1082 suum

82 1091 270 1122 administrare
281 1093 381 1121 debent
394 1115 401 1126 ,
423 1094 456 1123 de
466 1104 520 1132 quo
530 1093 594 1122 satis
604 1094 706 1122 dietum
725 1093 761 1122 est
773 1093 865 1132 supra.

79 1135 113 1160 Et
124 1132 252 1161 Diacono
263 1135 332 1172 Papa
343 1145 400 1162 non
411 1134 533 1162 intendit
544 1135 685 1162 rectoriam
697 1155 704 1165 ,
717 1134 761 1161 vel
774 1134 865 1173 digni-

81 1181 166 1200 tatem
178 1195 186 1205 ‚
197 1171 244 1202 sed
257 1184 362 1202 tantum
374 1174 488 1211 simplex
499 1174 661 1203 beneficium
673 1173 822 1212 providere
833 1173 866 1201 de

79 1213 235 1250 praebendis
244 1233 252 1244 ,
276 1213 341 1242 ibid.
352 1224 375 1241 c.
388 1218 435 1251 38.
447 1215 516 1248 Quae
531 1224 596 1243 vero
607 1213 761 1243 differentia
781 1214 814 1242 sit
823 1214 852 1241 in

80 1262 123 1281 ter
131 1254 254 1282 'situlum
264 1274 272 1285 ‚
294 1257 324 1282 δε
332 1254 499 1282 Diaconiam
510 1275 517 1282 .
541 1254 615 1283 Vide
625 1254 655 1282 in
674 1254 739 1282 dist.
750 1255 862 1283 Titulus

84 1303 107 1320 1.
118 1292 192 1321 Usus
202 1302 293 1322 tamen
301 1293 424 1322 obtinuit
434 1295 594 1324 Cardinales
605 1296 745 1323 Diaconos
755 1304 817 1323 cum
828 1295 852 1321 ti

77 1333 138 1361 tulo
155 1343 247 1363 earum
258 1334 434 1362 Ecclefiaium
444 1333 572 1364 subscribi
583 1357 591 1368 ,
614 1345 644 1363 ut
665 1335 760 1364 videre
779 1335 817 1363 est
835 1334 864 1362 in

77 1374 179 1402 Bullar.
191 1374 319 1403 Cafinen.
329 1385 368 1403 to.
381 1387 406 1403 ε..
416 1376 502 1404 const.
531 1387 538 1404 i
549 1387 592 1412 50.
616 1386 679 1412 ¹52·
705 1386 768 1411 157.
793 1380 855 1403 168.

82 1423 147 1446 ¹70·
164 1424 230 1450 ¹79·
247 1420 310 1444 182.
324 1421 386 1453 183.
402 1420 465 1451 185.
495 1421 557 1444 186.
584 1427 646 1452 ¹90·
673 1422 738 1452 198.
760 1419 863 1445 202.&

78 1452 172 1490 paffim
183 1454 248 1483 ibid.
261 1457 357 1494 Itaque
368 1457 530 1484 Cardimles
539 1456 665 1495 Episcopi
677 1478 684 1489 ,
703 1460 730 1484 8(
742 1455 863 1484 Diaconi

78 1502 170 1521 carent
190 1494 279 1522 titulis
299 1496 495 1528 Eccleliarum5
520 1507 581 1525 nam
607 1496 670 1525 solis
694 1496 863 1531 Presbyteris

78 1532 272 1574 Cardinalibus
281 1536 469 1565 conceduntur
480 1548 488 1568 ς
511 1537 549 1566 ita
557 1536 693 1566 Cohelius
705 1547 761 1574 cap.
781 1543 808 1565 6.
817 1537 862 1564 De

79 1573 251 1609 Cai'dinalat.
264 1576 373 1603 Nomia
385 1597 392 1607 ‚
409 1579 437 1605 ὅ(
447 1578 598 1616 Gregorius
609 1579 725 1615 Magnus
739 1577 862 1612 [Diaco-

79 1623 142 1655 1111111
158 1610 233 1656 Τρὼς
253 1614 350 1643 nostrae
374 1617 385 1646 ]
407 1615 503 1655 absque
525 1618 581 1647 alio
601 1619 684 1646 titulo
703 1617 860 1645 Diaconum

78 1653 254 1682 Cardinalem
265 1655 414 1693 appellabat
426 1676 433 1684 .
458 1657 530 1685 Vide
549 1658 579 1686 in
598 1658 664 1686 dict.
678 1658 858 1686 Bibliotecba-

76 1696 136 1722 rius
147 1715 155 1727 ‚
177 1704 257 1732 atque
268 1695 337 1732 apud
348 1696 466 1725 eundem
477 1697 627 1726 Cohelium
640 1719 648 1730 ,
665 1708 689 1725 c.
699 1709 726 1729 7.
738 1698 863 1726 invenies

77 1733 267 1776 Diaconoriim
275 1733 485 1774 subscriptiones
495 1736 591 1776 absque
600 1738 783 1766 Ecclesiarum·
795 1739 862 1767 titu-

78 1773 112 1817 lis
122 1794 129 1801 .
151 1775 236 1804 Ordo
248 1777 331 1805 Rom.
345 1779 474 1811 [Patrem
484 1779 628 1812 Disconiae
640 1780 652 1809 ]
664 1779 784 1816 appellat
795 1779 864 1808 Car-

78 1814 200 1843 dinalem
213 1815 369 1846 Diaconum
377 1837 386 1844 .
409 1818 455 1847 Ad
465 1818 604 1847 Diaconos
613 1819 775 1847 Cardinales
785 1829 861 1848 man-

79 1863 138 1881 tum
151 1855 274 1893 papalem
285 1857 372 1885 elesto
382 1858 512 1887 Pontifici
522 1858 623 1897 speCRat
633 1860 775 1897 imponere
784 1881 791 1888 .
815 1863 862 1889 Ba-

77 1904 139 1937 ron.
148 1905 190 1922 an.
207 1904 291 1939 ri52.
303 1907 376 1925 num.
398 1898 489 1934 29.de
505 1900 599 1938 quibus
617 1900 751 1928 Diaconis
770 1901 861 1939 aliqua

79 1936 197 1963 diximus
207 1944 237 1962 ln
247 1935 311 1964 dist.
321 1940 515 1975 Apocrisarius
526 1961 534 1972 ,
553 1944 580 1968 Sc
589 1940 619 1968 in
630 1940 694 1968 dist
707 1942 860 1969 Archidia-

79 1986 158 2003 conus
168 1995 174 2003 .
197 1976 270 2003 Item
291 1976 391 2006 duobus
401 1979 595 2008 Cardimli‘bus
605 1980 740 2009 Diaconis
755 1981 859 2019 spec‘tat

77 2016 277 2053 Imperatorem
289 2017 422 2046 associare.
433 2019 506 2048 Vide
514 2023 616 2049 Lenio-
627 2021 784 2050 Cardinalis
794 2022 863 2051 Dia-

73 2065 161 2084 conus
172 2056 251 2084 debet
261 2056 366 2086 auferre
375 2079 384 2090 ‚
400 2062 429 2087 δε
440 2059 583 2098 imponere
594 2061 689 2090 stolam
709 2062 843 2091 Pontifici
853 2084 860 2090 .

78 2096 152 2126 Vide
160 2096 234 2124 stola
243 2118 250 2125 .
272 2098 299 2126 C
302 2107 414 2127 :ererum
423 2110 526 2129 nomen
537 2102 700 2130 Cardinalis
712 2113 860 2132 commune

75 2146 132 2164 erat
143 2135 292 2175 Episcopis‚
302 2138 478 2174 presbyteris,
489 2144 517 2169 &
528 2142 662 2169 Diaconis
670 2142 799 2181 cujusque
811 2148 861 2172 Ec·

74 2176 161 2205 clesize
173 2197 182 2208 ‚
204 2186 234 2205 ut
245 2188 278 2206 ex
288 2178 410 2215 epistolis
417 2181 443 2209 S.
457 2182 587 2220 Gregorii
599 2182 744 2222 colligitur
755 2205 764 2217 ,
773 2187 801 2212 ὅ(
811 2186 861 2222 Jo-

71 2226 158 2246 annes
177 2218 266 2261 vin.
289 2218 422 2248 Photium
439 2221 623 2259 Neophytuin
643 2224 787 2252 aNicolao
804 2227 859 2259 ejus

74 2256 267 2294 praedecessore
276 2259 430 2296 depolitum
439 2281 448 2293 ‚
469 2271 531 2290 cum
549 2262 579 2290 in
599 2263 668 2291 Sede
679 2263 857 2293 Patriarchali

75 2296 389 2337 constantinopolitana
397 2300 566 2335 restituisset,
576 2303 611 2331 fic
621 2305 704 2332 tribus
716 2307 859 2343 Auggffia·

71 2336 136 2368 filio
146 2358 154 2371 ,
173 2338 277 2372 Leonis
286 2361 296 2375 ‚
319 2343 348 2371 δε
359 2340 519 2372 Alexandro
528 2341 668 2382 scripserat
682 2356 688 2372 t
712 2351 724 2381 [
736 2345 779 2374 Ut
793 2346 858 2385 ,post

1211 26 1250 68 C
1281 26 1321 67 A
1581 41 1658 80 157

934 83 1055 112 moitem
1062 81 1160 113 Photii
1171 82 1260 112 fratris
1270 80 1355 111 nostri
1366 102 1374 114 ,
1388 82 1478 111 nullus
1488 93 1521 111 ex
1532 83 1671 123 dignitate
1682 82 1717 111 ad.

933 123 1122 163 pontificalem
1130 121 1268 152 honorem
1278 121 1405 152 ascendat
1417 133 1425 153 ς
1448 121 1496 151 sed
1505 133 1539 151 ex
1548 123 1716 160 Presbyteris

933 164 1126 193 Cardinalibus
1137 185 1146 197 ,
1168 173 1214 193 aut
1231 174 1264 193 ex
1283 162 1344 192 aliis
1363 163 1551 192 Sacerdotibus
1562 186 1569 197 ,
1592 165 1639 203 qui
1668 163 1715 191 sub

932 204 1373 244 Ecclesia-Constantinopolitana
1392 204 1541 233 consistunt
1564 207 1576 236 ]
1591 206 1648 238 εΙΙΙΙῑ
1661 203 1716 230 Ca-

932 244 1027 275 nonici
1036 245 1258 283 Compostcllani
1269 244 1353 273 etiam
1368 245 1529 274 Cardinalcs
1539 244 1697 275 intitulatur
1709 264 1716 272 .

932 289 1033 316 Baton.
1043 296 1086 315 an.
1102 297 1110 314 1
1122 297 1184 321 ¹04.
1196 297 1224 315 11.
1250 290 1293 314 18.
1312 285 1353 313 Sic
1373 285 1457 313 etiarn
1479 285 1645 314 Salernitani
1658 307 1665 318 ,
1688 287 1716 313 &

932 326 1116 365 Neapolitani
1125 325 1264 356 Canonici
1275 347 1283 359 ‚
1294 335 1375 363 atque
1385 326 1516 354 nonnulli
1526 336 1559 354 ex
1570 327 1715 364 Metropo-

932 367 1015 395 litana
1026 366 1142 396 Ecclesia
1152 366 1436 396 Mediolanenfi.1teni
1448 366 1651 406 Salisburgenlis
1663 369 1716 395 Ar-

930 407 1118 446 cliiepiscopus
1129 429 1137 440 ,
1147 408 1194 446 qui
1205 408 1258 436 fert
1269 408 1377 436 rubrum
1387 407 1509 445 galerum
1519 406 1598 445 super
1606 410 1662 445 ejus
1673 406 1717 435 iri-

931 447 1017 486 fignia
1026 470 1034 481 ‚
1055 452 1083 477 δ(
1095 449 1259 477 Cardinalis
1271 457 1355 476 natus
1367 447 1518 485 appellatur
1527 468 1534 475 .
1561 450 1616 476 PR.
1628 457 1717 475 necon

929 488 1065 527 Aquilejae
1076 487 1235 517 Patriarcha
1244 488 1386 527 purpureis
1397 488 1513 516 vestibus
1524 509 1532 521 ‚
1554 499 1584 516 ac
1605 488 1696 516 bireto
1706 508 1715 520 ,

931 538 988 556 non
997 538 1087 557 autem
1096 529 1192 568 galero
1206 537 1330 568 tegitur,
1352 532 1378 557 &
1392 529 1421 556 in
1439 539 1563 567 tempore
1573 551 1581 562 ,
1603 538 1659 567 quo
1671 528 1714 556 in-

926 568 972 597 dui
985 569 1064 597 debet
1076 569 1204 598 violaceis
1215 569 1331 597 vestibus
1344 595 1349 600 ,
1360 568 1412 597 fert
1425 578 1489 598 tunc
1500 569 1585 597 etiam
1595 569 1715 597 biretum

925 607 1045 644 ejusdem
1056 609 1157 638 coloris
1169 621 1176 637 :
1191 611 1246 643 ΗΗε
1266 610 1329 637 Hoc
1339 609 1425 647 igitu‘r
1434 610 1598 638 Cardinalis
1610 619 1714 638 nomen

924 652 978 685 jam
989 659 1068 678 antea
1079 650 1194 678 divertis
1206 650 1330 678 Ecclefiis
1339 659 1484 679 commune
1494 672 1502 683 ‚
1525 659 1648 679 remanet
1669 649 1713 677 so-

923 690 981 718 lum
992 690 1077 718 hodie
1088 690 1175 718 Clero
1185 693 1315 720 Romano
1323 690 1457 728 peculiare
1470 702 1476 721 ς
1500 698 1562 719 nam
1572 700 1602 719 ut
1621 689 1716 720 scribit

925 732 1022 759 Petrus
1031 729 1179 769 Episcopus
1191 742 1197 758 :
1223 736 1235 765 [
1247 731 1399 759 Multitudo
1419 731 1644 766 Presbyterorum
1653 752 1662 764 ,
1684 734 1714 759 δε

926 771 1116 800 Diaconoriim
1134 771 1282 799 sorenlium
1303 771 1336 799 ad
1355 771 1462 800 Urbem
1485 771 1712 800 concurrentium

924 811 1029 840 causam
1039 812 1116 840 dedit
1130 833 1137 844 ,
1160 821 1190 839 ut
1201 810 1295 839 urbani
1305 812 1461 846 Presbyteri
1471 833 1479 844 ,
1501 815 1528 840 ἃ
1539 811 1661 840 Diaconi
1680 811 1712 839 ab

923 851 963 879 eis
971 852 1206 890 distinguerentur
1215 852 1327 880 nomine
1337 852 1491 881 Cardinalis
1504 853 1533 882 .’]
1549 854 1606 881 PR.
1617 854 1712 890 Atque

924 892 1088 921 Pontificem
1099 893 1178 920 Pium
1190 894 1225 921 V.
1237 903 1310 920 anno
1326 897 1425 927 1508.1
1433 903 1459 930 3.
1471 892 1527 920 Kal.
1537 892 1632 921 Martii
1642 902 1711 930 prx-

924 933 1057 961 dictarum
1067 933 1245 962 Ecclesiai-um
1266 932 1410 971 privilegia
1420 938 1431 966 (
1443 933 1462 962 ss
1484 943 1543 970 qux
1563 931 1626 961 sunt
1638 931 1710 966 >suo

923 973 1076 1011 diplomate
1087 972 1220 1012 abrogasse
1229 973 1341 1001 testatur
1352 983 1448 1001 citatus
1458 972 1593 1002 Cohelius
1603 984 1626 1001 c.
1648 985 1674 1002 2.
1684 973 1710 1004 §.

924 1017 959 1042 Et
970 1013 1032 1042 ideo
1042 1034 1048 1041 .
1072 1014 1118 1042 De
1129 1015 1154 1042 S.
1166 1016 1200 1042 R.
1211 1016 1240 1041 E.
1253 1013 1442 1042 Cardinalium
1455 1013 1612 1052 privilegiis
1623 1014 1709 1042 multa

923 1054 997 1082 idem
1009 1053 1144 1083 Cohelius
1165 1053 1299 1092 congeffit
1321 1065 1344 1081 c.
1370 1060 1412 1082 16.
1422 1055 1482 1087 alil:
1505 1054 1710 1082 Austoritatem

923 1093 953 1121 in
963 1105 986 1123 c.
996 1094 1071 1122 final.
1083 1095 1117 1122 de
1131 1095 1230 1132 poenit.
1240 1098 1267 1122 &-
1279 1092 1376 1122 remiss.
1395 1094 1587 1123 cardinalibus
1597 1093 1710 1123 conces-

923 1133 978 1162 sam
991 1157 998 1167 ‚
1009 1135 1152 1173 eligendi,
1164 1133 1270 1162 scilicet
1280 1156 1287 1167 ‚
1298 1144 1348 1172 pro
1356 1132 1384 1161 se
1396 1155 1403 1166 ,
1414 1144 1442 1161 ac
1452 1137 1506 1170 ejus
1517 1133 1618 1163 familia
1630 1136 1708 1164 Con-

923 1173 1055 1203 fessiiriurn
1069 1196 1076 1207 ‚
1100 1185 1157 1203 non
1174 1173 1250 1202 suiss'e
1268 1185 1282 1203 a
1291 1174 1418 1203 Trident.
1438 1176 1528 1203 Cone.
1548 1175 1708 1214 derogatam

921 1214 1013 1243 censet
1022 1218 1110 1244 Azor.
1121 1225 1159 1243 to.
1174 1227 1200 1244 1..
1212 1215 1257 1243 lib.
1272 1226 1294 1242 1.
1305 1226 1328 1242 c.
1340 1225 1367 1252 3.
1380 1224 1425 1253 qu.
1435 1221 1447 1242 Ὶ
1456 1221 1482 1242 6,
1495 1213 1610 1254 Insuper
1621 1217 1652 1244 in
1664 1215 1709 1244 iti-

923 1267 986 1284 nere
998 1256 1086 1294 potest
1097 1256 1232 1283 celebrare
1244 1277 1251 1288 ,
1274 1254 1319 1283 seu
1330 1255 1457 1284 celebrari
1468 1253 1554 1284 facere
1574 1256 1604 1284 in
1616 1260 1708 1294 porta-

922 1296 967 1324 1111
980 1297 1074 1324 Altarc
1093 1306 1156 1324 :trite
1176 1306 1297 1324 auroram
1311 1317 1319 1328 ‚
1342 1299 1369 1324 ἀ
1387 1295 1447 1333 post
1466 1296 1609 1324 meridiem
1620 1317 1626 1324 .
1647 1297 1706 1325 Soi.

921 1336 950 1364 in
964 1348 991 1371 4.
1003 1337 1064 1365 dist.
1082 1346 1178 1375 13-qu-
1195 1347 1217 1364 1.
1229 1347 1279 1364 art.
1301 1348 1325 1364 a.
1347 1337 1421 1364 Item
1430 1336 1610 1365 Cardinalem
1630 1338 1710 1367 Reli-

919 1376 1027 1415 giosum
1037 1377 1108 1415 poffe
1119 1376 1170 1405 cll'e
1180 1386 1318 1414 patrinum
1329 1376 1360 1404 in
1369 1372 1645 1416 Baptismmquamvis
1654 1377 1708 1406 hoc

919 1416 1063 1445 Monachis
1074 1418 1107 1446 fit
1117 1416 1287 1455 prohibitum
1297 1439 1305 1450 ,
1330 1417 1411 1445 docet
1420 1416 1555 1449 Barbosa5
1579 1429 1637 1446 non
1657 1428 1707 1456 po—

918 1458 969 1486 test
981 1467 1071 1486 tamen
1085 1457 1241 1487 Cai'diualis
1254 1458 1308 1486 sine
1318 1456 1430 1496 speciali
1441 1458 1624 1496 derogatione
1634 1461 1706 1488 Pon-

918 1498 999 1526 tificis
1011 1498 1080 1526 ferre
1092 1498 1164 1537 ligna
1173 1498 1345 1526 cardinalitia
1358 1519 1366 1530 ‚
1388 1498 1440 1526 frui
1450 1499 1602 1527 redditibus
1619 1500 1707 1527 eccle—

919 1538 1028 1566 siastitis
1037 1560 1045 1571 ‚
1057 1542 1084 1567 Sc
1093 1540 1127 1567 ad
1143 1537 1294 1566 functiones
1303 1540 1474 1567 intervenire
1482 1549 1546 1567 ante
1553 1538 1707 1577 susceptum

918 1579 1105 1607 Sacerdotium
1116 1590 1125 1610 5
1147 1589 1208 1607 nain
1218 1578 1337 1617 express'e
1346 1578 1398 1606 hoc
1408 1588 1515 1607 cautum
1524 1579 1561 1607 est
1572 1580 1603 1608 ab
1614 1580 1707 1608 Urba—

918 1630 956 1647 no
967 1621 1019 1648 lv.
1029 1620 1074 1648 lib.
1092 1630 1113 1647 1.
1127 1619 1210 1657 Epist.
1222 1630 1268 1656 37.
1280 1621 1340 1647 Nec
1348 1618 1428 1657 super
1438 1619 1555 1658 insignia
1565 1620 1706 1658 gentilitia

918 1670 1048 1688 coronam
1060 1681 1068 1692 ,
1089 1658 1134 1688 seu
1153 1660 1226 1688 aliud
1245 1658 1370 1688 saeculare
1393 1659 1499 1697 {ignum
1509 1659 1578 1687 ferre
1597 1659 1707 1698 possiint

917 1701 1078 1729 Cardinales
1089 1721 1097 1733 ‚
1118 1698 1165 1727 sed
1186 1699 1237 1727 sint
1256 1700 1306 1737 ipsi
1328 1705 1340 1734 [
1361 1700 1426 1728 Solo
1438 1700 1512 1738 pileo
1531 1700 1565 1728 de
1585 1699 1708 1738 pretioso

917 1739 1025 1770 Christi
1045 1740 1177 1779 sanguine
1196 1740 1309 1768 rubente
1336 1740 1460 1779 insigniti
1472 1762 1480 1773 ‚
1503 1751 1531 1768 ac
1561 1741 1684 1770 decorati
1694 1761 1702 1768 .

918 1781 1042 1810 constit.
1052 1780 1212 1809 Innocentii
1222 1782 1255 1808 X.
1265 1791 1326 1819 quae
1346 1780 1446 1818 incipit
1457 1781 1592 1810 Militanti
1610 1782 1706 1809 Eccle-

919 1821 962 1849 fia:
975 1843 982 1854 ,
1003 1821 1032 1850 su
1040 1822 1055 1850 b
1064 1831 1136 1849 anno
1146 1821 1236 1859 primo
1247 1824 1302 1857 ejus
1313 1821 1490 1849 Pom'ificatus
1500 1842 1508 1853 ,
1532 1823 1542 1852 ]
1554 1831 1633 1860 quam
1655 1822 1704 1850 ob-

918 1861 1105 1890 servationem
1116 1861 1145 1889 in
1156 1861 1316 1890 cardinales
1325 1863 1447 1899 promoti
1455 1865 1543 1897 jurare
1552 1871 1684 1890 tenentur
1693 1883 1702 1890 .

917 1904 991 1931 Item
1001 1903 1113 1930 titulum
1126 1906 1292 1930 Eminentia
1303 1912 1341 1930 eis
1353 1923 1360 1934 ‚
1382 1912 1434 1930 una
1444 1912 1505 1929 cuin
1515 1903 1630 1940 Imperii
1641 1904 1704 1931 Ele·

915 1943 1032 1971 &oribus
1046 1942 1236 1971 Ecclesiasticis
1248 1963 1255 1974 ,
1277 1952 1305 1969 ac
1317 1944 1419 1980 Magno
1430 1941 1564 1980 Magistro
1572 1943 1706 1971 Meliten-

917 1983 936 2011 fi
947 2004 955 2015 ,
979 1983 1106 2012 Urbanus
1121 1983 1203 2012 VIII.
1215 1980 1347 2010 conceffit
1356 2003 1364 2014 ,
1387 1982 1433 2020 qui
1443 1982 1539 2011 titulus
1551 1983 1706 2022 antiquitus

916 2023 1004 2051 Urbis
1029 2025 1089 2052 Prae
1095 2023 1166 2052 sesto
1176 2044 1184 2055 ,
1207 2026 1234 2051 ὁ(
1263 2021 1472 2051 proconsulibus
1489 2024 1705 2053 Provinciarum

917 2076 932 2093 a
949 2064 1091 2103 Gregorio
1111 2066 1214 2102 Magno
1232 2062 1397 2090 tribuebatur
1407 2084 1414 2095 ,
1437 2072 1467 2091 ut
1487 2072 1521 2091 ex
1542 2067 1597 2101 ejus
1616 2065 1703 2104 Regi-

915 2105 974 2134 stro
1010 2105 1126 2142 liquct5
1155 2104 1228 2131 unde
1255 2102 1357 2131 merito
1378 2103 1540 2132 cardinales
1571 2104 1701 2143 praefatos

893 2156 901 2165 ·
917 2146 1058 2184 eleganter
1084 2146 1203 2182 Joannes
1230 2143 1333 2171 Sirinus
1358 2147 1498 2182 Principes
1512 2145 1649 2181 pileatos,
1673 2150 1701 2175 ὃς

918 2186 1086 2216 hincmarus
1112 2185 1312 2215 Cardinarffls,
1337 2184 1425 2217 idest,
1448 2185 1479 2212 in
1499 2185 1613 2214 cardine
1631 2187 1700 2214 cmi·

916 2236 1030 2259 nentes,
1055 2225 1132 2263 epist.
1154 2235 1180 2256 7.
1209 2233 1265 2261 cap.
1290 2235 1336 2252 η.
1367 2224 1523 2263 appellant.
1543 2226 1601 2255 FR.
1620 2226 1703 2257 Idem

914 2263 1015 2294 tit'ulus
1034 2267 1119 2294 etiam
1140 2264 1284 2302 Episcopi-s
1309 2264 1434 2293 dabatur.
1460 2267 1536 2300 [Per
1555 2266 1629 2293 hunc
1650 2276 1699 2304 ge—

915 2307 1004 2335 rulum
1033 2306 1175 2335 visitantes
1195 2305 1385 2334 Eminentiam
1411 2305 1546 2338 vestram,
1569 2306 1599 2334 in
1620 2305 1699 2342 epist.

913 2345 1053 2387 Radulph.
1065 2344 1155 2385 Episc.
1167 2344 1302 2375 Roffensis
1310 2345 1344 2374 ad
1355 2346 1465 2375 Lullum
1477 2344 1701 2413 Archiespsgop.
