1866 2526
164 69 245 107 620
500 62 528 105 S
560 64 579 104 I

1314 61 1395 105 SI

142 122 183 159 fis
195 145 201 151 .
212 124 367 161 Trapezita
376 143 383 150 .
402 121 512 150 Caetera
523 141 530 149 .
552 119 625 150 Vide
633 123 786 149 Proxeneta
795 139 802 147 .
821 118 946 158 Transa-
965 118 1120 152 Siutsrim,
1132 128 1213 158 quare
1224 117 1254 149 in
1262 129 1291 149 ea
1300 130 1376 159 parte
1386 118 1583 160 depingebatur
1592 123 1617 153 S.
1628 123 1730 154 Petrus.
1742 123 1794 154 Vi·

154 166 205 193 έῖἱο
215 184 222 192 .
233 164 451 192 Vicedomt'natus
462 183 469 190 .
581 186 587 188 ,

111 202 256 234 δηιοΝιΖο
268 225 275 236 ,
287 203 422 242 reperitur
430 202 499 241 apud
509 202 659 231 nonnullos
669 199 866 229 Ecclesiasticos
876 199 947 228 Scri-

150 255 243 283 ptores
251 244 305 274 hoc
316 244 427 274 verbum
438 265 446 277 ‚
469 243 543 281 quod
554 242 696 271 simoniam
713 240 888 269 committere
897 241 946 269 de-

152 296 231 316 notat
241 307 248 314 ι
949 290 955 329 Ι

109 331 231 360 SIMPLUS
244 347 251 355 .
275 325 348 354 Vide
361 331 378 353 S
396 326 513 363 mplones
524 345 531 352 .

109 372 289 400 SiMpsALma,
301 378 358 403 συμ
391 372 479 402 αλμα
490 386 501 402 ,
510 365 588 397 idest,
598 361 777 393 consonantia
787 361 816 390 in
827 361 945 400 psallen-

151 411 199 442 do,
207 407 254 437 seu
264 407 418 436 simultaiiea
427 405 577 444 psallentia.
590 402 770 441 [Simpsalma
781 403 883 431 dicitur
895 414 943 432 vo*

152 451 190 479 cis
198 448 338 487 copulatio
349 448 378 476 in
388 446 525 476 cantando
536 466 542 473 .
563 446 627 474 Isid.
638 444 684 473 lib.
696 450 722 472 6.
733 453 791 481 cap.
807 445 873 479 19.]
892 445 944 472 Sed

149 491 237 530 prima
247 489 348 518 vocalis
358 498 391 515 ex
402 485 601 525 orthographia
609 495 698 525 graeca.
708 495 767 512 non
777 494 842 522 per,
856 484 884 515 i5
897 483 943 513 sed

150 543 199 571 per
207 551 218 567 ,
229 542 248 567 y
262 556 268 568 ‚
280 529 360 558 scribi
371 529 481 556 deberet
490 547 497 555 .

109 575 262 605 &murras
273 592 281 603 ,
301 568 471 607 conspiratio
481 589 488 601 ‚
498 566 654 596 conventio
663 587 670 595 .
694 566 841 602 [Quorum
851 566 944 596 fimiil-

1002 159 1037 189 de
1046 161 1150 193 Bulla,
1169 164 1313 189 Dextera.
1334 162 1422 198 Quare
1431 162 1534 191 sinistra
1552 164 1704 204 antiquitus
1721 175 1796 194 com-

1003 201 1210 230 municabantur
1228 201 1382 230 Sacerdotes
1392 224 1399 235 ‚
1423 206 1451 232 ὃς
1462 201 1546 232 hodie
1555 205 1736 235 Dominicani
1746 206 1794 234 ob-

1000 240 1110 271 servant
1122 263 1130 275 ‚
1153 245 1181 270 &
1192 251 1274 279 quare
1292 242 1414 271 Summus
1431 243 1584 274 Pontifexa
1604 257 1677 284 parte
1688 246 1793 276 sinIstra

1001 282 1102 320 recipit
1112 281 1287 310 Eucharistiae
1298 282 1499 311 Sacramentum
1510 306 1516 312 .
1526 286 1599 315 Vide
1611 289 1773 316 Communia
1785 306 1793 314 .

961 320 1120 352 Simouaiffi.
1131 342 1139 350 .
1152 324 1208 351 FR.
1218 322 1408 355 Dominabile,
1418 324 1493 362 quod
1502 326 1624 355 consistit
1634 328 1662 355 in
1672 337 1732 356 toto
1743 327 1794 356 do-

1001 364 1119 391 minatus
1129 384 1137 396 ,
1157 361 1203 391 seu
1223 362 1355 391 simiorum
1366 384 1374 396 ‚
1397 366 1425 392 δ(
1443 363 1600 396 Senatorum
1619 368 1792 406 Reipublicce

1000 414 1133 442 corpore.
1152 402 1358 441 ItaliSignorile
1368 425 1377 436 ‚
1395 406 1423 432 ὃς
1434 402 1598 435 substantive
1615 411 1739 446 signorm
1751 408 1795 436 di-

1001 454 1067 473 cunt
1078 465 1084 473 .
1107 443 1156 480 [Si
1168 444 1252 472 vultis
1261 454 1374 483 regnare
1416 447 1443 471 ὅ(
1453 445 1579 483 vigorem
1587 449 1691 487 regium
1703 471 1710 482 ,
1722 453 1748 478 ὅ(
1759 450 1795 478 fi-

1001 485 1105 514 niorale
1113 508 1120 518 ,
1131 488 1159 513 8(
1170 483 1248 523 super
1259 485 1362 512 vestros
1372 506 1380 516 ,
1390 488 1417 513 ὃ(
1426 484 1506 523 super
1516 485 1705 525 impugnantes
1717 500 1794 528 pote-

1000 527 1094 555 statem
1105 525 1220 554 vestram
1229 526 1330 564 optatis
1339 524 1437 554 habere
1450 544 1457 551 .
1477 527 1589 555 Concil.
1600 529 1721 558 Melden.
1731 541 1753 558 c.
1766 541 1794 564 7·

1000 578 1062 595 ann.
1076 571 1142 601 845.

149 624 218 643 tates
236 611 380 646 Presbyter
389 610 487 638 astutus
506 608 662 647 praevidens
673 628 679 635 .
702 609 738 636 In
750 608 807 637 vita
814 608 840 636 S.
850 607 943 636 Severi
960 609 1167 637 SINISTERITAS
1180 628 1188 639 ,
1200 617 1320 636 aerunina
1331 628 1338 640 ,
1356 607 1503 636 infelicitas
1512 628 1519 636 .
1542 609 1669 645 [Quibus
1679 610 1794 648 primor-

151 652 278 692 Episcop.
296 652 330 680 de
339 649 496 689 quibusdam
506 650 625 678 Clericis
636 648 726 677 sermo
737 648 775 677 est
784 671 792 681 ‚
803 649 849 687 qui
863 648 943 676 furari

147 693 267 731 eiusdem
275 692 358 721 saneti
369 693 478 729 Corpus
488 688 712 728 conspiraverant
722 711 729 717 .
743 691 798 719 PR,
810 689 944 727 significat

1001 648 1054 676 diis
1066 651 1178 684 majores
1196 648 1280 676 nostri
1292 649 1375 677 etiam
1385 648 1590 678 sinisteritatum
1611 649 1718 679 suarum
1729 651 1795 679 rela-

1002 689 1092 717 tiones
1101 689 1233 717 evolvcre
1243 688 1447 727 auspicabantur
1455 711 1462 718 .
1474 690 1568 719 Sidon.
1580 690 1626 719 lib.
1642 702 1664 719 1.
1675 691 1753 730 epist.
1769 700 1794 727 5.

150 734 262 774 proprie
271 732 470 762 simulationem
481 753 488 764 ‚
500 732 578 760 malae
590 732 689 759 mentis
699 729 943 762 machinationem,
961 731 1168 758 Sinonocnmn
1181 750 1187 756 .
1212 729 1284 758 Vide
1304 731 1506 759 Xenodochium
1519 753 1525 759 .

150 787 179 804 ac
189 776 285 804 odium
302 774 440 802 occultum
450 795 458 806 ‚
479 772 554 811 quod
564 773 722 800 vocabulum
740 782 798 799 non
809 770 840 799 ab
850 771 944 799 adver·
963 772 1079 799 Slisioms
1091 792 1098 803 ‚
1110 768 1217 804 σινῶπις
1226 792 1233 803 ‚
1247 780 1318 799 terra
1330 772 1406 800 rubi-a
1418 793 1425 804 ‚
1437 771 1482 800 seu
1496 772 1597 800 ininius
1609 794 1616 804 ,
1629 772 1668 801 ita
1677 772 1796 811 appella-

148 816 284 853 biofimul
294 837 301 848 ,
321 814 366 843 sed
377 825 391 842 a
415 813 601 850 verbofimulo
619 812 696 840 sunm
707 821 823 846 etymon
841 812 925 839 trahit
938 823 943 839 ;

150 864 164 894 [
174 858 312 886 Habentur
320 855 403 883 semel
414 854 563 882 concilium
574 862 637 882 ante
648 853 704 881 dies
714 852 925 891 quadragesimae
938 874 944 885 ,

151 908 181 927 ut
204 897 329 926 omnibus
351 896 392 930 (si
405 905 464 934 quae
481 894 566 926 sunt)
588 894 766 922 simultatibus
783 893 927 931 :imputatis
938 915 944 925 ,

147 939 280 967 mundum
289 938 434 973 jejunium,
445 940 471 965 ὅ(
481 934 606 963 solemne
616 936 680 963 Deo
692 934 774 973 possit
783 933 946 967 osterri,c:iii.

147 979 277 1008 habeatur
290 979 370 1011 ‚dish
386 982 428 1006 18.
443 979 454 1008 ]
474 976 533 1004 Ubi
545 975 638 1004 Gloss'a
650 977 790 1013 privatum
806 975 902 1003 odium
913 975 944 1003 si>

147 1020 280 1060 gnificare
290 1028 365 1057 putat
376 1029 382 1048 5
407 1016 454 1045 sed
464 1027 492 1045 re
504 1027 567 1045 vera
579 1017 693 1045 denotat
711 1016 880 1055 generaliter
891 1026 943 1044 tam

147 1061 285 1089 occultum
296 1081 303 1092 ‚
315 1069 394 1098 quain
406 1057 577 1086 manifestum
591 1078 598 1084 .
618 1059 661 1085 Ita
672 1058 774 1086 Cicero
785 1067 835 1094 pro
857 1058 875 1084 l.
888 1059 943 1085 Ma-

147 1102 216 1131 nilia
226 1100 283 1129 usus
293 1101 331 1129 est
343 1123 350 1133 ,
370 1099 513 1138 inquiens:
537 1098 603 1132 [Ut
614 1099 711 1126 multas
731 1098 817 1126 etiam
827 1098 945 1127 iimulta-

149 1152 189 1171 tes
200 1143 301 1181 partim
310 1140 434 1169 obscuras
448 1162 453 1173 ,
478 1139 577 1177 partim
587 1149 690 1177 apertas
706 1138 861 1178 intelligam
876 1138 946 1168 mihi

1004 821 1044 839 tus
1055 822 1067 838 a
1077 810 1203 839 Civitate
1213 810 1291 846 hujus
1302 813 1422 840 nominis
1435 834 1443 845 ,
1454 823 1487 840 ex
1498 823 1548 851 qua
1560 813 1708 842 devehitur
1719 834 1726 840 .
1738 812 1796 841 Fuit

1003 852 1070 879 item
1091 851 1220 879 meretrix
1242 851 1339 879 famosa
1356 852 1408 881 hoc
1425 853 1538 881 nornine
1557 854 1690 892 appellata
1703 879 1708 886 ,
1730 853 1795 881 inde

1004 891 1214 930 proverbialiter
1225 891 1326 930 sinopis
1336 901 1386 929 pro
1397 892 1512 922 lasciviae
1524 894 1623 922 dedito
1641 894 1796 923 subintelli-

1002 933 1117 971 gebatur
1126 953 1134 964 ,
1154 942 1183 959 ac
1203 932 1298 960 eadem
1317 933 1477 962 intentione
1487 935 1618 963 Haeretici
1630 933 1797 970 Eutychiani

1002 975 1027 1002 S.
1038 973 1189 1002 Seleucium
1209 972 1330 1002 Amaseae
1343 974 1556 1012 Meti-cpolitani
1576 975 1606 1003 in
1616 976 1749 1004 Concilio
1760 978 1795 1004 E—

1002 1013 1116 1052 pliesino
1123 1013 1323 1042 cavillabuntur
1335 1036 1342 1047 ,
1363 1014 1487 1044 dicentes
1496 1015 1540 1044 ei:
1563 1017 1656 1051 [Non
1665 1015 1702 1044 est
1715 1019 1797 1044 Ama-

1002 1054 1053 1083 seae
1065 1053 1213 1093 Episcopus
1224 1076 1231 1087 ‚
1243 1054 1353 1093 Sinopis
1364 1055 1402 1083 est
1413 1078 1421 1089 ‚
1433 1058 1444 1087 ]
1457 1057 1666 1094 aequivocando,
1678 1066 1774 1095 nempe
1788 1076 1799 1091 ‚

1006 1096 1039 1124 ad
1051 1096 1206 1124 Civitatem
1218 1117 1225 1128 ‚
1247 1098 1274 1123 δε
1284 1096 1460 1125 Meretricem
1471 1097 1553 1126 unico
1564 1097 1616 1125 hoc
1627 1098 1741 1125 nomine
1752 1107 1797 1135 ap-

1005 1137 1117 1175 pellatas
1126 1157 1133 1163 .
1152 1137 1207 1165 FR.
1223 1136 1319 1164 dehoc
1329 1138 1422 1166 colore
1434 1138 1472 1166 ita
1482 1138 1573 1177 inquit
1583 1139 1707 1167 Plinius:
1732 1138 1797 1172 [Si-

1004 1178 1083 1216 nopis
1094 1178 1206 1205 inventa
1215 1177 1252 1205 est
1264 1177 1381 1215 primum
1391 1179 1420 1207 in
1430 1181 1531 1207 Ponto:
1544 1179 1607 1207 inde
1619 1188 1719 1207 nomen
1731 1188 1744 1207 a
1755 1179 1796 1207 Si-

1004 1228 1076 1257 nope
1086 1218 1148 1246 urbe
1160 1238 1166 1244 .
1187 1216 1314 1246 Nascitur
1324 1223 1349 1247 δε
1362 1220 1390 1247 in
1400 1219 1536 1259 AEgypto
1547 1242 1554 1252 ,
1576 1219 1726 1248 Balearibus
1735 1240 1746 1256 ‚
1759 1221 1797 1248 A<

1005 1259 1071 1287 frica
1083 1270 1088 1286 :
1100 1257 1147 1286 sed
1159 1257 1303 1296 optinia'in
1315 1261 1420 1288 Lemno
1431 1281 1438 1292 ,
1450 1265 1476 1289 ὃ(
1487 1261 1515 1288 in
1526 1260 1699 1299 Cappadocia
1709 1281 1717 1292 ,
1730 1259 1794 1288 effo-

1003 1298 1028 1327 sa
1047 1299 1221 1336 espeluncisi
1242 1309 1300 1336 qua:
1311 1299 1379 1327 saxis
1398 1299 1528 1333 adhesit,
1547 1301 1679 1329 excellit.
1699 1300 1797 1329 Glebis

1003 1338 1062 1368 suus
1072 1340 1149 1367 color
1159 1348 1235 1366 extra
1246 1339 1411 1367 maculosus.
1437 1342 1550 1378 Hacque
1568 1342 1605 1370 usi
1616 1340 1679 1369 sunt
1691 1351 1795 1370 veteres

1003 1381 1037 1408 ad
1047 1379 1222 1418 splendorem
1233 1399 1239 1405 .
1251 1380 1357 1417 Species
1367 1381 1507 1419 Sinopidis
1518 1390 1570 1408 tres
1584 1404 1590 1415 ,
1600 1381 1676 1409 rubra
1686 1402 1694 1414 ‚
1706 1384 1733 1408 ὅ(
1744 1382 1795 1408 mi-

1003 1431 1051 1448 nus
1063 1421 1160 1448 rubens
1171 1442 1177 1452 ,
1187 1424 1214 1447 ὅ(
1224 1420 1297 1449 inter
1308 1420 1355 1449 has
1365 1422 1454 1450 media
1465 1443 1473 1454 ,
1493 1421 1538 1449 lib.
1549 1432 1563 1456 3
1573 1431 1596 1456 5.
1608 1432 1664 1459 cap.
1676 1428 1702 1450 6.
1726 1422 1796 1456 [De

1002 1461 1051 1489 hac
1062 1463 1181 1499 jeremia
1193 1483 1200 1494 ‚
1223 1471 1245 1487 c.
1261 1461 1423 1500 22.inquit:
1448 1465 1506 1496 [Et
1527 1461 1588 1489 facit
1608 1461 1741 1500 laquearia
1751 1472 1793 1490 cc-

1002 1502 1081 1530 drina
1090 1523 1096 1533 ,
1117 1501 1266 1540 pingitque
1275 1501 1401 1539 finopide
1412 1523 1418 1529 .
1432 1504 1444 1533 ]
1465 1501 1510 1529 De
1519 1500 1569 1529 hac
1580 1502 1663 1529 etiam
1672 1502 1731 1540 egit
1745 1503 1795 1532 Vi-

1002 1542 1107 1570 truvius
1119 1563 1126 1574 ‚
1138 1542 1183 1569 lib.
1198 1555 1223 1577 ς.
1234 1542 1328 1570 Strabo
1340 1564 1347 1575 ‚
1360 1543 1405 1570 lib.
1422 1553 1464 1570 12.

104 1592 216 1620 Sinoon
229 1610 235 1616 .
248 1590 321 1618 Vide
331 1589 474 1625 Corporale
487 1609 494 1615 .
505 1589 609 1616 Othone
621 1609 627 1615 .
637 1589 777 1617 Sahanum
787 1608 795 1616 .
962 1585 1121 1613 §inopinus
1135 1605 1141 1614 ,
1164 1592 1196 1610 ex
1220 1582 1352 1621 Sinopide
1369 1583 1494 1613 Civitate
1504 1604 1512 1615 ,
1535 1584 1579 1612 vel
1601 1582 1732 1621 sinopidis
1752 1594 1797 1611 co-

105 1632 174 1660 Sine
186 1632 314 1660 Inv'icrn
326 1642 333 1661 5
345 1631 374 1659 id
385 1629 421 1657 est
431 1650 439 1661 ,
452 1629 507 1657 sine
517 1629 651 1656 relatione
664 1650 671 1661 ,
684 1630 727 1657 vel
738 1629 793 1657 sine
803 1626 945 1658 (ori-elati·
1002 1625 1090 1652 lorem
1113 1621 1232 1652 referens
1242 1643 1248 1650 .
1272 1623 1419 1653 Viti-uvius
1431 1645 1438 1656 ,
1464 1624 1508 1651 lib.
1518 1634 1545 1656 7.

145 1682 179 1700 va
199 1670 453 1709 correspondentia.
477 1674 487 1703 [
502 1668 663 1698 Possiinthae
675 1670 735 1697 dua:
757 1679 859 1697 naturae
871 1668 944 1696 divi·
961 1665 1111 1694 Sixomsso
1125 1685 1133 1697 ‚
1156 1663 1281 1702 sinopide
1303 1665 1399 1693 coloro
1413 1685 1419 1692 ·

146 1716 222 1745 nm&
233 1711 348 1740 humana
360 1712 388 1739 in
399 1709 517 1739 Christo
532 1709 587 1737 sine
601 1709 871 1748 invicemloquendo
882 1719 946 1746 pro-
960 1707 1117 1740 Summis,
1142 1705 1338 1743 corrigendum
1358 1716 1449 1734 tamen
1468 1705 1506 1734 est
1522 1705 1646 1742 Sinistri>-
1664 1705 1693 1733 in
1713 1707 1796 1733 Petro

145 1753 228 1783 ferri÷
249 1764 306 1781 non
316 1752 424 1790 poliunt
436 1750 620 1779 sineinviceni
641 1750 779 1778 credendo
798 1749 944 1788 cognosci.
1002 1747 1140 1775 Damiano
1152 1767 1160 1778 ‚
1179 1756 1261 1784 eP09·
1281 1757 1343 1774 nam
1354 1747 1476 1785 loquitur
1493 1745 1527 1774 dc
1539 1746 1682 1774 {imatione
1692 1745 1796 1773 sinistra

144 1794 292 1822 Ferrandtis
312 1793 454 1821 Diaconus
465 1790 630 1830 Carthagin.
644 1791 674 1819 in
690 1792 770 1829 epist.
789 1791 822 1819 ad
831 1792 944 1819 Aiiatol.
1002 1788 1122 1825 reprobis
1142 1786 1171 1814 in
1189 1785 1235 1815 die
1245 1786 1347 1824 Judicii
1362 1786 1518 1824 assignanda
1531 1808 1538 1819 ,
1559 1789 1632 1821 cujus
1651 1786 1711 1814 haec
1732 1784 1796 1813 sunt

143 1834 217 1862 Vide
230 1833 376 1872 Hypcstafis
387 1853 393 1860 .
1003 1829 1098 1856 verba:
1113 1827 1263 1865 [Plerique
1272 1828 1453 1856 Pontificatus
1462 1836 1519 1861 iura
1532 1837 1587 1855 non
1597 1825 1725 1854 deserunt
1736 1847 1744 1858 ‚
1766 1829 1794 1854 &

103 1876 278 1904 §mouri-iuis
290 1896 297 1902 .
312 1875 385 1902 Vide
395 1873 548 1902 Monachus
563 1893 569 1900 .
587 1873 776 1910 Singularitas
786 1894 792 1900 .
1001 1868 1035 1897 de
1046 1868 1148 1897 finstris
1165 1866 1228 1896 sunt
1242 1879 1249 1898 5
1272 1878 1410 1908 quotquot
1431 1876 1522 1896 autem
1542 1867 1655 1905 legimus
1674 1866 1795 1895 restuin-

105 1917 282 1945 Sixoutaitis
306 1916 408 1944 FORMA
429 1916 597 1943 Vtitisoxum
607 1934 613 1941 .
638 1916 693 1943 FR.
706 1912 856 1941 adhibenda
866 1912 903 1940 est
916 1912 945 1939 in
1002 1910 1129 1938 tentione
1139 1907 1265 1938 dimisisse
1278 1931 1285 1942 ‚
1306 1919 1379 1938 certa
1388 1908 1447 1947 spes
1457 1908 1494 1937 est
1506 1907 1615 1936 eosdem
1626 1917 1726 1936 aeterna
1735 1915 1797 1935 cum

144 1957 280 1985 eleftione
291 1968 304 1984 a
317 1954 429 1993 singulis
440 1954 599 1982 electoribus
610 1975 617 1986 ,
639 1954 703 1982 licet
713 1954 802 1992 plures
814 1954 884 1983 sint5
905 1951 944 1980 se·
1001 1950 1116 1979 Christo
1126 1949 1255 1979 societate
1264 1950 1380 1988 gaudere
1391 1972 1399 1978 .

145 2008 189 2025 cus
201 2007 269 2025 vei-o
281 1996 299 2025 fi
313 1997 402 2034 plures
414 1995 539 2026 Arbitri,
550 2004 593 2022 aut
603 1995 726 2031 judices,
736 1994 789 2022 illis
803 1993 944 2031 praesenti-
960 1991 1070 2020 Simiou
1081 2014 1088 2024 ‚
1100 1988 1180 2028 σι’φων
1193 2012 1200 2023 ,
1211 1991 1374 2019 canaliculus
1384 2012 1391 2023 ‚
1404 1990 1460 2019 sive
1470 1988 1555 2017 fistula
1567 2012 1573 2022 ‚
1585 1999 1636 2026 qua
1647 1986 1798 2026 antiquitus

145 2039 272 2069 busamus
284 2046 391 2067 tanturn
401 2045 496 2065 eorum
514 2036 629 2063 nomine
639 2045 766 2063 omnium
779 2033 944 2062 sententiam
1000 2031 1091 2069 siguis
1102 2031 1218 2059 Domini
1229 2041 1262 2058 ex
1275 2031 1373 2059 Calice
1383 2030 1575 2058 exsorbebatur
1586 2030 1616 2057 in
1627 2028 1797 2057 communio-

146 2078 276 2116 proi‘erat‚
288 2088 345 2115 cap.
359 2089 385 2112 4.
398 2077 431 2105 de
442 2074 589 2108 sententia,
600 2078 627 2103 ὃ(
639 2087 666 2104 re
676 2075 793 2111 judicata
805 2075 834 2103 in
846 2074 924 2102 sexto
936 2095 943 2102 .
1001 2082 1035 2100 nc
1046 2094 1053 2105 ,
1064 2082 1099 2100 ne
1108 2070 1298 2100 effunderetur,
1311 2077 1322 2106 [
1335 2071 1447 2101 Obtulit
1458 2071 1584 2099 Calicem
1594 2073 1724 2106 majorem
1737 2068 1796 2096 sun--

102 2119 326 2148 §memmius
339 2138 346 2145 .
367 2119 423 2147 FR.
434 2115 611 2144 monachatus
621 2129 631 2149 ,ς
655 2126 716 2144 nain
730 2127 817 2144 monos
837 2125 925 2153 graece
936 2137 942 2147 ,
1000 2113 1097 2140 datum
1108 2122 1169 2140 cum
1185 2111 1298 2150 siplione
1310 2111 1470 2150 pensantem
1481 2111 1560 2139 libras
1573 2107 1796 2148 triginta.Anast.

148 1194 207 1215 non
219 1182 360 1212 necessaria
372 1203 379 1214 ,
392 1180 468 1210 vobis
480 1190 536 1207 non
547 1179 626 1208 utiles
637 1178 776 1218 suscepisse
787 1200 793 1206 .

107 1224 303 1254 &monacnum
314 1224 397 1252 sotis
410 1244 418 1255 ,
429 1224 527 1251 Romae
540 1219 568 1248 in
580 1220 623 1249 via
634 1220 732 1250 Salaria
745 1219 829 1250 veteri
842 1241 849 1247 .
873 1221 946 1250 Vide

146 1265 303 1293 Concilium
314 1284 321 1291 .

105 1306 235 1334 simma
248 1326 255 1332 .
275 1303 468 1334 FR-semitcim
478 1325 485 1336 ,
509 1303 565 1331 sive
579 1324 586 1335 ‚
605 1313 633 1330 ut
645 1303 693 1331 alii
703 1304 809 1332 malunt
819 1323 826 1334 ,
851 1302 946 1331 tei-nii—

145 1356 212 1376 num
223 1344 358 1374 territorii
369 1344 503 1383 significat
514 1364 520 1370 .
543 1343 593 1378 [Si
605 1343 664 1380 quis
675 1353 787 1381 propter
811 1343 947 1371 intentio-

146 1397 210 1416 nem
222 1387 296 1425 signa
308 1395 379 1414 nova
388 1407 396 1418 ,
407 1394 451 1413 aut
464 1384 648 1416 tlieclaturam,
658 1393 703 1412 ant
715 1383 841 1412 linaidam
854 1385 880 1411 in
893 1383 947 1418 syl-

150 1428 192 1455 vis
202 1427 312 1455 alterius
325 1427 421 1454 fecerit
431 1447 439 1458 ‚
451 1427 469 1454 l.
482 1426 500 1454 si
511 1425 570 1462 quis
582 1434 695 1462 propter
706 1446 714 1457 ‚
727 1424 760 1452 de
773 1434 804 1451 eo
816 1446 822 1455 ,
834 1425 880 1461 qui
892 1434 944 1452 ter-

148 1469 276 1499 minum]
299 1467 450 1504 Repei'itur
461 1466 544 1496 etiam
561 1466 674 1494 sineida
685 1487 693 1498 ,
712 1475 770 1503 qux
786 1464 946 1493 incisionem

147 1509 270 1537 arborum
280 1506 415 1547 significat
426 1528 432 1534 .

104 1550 268 1578 Sincaius
281 1569 288 1576 .
304 1549 376 1577 Vide
385 1548 520 1587 syncellus
532 1568 538 1575 .

143 2159 230 2187 latine
242 2159 404 2196 singularem
414 2157 491 2185 sonat
501 2178 508 2185 .
532 2157 727 2195 [Propositum
740 2156 870 2184 Monaclii
882 2166 943 2193 pro-
1000 2152 1135 2182 Biblioth.
1150 2155 1161 2184 ]
1175 2153 1269 2181 Hodie
1280 2163 1372 2181 tamen
1381 2152 1452 2180 solus
1467 2151 1595 2180 Pontifex
1606 2151 1694 2179 utitur
1704 2146 1796 2184 sipho-

143 2209 206 2238 prio
217 2199 330 2226 arbitrio
340 2221 347 2231 ‚
358 2203 384 2226 ὃ(
397 2200 540 2226 voluntate
550 2196 714 2235 susceptum,
725 2195 813 2225 deseri
826 2207 882 2225 non
895 2207 942 2235 po-

143 2239 194 2267 test
204 2238 301 2276 absque
315 2248 444 2276 peccat05
460 2238 534 2276 quod
544 2239 618 2266 enim
631 2239 691 2276 quis
703 2247 784 2266 vovet
796 2238 857 2265 Deo
871 2259 877 2269 ‚
897 2238 940 2265 de«

141 2281 186 2308 bet
200 2280 330 2307 reddere:
348 2280 420 2306 unde
432 2280 478 2317 qui
490 2279 583 2307 reliCla
596 2278 790 2317 singularitatis
801 2277 942 2315 professio-

143 2331 178 2347 ne
188 2320 225 2348 ad
235 2320 364 2348 militiam
376 2341 383 2351 ,
395 2320 440 2350 vel
452 2319 483 2346 ad
494 2319 603 2357 nuptias
613 2320 760 2357 devolutus
772 2318 809 2346 est
821 2341 828 2352 ‚
839 2318 942 2355 publica

142 2361 316 2398 poenirentiae
329 2359 511 2388 satisfatftionc
524 2360 676 2398 purgandus
688 2359 726 2387 est
739 2380 747 2393 ,
765 2368 823 2387 can.
837 2360 941 2397 Propo-

140 2400 219 2430 situm
231 2422 239 2435 ,
254 2413 297 2430 ιο.
310 2411 391 2439 ‘1⁸¹3‘

1002 2204 1038 2221 ne
1049 2193 1076 2221 in
1088 2193 1254 2221 solemnibus
1264 2193 1500 2225 celebrationibus,
1511 2191 1558 2230 qui
1571 2190 1676 2219 tubulus
1686 2198 1718 2230 ex
1729 2197 1795 2215 auro

1003 2235 1051 2266 cst,
1065 2244 1119 2273 quo
1129 2234 1269 2262 Diaconiis
1280 2235 1375 2267 etiam,
1384 2238 1410 2262 δε
1421 2233 1604 2261 Stibdiaconus
1613 2229 1794 2271 Dominicum

1002 2274 1163 2313 sanguinein
1173 2274 1320 2305 exsorbent
1334 2296 1340 2301 .
1354 2273 1507 2303 Davantria
1516 2272 1545 2300 in
1556 2274 1611 2307 ejus
1622 2277 1796 2297 caeremonia-

1000 2316 1021 2343 li
1041 2317 1079 2343 M.
1100 2316 1124 2343 S.
1144 2315 1187 2344 tibi
1205 2315 1356 2344 describens
1387 2313 1578 2343 cardinalium
1606 2309 1795 2338 Diaconorum

1004 2357 1232 2384 communionem
1245 2379 1250 2386 ,
1261 2356 1294 2383 de
1304 2355 1354 2383 hac
1364 2354 1449 2383 fistula
1460 2353 1522 2380 facit
1533 2350 1708 2378 mentionem
1717 2370 1724 2381 ,
1745 2358 1793 2375 tiit*

1001 2406 1054 2434 que
1066 2395 1117 2425 hos
1127 2396 1285 2427 Cardinales
1295 2396 1355 2435 post
1363 2393 1554 2432 sumptionem
1566 2389 1701 2430 Corporis
1711 2386 1800 2457 {hri--
