1866 2526
448 43 490 86 G
521 43 556 84 L

97 103 269 142 ginatianem
288 101 467 142 reliquiarum
485 101 597 136 alicujus
610 100 699 129 saneti
711 121 719 132 ‚
739 98 804 128 sicut
813 105 899 129 Terre

93 144 182 181 gleba,
194 147 269 176 Auri
275 145 356 183 gleba
366 166 374 177 ,
384 143 462 175 idest,
473 141 580 181 globus,
591 144 618 170 ὃ(
628 140 898 176 involucrum.[Quae

97 186 169 215 latro
178 185 266 217 secum
274 185 370 215 omnia
380 183 530 223 asportans,
540 181 730 220 diripuit‚solo
741 182 838 210 reficio
846 180 901 210 sar-

97 226 223 267 cophago
235 237 296 256 cum
305 225 376 254 sacra
386 222 514 263 Virginis
524 223 602 261 gleba
613 243 620 250 .
630 224 666 251 In
679 222 736 251 vita
745 223 771 250 S.
781 223 899 251 Gundu-

95 266 130 295 lae
139 288 147 295 .
164 270 176 300 1
197 268 238 297 Sic
248 267 373 297 etiamde
381 275 496 304 corpore
516 266 541 293 S.
554 264 669 292 Martini
679 266 799 301 Gregor.
811 265 900 292 Turo-

93 308 183 353 nensis
201 309 246 337 lib.
262 319 284 337 i.
303 318 361 346 cap.
372 306 423 334 ult.
433 306 486 334 ait:
511 312 523 341 [
535 304 626 342 Igitur
639 303 683 332 ubi
701 303 832 332 Turonici
852 313 898 332 eos

96 347 277 387 conspiciunt
287 345 461 377 obd'ormisse,
471 342 667 384 apprehensam
675 342 832 372 sanstiffimi
841 354 896 371 cor.

94 390 170 428 poris
179 390 285 429 glebam
297 411 304 422 ‚
324 388 370 416 alii
382 398 430 426 pei·
440 386 584 415 fenestram
597 386 711 419 ejiciunt
722 405 731 417 ‚
749 384 796 411 alii
807 394 821 412 a
833 383 898 412 foris

93 429 244 469 suscipiunt
254 432 284 461 .]
301 433 339 458 Ac
351 427 495 456 flodoard.
507 427 552 455 lib.
566 431 590 454 8.
601 429 687 463 cap-8.
698 425 731 452 de
741 425 898 452 translatio-

94 481 131 500 ne
143 473 168 501 S.
181 472 295 500 Helena·
306 468 485 499 Constantini
498 466 593 506 Magni
602 464 759 494 Genetricis
770 465 896 502 loquens,

92 514 131 542 ait
140 526 149 541 :
169 518 182 548 [
195 513 325 549 Demque
335 532 342 543 ,
362 521 390 538 ιιι
401 510 503 548 perlata
513 507 549 536 est
562 507 595 535 ad
606 505 748 544 prefatum
759 505 896 532 {vionaste-

92 555 164 584 rium
172 551 344 581 sacritissima
354 552 430 589 gleba
442 572 449 583 ,
471 547 626 588 quibusdam
637 545 822 588 dubitantibus
831 567 839 578 ,
862 557 896 573 an

93 593 150 633 ipsa
168 592 239 621 foret
260 593 368 621 Helena
387 587 568 620 Constantini
584 585 701 625 Augusti
713 585 846 614 Genitrix
859 606 865 614 .
879 588 890 617 ]

93 637 167 664 Item
187 633 238 661 hoc
258 633 416 661 vocabulum
437 633 464 659 in
475 629 550 658 Cod.
560 626 752 657 Theodoiiano
763 625 894 664 siguificat

94 675 253 713 pensionem
265 695 273 706 ‚
293 677 320 702 ὅ(
331 672 551 710 recognitionem
560 667 685 705 Principi
698 678 712 695 a
722 667 894 695 §emtoribus

90 715 162 744 solvi
173 714 282 742 solitam
291 735 300 746 ‚
310 716 337 741 δε
348 713 486 741 dicebatur
495 715 570 738 Onus
576 709 681 747 glebale
692 729 700 741 ‚
714 706 821 736 sortassc
833 708 895 746 quia

91 756 122 785 in
130 755 220 793 aliquo
229 754 312 792 globo
321 775 329 786 ,
340 751 386 782 seu
398 752 546 780 involucro
557 750 581 777 ei
591 749 763 787 praestabatur
773 769 780 776 .

49 794 184 826 GLOBUH
195 816 203 827 ,
213 794 342 823 dicuntur
352 794 447 822 calculi
459 792 516 824 illi,
527 791 621 829 quibus
632 790 660 818 in
671 801 773 820 corona
794 791 825 818 B.
836 791 894 817 Ma-

88 836 135 864 rix
147 857 155 868 ,
165 835 209 864 seu
221 835 301 864 simili
311 835 355 873 pic
366 834 469 863 utimur
479 856 486 866 ‚
501 831 670 861 numerando
680 853 687 864 ‚
705 831 812 859 scilicet
825 852 833 863 ,
852 840 893 857 tot

88 876 269 906 Salutationes
280 876 436 914 Angelicas,
447 877 475 902 ὅ(
487 882 530 902 tot
542 872 731 902 Dominicales
740 871 891 902 orationes,

86 919 163 953 cujus
176 918 234 955 pius
242 915 301 944 usus
308 918 362 951 jam
373 915 479 954 pridem
490 915 520 943 in
530 914 645 942 Ecclesia
656 923 747 942 ortum
756 911 849 940 habuit
860 912 892 954 :id

86 957 271 986 imitationem
287 958 473 995 Antiquorum
493 957 522 984 in
535 955 622 983 veteri
636 954 809 984 Testamento
819 974 826 985 ,
845 962 892 990 qui

86 997 210 1026 solebant
223 998 425 1036 quinquaginta
434 997 490 1025 Dat
499 997 586 1024 idicos
595 995 711 1033 psalmos
722 994 846 1025 recitare,
859 993 892 1020 iic

87 1037 245 1068 Christiani
254 1046 364 1065 centum
375 1059 383 1070 ,
403 1042 430 1067 ὅ(
449 1037 648 1076 quinquaginta
670 1036 772 1065 vicibus
790 1043 892 1062 oratio-

81 1088 153 1111 ιιι-ιιι
162 1078 368 1107 Dominicalem
378 1078 584 1107 consueverunt
595 1076 753 1116 persolvere
763 1097 771 1108 ,
781 1085 842 1113 quae
853 1084 894 1102 re-

85 1120 229 1156 citationis
238 1118 410 1148 combinatio
419 1120 588 1156 psalterium
597 1117 779 1154 cbristi,ficut
790 1117 894 1145 Alanus

84 1161 182 1198 copus
191 1160 220 1188 in
229 1159 273 1188 sua
284 1160 425 1198 Apologia
435 1159 518 1188 refert
534 1181 541 1193 ‚
552 1158 690 1187 dicebatur
700 1169 706 1188 3
724 1157 824 1186 deinde
837 1166 892 1184 coe-
910 1192 912 1194 Ι

85 1210 162 1239 ptum
183 1199 234 1228 fuit
252 1201 372 1228 totidem
391 1201 538 1240 Angelicas
555 1198 734 1228 salutationes
762 1197 871 1226 recitari
885 1218 891 1229 ‚

84 1241 159 1279 quod
169 1244 196 1269 δ(
207 1241 375 1277 Psalterium
385 1244 501 1279 Virginis
521 1241 682 1270 vocabatum
706 1240 771 1268 hinc
791 1239 824 1267 ad
837 1249 892 1266 mc<

83 1282 178 1310 moriae
190 1281 375 1317 adjumentum
387 1291 437 1320 pro
446 1281 499 1310 hoc
511 1291 626 1309 numero
635 1281 750 1319 praefixo
762 1303 769 1314 ,
780 1280 891 1308 uteban-

81 1331 126 1351 tur
137 1321 292 1358 hujusmodi
302 1322 419 1361 globulis
430 1344 438 1356 ,
459 1321 507 1361 qui.
519 1343 527 1355 ,
539 1331 568 1349 ut
579 1321 651 1350 idern
665 1322 767 1350 Alanus
786 1320 869 1348 refert
883 1341 889 1352 ,

81 1373 208 1401 tempore
219 1363 389 1392 Venerabilis
400 1364 481 1392 Bedae
493 1372 572 1391 crant
593 1362 622 1391 in
643 1364 754 1401 Angli-e
766 1361 890 1391 Ecclesiis

82 1403 115 1432 ad
125 1404 264 1443 publicum
274 1402 350 1432 usum
363 1404 473 1442 appensi
483 1424 490 1431 .
514 1403 649 1432 Palladius
660 1425 668 1435 ‚
688 1414 733 1441 qui
744 1405 837 1432 floruit
856 1401 890 1428 de

83 1454 157 1473 anno
167 1455 202 1479 42
209 1455 235 1479 9.
256 1444 285 1472 in
297 1447 353 1480 ejus
362 1445 486 1474 Laufiaca
495 1454 554 1482 cap.
567 1454 612 1480 23.
635 1445 746 1472 Paulum
758 1443 890 1472 Abbaiem

84 1494 238 1512 tercentum
257 1484 356 1512 similes
376 1495 466 1522 preces
484 1484 610 1522 quotidie
640 1484 752 1511 recitare
779 1483 888 1511 solitum

82 1523 158 1552 fuisse
176 1523 218 1551 his
238 1524 328 1552 verbis
346 1525 474 1552 testatur:
496 1530 508 1559 [
520 1525 639 1552 Habebat
649 1525 744 1552 Paulus
753 1533 889 1551 tri-centris

82 1574 175 1603 preces
186 1563 317 1601 express'as
327 1586 333 1597 ,
345 1569 371 1593 3<
384 1564 551 1603 praestitutos
561 1564 681 1592 totidem
692 1563 792 1592 habens
801 1565 888 1592 calcu-

80 1606 123 1633 los
134 1605 163 1632 in
174 1604 231 1632 sinu
251 1608 278 1633 ἃ
289 1615 449 1643 unaquaque
458 1605 584 1633 oratione
593 1606 694 1640 jaciens
704 1615 788 1633 unum
799 1606 887 1633 calcu-

81 1645 162 1676 lum.]
178 1646 247 1673 Non
259 1645 310 1673 fuit
319 1656 387 1685 crgo
400 1647 477 1675 Petri
489 1646 615 1674 Eremitae
626 1645 756 1674 inventio
768 1645 826 1673 haec
836 1655 885 1683 pro

78 1685 245 1714 calculandis
266 1687 388 1724 precibus
401 1708 409 1718 ,
431 1696 461 1714 ut
478 1686 548 1715 male
565 1685 647 1714 sensit
669 1687 698 1714 in
718 1685 761 1714 sua
771 1685 886 1714 secunda

81 1726 218 1755 Centuria
236 1727 270 1755 de
289 1727 470 1766 scriptoribus
491 1726 619 1764 Anglicis
645 1728 764 1764 joannes.
785 1728 887 1755 Bulaeus

80 1766 226 1794 haereticus
236 1788 242 1794 .
252 1769 389 1796 Numerus
400 1768 518 1805 proinde
529 1767 635 1806 piorum
645 1768 817 1805 globulorum
830 1778 886 1796 non

79 1805 117 1835 est
126 1805 326 1844 superstitiosus
336 1830 343 1840 ,
365 1808 431 1836 sicut
443 1808 610 1836 recentiores
630 1807 862 1836 haereticilatrtint
873 1820 884 1841 ς

78 1846 127 1875 sed
135 1847 248 1885 quidem
259 1848 292 1876 :id
303 1858 345 1876 tot
355 1848 451 1876 divina
461 1847 590 1883 mysteria.
601 1849 758 1877 meditanda
778 1849 884 1877 institu-

80 1897 122 1915 tus
132 1910 138 1919 ,
151 1890 177 1915 ἃ
188 1886 343 1924 hujusmodi
353 1889 453 1916 orandi
462 1889 566 1917 modus:
579 1895 592 1925 [
604 1891 677 1918 Cum
691 1889 747 1927 ipsa
755 1899 825 1927 pene
836 1893 883 1918 Ec—

77 1928 154 1956 clesia
165 1928 317 1965 pullulavit
329 1931 340 1959 1
354 1929 446 1968 inquit
455 1929 573 1968 Judocus
584 1929 735 1964 Beyscllius
747 1931 774 1958 in
785 1933 841 1967 ejus
852 1930 886 1958 li-

77 1969 125 1996 bro
143 1968 176 1996 de
186 1969 300 1998 Corona
310 1990 318 1997 .

35 2010 162 2038 ΟιοΜιΧ
172 2030 181 2042 ,
193 2010 300 2047 glomus
311 2030 318 2037 .
339 2016 350 2046 [
362 2009 424 2039 Ubi
435 2021 495 2039 curn
506 2011 604 2040 duabus
614 2011 718 2039 vicibus
736 2022 770 2039 ex
780 2012 886 2051 glomi-

76 2059 107 2076 ce
116 2071 124 2082 ,
136 2049 192 2077 sive
202 2059 287 2079 trama
297 2072 306 2084 ‚
317 2060 397 2089 quam
407 2061 487 2080 manu
498 2053 605 2080 tenebat
617 2073 623 2083 ,
643 2051 673 2080 in
681 2051 734 2080 tela
744 2052 789 2081 fila
799 2063 884 2081 trans-

74 2099 191 2128 poneret
201 2110 208 2117 .
222 2092 258 2119 Iri
268 2092 334 2119 Vita
344 2092 444 2120 sancte
455 2092 601 2131 Velburgis
614 2091 694 2131 Virg.

36 2130 156 2159 GzoniA
168 2151 175 2158 .
195 2130 270 2159 Vide
286 2136 369 2160 Doxa
380 2152 388 2159 .

33 2170 153 2198 Gioxu
164 2171 199 2199 ΙΝ
212 2175 352 2200 Excusis
362 2173 427 2201 Deo
437 2176 489 2202 occ·
508 2174 639 2208 Hymnus
650 2173 800 2212 Angelicus
810 2196 818 2208 ‚
836 2185 881 2202 cii-

71 2212 112 2245 J'us
121 2211 278 2241 additiones
288 2223 302 2240 :i
313 2214 339 2241 S.
352 2213 464 2241 Hilario
474 2214 640 2242 Pictavienfi
650 2213 786 2253 Episcopo
799 2216 879 2244 auctae

72 2249 181 2279 suerunt
193 2273 201 2284 ‚
211 2262 224 2280 a
234 2254 340 2281 Graeci's
348 2255 474 2282 Patribus
483 2255 635 2292 Doxologia
646 2277 654 2288 ‚
674 2254 743 2283 idest
753 2277 761 2288 ,
772 2256 879 2294 glorifi-

69 2290 143 2319 catio
156 2313 165 2325 ‚
185 2290 230 2320 seu
239 2293 449 2332 glorificationis
460 2295 558 2328 verba,
578 2305 708 2324 vocztur.
729 2295 879 2335 Telespho-

68 2340 112 2358 rus
122 2333 190 2370 Pap:
198 2354 205 2365 ,
230 2343 260 2362 ut
280 2334 310 2362 in
319 2334 397 2363 Miffi
407 2346 472 2364 cane
478 2345 553 2364 retur
562 2356 570 2368 ,
580 2334 701 2364 sancivit
715 2357 722 2363 .
743 2338 799 2366 FR.
809 2338 879 2376 apud

66 2373 165 2411 Βόκριι.
176 2375 234 2413 Λα,
246 2383 402 2413 ηιμιιιιπι.
414 2388 440 2406 2..
454 2388 461 2405 ι
474 2377 490 2414 11
503 2376 700 2416 :Symmachus
719 2387 786 2407 vero
803 2381 878 2408 Pon-

1390 0 1412 7 V

1263 45 1303 86 G
1335 45 1372 86 L
1665 60 1709 98 ⁴9

957 99 1027 130 tifex
1039 123 1046 135 ,
1061 110 1167 130 tantum
1178 101 1208 130 in
1217 102 1374 130 Dominicis
1384 101 1478 130 dicbus
1489 124 1497 135 ,
1513 106 1540 132 3:
1556 105 1584 133 in
1602 62 1759 138 fei-‘isium-

955 142 1001 170 bus
1013 143 1056 171 SS·
1066 144 1222 179 Martyrum
1234 164 1241 175 ,
1253 152 1313 181 quae
1325 152 1387 171 tunc
1400 141 1580 173 solemniores
1589 156 1668 174 erant
1678 169 1685 180 ,
1697 149 1760 178 cini

953 183 1142 212 ordinaverat.
1155 183 1266 212 Alcuin.
1274 184 1308 212 de
1319 183 1378 212 div.
1389 181 1435 211 off.
1444 193 1502 222 cap.
1513 185 1548 212 dc
1557 186 1682 215 celebrat.
1695 189 1761 217 Mis-

953 222 999 252 sae.
1012 225 1109 252 Baton.
1122 226 1198 253 Ann.
1212 235 1223 259 5
1236 235 1277 259 ¹4·
1291 236 1317 252 n.
1334 235 1377 252 iz.
1391 225 1447 252 FR-
1459 225 1549 254 varios
1565 227 1696 256 Austores
1706 229 1759 258 hu.

951 266 992 300 jus
1008 263 1108 300 hymni
1128 263 1204 293 affert
1217 267 1360 293 Gnvantus
1379 264 1408 292 in
1418 265 1528 294 Rubric.
1541 266 1638 295 Milliil.
1657 279 1756 308 pan-i.

953 305 997 333 tit.
1011 310 1036 333 8.
1050 315 1095 334 nu.
1105 316 1132 344 3.
1144 316 1151 333 :
1164 307 1191 340 Ηι
1202 305 1368 345 Antiquitiis
1376 304 1448 333 solus
1460 307 1609 346 Episcopus
1619 309 1649 336 in
1659 310 1758 338 Domi-

955 345 1026 373 nicis
1039 368 1045 378 ,
1057 350 1084 374 δε
1096 345 1290 376 festivitatibus
1301 345 1440 384 praedictis
1450 357 1546 376 canere
1554 358 1664 387 poterat
1674 350 1757 385 hym-

952 396 1016 414 num
1030 387 1191 426 Angelicum
1205 398 1216 420 ,-
1235 386 1382 415 inferiores
1392 397 1484 416 tamen
1493 391 1651 419 Sacerdotes
1669 392 1701 420 in
1712 392 1758 420 die

952 426 1059 455 Paschae
1072 437 1179 456 tantuin
1190 427 1259 455 lianc
1272 427 1429 456 facultatem
1440 427 1581 462 habebant5
1593 432 1626 461 sic
1638 442 1713 461 enim
1724 444 1754 461 ex

951 469 1132 506 Gregoriano
1143 469 1360 497 Sacramentario
1370 468 1488 497 liabetur:
1502 476 1514 505 [
1527 472 1646 500 Canitur
1659 473 1758 503 Glori2

953 507 982 535 in
994 510 1112 538 Excellis
1121 509 1185 538 Deo
1195 530 1202 541 ‚
1214 509 1232 537 si
1245 507 1393 548 Episcopus
1404 508 1494 543 suerit,
1507 513 1700 542 tantummodo
1710 515 1757 543 die

950 549 1102 578 Dominico
1112 571 1120 582 ,
1132 549 1188 579 five
1197 550 1290 578 diebus
1302 550 1382 578 festis.
1395 551 1418 578 Α
1431 552 1596 588 presbyteris
1607 564 1694 582 :iurem
1704 565 1755 582 mi-

952 588 1027 618 nime
1037 591 1138 619 dicitur
1148 612 1157 624 ‚
1174 590 1225 619 nisi
1245 590 1275 618 in
1295 589 1355 618 solo
1366 589 1464 620 Pascha
1476 612 1482 619 .
1496 594 1508 624 ]
1533 593 1602 622 Ideo
1613 594 1756 633 Episcopis

951 629 1144 660 Cerdiiialibiis
1164 631 1194 659 in
1205 631 1336 659 Vaticana
1347 631 1464 661 Ecclesia
1474 633 1668 664 celebrantibus
1689 646 1749 666 con*

950 671 1096 700 cedebatur
1105 694 1112 701 .
1136 673 1208 700 Vide
1228 677 1309 709 Ruga
1320 692 1327 699 .
1346 674 1403 701 FR.
1423 672 1565 702 Zacharias
1583 676 1703 713 proinde
1721 687 1756 705 ex

951 712 1102 751 privilegio
1112 713 1253 742 Catinensi
1266 711 1364 741 Abbati
1374 712 1421 741 sub
1433 712 1475 741 liis
1486 715 1573 743 verbis
1582 716 1756 755 singulariter

951 754 1098 783 conceffit:
1123 759 1135 788 [
1149 755 1294 788 Hymnum
1304 763 1413 792 quoque
1424 755 1590 792 Aug-clitum
1613 758 1642 785 in
1651 758 1753 786 Domi-

950 793 1020 821 nicis
1029 816 1036 827 ,
1057 799 1084 823 δε
1097 794 1200 823 festivis
1211 794 1303 822 diebus
1311 794 1485 823 concedimus
1496 804 1526 823 lii
1538 797 1673 826 Mifliirum
1683 797 1755 826 sole-

951 835 1033 863 mniis
1044 834 1242 864 decantandum
1253 856 1260 862 .
1284 836 1383 864 Baiias.
1393 835 1484 864 Casiri.
1504 845 1543 864 to.
1556 848 1581 865 2-
1601 838 1712 867 constit.
1725 850 1752 871 7.

950 885 1025 903 num.
1039 884 1065 905 6.
1079 880 1090 908 J
1104 887 1110 903 :
1123 878 1139 909 Η
1152 888 1158 903 ι
1171 877 1241 904 Item
1252 875 1398 904 Diu-:indus
1407 877 1454 904 ait:
1468 883 1480 912 [
1495 877 1644 917 Episcopus
1655 887 1752 907 tamen

950 915 1169 945 Betlileniitaniis
1181 926 1214 944 ex
1225 916 1304 945 abusu
1317 917 1393 945 omni
1405 917 1450 944 die
1461 939 1467 949 ,
1487 920 1513 945 ἃ
1531 920 1609 948 omni
1619 919 1695 949 Missii
1713 930 1753 950 et-

948 957 1002 984 iam
1013 967 1063 995 pro
1073 957 1208 986 defunctis
1217 957 1315 986 Gloria.
1325 959 1354 985 in
1367 957 1484 986 Excelsis
1493 958 1620 989 decantat
1630 982 1637 993 ‚
1656 969 1707 999 pro
1718 972 1752 990 eo

949 999 1024 1035 quod
1035 997 1155 1033 hymnus
1167 998 1214 1025 ille
1226 1019 1233 1029 ,
1256 1000 1327 1026 Luca
1337 998 1455 1029 testante
1465 1020 1473 1031 ,
1493 1000 1585 1037 primo
1603 1002 1632 1029 in
1641 1001 1753 1030 Bethle-

949 1039 1052 1066 mitana
1062 1039 1178 1078 regione
1188 1048 1310 1067 cantatus
1319 1039 1357 1067 est
1369 1060 1376 1071 ‚
1388 1039 1433 1067 lib.
1445 1050 1471 1074 4.
1484 1049 1542 1077 cap.
1559 1051 1602 1078 ¹3·
1614 1043 1626 1073 J
1639 1042 1751 1071 Bonifa-

949 1080 1005 1107 cius
1016 1080 1162 1109 ordinavit
1173 1102 1180 1112 ,
1198 1089 1226 1106 ut
1238 1080 1266 1107 in
1279 1079 1344 1107 feria
1353 1081 1450 1118 quinta
1462 1082 1560 1109 Coenae
1573 1082 1692 1111 Domini
1703 1084 1751 1112 de-

948 1129 1102 1148 cantaretur
1112 1123 1146 1150 ob
1156 1122 1260 1160 signum
1271 1120 1378 1149 laetitiae
1391 1122 1420 1149 in
1432 1121 1601 1159 publicorum
1612 1124 1751 1160 poenitezi-

948 1161 1016 1189 tium
1025 1162 1272 1192 reconciliatione,
1297 1171 1356 1200 quae
1379 1161 1407 1189 in
1427 1161 1479 1190 lioc
1496 1161 1542 1190 die
1550 1163 1730 1192 celebrabatur
1743 1185 1749 1190 .

948 1202 1028 1230 Idem
1037 1203 1162 1231 Durand.
1175 1202 1221 1230 lib.
1234 1209 1260 1230 6.
1271 1212 1327 1241 cap.
1338 1212 1386 1236 75.
1405 1202 1558 1231 Secundum
1568 1213 1659 1232 autem
1669 1215 1745 1244 regu-

947 1242 1000 1270 lam
1019 1243 1154 1282 generalis
1166 1243 1292 1272 Rubricae
1304 1264 1311 1275 ,
1329 1252 1392 1270 tunc
1412 1243 1440 1270 in
1451 1241 1524 1271 Missh
1543 1244 1693 1273 dicendum
1711 1245 1749 1274 est

946 1284 1042 1312 Gloria
1061 1286 1091 1311 in
1112 1283 1231 1320 Excelsts
1242 1305 1250 1315 ‚
1270 1283 1380 1321 quando
1401 1283 1429 1310 in
1448 1285 1544 1312 officio
1558 1286 1691 1314 recitatur
1710 1292 1749 1315 Te

945 1328 1037 1352 Deum
1047 1336 1053 1354 ς
1064 1323 1109 1352 sed
1122 1325 1187 1352 licet
1198 1323 1251 1352 hoc
1261 1323 1290 1352 in
1302 1323 1367 1351 seria
1377 1333 1472 1362 quinta
1483 1326 1582 1354 Cccnae
1590 1327 1747 1356 Domini&

947 1365 1059 1393 δειδὸητο
1069 1366 1165 1393 Sancto
1178 1376 1234 1393 non
1245 1364 1350 1393 dicatur
1362 1376 1369 1393 ς
1381 1366 1514 1394 tamenin
1524 1365 1600 1394 Mina
1611 1368 1749 1396 ambarum

944 1404 1150 1434 solemnitatum
1163 1407 1256 1434 Gloria
1267 1405 1369 1433 dicitur
1379 1427 1386 1437 ,
1398 1416 1423 1443 3.
1437 1407 1564 1434 deci-ctal-
1575 1407 1619 1435 tit.
1630 1419 1677 1441 41·
1689 1419 1747 1447 cap.

946 1458 972 1474 ε..
987 1449 1028 1475 Ac
1040 1446 1106 1474 licet
1117 1457 1146 1474 iii
1158 1445 1246 1475 Miffis
1258 1446 1363 1474 votivis
1374 1448 1403 1474 B.
1416 1448 1493 1475 M.v.
1504 1449 1647 1485 (exceptis
1658 1447 1747 1477 sabba-

943 1486 998 1518 tis)
1007 1497 1066 1515 non
1077 1488 1184 1515 dicatur
1195 1498 1203 1518 5
1215 1498 1243 1515 in
1254 1486 1292 1515 sac
1299 1497 1325 1514 ra.
1335 1495 1426 1514 tamen
1437 1489 1586 1516 Laurcmm
1596 1489 1701 1521 Domo,
1716 1489 1747 1518 in

941 1537 1100 1566 quacunque
1113 1529 1209 1557 votiva
1219 1529 1252 1556 de
1264 1529 1292 1556 Β.
1305 1528 1343 1555 M.
1353 1538 1384 1555 ex
1396 1527 1548 1566 privilegio
1557 1528 1663 1566 speciali
1677 1541 1748 1558 nun-

942 1578 1022 1605 quam
1042 1569 1183 1596 omitiitur
1191 1590 1200 1601 ‚
1219 1579 1249 1596 ut
1268 1578 1300 1596 ex
1313 1566 1420 1602 synodo
1439 1568 1470 1596 ab
1489 1572 1548 1596 Ειιῑ.
1561 1569 1645 1597 Card-
1656 1572 1747 1599 Romi

944 1608 1045 1637 ibidem
1058 1610 1187 1638 celebrata
1200 1609 1243 1636 tit.
1261 1619 1304 1636 ιι-
1323 1618 1396 1636 ιιιιιη.
1409 1620 1435 1643 4-
1455 1608 1543 1646 liquet
1552 1630 1560 1636 .
1579 1611 1651 1638 Ircm
1671 1611 1700 1638 in
1712 1612 1746 1640 si-

941 1659 1028 1687 gnum
1038 1650 1176 1678 moeslitiae
1189 1649 1218 1677 in
1229 1648 1386 1677 Dominicis
1399 1648 1545 1677 Adventus
1557 1671 1564 1682 ‚
1576 1651 1746 1690 SeptuagesL

941 1699 992 1718 mae
1003 1689 1086 1728 usque
1098 1691 1130 1718 ad
1140 1689 1237 1718 Pascha
1250 1710 1257 1721 ,
1270 1691 1296 1716 ἀ
1311 1689 1339 1716 in
1353 1689 1420 1716 fcsso
1431 1690 1475 1718 SS.
1486 1691 1685 1720 Innocentium
1704 1702 1745 1721 rc.

939 1730 1094 1769 linquitur5
1106 1731 1140 1759 sic
1150 1731 1234 1758 etiam
1245 1728 1343 1757 cessant
1353 1729 1490 1758 decantari
1501 1732 1629 1765 AlleluJa
1639 1753 1647 1764 ,
1667 1736 1694 1761 ὅ(
1706 1738 1744 1761 Te

940 1776 1032 1800 Deum
1042 1792 1049 1799 .
1071 1771 1241 1809 Micrologus
1251 1792 1258 1803 ‚
1270 1774 1296 1798 δ(
1308 1770 1443 1798 Alcuinus
1453 1781 1549 1808 putant
1559 1793 1566 1804 ,
1585 1773 1660 1810 quod
1681 1774 1743 1801 idm

942 1812 971 1839 in
984 1812 1134 1841 festivitate
1144 1811 1344 1839 Innotcnrinm
1356 1811 1485 1849 nioesliticg
1496 1812 1579 1851 signis
1592 1823 1684 1842 utatur
1692 1817 1742 1842 Ec>

941 1853 1018 1881 clefia
1029 1873 1036 1885 ,
1057 1852 1118 1890 quia
1136 1852 1169 1879 ad
1179 1852 1304 1880 Liinburn
1322 1852 1379 1889 post
1392 1862 1486 1880 eoruiii
1496 1863 1592 1882 necem
1612 1854 1742 1882 destinati

939 1893 982 1921 illi
993 1892 1099 1922 fuerant
1110 1903 1119 1924 ‚-
1130 1891 1177 1920 sed
1185 1891 1243 1920 haec
1254 1892 1325 1920 ratio
1335 1892 1450 1920 minime
1459 1893 1582 1932 adaequat
1595 1905 1606 1927 ,-
1617 1895 1655 1924 D.
1667 1905 1742 1924 enim

940 1935 984 1972 Jo:
996 1933 1114 1971 Baptista
1124 1933 1209 1961 ctiam
1220 1933 1280 1970 post
1297 1932 1512 1961 decollationem
1533 1934 1636 1963 ibidem
1656 1934 1743 1964 flueret

938 1975 1086 2002 destinatus
1096 1995 1104 2007 ‚
1123 1977 1149 2002 ὃς
1160 1983 1250 2001 tamen
1269 1973 1298 2000 in
1315 1976 1370 2007 ejus
1380 1973 1572 2003 decollationis
1586 1975 1655 2004 festo
1673 1977 1742 2005 dici-

938 2025 981 2043 tur
990 2016 1086 2043 Gloria
1095 2035 1103 2041 .
1123 2014 1222 2042 Melius
1231 2024 1298 2052 ergo
1308 2014 1436 2042 Bareas-di
1444 2013 1573 2043 satisfacit
1581 2016 1721 2054 responsio
1731 2039 1739 2050 ,

937 2056 1035 2092 rijentis
1046 2077 1053 2088 ‚
1065 2054 1209 2082 Ecclesiam
1220 2053 1350 2082 Rachelis
1362 2055 1497 2092 ploratus,
1506 2059 1534 2084 ὅ(
1544 2056 1660 2085 ululatus
1672 2057 1740 2097 figu-

938 2106 995 2124 ram
1006 2104 1159 2134 gerentem,
1171 2095 1254 2122 talem
1265 2095 1382 2132 proinde
1398 2095 1558 2125 moestitiam
1569 2107 1683 2136 propter
1691 2101 1740 2127 In-

938 2136 1098 2164 nocentium
1110 2135 1322 2164 trucidationem
1341 2135 1541 2169 demonstrare,
1562 2148 1622 2176 qua:
1641 2139 1740 2177 opinio

938 2178 970 2205 ab
980 2177 1122 2206 Amalario
1141 2176 1185 2204 lib.
1204 2187 1226 2204 i.
1246 2176 1279 2204 de
1291 2179 1352 2205 Ecc.
1361 2175 1407 2205 off.
1427 2186 1484 2215 cap.
1494 2188 1541 2212 4¹·
1560 2179 1720 2217 approbatur
1731 2201 1738 2211 ,

935 2218 983 2256 qui
994 2217 1077 2246 etiam
1091 2217 1168 2246 addit
1177 2226 1292 2256 propter
1301 2218 1474 2256 genetricum
1491 2218 1646 2248 dolentium
1666 2230 1739 2247 coni-

935 2257 1141 2287 miscrationem
1152 2279 1160 2291 ,
1183 2257 1327 2286 Ecclesiam
1350 2258 1379 2287 in
1388 2257 1436 2287 hac
1447 2257 1494 2287 die
1503 2259 1598 2288 cessiire
1608 2260 1638 2287 :ib
1647 2259 1739 2294 liujus-

935 2299 1010 2328 modi
1032 2299 1138 2329 laetitiae
1150 2298 1234 2336 signis
1244 2318 1251 2325 .
1272 2300 1336 2327 Imo
1354 2299 1383 2328 in
1394 2300 1591 2328 Caeremoniali
1601 2301 1640 2327 M.
1650 2300 1675 2328 S.
1687 2301 1737 2328 Bes

935 2339 1039 2368 nedic'ti
1049 2361 1057 2372 ,
1074 2339 1120 2378 qui
1133 2339 1167 2367 de
1178 2349 1250 2368 :inno
1267 2349 1275 2367 i
1287 2350 1350 2374 ¹40·
1365 2339 1451 2369 fiierat
1464 2340 1584 2369 Basilicae
1597 2338 1736 2369 Vaticanae

933 2380 1103 2414 canonicus,
1114 2379 1216 2419 legitur
1226 2389 1339 2420 propter
1348 2380 1453 2412 doloris
1463 2381 1578 2420 siguum,
1590 2379 1674 2449 quoi}1
1675 2386 1688 2415 t
1700 2383 1735 2410 In

1642 2430 1651 2449 i
1677 2431 1694 2449 0
