1866 2526
142 62 224 107 690
479 56 517 98 T
552 57 596 98 R

129 112 175 142 bus
185 111 345 145 delicatum,
355 111 402 151 qui
413 112 469 151 ipse
480 113 614 144 sacculum
625 112 712 151 fignet
721 135 728 146 ,
738 116 765 142 δε
775 113 926 143 textrinum

129 163 224 182 teneat
234 175 242 186 ‚
253 152 334 192 pensa
346 154 497 188 distribuat,
507 165 584 194 regat
596 153 726 182 familiam
737 157 805 186 &c.]
823 159 856 184 Et
867 153 925 192 post

126 203 211 232 pauca
225 194 263 222 ita
273 194 415 223 concludit
426 195 460 223 de
471 196 553 225 simili
563 195 689 224 scandalo
699 206 706 222 .·
720 202 732 231 [
746 196 859 224 Facilius
870 205 925 223 ma-

127 236 153 263 la
161 235 277 262 credunt
288 233 434 269 homines(
441 237 565 272 subaudi
575 247 660 275 quam
669 236 760 267 bona)
777 237 925 275 quodcum-

127 285 180 313 que
190 274 267 303 domi
278 275 396 313 fingitur
407 297 413 307 ,
424 286 517 304 tumor
527 277 558 305 in
569 277 678 315 publico
688 275 720 304 fit
730 297 737 304 .
750 279 762 307 ]
785 277 924 305 Vistorius

128 324 220 343 tamen
231 314 276 343 hic
287 315 318 343 in
328 313 441 343 scholiis
451 320 505 352 ejus
515 339 522 350 ,
536 327 609 346 num.
629 324 671 345 16.
683 316 718 345 sic
727 317 860 355 exponit:
871 320 925 346 To-

982 117 1097 142 numero
1114 110 1236 149 ipsorum
1256 116 1353 155 aliquis
1369 114 1506 146 delibasset
1517 138 1524 145 .
1537 120 1550 150 ]
1574 118 1649 148 Hinc
1669 119 1777 152 fortass'e

984 152 1062 183 valde
1070 155 1222 192 propinqua
1230 156 1346 185 Trofl'uli
1353 157 1462 186 Civitas
1473 159 1570 187 eodem
1580 160 1698 190 luxurie
1707 173 1776 192 con-

984 195 1059 224 vicio
1072 194 1197 233 prolapsa
1208 217 1217 228 ‚
1237 196 1270 225 ad
1286 195 1361 225 idem
1380 202 1394 231 [
1404 199 1569 234 Iniuriarum
1589 202 1775 237 profundum,

982 240 1009 265 ἀ
1021 235 1167 273 turpidinis
1185 235 1323 265 deciderat
1331 257 1339 264 .
1362 237 1473 272 [Unde
1493 237 1658 278 proverbiali
1677 243 1776 279 injuria

982 277 1051 315 apud
1061 277 1188 305 Senecam
1198 299 1205 309 ,
1217 281 1244 306 &
1256 278 1463 312 Hieronymum
1471 279 1550 318 supra
1559 282 1658 310 citatos
1666 285 1773 322 Troffu-

982 318 1041 346 lum
1053 321 1189 352 Jaewenem
1200 340 1207 351 ‚
1218 318 1293 346 idem
1306 341 1313 352 ,
1323 327 1352 346 ac
1364 318 1536 348 luxuriosum
1543 321 1708 360 significabat
1719 344 1726 352 .

126 354 248 384 rosolum
263 377 269 387 ,
279 354 332 382 hoc
343 355 380 383 est
390 355 500 385 obesum
510 381 517 392 ‚
529 369 557 386 ac
568 359 635 386 bene
644 366 742 385 curatae
753 359 822 386 cutis
833 357 925 387 homi-
942 359 1117 387 TRoTiNGus
1129 379 1136 385 .
1146 360 1203 387 FR.
1214 357 1353 388 Choraula
1362 380 1370 391 ,
1389 360 1436 396 qui
1445 357 1570 398 sponsam
1579 364 1754 393 comitabatur
1765 384 1773 392 .‚

125 406 188 424 nem
199 416 205 422 .
230 395 349 431 Quidam
361 396 478 426 Codices
487 398 650 430 Trossulum,
663 398 760 426 eodem
772 398 855 429 ferme
865 399 925 427 sen-

124 433 154 464 su
167 456 174 463 .
197 437 310 464 Veteres
322 438 441 474 equitem
453 438 604 467 Troll'ulum
615 439 747 467 vocabant
761 461 766 470 ,
787 451 845 478 quae
867 440 925 478 qui-

125 476 190 504 dem
202 476 350 515 appellatio
360 478 388 506 in
401 479 599 518 proverbialem
609 481 700 515 jocum
712 479 778 507 abiit
788 502 796 513 ,
816 491 845 509 ut
856 491 925 519 prae-

128 517 263 555 pinguem
273 516 415 546 hominem
426 529 459 546 eo
471 520 586 548 nominc
596 520 813 558 intelligamus]
828 522 925 557 Quoad

127 566 243 596 primam
254 557 399 586 leffionem
409 561 569 597 Torosulum
587 560 625 589 est
636 571 738 589 nomen
747 562 777 590 ab
788 562 924 597 adjcc‘iivo

985 405 996 433 [
1010 399 1141 427 Pervenit
1160 399 1193 427 ad
1203 409 1250 427 nos
1264 421 1271 432 ‚
1294 399 1370 438 quod
1380 399 1443 428 dum
1456 400 1566 439 quidam
1587 403 1618 431 ad
1626 402 1775 444 suscipien-

981 440 1041 468 dam
1054 439 1178 477 sponsam
1187 439 1322 475 cujusdam
1333 439 1422 478 sponsi
1442 450 1503 469 cum
1515 444 1724 482 paranymphis,
1745 449 1773 474 δε

981 480 1112 518 trotingiz
1124 481 1291 509 ambularent
1305 504 1311 514 ,
1333 481 1451 519 perversi
1468 480 1597 510 homines
1616 484 1773 520 aquamsoi·-

980 521 1072 549 didam
1083 543 1090 553 ,
1101 525 1128 550 &
1141 521 1296 550 stecoratam
1305 522 1385 560 super
1396 520 1481 560 ipsam
1489 522 1639 558 petissent,
1649 524 1667 552 l.
1679 534 1773 563 perve-

982 562 1025 590 nit
1035 581 1045 597 ,
1055 562 1088 590 de
1100 561 1272 600 aggressione
1282 584 1290 596 ,
1302 563 1349 591 lib.
1366 573 1387 591 x.
1399 563 1443 590 tit.
1460 569 1503 591 16.
1515 563 1533 591 l.
1548 568 1573 592 8.

125 599 240 635 Torosus
261 598 461 628 diminutivum
471 621 478 628 .
498 601 616 631 Torosus
637 602 713 630 enim
734 602 836 631 dicitur
849 624 855 635 ‚
878 613 923 642 qui
940 605 1065 631 Timeri&
1077 624 1085 635 ,
1095 612 1181 630 truita
1191 625 1199 636 ,
1212 602 1291 641 piscis
1302 625 1310 637 ‚
1330 603 1376 642 qui
1386 603 1449 632 alias
1460 603 1548 638 Salar,
1559 604 1657 634 Varius
1666 627 1674 638 ,
1686 606 1776 634 &Lu-

127 638 236 677 pulpam
255 639 344 666 carnis
361 639 539 670 musculosam
550 641 631 671 habet
644 664 651 675 ,
672 642 702 670 in
714 653 764 680 qua
777 644 857 672 robur
867 666 874 676 ‚
897 647 923 671 δ(

128 678 265 706 fortitudo
276 679 313 707 est
323 700 330 710 ,
343 681 482 710 Columel.
495 683 539 712 lib.
552 690 577 712 6.
589 694 611 711 c.
630 683 719 720 13.fic
730 682 841 713 scribit:
853 687 923 720 [Pa-

129 718 230 747 randos
249 719 299 748 effe
311 720 393 749 boves
403 724 554 752 nonnullos
564 724 670 752 cervice
681 725 762 762 longa
773 746 780 757 ‚
800 729 827 754 ὃ(
849 734 923 753 toro-

125 759 151 788 sa
161 780 168 786 .
180 761 192 790 ]
206 760 332 790 Catullus
344 766 452 791 cervix
464 766 552 799 torosa
562 764 636 793 dixit
647 786 655 797 ‚
674 764 708 793 de
719 765 906 802 Berecynthia
917 787 923 798 ‚

130 804 176 835 58.
188 803 280 838 Atque
289 802 414 830 Ovidius
426 805 504 833 Colla
514 805 601 841 torosa
611 827 618 837 ,
642 817 668 837 7.
681 807 795 835 Metam.
820 808 922 834 Verum

125 850 159 883 ex
170 842 412 885 Nonio-Marcello
423 845 528 873 constat
539 844 702 874 Torosulum
713 867 720 878 ‚
735 850 761 875 3<
774 846 924 876 Troilulum

127 880 201 908 idem
212 882 306 924 inille,
327 883 364 910 ait
374 883 447 912 enim
467 886 609 920 [Tross'uli
630 886 698 915 dic‘ti
716 885 777 915 sunt
790 887 923 916 torosuli.

127 922 193 965 Var.
203 920 401 960 Sesquiulyffe:
422 927 529 960 [Nunc
540 936 634 955 emunt
644 927 747 955 trossuli
759 928 846 956 nardo
858 928 924 956 niti—

125 961 156 989 di
168 961 253 1000 vulgo
264 963 348 991 attico
358 964 462 994 talento
473 970 597 1005 equum]
610 970 733 1002 Etymon
744 978 831 996 autem
842 967 923 997 Tros-

124 1000 246 1030 sulorum
259 1004 389 1041 Equitum
399 1027 406 1038 ,
416 1009 443 1034 ὃ(
454 1007 570 1037 Trossiili
581 1009 719 1036 Hetrurioe
732 1009 869 1038 Civitatis
883 1030 889 1040 ‚
910 1009 929 1036 a*

126 1042 221 1086 Plinio
230 1064 239 1075 ‚
250 1043 295 1072 lib.
307 1055 353 1082 33.
365 1055 388 1072 c.
400 1057 426 1074 2.
438 1047 472 1075 lic
483 1048 619 1078 refertur:
633 1049 725 1086 [Quin
738 1049 822 1077 etiam
834 1049 922 1087 ipsum

125 1093 250 1127 equitum
259 1094 362 1113 nomen
372 1084 442 1124 saepe
454 1089 585 1117 variatum
596 1089 643 1121 est,
656 1090 683 1117 in
695 1089 736 1117 his
746 1100 864 1129 quoque,
877 1091 923 1128 qui

125 1124 160 1167 ad
170 1133 323 1168 equitatum
332 1125 510 1158 trahebantur
519 1150 526 1157 .
539 1132 651 1159 Celeres
661 1129 706 1158 sub
717 1132 839 1160 Romulo
851 1153 858 1164 ,
871 1133 925 1160 Re-

126 1165 259 1209 grbulque
269 1166 398 1204 appellati
410 1167 488 1201 sunt5
509 1171 611 1200 deinde
621 1171 808 1199 Flexumines:
834 1171 925 1210 postea

127 1205 244 1248 Tro-stuli
256 1227 264 1238 ›
282 1217 342 1234 cum
353 1208 500 1246 Oppidum
519 1212 548 1240 in
558 1210 673 1241 Thuscia
692 1212 763 1240 circa
783 1212 924 1241 Volsinios

127 1246 246 1283 pastuum
256 1247 304 1275 IX.
317 1249 354 1275 M.
373 1249 429 1278 sine
447 1251 506 1279 ullo
524 1253 647 1290 peditum
656 1253 816 1286 adjumento
833 1251 921 1290 cepis>

128 1285 206 1329 sent,
218 1290 274 1321 eius
285 1289 416 1317 vocabuli:
431 1290 511 1329 idque
520 1293 629 1321 duravit
640 1294 709 1321 ultra
720 1293 923 1323 C.Gracchum.

127 1327 226 1365 Junius
235 1337 309 1355 certe
321 1349 328 1360 ‚
349 1329 396 1367 qui
405 1331 434 1358 ab
444 1332 563 1361 amicitia
581 1336 637 1369 ejus
648 1333 822 1362 Gracchanus
832 1334 924 1372 appel-

127 1367 198 1395 latus
208 1367 246 1395 est
258 1389 265 1399 ,
278 1367 409 1411 scriptum
419 1372 530 1411 reliquit
541 1373 585 1401 his
596 1375 691 1402 verbis:
704 1374 787 1410 Quod
801 1375 833 1403 ad
844 1385 925 1413 eque-

127 1407 210 1436 strem
229 1408 357 1436 ordinem
378 1412 478 1441 attinet
491 1435 498 1445 ,
525 1424 603 1442 antea
626 1414 749 1443 tross'ulos
773 1417 904 1443 vocabant
915 1436 922 1447 ‚

981 653 1029 682 pus
1040 643 1129 671 varius
1138 654 1151 671 a
1161 644 1266 672 Latinis
1277 644 1464 682 appellabatur
1474 665 1481 671 .
1501 651 1514 680 [
1525 646 1558 672 In
1569 644 1621 674 hoc
1633 645 1729 684 stagno
1739 645 1777 674 fe-

979 694 1043 713 runt
1055 684 1204 713 tructarum
1216 683 1330 722 piscium
1341 685 1560 723 magnitudinem
1570 686 1651 724 usque
1663 687 1694 714 ad
1713 696 1777 714 cen-

981 735 1038 754 tum
1051 725 1177 753 librarum
1188 725 1308 763 pondera
1319 725 1464 754 trutinari.
1477 727 1563 764 Greg.
1574 729 1677 755 Turon.
1689 726 1736 755 lib.
1752 737 1775 754 1.

980 765 1135 795 miraculor.
1145 776 1168 793 c.
1184 773 1230 794 06.
1253 768 1265 796 ]
1279 767 1336 795 FR.
1347 766 1381 794 fic
1392 765 1476 794 etiam
1489 765 1636 796 secundum
1655 769 1693 796 D.
1705 770 1774 795 Am-

981 807 1097 835 brosium
1107 827 1116 838 ,
1128 810 1156 834 &
1166 807 1300 834 Isidorum
1308 809 1414 834 Truffa
1425 807 1592 844 appellatum
1611 806 1657 836 sed
1669 807 1775 835 Platina

979 851 1105 876 Truttam
1116 847 1232 884 appellat
1243 868 1249 878 ,
1274 856 1353 884 quam
1378 845 1449 884 quasi
1461 847 1584 876 trutilem
1605 858 1618 875 a
1638 847 1774 876 trudendo

981 889 1018 916 ita
1028 887 1158 926 appellari
1168 885 1268 919 censet,
1280 887 1355 924 quod
1365 886 1394 913 in
1404 885 1545 915 adversum
1557 889 1658 916 flumen
1668 887 1775 926 sempet-

980 928 1087 957 nitatur
1098 947 1104 955 .
1129 927 1238 966 Hypol.
1256 926 1376 957 Salvian.
1393 926 1456 956 hist.
1479 937 1504 956 2.
1533 927 1567 956 de
1585 937 1669 957 trutta
1681 947 1688 955 .
1709 928 1775 957 Itali

979 975 1080 998 Trotta
1102 978 1201 998 vocant
1213 989 1220 995 .

937 1013 1035 1040 Titum
1046 1031 1052 1041 ,
1066 1008 1233 1038 machinatio
1244 1031 1251 1041 ‚
1261 1008 1388 1047 deceptio
1398 1030 1407 1042 ,
1429 1008 1586 1047 stratagema
1596 1029 1602 1036 .
1625 1009 1701 1044 [Ille
1712 1008 1776 1036 dili-

977 1049 1135 1089 gentiffimc
1145 1049 1268 1087 cogitans
1280 1072 1287 1082 ,
1299 1049 1418 1088 qualiter
1431 1050 1556 1078 liberaret
1566 1050 1683 1087 puellam
1694 1072 1701 1082 ‚
1723 1048 1778 1077 hu-

979 1090 1095 1127 jusmodi
1107 1090 1203 1118 trusam
1215 1091 1325 1119 invenit
1335 1110 1342 1117 .
1366 1089 1468 1118 Caesar.
1481 1090 1526 1118 lib.
1541 1102 1567 1118 z.
1579 1089 1644 1119 hist.
1654 1101 1676 1117 c.
1689 1102 1702 1118 2
1711 1099 1735 1125 5.

937 1135 1088 1162 Tauranus
1100 1153 1106 1164 ‚
1119 1131 1247 1170 deceptor
1258 1153 1264 1163 ,
1276 1136 1304 1160 ὃ(
1316 1131 1412 1158 astutus
1425 1142 1430 1157 :
1453 1130 1621 1166 [Quendam
1633 1131 1776 1159 clericum

978 1173 1035 1201 actu
1048 1171 1184 1201 trusanum
1196 1194 1202 1204 ,
1217 1173 1308 1210 quales
1320 1181 1367 1210 per
1377 1170 1497 1200 diversas
1509 1171 1600 1210 vagari
1609 1171 1699 1200 solent
1710 1180 1775 1209 pro-

977 1213 1081 1241 vincias
1093 1233 1100 1240 .
1123 1212 1226 1242 Caesar.
1240 1214 1288 1241 lib.
1305 1224 1326 1240 ι.
1338 1221 1396 1249 cap.
1411 1223 1437 1250 3.

937 1257 1100 1283 Taurinou
1113 1275 1120 1286 ,
1139 1254 1289 1291 deceptor,
1309 1252 1403 1281 Italice
1421 1253 1576 1290 Truffatore
1588 1273 1595 1284 ,
1619 1250 1665 1290 qui
1685 1250 1774 1288 aliqua

978 1295 1073 1323 astutia
1083 1294 1188 1332 aliquid
1200 1293 1331 1332 surripit:
1355 1300 1366 1329 [
1380 1295 1422 1321 De
1433 1291 1591 1327 hujusmodi
1603 1291 1775 1319 trufatoribus

980 1335 1095 1373 plurima
1103 1335 1281 1372 deceptorum
1303 1343 1403 1371 genera
1414 1333 1581 1370 temporibus
1593 1331 1691 1361 nostris
1699 1330 1774 1369 gesta.

977 1375 1027 1403 tibi
1037 1375 1129 1403 dicere
1142 1373 1262 1412 poll'em5
1284 1373 1330 1402 sed
1355 1383 1412 1401 non
1422 1372 1485 1400 sunt
1497 1372 1673 1402 aedificatoria
1684 1392 1691 1400 .
1708 1372 1773 1400 Cae-

977 1415 1027 1443 sar.
1041 1415 1086 1443 lib.
1097 1414 1177 1442 sexto
1191 1437 1197 1447 ‚
1220 1425 1277 1452 cap.
1291 1425 1337 1443 21.

127 1457 201 1475 nunc
213 1458 317 1486 equites
328 1460 442 1479 vocant:
463 1453 526 1481 ideo
538 1455 667 1492 quianon
679 1455 842 1494 intelligunt
853 1455 923 1483 tros·
938 1459 1071 1485 Txmms
1087 1478 1093 1487 ,
1106 1455 1197 1483 tholus
1211 1465 1329 1486 ‚camera
1341 1475 1347 1486 ‚
1358 1453 1413 1482 sive
1424 1452 1550 1481 testundo
1562 1452 1673 1481 aedificii
1683 1473 1690 1484 ‚
1710 1461 1770 1490 quae

126 1486 197 1516 sulos
208 1498 310 1533 nomen
330 1491 397 1527 quid
410 1493 512 1527 valeat,
532 1496 632 1524 multos
652 1496 733 1534 pudet
753 1507 785 1524 eo
805 1497 918 1524 nomine

127 1528 277 1573 appellati,
287 1533 315 1558 ὃ(
327 1531 430 1560 causam
441 1555 449 1566 ‚
470 1544 528 1572 quae
540 1534 616 1574 supra
636 1537 754 1564 indicata
763 1537 801 1565 est
812 1558 819 1569 ,
839 1547 923 1575 expo<

125 1578 169 1596 nit
181 1590 189 1601 ,
209 1570 367 1614 invitosque
378 1573 525 1603 etiamnum
545 1585 635 1605 tamen
654 1575 777 1605 trossulos
788 1578 880 1605 vocari
891 1579 921 1608 .]

128 1609 191 1653 Deo
200 1611 324 1639 Troflulo
334 1613 372 1640 ait
382 1614 474 1643 Senec.
486 1616 564 1653 epist.
579 1622 622 1649 87-
638 1623 650 1652 [
667 1619 697 1647 O
708 1628 785 1655 quam
796 1627 921 1656 cuperem

127 1650 254 1694 illi-nunc
264 1661 406 1681 occurrere
416 1656 536 1693 aliquem
553 1667 585 1685 ex
597 1657 640 1685 his
650 1657 764 1686 tross'ulis
786 1659 815 1686 in
828 1659 872 1687 via
881 1658 923 1686 di-

127 1692 245 1719 vitibus!
260 1694 271 1723 ]
294 1696 321 1721 δ(
334 1695 472 1732 Lamprid.
485 1696 515 1724 in
524 1698 674 1726 Commod.
696 1701 755 1733 [In
773 1699 922 1737 collegium

127 1732 305 1775 Sacerdotum
323 1733 437 1763 adscitus
456 1736 494 1765 est
505 1749 511 1764 ε
539 1748 680 1776 cooptatus
702 1740 776 1767 inter
798 1738 922 1767 trossiilos

127 1781 254 1817 princeps
264 1776 418 1808 juventutis
429 1798 436 1809 ‚
446 1787 506 1805 cum
519 1788 611 1817 togam
622 1777 733 1817 sumpsit
743 1800 749 1806 .
764 1783 775 1811 ]
800 1780 852 1808 Sed
876 1790 922 1818 po-

129 1821 182 1840 tius
193 1812 359 1847 delicatum,
371 1819 397 1843 ὅ(
411 1818 578 1846 luxuriosum
591 1841 598 1851 ,
609 1829 637 1847 ut
647 1830 766 1852 autumo,
777 1819 921 1858 significat,

128 1861 187 1881 tum
197 1864 231 1880 ex
243 1853 402 1893 supradiffls
411 1879 418 1890 ‚
428 1868 485 1886 tum
496 1859 577 1887 etiam
588 1881 596 1892 ‚
612 1860 674 1898 quia
685 1861 837 1897 Traffielum
848 1882 855 1892 ‚
877 1859 922 1888 scu

127 1894 248 1937 Troffalo
258 1904 287 1923 ut
297 1897 358 1924 vult
371 1899 493 1927 Leander
504 1900 630 1928 Albertus
642 1901 752 1929 Civitas
764 1900 882 1931 Etrusca,
894 1911 921 1928 ac

128 1943 215 1973 patria
225 1935 353 1965 Othonis
364 1938 542 1976 Imperatoris
562 1950 616 1968 erat
627 1962 633 1973 ,
656 1951 735 1978 quam
760 1941 920 1978 Troffamcm

127 1975 245 2017 appellat
254 1977 428 2007 Gottifredus
439 1980 616 2009 Viterbienlis
627 1982 655 2008 in
667 1981 781 2010 historia
793 2003 800 2013 ,
811 1985 838 2009 St
849 1992 861 2008 s.
873 1981 923 2009 Vi-

126 2016 301 2059 terbiensibus
310 2018 447 2048 devastata
467 2020 518 2049 fuit
538 2022 572 2049 de
582 2032 655 2049 anno
673 2032 755 2057 ¹074·
780 2031 854 2057 cnjus
864 2023 921 2049 Me-

126 2056 244 2094 tropolis
255 2059 399 2087 Ferentum
409 2081 417 2092 ‚
438 2070 467 2090 ut
487 2062 614 2100 antiquus
632 2062 714 2090 etiam
736 2062 816 2090 Persii
835 2063 922 2090 Com-

127 2104 267 2141 mentator
277 2100 394 2128 affirmat
405 2121 412 2132 ‚
432 2104 459 2130 3<
482 2103 563 2130 nimis
574 2103 698 2140 proxima
709 2102 921 2131 Volsiniensium

125 2137 250 2181 Civnati
270 2149 328 2167 erat
338 2161 346 2172 ‚
369 2151 428 2178 qua:
451 2141 536 2170 hodie
545 2144 660 2180 Bolsena
677 2143 779 2171 dicitur
792 2164 800 2175 ,
820 2143 853 2170 de
874 2153 923 2180 qua

129 2177 255 2205 Valerius
265 2180 340 2208 Max.
352 2180 428 2217 lib-9.
438 2192 461 2209 c.
478 2189 501 2210 i.
513 2182 620 2221 inquit:
636 2184 775 2218 [Etruriae
787 2193 865 2220 caput
876 2183 923 2211 ha-

126 2217 253 2245 bebatur:
276 2218 322 2247 sed
333 2221 657 2259 postquaminluxuriam
675 2223 800 2261 prolapsa
811 2223 848 2251 est
861 2244 869 2255 ‚
893 2222 921 2250 in

128 2258 297 2300 profundum
306 2260 464 2296 injuriarum
475 2283 482 2294 ‚
494 2267 521 2292 ὃ(
532 2264 710 2301 turpitudinis
721 2264 825 2291 decidit
837 2265 866 2293 .]
888 2267 921 2292 Et

129 2299 257 2327 inferius:
281 2301 446 2335 [Postremo
456 2303 516 2340 lege
525 2302 682 2335 sanxerunt,
692 2313 722 2332 ut
734 2304 822 2342 stupra
832 2302 874 2330 sua
891 2304 921 2331 in

979 1497 1057 1524 altius
1067 1494 1187 1524 crescens
1207 1497 1235 1523 in
1247 1495 1411 1533 fastigiatum
1423 1503 1550 1521 cacumen
1560 1493 1659 1521 desinit
1672 1513 1679 1524 ,
1699 1496 1728 1519 ὅ(
1744 1492 1773 1518 in

978 1538 1072 1565 orbern
1090 1536 1282 1575 circumagitur
1302 1557 1309 1567 ,
1332 1535 1387 1563 iivc
1408 1534 1504 1572 templi
1523 1531 1746 1571 hemisphaerium
1764 1551 1771 1557 .

980 1579 1043 1606 Vox
1056 1577 1166 1615 quidem
1177 1587 1264 1615 graeca
1274 1575 1398 1613 τρῖἆλλσς
1407 1597 1413 1607 ,
1435 1576 1653 1611 Nonnumquam
1663 1583 1710 1611 pei·
1720 1572 1773 1614 hoc

980 1618 1140 1647 vocabulum
1151 1618 1265 1645 Trullus
1279 1616 1447 1653 intelligitur
1460 1614 1534 1643 sexta
1544 1614 1670 1649 Synodus
1685 1635 1690 1644 ‚
1712 1622 1773 1650 quia

978 1670 991 1687 a
1004 1660 1065 1687 loco
1077 1679 1084 1690 ,
1103 1659 1147 1686 ubi
1166 1657 1210 1685 hic
1221 1657 1313 1685 tholus
1326 1665 1382 1684 erat
1396 1677 1403 1688 ‚
1427 1656 1502 1684 ttulli
1513 1654 1773 1684 denominationem

977 1698 1086 1737 sumpsit
1097 1719 1104 1725 .
1126 1698 1183 1727 Ubi
1196 1697 1450 1727 Monothclitarum
1467 1706 1544 1724 error
1564 1695 1704 1723 damnatus
1716 1694 1773 1724 est,

977 1743 1004 1768 ὃ(
1021 1749 1084 1767 tunc
1103 1740 1147 1776 Jo.
1159 1738 1315 1773 Por-mensis
1326 1736 1415 1774 Episc.
1426 1737 1516 1765 Sancti
1529 1735 1683 1774 Agathonis
1692 1736 1771 1771 Papae

978 1782 1094 1819 Legatus
1113 1780 1157 1807 die
1166 1779 1320 1808 Dominico
1332 1777 1436 1806 Missam
1454 1776 1606 1805 solemnem
1625 1774 1773 1803 secundum

979 1822 1107 1849 Latinum
1130 1821 1212 1848 ritum
1235 1820 1264 1847 in
1281 1818 1392 1847 Basilica
1419 1820 1444 1846 S.
1465 1817 1574 1856 Sophia:
1598 1816 1744 1843 celebravit
1765 1826 1770 1841 :

980 1861 1132 1897 [Ti—ullum
1142 1860 1200 1889 casu
1212 1859 1261 1888 suo
1270 1859 1403 1887 ciborium
1412 1858 1509 1886 sanstae
1521 1856 1613 1895 mense
1623 1855 1773 1884 contrivit.

978 1898 1086 1929 Zonara
1096 1921 1103 1928 .
1117 1903 1194 1932 JFR.
1209 1906 1220 1935 [
1232 1900 1357 1929 Trullum
1369 1910 1436 1928 vero
1447 1897 1566 1934 ejusdem
1578 1897 1701 1926 Ecclelix
1713 1895 1775 1924 fusis

977 1941 1076 1969 chartis
1095 1943 1185 1978 (idest
1195 1963 1201 1974 ‚
1213 1942 1354 1971 laminis)
1374 1939 1503 1979 plumbeis
1512 1937 1655 1976 cooperuit
1665 1958 1672 1969 ,
1692 1945 1774 1974 atque

977 1982 1099 2010 munivit
1111 2003 1117 2008 .
1131 1980 1251 2010 Anastas.
1266 1980 1397 2009 Biblioth.
1411 1981 1439 2007 in
1448 1979 1548 2017 Sergio
1559 1981 1590 2010 .]
1613 1978 1657 2006 De
1667 1977 1774 2014 templo

979 2023 1022 2051 SS.
1034 2021 1143 2051 Cosmae
1156 2043 1162 2054 ,
1175 2025 1201 2050 δε
1213 2021 1340 2049 Damiani
1350 2023 1447 2049 Romae
1467 2021 1496 2048 in
1506 2021 1616 2056 Campo
1625 2019 1718 2046 boario
1728 2018 1771 2044 in-

979 2063 1085 2101 telligit
1096 2084 1104 2095 ‚
1117 2072 1146 2090 ut
1157 2061 1295 2090 Martinel.
1306 2061 1464 2089 moi-avant.
1484 2062 1513 2088 in
1523 2063 1579 2096 ejus
1593 2062 1680 2088 Roma
1702 2057 1772 2086 Eth-

979 2103 1041 2131 nico
1051 2102 1100 2130 l‘ac.
1113 2112 1172 2141 pag.
1186 2113 1218 2139 93
1226 2122 1233 2129 .
1243 2102 1360 2139 exponit
1370 2122 1376 2128 .
1389 2102 1433 2129 De
1442 2102 1556 2136 Synodo
1569 2111 1598 2128 in
1609 2100 1705 2128 Trullo
1714 2097 1770 2135 egit

979 2146 1078 2172 Baton.
1088 2154 1130 2171 an.
1146 2153 1160 2171 o
1168 2148 1211 2171 80.
1224 2153 1251 2170 n.
1264 2153 1281 2176 4
1289 2153 1296 2170 1
1304 2162 1311 2169 .
1321 2146 1348 2170 ὃ(
1358 2142 1519 2171 Santarellus
1530 2142 1563 2170 de
1574 2140 1687 2172 HaerelL
1698 2149 1736 2175 03
1744 2148 1771 2164 z·

979 2194 1053 2211 num.
1075 2194 1083 2211 1
1095 2193 1118 2219 ς.
1132 2187 1158 2211 &
1170 2182 1215 2211 hic
1226 2181 1338 2213 habetur
1350 2184 1378 2210 in
1387 2183 1452 2210 dict.
1465 2187 1564 2219 Agnus
1574 2186 1638 2212 Det,
1649 2186 1774 2220 Penteco-

970 2225 1036 2261 stes.
1047 2224 1092 2252 De
1104 2224 1182 2251 ruina
1194 2233 1282 2251 autem
1292 2223 1381 2251 Trulli
1393 2233 1406 2251 a
1415 2224 1524 2252 Zonara.
1533 2221 1610 2260 supra
1619 2221 1702 2247 relata
1711 2225 1769 2254 egit

979 2264 1060 2292 ctiam
1068 2265 1213 2292 Cedrenus
1226 2285 1232 2295 ,
1254 2264 1287 2291 de
1298 2273 1350 2301 qua
1363 2264 1390 2291 in
1402 2264 1466 2291 dist.
1478 2264 1552 2291 Solea
1563 2261 1626 2289 fasta
1647 2258 1684 2286 est
1693 2268 1770 2285 men-

979 2305 1019 2332 tio
1030 2325 1036 2331 .
1047 2305 1135 2333 Trulli
1147 2303 1248 2338 synon.
1260 2304 1333 2331 Vide
1344 2305 1444 2333 Tholas
1456 2326 1463 2336 ‚
1476 2304 1600 2332 Tribuna
1610 2318 1617 2325 ·

129 2338 334 2383 viduis-pariter
346 2363 354 2374 ,
375 2353 404 2370 ac
416 2344 506 2383 nuptis
516 2343 652 2382 impunita
661 2343 764 2375 eli'ent5
787 2354 814 2372 ac
834 2353 921 2382 neque
936 2348 1118 2373 Tauncnrus
1133 2365 1139 2371 .
1163 2347 1218 2373 PR.
1238 2344 1398 2373 Eunuchus.
1425 2341 1642 2378 [Eunuchorum
1660 2348 1769 2376 quoque

127 2388 209 2418 virgo
218 2389 340 2421 ingenuo
351 2383 464 2412 nuberet
472 2405 480 2417 ,
499 2386 572 2421 cujus
584 2385 734 2423 castitatem
744 2395 801 2415 non
811 2393 876 2413 ante
887 2394 920 2412 ex

978 2385 1026 2414 tibi
1038 2406 1046 2419 ,
1069 2389 1096 2415 ὅ(
1107 2386 1258 2425 puellarum
1270 2405 1278 2418 ,
1299 2395 1327 2413 ac
1337 2383 1506 2414 servulorum
1520 2390 1607 2409 mores
1625 2388 1708 2417 magis
1718 2379 1768 2406 eh-

1658 2428 1726 2458 gan*

1853 98 1864 132 ⁴:⁴2
1851 59 1859 88 „-
