1866 2526
438 42 560 87 AM

78 110 112 137 ui
121 104 172 136 sub
182 106 289 134 Metina
300 102 388 132 habiti
397 102 462 132 loco
473 125 482 134 ,
505 107 587 132 conc.
597 103 686 140 const.
698 106 722 130 V.
734 103 816 138 «εἷς.
827 110 876 140 ap-

115 156 162 176 ret
171 167 180 179 ‚
202 142 385 184 ubi⁴p0pu1us
412 142 598 172 exclamabat:
620 142 654 173 πὶ
679 141 813 181 δίπτυχα
835 142 878 180 τῷ·

1199 41 1323 85 ΑΜ
1609 59 1663 98 49

917 101 1114 131 -Ambalatm
1126 121 1134 133 ,
1145 97 1192 130 lib.
1204 112 1230 136 4.
1241 111 1265 128 c.
1282 111 1290 128 ι
1297 111 1327 137 9.
1344 98 1408 129 illos
1425 109 1506 130 vocat
1516 122 1524 134 ,
1547 105 1574 131 &
1586 101 1614 132 in
1626 101 1715 143 Aqui-

933 142 1015 171 taniae
1033 140 1182 171 Provincia
1199 141 1336 170 collocat.
1359 141 1433 171 Vide
1454 146 1613 172 Varatn'nus
1625 164 1633 171 .

77 190 191 224 αμβωνι
201 207 210 220 ,
231 186 373 226 Diptycha
384 185 496 213 amboni
508 187 688 222 imponantur
697 204 703 210 .
728 182 1114 266 Episcopos'Ammtomwm
1124 201 1133 209 .
1154 182 1191 210 In
1199 182 1307 220 Regula
1317 181 1408 211 Sanffi
1419 182 1562 212 Benedicti
1573 182 1716 222 „fignificat

79 236 196 266 quoque
204 230 232 256 ὰ
242 226 421 261 Presbyteros
433 234 467 253 ex
478 225 592 254 ambone
601 223 740 252 sermones
758 222 819 252 suos
840 224 874 253 ad

77 265 344 307 populum-habuisse
365 275 471 294 certum
489 264 546 295 ests
569 265 616 294 fed
634 264 760 303 proprius
779 270 884 310 eorum·

81 307 268 336 concionandi
282 307 375 339 locus,
398 306 483 334 altare
501 316 536 334 ne
555 306 636 334 suerit
652 327 658 336 ,
680 316 715 333 nn
735 305 872 343 pulpitum

79 347 216 377 leftorum
229 369 237 381 ‚
261 348 396 376 incertum
409 367 415 374 .
437 347 483 375 De
494 346 583 375 Altari
596 346 812 385 intelligendum
822 344 873 374 effe

79 397 226 418 autumant
245 387 374 416 nonnulli
385 409 393 420 ‚
416 386 499 426 idque
529 397 562 416 ex
585 386 738 416 Prudentio
748 408 758 419 ‚
779 387 872 427 hymn.

77 430 112 458 dc
132 429 264 466 Hippolit.
281 432 309 457 δε
334 428 452 457 Sidonio
471 428 651 466 Apollinari,
673 433 816 456 earm-16.
835 427 873 454 ad

78 470 232 506 Faustum,
255 469 410 504 conjiciunt
422 489 428 495 .
454 469 515 503 Qua
525 468 555 497 in
574 467 714 497 sententia
724 466 763 496 est
785 467 870 495 etiam

78 509 247 538 sirmondus
258 531 265 543 ‚
288 515 365 538 Tom.
382 520 405 537 1.
427 509 532 537 Comit-
541 510 636 538 Gallia
648 530 656 541 ,
679 507 726 546 qui
738 507 777 535 ait
786 529 794 540 ,
806 508 872 545 Epi-

76 548 180 588 scopos
191 550 259 578 olim
270 560 326 578 non
338 560 371 577 ex
384 549 492 588 pulpito
502 569 510 582 ,
532 548 619 577 sedin
627 548 753 588 gradibus
766 547 870 577 Altaris

84 591 266 619 concionatos
275 589 327 618 elle
338 611 345 623 ,
364 593 394 619 δ(
405 599 508 618 morem
518 588 590 617 hunc
602 589 774 618 childeberti
783 589 870 628 Regis

77 640 207 669 tempore
218 631 249 660 in
257 631 354 659 Gallia
366 629 454 658 adhuc
466 627 580 668 viguiffe
589 650 597 657 .
623 629 706 659 Alii-e
726 639 824 657 contra
833 630 867 657 de

78 670 214 711 suggestu
234 670 278 700 scu
299 670 564 709 pulpitoLeftoru-tn
581 670 818 708 interpretantur,
839 679 869 698 ut

77 717 259 745 sozomenus,
281 711 300 738 l.
313 715 338 739 8.
359 722 382 739 c.
398 721 422 746 5.
446 715 473 739 δε
492 716 632 743 Socrates,
654 712 673 739 l.
695 718 722 739 6.
741 722 764 738 c.
777 721 803 746 5.
820 711 866 749 qui

77 762 216 790 tamquam
226 751 362 791 singulare
371 751 512 790 quidpiam
531 752 562 780 in
575 753 753 791 Cbryfhstomo
766 749 868 780 notare

55 812 58 813 ν
76 792 226 825 videntur,
248 791 324 830 quod
334 793 416 820 verba
427 792 542 820 factm-us
561 791 707 821 ascendere
728 792 757 820 in
774 793 867 820 ambo-

77 843 141 861 nem
149 831 328 863 consueverit
340 844 348 863 ς
371 831 418 861 sed
427 832 481 862 hoc
492 843 554 862 eum
575 832 664 862 seciss‘e
673 833 769 861 dicunt
782 854 791 865 ,
812 843 866 871 quo

71 872 182 902 -facilies
192 874 223 902 sb
233 873 359 902 omnibus
369 873 510 903 audiretur
518 895 526 902 .
538 875 606 903 Non
616 874 702 913 igitur
713 872 779 901 hinc
791 883 866 901 certo

67 914 296 943 concludendum
306 935 314 947 ‚
334 916 477 944 ambonem
487 915 662 944 ordinarium
673 914 861 943 concionandi

74 953 168 983 locum
186 953 292 994 semper
313 954 405 984 suiss‘c.
427 956 600 995 Quamquam
621 957 793 993 Augustinus
812 953 867 983 ser-

69 1003 173 1024 mones
183 995 245 1024 suos
255 997 289 1025 ad
301 997 434 1034 populum
445 1007 479 1025 ex
492 998 605 1025 ambone
617 996 728 1024 videtur
739 994 865 1028 habuistis,

73 1035 168 1063 iocum
178 1036 255 1063 enim
266 1037 453 1065 concionandi
464 1037 629 1075 quandoque
638 1037 780 1069 exedram,
792 1039 866 1075 Aug.

81 1077 115 1103 cie
131 1079 188 1103 [ι’-υ.
199 1077 241 1103 dei
255 1077 271 1103 l.
284 1088 297 1105 2
305 1088 332 1104 2.
341 1087 364 1104 c.
380 1081 405 1104 8.
416 1078 581 1116 quandoque
591 1077 707 1114 apfidem
719 1098 727 1109 ,
751 1085 788 1114 ep.
796 1089 810 1105 -1
819 1088 833 1105 ε.
842 1087 866 1111 5.

80 1125 180 1144 vocat.
204 1117 271 1150 Quae
291 1117 354 1144 idco
375 1117 564 1148 adnotantur3
585 1117 651 1154 quia
662 1117 790 1145 vocabula
807 1117 866 1145 haec

78 1156 183 1184 variam
202 1157 276 1185 inter
304 1159 419 1185 Veteres
438 1157 666 1196 fignificationem
690 1158 834 1185 obtinuere
857 1178 865 1189 ,

79 1197 144 1226 dum
154 1197 237 1225 modo
255 1198 395 1225 ambonem
407 1219 414 1229 ,
438 1197 510 1226 sorte
530 1198 561 1226 ab
572 1197 719 1225 orbiculata
730 1201 785 1234 ejus
798 1198 866 1236 figu—

77 1247 107 1266 ra
116 1259 124 1270 ‚
148 1237 232 1265 modo
243 1237 446 1266 transversarias
456 1239 508 1266 :ilas
519 1261 526 1272 ‚
548 1242 575 1266 ἃ
586 1238 723 1266 exteriora
735 1238 861 1266 Eccleiiae

78 1277 212 1311 aedificia‚
235 1277 404 1307 denotarunt
416 1299 424 1306 .
449 1278 716 1316 Nonnulliapsidem
737 1288 787 1316 pro
805 1290 866 1307 am—

72 1318 142 1346 bone
160 1319 300 1357 accipiunt
312 1319 340 1347 in
358 1330 391 1348 eo
402 1321 526 1348 Concilii
548 1319 626 1347 tertii
638 1318 865 1357 Carthaginenfis

77 1369 184 1387 canone
196 1380 203 1391 ‚
227 1370 282 1398 quo
293 1382 300 1393 ,
324 1360 370 1398 qui
383 1361 521 1398 publicum
540 1364 567 1389 δ(
579 1358 797 1399 vulgatiffimum
814 1360 868 1387 cri-

78 1409 143 1428 men
161 1399 328 1429 admiliss'ent
340 1423 348 1434 ,
371 1411 435 1430 ante
453 1402 590 1439 apsidem,
614 1412 636 1428 c.
657 1411 705 1438 3²·
725 1411 866 1438 poenitcn-

927 223 1069 260 hymnum
1093 227 1133 251 Te
1152 227 1264 256 Deum,
1286 232 1300 251 2
1317 222 1397 252 Divo
1418 222 1564 253 Ambrosio
1586 223 1617 252 in
1638 234 1718 262 parte

929 264 1130 303 compost-tum,
1147 263 1197 291 ›ubi
1218 263 1360 302 loquendo
1377 263 1412 293 de
1433 266 1578 294 Matutino
1596 265 1714 294 dieitur:

930 305 1026 341 [Inde
1042 303 1173 343 sequntur
1185 303 1414 335 Ambrosianum.
1435 308 1448 338 ]
1471 306 1614 335 Etclarius
1632 305 1717 334 invi-

925 355 958 374 -ta
968 345 1057 375 Sancti
1069 344 1300 374 CaroliComitis
1316 352 1334 382 -ῑ
1346 347 1492 382 Hymnum
1505 347 1717 377 Ambrosianum

929 389 970 416 Te
978 387 1072 416 Deum
1083 385 1222 414 laudamus
1239 396 1301 415 cum
1320 386 1380 425 ipso
1398 387 1605 426 antiphonatim
1617 388 1716 416 decan-

929 436 986 455 tare
994 426 1120 464 ταφὴ-1
1144 427 1384 457 DeAmbrofiano
1403 438 1472 457 vero
1493 428 1565 458 nitu.
1588 429 1663 458 Vide
1672 432 1716 458 A·

924 479 996 505 gnus
1008 470 1063 496 Dei
1074 489 1083 501 ‚
1102 467 1179 496 Alba
1191 489 1200 501 ,
1223 469 1327 498 Altare
1337 490 1345 502 ‚
1368 473 1461 498 Amen
1470 491 1478 502 ‚
1498 470 1628 498 Amic‘rus
1640 491 1647 502 ‚
1659 475 1716 499 Ba-

924 509 1066 545 ptismus,
1088 508 1246 538 Benediffio
1265 531 1273 543 ‚
1296 513 1482 538 Breviarinm
1507 530 1514 537 .
1545 511 1662 539 Crotala
1684 510 1714 538 in

927 549 994 576 dic‘t.
1009 554 1179 587 Campana,
1204 550 1331 578 Candela
1342 571 1350 582 ,
1373 550 1539 580 Cantharam
1552 573 1561 585 ‚
1585 555 1694 580 Cantus
1707 571 1715 584 ‚

928 589 1129 626 christophoria
1139 611 1146 622 ‚
1158 593 1293 620 Cinerum
1304 592 1362 619 dies
1372 612 1380 624 ,
1393 591 1614 630 confiat-'forium
1624 613 1632 625 ‚
1647 597 1717 621 Con-

931 633 1076 662 tinentia,
1102 631 1242 669 Corporale
1261 653 1269 664 ‚
1292 633 1474 669 Diacontffa,
1497 635 1656 661 Dominica.
1669 644 1717 662 no-

923 681 985 704 va,
1006 673 1144 699 Dominus
1163 672 1306 708 vobiscum
1318 693 1325 705 ,
1351 672 1534 710 Embolismus
1544 695 1552 707 ‚
1577 674 1717 711 Epistolel-

926 711 957 739 la
969 732 978 744 ,
1000 714 1084 740 Feria
1095 732 1104 744 ,
1125 713 1234 748 Festum
1244 732 1250 738 .
1261 711 1420 741 Psalmellus
1433 713 1460 741 in
1471 713 1536 742 dist.
1549 715 1691 743 Cradualc
1707 733 1716 741 .

925 750 1099 781 Anthemica
1121 751 1151 779 in
1172 752 1238 781 diet.
1260 753 1440 782 Hebdomada
1462 759 1552 789 major
1572 776 1580 787 ,
1611 755 1716 783 Hebdo-

925 793 1013 820 mada
1034 794 1067 821 de
1089 800 1197 831 excepto
1219 814 1228 826 ‚
1261 794 1462 827 Hebdomada,
1478 798 1645 829 Jejunium.
1668 796 1717 823 In-

925 832 1009 872 gressii
1030 833 1059 861 in
1076 832 1142 861 dist.
1166 837 1321 866 Introitus',
1343 837 1429 872 Kyrie
1453 835 1584 872 Eleison,
1606 836 1714 868 Lemo,

924 877 1041 904 Litania
1051 895 1059 906 ,
1070 876 1269 903 Lucernarium
1279 896 1288 907 ‚
1312 876 1398 913 Miffa
1409 897 1417 908 ‚
1436 876 1549 904 oblatio
1559 897 1567 909 ‚
1587 876 1713 914 Officium

927 914 1142 952 Ambrosianum
1151 935 1160 947 ,
1184 915 1282 943 Oleum
1295 918 1426 944 sanetum
1436 938 1444 949 ,
1464 918 1619 951 Parasceve
1629 938 1636 950 ‚
1650 917 1717 953 Pas-

917 955 957 993 sio
969 977 976 988 ,
999 955 1147 992 Psallenda
1159 976 1167 987 ‚
1189 956 1341 985 sabbatum
1351 977 1358 984 .
1381 956 1525 986 Sabbatum
1538 957 1567 985 in
1586 957 1715 986 traditio-

924 1006 958 1023 ne
978 995 1103 1030 symboli
1126 995 1268 1024 dicebatur
1289 996 1430 1025 Sabbatum
1450 1008 1514 1026 ante
1533 999 1714 1027 Dominicam

923 1037 1099 1068 palmarum,
1121 1039 1149 1064 δε
1172 1046 1274 1074 quare.
1298 1037 1375 1065 Vide
1384 1042 1579 1072 Scantiniam,
1601 1038 1714 1075 Transi—

927 1081 1048 1105 torium.
1072 1076 1269 1106 Lucet-narium
1291 1076 1322 1105 in
1345 1077 1410 1106 dic't.
1433 1080 1538 1117 Vespera
1553 1100 1560 1107 .

885 1118 899 1132 ¹
918 1118 947 1145 S.
961 1120 1153 1146 Amnxosws.
1176 1120 1223 1145 An
1241 1118 1346 1146 Auster
1366 1118 1398 1146 {it
1408 1119 1540 1152 Cantici,
1562 1125 1601 1148 Te
1622 1125 1714 1148 Deum

925 1157 1077 1185 laudamus
1088 1179 1096 1190 ,
1119 1157 1290 1196 aliorumque
1303 1159 1485 1192 Hymnorum
1498 1180 1507 1192 ,
1527 1160 1575 1197 qui
1593 1163 1649 1196 ejus
1660 1172 1712 1189 no-

926 1197 1000 1226 mine
1010 1196 1241 1226 circumferuntur
1251 1219 1258 1225 .
1281 1198 1431 1228 Canticum
1441 1205 1480 1228 Te
1490 1205 1583 1228 Deum
1595 1202 1713 1230 Ambro-

918 1237 959 1276 fio
969 1242 997 1267 δε
1006 1239 1161 1276 Augustino
1178 1239 1294 1274 junstim
1306 1239 1392 1278 vulgo
1410 1239 1589 1272 adscribitur5
1612 1241 1643 1269 ab
1654 1242 1714 1269 aliis

925 1279 1064 1316 Ambrosio
1074 1278 1125 1306 soli
1147 1279 1277 1307 tribuitur
1287 1301 1295 1312 ,
1319 1281 1382 1319 quiri
1392 1279 1438 1308 hic
1456 1280 1578 1316 hymnos
1589 1281 1618 1310 in
1638 1282 1715 1311 usum

925 1319 1051 1348 Ecclesiae
1063 1317 1193 1356 scripfifle
1203 1319 1326 1349 noscitur
1337 1342 1343 1348 .
1367 1321 1545 1350 Mebillonius
1555 1326 1585 1349 in
1595 1323 1712 1351 analecff.

924 1365 1005 1388 Veter.
1018 1365 1125 1388 Tam-1.
1138 1364 1164 1388 δ(
1175 1361 1337 1398 Spondanus
1349 1372 1395 1389 an.
1409 1367 1475 1397 488.
1487 1373 1513 1391 n.
1523 1374 1552 1400 9.
1560 1363 1652 1392 multa
1662 1362 1713 1392 hac

923 1401 995 1428 dere
1009 1401 1118 1428 erudite
1130 1403 1157 1429 &
1168 1401 1264 1430 critice
1275 1401 1443 1440 scripserunt
1452 1424 1459 1430 .

76 1440 146 1468 tiam
157 1451 237 1480 agere
254 1442 399 1476 jubentur.
422 1443 475 1471 Sed
485 1442 655 1481 Dtifresnizas
676 1442 730 1470 alio
750 1440 827 1470 sensu
839 1442 867 1469 id
885 1443 1117 1475 Amat-mcum,
1141 1441 1216 1471 Vide
1238 1444 1366 1472 Embolus
1379 1464 1386 1476 ‚
1409 1444 1526 1473 Imbolus
1538 1465 1546 1477 ,
1579 1445 1714 1477 Lobium,

79 1482 201 1509 nominis
210 1483 310 1521 accipit
322 1504 328 1514 ,
351 1484 464 1517 observ.
478 1487 508 1511 in
520 1491 557 1521 ep.
574 1493 617 1511 ιι..
626 1483 742 1512 Paulini
756 1483 866 1516 Nolani,

73 1530 131 1558 *pro
141 1522 276 1557 vestibulo
287 1524 417 1552 nimirum
429 1524 555 1552 Ecclefiae
566 1544 574 1552 .

37 1562 209 1590 'Amnestum
221 1583 228 1589 .
254 1563 327 1592 Vide
348 1567 478 1593 Amielus
490 1586 498 1592 .

38 1604 242 1631 Ausoioomm
255 1623 262 1630 .
278 1603 359 1631 -Vide
381 1608 512 1633 Amastns
524 1626 532 1632 .

38 1645 149 1673 Ammo
159 1664 167 1675 ‚
189 1643 339 1672 dcv-orztor
348 1664 355 1671 .
368 1645 481 1680 [Qu'am
490 1656 561 1673 teres
571 1645 682 1684 vertigo
692 1645 757 1674 coeli
768 1644 798 1673 in
808 1655 868 1674 mo-

81 1684 148 1712 dum
159 1686 277 1712 rotantis
297 1684 628 1724 rundibulicircumgyrst
651 1686 725 1715 rudis
743 1685 867 1724 poflessbr

80 1723 148 1754 lucis
158 1725 334 1754 ambronibus
346 1748 353 1758 ,
376 1727 494 1755 &labris
513 1727 669 1755 lurconibus
692 1728 810 1755 vetitam
819 1728 867 1755 de-

83 1765 191 1803 gustans
201 1765 363 1795 alimonism
373 1768 403 1795 in
413 1768 612 1808 gastrimargiae
634 1768 798 1806 voraginem
808 1778 867 1796 cru—

82 1805 184 1833 deliter
192 1806 328 1836 cecidisset
339 1827 346 1835 .
360 1807 472 1836 Aldhel.
485 1809 530 1837 Lb.
542 1819 568 1846 3.
587 1808 621 1837 de
642 1809 722 1847 Virg.
742 1819 801 1848 cap.
817 1818 841 1844 5.
854 1812 864 1841 ]

83 1846 160 1874 Item
171 1846 205 1875 :ie
216 1852 310 1876 nostro
322 1849 494 1887 Proroplaste
513 1850 586 1877 idem
604 1849 707 1877 cecinit
719 1870 725 1876 .

125 1887 200 1914 Dum
210 1888 308 1917 vitium
319 1890 387 1928 ligni
400 1890 500 1918 malum
510 1890 669 1928 decerperat
680 1890 771 1918 ambro
781 1911 788 1918 .
808 1891 865 1919 FR.

85 1927 237 1956 Ambrones
249 1929 349 1958 Gallie
369 1931 486 1969 populi,
510 1931 557 1969 qui
577 1930 664 1959 subita.
682 1931 867 1959 inundatione

86 1967 168 1994 maris
185 1977 268 2006 quum
287 1968 363 1998 sedes
382 1970 439 2000 suas
457 1970 603 2000 amifiss'ent
616 1993 624 2004 ,
647 1972 749 2010 rapinis
759 1970 786 1999 se
795 1973 867 1999 alere

86 2017 249 2045 coeperunt5
271 2008 322 2038 hos
340 2021 401 2039 cum
419 2012 543 2041 Cimbris
554 2034 562 2046 ‚
583 2011 799 2051 Teutonicisque
809 2014 868 2041 Ma-

85 2058 140 2076 rius
151 2049 257 2076 delevit
269 2069 276 2076 .
299 2050 373 2080 Hinc
396 2052 495 2081 factum
510 2053 552 2081 est
562 2075 570 2086 ‚
593 2061 739 2092 utssrapaces
750 2075 756 2085 ,
779 2064 808 2081 ac
819 2053 867 2081 de-

86 2098 229 2118 voratores
248 2090 387 2120 ambrones
404 2093 548 2125 dicantur5
573 2093 609 2122 ita
620 2095 709 2122 Festus
722 2116 728 2126 ,
751 2094 785 2122 de
807 2095 868 2132 qui-

87 2129 134 2173 bus
144 2131 228 2158 etiam
242 2131 336 2159 Livius
354 2131 385 2160 in
394 2133 515 2172 Epitom.
535 2134 581 2162 lib.
594 2140 641 2164 68.
663 2138 691 2163 δε
710 2135 815 2163 Plutar.
838 2135 868 2162 in

88 2178 147 2198 vita
158 2171 238 2199 Marii
253 2192 259 2198 .
283 2172 380 2200 Strabo
390 2183 457 2203 vero
468 2196 476 2208 ,
499 2175 544 2203 lib.
555 2187 581 2210 4.
601 2175 640 2203 ait
658 2175 812 2204 Ambrones
834 2176 866 2203 ad

87 2209 202 2252 Ostium
208 2211 344 2241 Rhodani
352 2214 473 2247 fluminis
482 2215 603 2244 extitiss‘e
614 2237 622 2249 ,
642 2216 712 2254 quia
723 2215 867 2244 transeun-

88 2250 159 2293 tibus
168 2253 272 2281 flumen
295 2253 366 2282 illud
376 2275 384 2285 ,
405 2255 550 2294 vectigalia
559 2257 707 2295 exigebant
719 2268 727 2288 ς
751 2267 766 2284 τι
776 2256 867 2285 Maffi-

86 2290 216 2320 lienlibus
238 2293 304 2322 visti
316 2315 323 2327 ,
347 2304 379 2322 cx
398 2295 493 2332 quibus
502 2297 620 2326 videres
637 2296 782 2325 immensas
802 2306 867 2335 opes

82 2341 281 2371 compararunt
292 2354 299 2361 .
323 2337 363 2363 Ex
373 2333 423 2363 hac
442 2335 549 2365 fortass'e
567 2338 709 2377 exigentia
722 2358 730 2370 ,
752 2341 780 2366 ἃ.
790 2348 866 2376 rapa-

78 2372 169 2404 nitate
180 2383 230 2412 pro
241 2374 448 2404 devoratoribus
466 2375 629 2418 usurpantur
642 2398 648 2407 -
670 2377 776 2416 Plinius
799 2389 866 2408 vero

123 2415 318 2454 &reflexion
339 2419 433 2446 Macri
444 2437 451 2445 .

922 1483 1047 1510 Oriolun:
1057 1503 1063 1510 .

882 1525 1073 1552 AMBuLATon
1079 1534 1107 1552 iss
1116 1546 1126 1557 ‚
1148 1523 1217 1553 idest
1228 1547 1234 1557 ,
1247 1525 1412 1554 visitatores
1423 1546 1430 1553 .
1454 1525 1529 1554 Vide
1539 1526 1714 1556 Periodenta.

884 1565 1104 1592 Aurum-rus.
1128 1565 1203 1594 Vide
1215 1567 1320 1595 Ambra
1330 1587 1338 1593 .

883 1606 971 1632 Ama
987 1625 994 1631 .
1018 1605 1151 1633 Hebraica
1162 1617 1217 1635 vox
1229 1628 1238 1639 ,
1262 1607 1291 1634 in
1302 1606 1420 1635 veritate
1432 1629 1438 1639 ,
1461 1606 1507 1634 seu
1519 1605 1656 1634 veraciter
1665 1607 1717 1635 dc—

925 1654 1003 1674 notat
1016 1667 1023 1678 ,
1047 1656 1098 1683 que
1107 1646 1224 1675 clausula
1233 1647 1264 1674 in
1273 1647 1328 1675 fine
1340 1657 1450 1685 precum
1466 1647 1607 1675 Sacerdoti
1627 1657 1716 1686 popu-

925 1686 966 1714 lus
977 1685 1159 1724 respondebat
1169 1708 1177 1719 ‚
1189 1687 1219 1715 in
1229 1687 1335 1726 fignum
1347 1687 1570 1716 confirmationis
1581 1709 1588 1720 ,
1597 1691 1625 1716 ὅ(
1639 1699 1716 1716 com-

924 1727 1115 1766 probationis.
1140 1734 1151 1762 [
1173 1727 1234 1756 Ubi
1253 1727 1288 1756 fic
1306 1728 1339 1756 ad
1359 1728 1572 1757 fimthd'mem
1594 1729 1715 1757 coelestis

925 1768 1045 1796 tonitrui
1057 1770 1148 1796 Amen
1157 1769 1249 1796 reboat
1261 1788 1268 1795 .
1293 1769 1463 1804 Hieronym.
1484 1769 1530 1797 lib.
1554 1781 1580 1797 ι.
1591 1779 1650 1807 cap.
1663 1782 1688 1799 ι.
1699 1772 1713 1801 ]

924 1809 972 1838 Ad
981 1808 1294 1847 clericiresponfionem
1307 1809 1336 1837 in
1355 1809 1433 1838 Miffi
1444 1831 1451 1842 ‚
1473 1811 1524 1838 Sed
1541 1810 1630 1838 lzhera
1638 1821 1685 1839 nos
1695 1821 1715 1839 a

925 1850 998 1878 malo
1010 1871 1017 1882 ‚
1040 1849 1345 1878 Celebrans-toncludit
1355 1871 1364 1882 ,
1385 1854 1477 1879 Amen
1492 1872 1497 1879 .
1520 1850 1596 1888 quod
1607 1850 1713 1889 fignifi-

927 1900 969 1918 cat
983 1890 1217 1920 incertitudinem
1235 1891 1266 1919 in
1283 1890 1332 1918 hac
1345 1890 1404 1918 vita
1424 1889 1642 1930 quamliabemus
1661 1890 1712 1920 ess'e

928 1931 1028 1959 liberos
1046 1941 1060 1958 a
1080 1932 1214 1969 peccatis.
1241 1937 1252 1966 [
1267 1931 1335 1959 Ideo
1358 1931 1420 1959 finit
1438 1931 1558 1960 dicendo
1570 1934 1661 1960 Amen
1680 1933 1713 1961 ad

931 1971 1067 2000 inditium
1079 1972 1258 2001 certitudinis
1271 1983 1277 1999 ι
1288 1970 1333 1999 sed
1343 1981 1407 2009 quia
1416 1973 1538 2010 quandiu
1548 1971 1594 2000 hic
1604 1972 1693 2001 sumus
1705 1995 1712 2005 ,

927 2012 961 2040 ad
970 2012 1175 2041 certitudinem
1187 2023 1245 2040 non
1257 2012 1433 2050 pervenimus
1444 2024 1451 2043 ς
1471 2013 1536 2041 ideo
1545 2014 1630 2042 tacite
1639 2014 1714 2042 dici-

927 2063 971 2081 tur
984 2075 990 2086 ,
1013 2057 1039 2082 ὗε
1050 2051 1174 2081 submisse
1191 2064 1204 2081 a
1225 2052 1372 2081 Sacerdote
1383 2073 1390 2079 .
1412 2055 1568 2082 Bonas-ent.
1590 2055 1653 2082 inc.
1669 2065 1678 2082 1
1690 2065 1713 2083 ι.

926 2095 1048 2124 Lucae.]
1069 2094 1202 2132 Idemque
1222 2093 1437 2132 intelligendum
1458 2095 1491 2123 ad
1513 2094 1714 2123 confeffionem

925 2134 1047 2170 ejusdem
1060 2156 1066 2166 ,
1087 2135 1198 2174 quando
1219 2134 1346 2163 Clericus
1375 2135 1492 2173 explicit
1523 2137 1712 2172 Misere-atur,

925 2179 954 2204 δ(
972 2175 1003 2202 in
1024 2175 1077 2203 fine
1097 2176 1254 2211 suscipiat,
1277 2174 1427 2203 Celebrans
1438 2180 1529 2204 Amen
1550 2175 1713 2214 respondit.

925 2219 1017 2245 Amen
1029 2214 1231 2253 respondebant
1253 2215 1285 2242 in
1294 2217 1491 2245 communione
1500 2216 1595 2245 fideles
1605 2216 1639 2244 ad
1653 2226 1712 2245 ver-

931 2258 962 2286 ba
984 2256 1156 2285 Sacerdotis.
1178 2255 1266 2284 Unde
1285 2256 1443 2285 Ambrosius
1466 2257 1578 2295 inquit:
1604 2263 1617 2293 [
1636 2260 1711 2295 Ergo

933 2307 991 2325 non
999 2295 1091 2326 otiose
1101 2306 1162 2324 cum
1171 2295 1273 2334 accipis
1283 2316 1291 2328 ‚
1315 2305 1345 2325 tu
1363 2297 1432 2326 dicis
1443 2319 1451 2330 ,
1474 2300 1566 2326 Amen
1578 2319 1586 2329 ,
1607 2300 1662 2332 jam
1682 2298 1712 2325 in

927 2337 1036 2376 spiritu
1054 2337 1215 2369 confiteris,
1237 2337 1311 2376 quod
1329 2338 1444 2376 accipias
1453 2339 1564 2376 Corpus
1583 2336 1709 2366 Christi:

928 2378 1000 2409 dicit
1020 2378 1070 2407 tibi
1086 2377 1233 2411 Sacerdos.
1256 2378 1366 2416 Corpus
1377 2377 1487 2407 christi
1499 2400 1507 2412 ,
1529 2381 1556 2406 ὁ(
1571 2387 1600 2405 tu
1619 2377 1689 2406 dicis
1701 2398 1710 2412 ,

1359 2419 1388 2448 D
1554 2421 1657 2447 Amezt‘
