1866 2526
112 109 222 151 quidem
231 107 311 148 super
320 108 439 146 aliquam
450 103 609 132 columnam
617 99 704 138 longo
715 95 847 141 temporis
856 94 872 124 s
870 105 913 135 pa.

114 154 158 181 tio
170 151 295 182 vixerant
306 171 314 184 ,
324 147 410 184 ςύλος
419 144 495 173 enim
505 143 589 171 latine
600 140 756 169 columnam
767 136 911 177 significan

115 193 164 222 iun
173 201 262 221 tamen
272 190 303 219 in
312 200 363 230 qua
373 188 410 216 D.
421 185 518 215 Simon
528 183 616 212 vitam
626 181 683 221 egit
693 202 701 214 ‚
724 179 837 208 habebat
849 187 913 216 qua-

115 229 346 270 dratumTpatium
356 230 474 259 duorum
483 223 636 254 cubitorum
644 232 677 251 ex
689 229 813 264 utroque·
819 220 912 251 latere,

115 274 147 303 in
156 283 210 313 quo
228 281 283 301 erat
292 268 466 300 circumcirca
486 263 654 293 construstio
671 261 828 291 altitudinis
845 259 912 287 lum-

113 315 160 343 bos
170 323 227 342 non
235 311 394 341 excedentis
403 317 465 336 cum
476 309 532 342 ejus
544 303 677 343 porticula
688 324 697 335 ,
717 301 847 338 &lignea
857 297 912 327 sca-

116 355 142 383 la
151 374 159 382 .
181 353 345 392 Appellatus
363 351 446 380 ctiam
466 347 518 375 fuit
536 347 652 374 Cionita
669 342 743 371 idem
760 341 871 370 δειιιᾶιις
878 349 911 367 ex

115 395 246 424 vocabulo
257 403 349 432 graecu
361 389 426 422 mim
437 411 444 422 ,
463 385 536 426 quod
545 385 699 414 columnam
710 391 820 421 quoque
829 380 912 419 figni-

1267 8 1298 79 ὲ
1331 39 1371 79 U
1635 40 1715 94 637

972 94 1133 130 Consensus
1143 105 1234 126 autem
1243 106 1387 138 parentum
1404 93 1539 135 sponsalia
1548 105 1656 127 tantum
1666 95 1766 138 pratsu-

968 140 1021 170 mit
1031 151 1038 171 ς
1062 137 1108 166 sed
1120 135 1264 168 consensus
1275 139 1348 167 inter
1359 137 1473 176 sponsos
1480 148 1535 176 ptae
1541 139 1615 168 stitus
1625 139 1769 168 matrimo-

966 181 1044 211 nium
1055 179 1160 209 indicat
1171 200 1179 212 ,
1198 179 1218 208 fi
1231 189 1324 208 tamen
1340 179 1370 207 in
1385 179 1551 208 contrarium
1569 179 1692 217 specialis
1702 190 1768 208 con-

967 221 1086 251 suetudo
1098 231 1156 249 non
1165 219 1279 249 obstaret
1290 241 1298 248 .
1309 219 1401 249 Gloffi
1412 219 1478 248 ibid.
1491 219 1559 248 &in
1568 230 1627 248 can.
1639 220 1657 249 fi
1669 220 1727 260 quis
1737 232 1767 248 11—

968 271 1066 292 xorein
1078 283 1086 295 ,
1109 272 1156 294 27·
1168 271 1214 300 qu.
1226 273 1252 290 2.
1263 260 1314 290 Sed
1324 260 1409 290 hodie
1418 271 1451 289 ex
1463 261 1576 290 Concil.
1588 261 1664 289 Trid.
1675 260 1708 289 ad
1720 271 1766 289 va-

967 303 1108 332 liditatem
1122 301 1296 330 matrimonii
1308 301 1458 341 requiritur
1468 301 1550 330 etiarn
1568 300 1684 330 Pan-orbi
1698 311 1767 340 pra:-

968 343 1056 372 sentia
1065 353 1127 372 cum
1146 342 1249 372 duobus
1258 342 1368 373 testibus
1377 363 1384 370 .
1406 342 1479 371 Vide
1489 342 1622 371 Annulus
1633 362 1640 369 .
1661 344 1768 371 Matri-

968 395 1090 413 monlum
1104 405 1111 412 ι

115 435 178 465 ficat
187 455 194 462 .
216 434 259 463 Sic
269 434 350 462 etiam
361 434 390 461 in
401 429 520 471 quodam
539 423 859 461 Constantinopolitano
868 419 912 448 su·
927 426 1069 454 SuflArro
1080 446 1087 457 ‚
1099 424 1210 453 verbum
1223 424 1253 453 in
1263 424 1322 463 lege
1330 423 1411 453 salica
1422 444 1429 451 .
1441 429 1454 460 [
1466 423 1491 452 Si
1501 422 1561 462 quis
1571 423 1720 461 poi-cellam
1729 420 1768 451 al-

115 475 212 506 burbio
221 485 276 503 erat
289 475 362 502 locus
372 473 552 502 Exociomum
562 465 727 504 appellatum
737 484 746 496 ‚
766 471 825 490 non
834 471 867 488 ex
879 470 912 488 eo

969 465 1052 494 terius
1064 464 1203 498 subbattit‚
1216 475 1245 494 ut
1256 465 1388 504 porcellus
1400 475 1458 494 non
1468 463 1573 497 habeat,
1586 464 1630 492 tit.
1645 476 1670 493 z.
1679 465 1705 496 §.
1716 475 1744 500 9.
1756 465 1769 494 ]

115 517 177 556 quia
187 526 242 544 erat
251 514 298 544 sex
307 513 441 543 columnis
452 507 643 539 constructum,
653 514 682 533 ut
693 501 779 546 aliqu*i
789 501 859 529 “¹²12
868 500 912 544 ln*
968 505 1037 534 idest
1050 528 1056 539 ,
1067 505 1170 534 furatur
1181 526 1190 538 ,
1203 506 1249 534 vel
1259 506 1362 535 occidit
1374 530 1380 536 .

115 557 299 587 tellexeran15
322 554 369 584 sed
378 563 441 593 quia
461 546 614 579 extrinsece
621 546 793 573 columnatio
811 541 911 569 ordme
926 552 1171 575 Susscmcromuu
1181 547 1412 585 ,Subcingulnm.
1434 544 1507 575 Vide
1518 546 1670 584 Cingulum
1681 565 1688 572 .
1703 549 1768 582 Epa-

116 607 173 626 erat
182 596 379 628 consti-ustum,
391 593 470 632 super
481 588 555 628 quod
563 587 695 615 collocata
704 592 761 613 erat
773 581 912 625 Consta-n·
962 589 1093 624 ἐρημίη
1102 606 1109 614 ‚
1121 590 1269 616 gaen-uma
1280 606 1287 615 ⁶

117 637 171 666 tini
183 638 282 667 stauai
301 635 374 665 unde
383 644 443 663 cum
453 632 486 660 ²d
499 627 660 668 Pmdiaum
670 625 761 653 locum
772 620 912 661 confugff·
926 629 1040 658 Sua-:isi
1048 636 1101 655 vivs
1112 648 1120 660 ,
1131 625 1238 655 succeffi
1244 637 1300 660 νας,
1309 626 1481 666 subsequens,
1492 626 1667 657 secundarius
1677 647 1683 654 .
1697 625 1765 662 [Vi-

116 677 178 707 sent
192 677 289 707 Ariani
301 676 332 704 ad
342 673 478 704 tractanda
486 678 581 699 eorum
589 665 768 696 conciliabula
776 686 784 697 ,
797 663 862 691 inde
874 667 910 691 Ε-

116 721 256 747 xoeu'onitae
265 715 434 746 denominati
445 711 508 741 sunt
518 730 526 738 .
596 748 600 752 -
723 746 728 750 -

72 757 210 788 suanm
223 779 231 790 ,
251 755 384 796 persuasio
394 777 403 788 ‚
423 754 479 783 five
487 749 615 780 suasionis
624 748 744 776 efficacia
755 767 761 773 .
787 751 798 780 [
810 744 910 772 Secun-

114 799 179 826 dum
189 797 322 825 suadelam
334 797 425 825 Deum
433 792 603 824 suadentem,
615 793 642 818 ὃς
653 798 709 817 non
722 788 778 815 vim
790 783 910 813 inferen-

113 847 168 866 tem
180 858 186 864 .
197 838 270 866 Ii-en.
281 837 327 865 lib.
342 846 366 872 5.

20 884 23 885 ’
74 877 172 907 Suam
187 898 193 905 .
215 879 271 907 FR.
284 879 392 907 Savona
402 874 518 905 Etruria:
530 871 645 903 civitas,
655 872 778 907 Gregor.
789 867 858 895 VII.
881 869 908 894 δ(

113 919 230 947 :iliorum
248 921 367 948 Roman.
380 915 510 946 Pontific.
519 912 629 951 origine
638 910 783 939 nobilitata
793 927 800 935 .
822 907 910 941 [Sua-

116 958 210 987 nenses
222 959 308 988 Cives
319 981 327 992 ‚
341 969 401 986 can.
411 955 571 995 suppliciter
582 963 627 990 23.
639 961 684 994 qu.
695 955 720 978 8.
796 988 800 992 .
856 987 860 991 .

75 999 194 1028 Sum-m
206 1021 213 1031 ‚
224 999 383 1027 adverbium
392 1009 405 1026 a
418 997 500 1025 verbo
506 996 558 1032 suo
569 1015 576 1026 ,
599 990 731 1031 fignificat
741 988 892 1017 ordinatim
901 1009 909 1020 ‚

115 1039 286 1074 (Onjussffim
297 1060 303 1066 -
317 1045 329 1074 [
340 1039 392 1067 Sed
403 1039 462 1076 plus
473 1035 584 1064 venusta
594 1032 690 1061 suatim
701 1029 910 1072 cycladibus—co-

117 1089 188 1107 mata
199 1078 381 1119 spiritualibus
391 1099 398 1106 .
412 1076 526 1109 Aldhcl.
535 1076 568 1104 de
580 1073 659 1112 Virg.
669 1082 727 1110 cap,
743 1071 808 1106 19.]
821 1069 865 1096 ubi
876 1068 910 1097 de

117 1120 143 1148 S.
157 1119 274 1148 Bauliffi
285 1121 408 1158 loquitur
418 1139 424 1146 .
789 1152 791 1155 ι
903 1150 906 1153 ι

77 1160 249 1190 Sosiorum
261 1182 268 1194 ,
278 1159 476 1189 subauxiliator
485 1180 491 1187 .
504 1165 516 1195 [
528 1157 573 1186 Est
583 1168 616 1185 cx
630 1164 725 1183 eorum
734 1151 832 1197 ordine
842 1171 849 1183 ι
860 1159 909 1188 <11¹¹

116 1201 251 1236 adjutores
263 1202 410 1237 adjuvatus
431 1211 485 1228 vox
498 1199 572 1228 enim
581 1196 727 1237 subadjuva
738 1194 767 1237 id
778 1190 908 1234 [ignis-ica-

116 1251 145 1270 re
154 1241 274 1269 creditur
284 1262 291 1269 .
311 1240 406 1276 Synes.
416 1251 457 1279 ep.
474 1240 561 1275 144.]
582 1238 681 1266 Eadem
693 1235 815 1277 dictione
826 1241 911 1277 utitur

116 1281 311 1319 Meraphrastes
328 1291 360 1309 in
372 1281 427 1309 vita
447 1282 472 1309 S.
487 1277 638 1316 Porphyrii
652 1280 802 1318 Martyris,
823 1273 867 1301 ubi
877 1275 911 1315 iic

117 1322 170 1350 ait:
185 1322 332 1357 [Hilarius
342 1321 452 1360 quidam
461 1319 606 1353 subadjuva
619 1316 791 1355 Magistrum
803 1315 836 1344 .]
852 1313 912 1356 Ali-

964 667 1088 696 dendum
1101 689 1108 700 ‚
1121 678 1155 695 ne
1165 678 1216 706 qua
1227 666 1314 696 adhuc
1326 668 1382 696 illic
1396 677 1493 697 vacent
1506 667 1635 697 subcisiva
1646 689 1654 700 ‚
1666 668 1694 695 in
1704 666 1767 705 qui-

964 708 1011 736 bus
1031 708 1166 736 &tertius
1178 707 1274 746 aliquis
1296 708 1394 746 stipare
1405 710 1479 737 Deus
1489 708 1579 737 secum
1602 708 1706 737 mundo
1718 706 1767 736 suo

966 747 1064 787 poffit.
1083 749 1255 777 'rettuli-lib.
1273 760 1295 777 i.
1313 747 1418 778 advers.
1431 751 1514 778 Mai-c.
1535 760 1557 777 c.
1575 751 1642 785 15.]
1666 748 1767 787 Aliqui

965 799 1060 817 tamen
1069 788 1223 826 subficivus
1235 790 1331 828 legunt
1341 811 1348 823 ,
1371 790 1442 818 utin
1453 791 1479 819 S.
1489 790 1579 828 Cypr.
1591 790 1624 818 de
1635 790 1699 818 zelo
1709 811 1716 822 ‚
1739 793 1768 817 δε

965 830 1056 858 livore
1073 830 1225 868 reperitur:
1250 836 1262 865 [
1277 830 1321 858 Ad
1340 840 1446 868 patrem
1467 830 1642 859 lineamentis
1664 830 1768 868 paribus

964 868 1070 899 soboles
1080 869 1208 899 subsiciva
1219 869 1391 908 respondeat.
1403 873 1416 902 ]
1427 873 1487 901 Nec
1497 871 1585 900 defuit
1595 894 1602 904 ,
1614 871 1661 910 qui
1675 870 1704 899 in
1714 869 1767 898 hoc

965 911 1028 939 loco
1035 911 1185 949 subseciva
1196 911 1286 950 legere
1298 912 1394 940 maluit
1407 923 1413 940 :
1435 911 1464 940 in
1473 912 1594 951 antiquis
1606 921 1697 940 tamen
1708 912 1752 940 Co
1761 928 1768 931 -

965 951 1067 980 dicibus
1086 954 1127 981 M.
1139 950 1171 979 ss.
1183 952 1467 992 succidivnlegitur.
1488 955 1544 982 FR.
1566 954 1670 982 Verum
1681 953 1768 992 prima

964 993 1048 1020 leetio
1067 992 1253 1029 amplectenda
1264 993 1302 1021 est
1312 1014 1319 1025 ,
1340 992 1378 1021 ita
1390 993 1498 1023 Gellius
1509 1015 1516 1026 ,
1533 993 1580 1021 lib.
1597 998 1639 1022 18.
1651 1003 1708 1032 cap.
1725 1003 1767 1020 ιο.

968 1033 1079 1072 inquit:
1100 1038 1112 1067 [
1127 1034 1166 1061 Ac
1179 1043 1321 1071 propterea
1333 1043 1465 1072 quantum
1474 1034 1552 1063 habui
1567 1035 1699 1072 temporis
1710 1032 1770 1061 sub-

965 1073 1042 1102 cifivi
1055 1095 1062 1106 ‚
1084 1073 1230 1102 medicinae
1250 1084 1358 1113 quoque
1378 1073 1532 1113 disciplinae
1550 1074 1635 1103 libros
1665 1073 1747 1112 attigi
1762 1095 1769 1104 .

966 1124 1033 1153 quos
1044 1113 1187 1143 arbitrabar
1196 1113 1246 1143 effe
1256 1114 1371 1143 idoneos
1383 1115 1416 1143 ad
1425 1115 1580 1144 docendum
1589 1136 1596 1142 .
1610 1117 1623 1148 ]
1637 1115 1692 1144 Alii
1703 1120 1768 1144 Suc-
1793 1146 1797 1153 Ι

967 1154 1085 1192 cist-uum
1095 1153 1217 1183 scribunt
1231 1179 1238 1191 ‚
1258 1165 1270 1183 a
1284 1155 1367 1184 verbo
1376 1157 1489 1184 succido
1500 1178 1508 1189 ‚
1527 1166 1583 1195 quo
1594 1155 1726 1184 vocabulo
1736 1164 1768 1182 u-

965 1197 1032 1224 titur
1041 1195 1125 1224 etiam
1137 1195 1198 1224 Cic.
1216 1205 1238 1223 1.
1260 1196 1293 1224 dc
1305 1197 1357 1235 leg.
1368 1199 1395 1224 ὅ(
1406 1197 1470 1224 alii.
1493 1198 1530 1231 lli?
1544 1197 1666 1225 Verbum
1675 1205 1769 1224 autem

964 1235 1131 1265 Tertulliani
1141 1239 1214 1273 stipo
1222 1236 1347 1265 obturare
1357 1236 1492 1276 fignificat
1503 1258 1511 1270 ‚
1533 1237 1608 1275 quod
1621 1237 1685 1266 Itali
1695 1243 1768 1273 stop-

961 1285 1028 1314 pare
1037 1276 1135 1304 dicunt
1145 1296 1152 1303 .
1163 1275 1294 1305 Subcifivi
1305 1275 1462 1313 synonyma
1474 1298 1481 1306 .
1497 1278 1571 1307 Vide
1582 1278 1748 1317 Pedisequus
1760 1297 1768 1304 .

966 1320 1091 1356 sequipes
1102 1337 1109 1344 .
1122 1317 1309 1355 Subsequivus
1319 1338 1326 1345 .

117 1362 191 1400 quod
201 1360 316 1400 speciale
327 1362 452 1390 officium
462 1359 535 1389 fuiss'e
546 1358 684 1396 suspicor,
704 1357 765 1395 quit
776 1354 846 1392 saepe
860 1363 912 1380 1⁸²1-
925 1361 1135 1388 Sirnnlstcowrs
1147 1379 1155 1390 ‚
1177 1357 1247 1386 ordo
1265 1357 1337 1387 sacer
1359 1358 1390 1388 in
1409 1359 1524 1388 Ecclesia
1540 1358 1690 1388 Catholica
1704 1358 1766 1387 loco

117 1413 219 1430 teratur
237 1402 289 1430 hoc
303 1403 462 1431 vocabulum
484 1401 554 1439 apud
564 1402 677 1429 Graecos
698 1396 849 1434 ScriPtores
859 1415 867 1426 ,
889 1396 914 1422 ὅ(

115 1446 191 1478 σκβκ
197 1440 278 1472 3:³82
285 1443 369 1471 etiam
377 1441 504 1470 scribitur
514 1461 521 1468 .

77 1483 232 1510 Sur-amno
242 1504 249 1515 ,
269 1486 296 1511 δι
307 1483 441 1511 subbarro
451 1502 457 1509 .
466 1483 522 1510 FR.
532 1481 631 1518 pignus
642 1478 794 1507 contractus
805 1474 914 1518 praebeo

119 1522 149 1549 in
162 1520 329 1559 sponsalibus
339 1543 345 1549 .
367 1528 379 1556 [
392 1522 506 1550 Annulo
517 1519 564 1548 suo
575 1518 741 1548 subarrhavit
761 1527 804 1545 me
814 1517 914 1544 Domi—

121 1571 171 1589 nus
179 1571 253 1590 meus
262 1582 269 1589 .
280 1563 305 1590 S.
320 1560 444 1590 Ambros.
456 1562 489 1590 de
500 1561 594 1589 Sancta
606 1563 718 1598 Agnete
728 1560 761 1590 ,1
779 1561 807 1586 δι
816 1557 846 1584 in
857 1566 914 1594 cap.

120 1605 213 1631 Tenor
225 1603 381 1630 litterarum
391 1623 398 1634 ,
420 1601 454 1629 dc
464 1601 581 1629 sentent.
595 1605 622 1629 ὅ(
632 1610 659 1628 rc
668 1599 752 1635 judic.
765 1604 777 1633 [
789 1598 912 1641 IdemlR.

120 1652 178 1671 cnm
188 1641 406 1681 desponsationis
416 1643 518 1671 annulo
527 1639 679 1670 subarrass'et
692 1642 703 1671 ]
715 1639 759 1668 ubi
768 1637 861 1668 Glossa
872 1647 913 1664 in-

121 1683 198 1721 quit:
213 1689 225 1718 [
237 1682 405 1715 Subarrassct,
416 1682 494 1715 idest,
505 1681 587 1710 fidem
596 1679 742 1710 consensus
755 1679 789 1708 de
797 1677 914 1717 praesen-

119 1724 142 1750 ri
151 1722 265 1752 dediss‘et
275 1743 282 1751 .
295 1725 306 1754 ]
320 1725 395 1752 Item
407 1723 436 1750 in
445 1732 502 1760 cap.
513 1731 564 1750 tua:
576 1722 652 1750 nobis
663 1743 670 1755 ,
683 1721 717 1750 de
727 1719 856 1749 clandest.
867 1719 914 1748 de-

118 1762 238 1800 sponsat.
250 1763 379 1792 habetur:
398 1768 409 1797 [
423 1763 542 1798 Quidam
552 1761 635 1791 filiam
644 1761 719 1790 suam
727 1761 836 1790 circiter
846 1760 915 1788 duo—

121 1803 211 1832 decim
219 1809 307 1833 minos
326 1803 473 1832 habentem
482 1803 589 1831 cuidam
611 1802 698 1831 nobili
716 1799 892 1840 desponsavit
906 1822 913 1833 ‚

121 1844 167 1881 qui
179 1843 328 1872 subarravit
346 1843 460 1872 eandem
471 1842 603 1872 consensu
612 1853 707 1871 murno
722 1842 870 1871 accedente
881 1861 888 1869 .
900 1845 911 1873 ]

122 1887 156 1913 Et
167 1884 297 1913 inferius:
321 1885 412 1921 [Quia
426 1894 492 1912 vero
510 1884 587 1912 nobis
597 1884 719 1912 constare
736 1893 795 1912 non
805 1882 912 1920 potuit,

123 1927 197 1960 cujus
210 1925 296 1953 aetatis
306 1923 370 1953 effer
379 1925 469 1964 puella
480 1928 530 1953 διε.
544 1934 605 1953 cum
615 1924 722 1953 dicatur
730 1945 738 1958 ,
750 1923 826 1962 qnod
835 1922 913 1951 circi-

121 1974 163 1994 ter
173 1965 319 1993 duodecim
327 1975 414 1994 annos
434 1964 545 1994 habebat
554 1968 606 1994 &c-
617 1965 692 2004 quod
708 1965 726 1994 si
738 1965 827 2003 puella
839 1963 914 1992 nubi-

121 2005 154 2032 lis
172 2006 259 2033 :etatis
277 2016 335 2034 non
355 2016 411 2034 erat
429 2009 482 2035 δερ.
501 2006 680 2044 proculdubio
700 2005 774 2034 inter
792 2014 837 2032 eos
855 2015 913 2033 non

119 2046 280 2083 conjugium
290 2067 298 2078 ‚
308 2044 355 2074 sed
364 2045 497 2085 sponsalia
507 2047 641 2074 contra-sta
651 2045 760 2075 fuerunt
770 2069 777 2077 ,
789 2045 913 2084 quamvis

121 2084 218 2124 abipso
230 2086 291 2114 viro
301 2087 394 2115 eadem
404 2085 492 2115 fuiss'et
502 2085 634 2115 subarrata
645 2106 653 2114 .
666 2089 679 2118 1
700 2087 757 2116 Ubi
767 2086 860 2114 Gloiia
871 2086 911 2115 di-

121 2125 210 2154 versas
219 2125 408 2156 subarrationis
416 2125 520 2165 specics
530 2148 539 2160 ‚
562 2127 618 2155 five
627 2126 840 2155 matrimoniales
851 2136 913 2164 pro-

121 2165 264 2195 miffiones
274 2178 387 2196 annotat
397 2189 406 2201 ‚
418 2177 516 2206 nempe
526 2188 534 2200 ,
554 2177 603 2205 per
612 2167 743 2196 annulum
753 2189 760 2200 ‚
773 2177 820 2205 per
829 2166 912 2195 dona-

121 2207 179 2235 tiva
189 2230 198 2241 ‚
219 2211 247 2236 8<
258 2208 376 2239 fimum
395 2218 443 2247 per
453 2208 602 2246 expressum
613 2206 792 2239 consensum3
811 2210 838 2235 δε
849 2207 913 2236 licet

119 2259 178 2277 non
188 2248 358 2277 interveniat
368 2247 514 2277 consensus
524 2248 667 2285 praedic‘tus
679 2246 822 2286 exprell‘uS,
837 2248 914 2276 durn-

121 2288 206 2316 modo
217 2289 253 2317 de
259 2290 330 2318 dicta
338 2288 523 2318 subarratione
531 2290 587 2324 jam
597 2288 661 2317 facta
672 2289 779 2327 liquido
789 2288 895 2317 constet
905 2311 913 2322 ‚

119 2332 148 2358 δι
167 2339 228 2358 non
246 2331 375 2368 probetur
395 2330 563 2359 contrarium
574 2340 582 2360 ς
606 2339 700 2368 parum
718 2329 794 2358 enim
813 2327 895 2357 refert
905 2351 914 2363 ,

119 2369 194 2409 qnod
206 2370 234 2400 in
245 2371 315 2401 facio
326 2392 334 2405 ,
346 2372 391 2401 vel
403 2371 433 2400 in
444 2371 532 2401 verbis
541 2379 650 2401 mutuus
659 2369 807 2400 consensus
819 2369 899 2400 detur
907 2390 915 2398 .

967 1397 1185 1428 Nathinaeorum
1194 1398 1261 1437 legis
1273 1398 1400 1428 Mosaicae
1411 1422 1418 1432 ,
1428 1400 1473 1438 qui
1486 1400 1593 1429 Levitis
1603 1398 1768 1431 serviebant,

968 1439 1033 1467 ideo
1052 1438 1080 1466 in
1097 1449 1119 1466 i.
1131 1438 1249 1477 Paralip.
1272 1450 1328 1477 cap.
1338 1451 1367 1475 9.
1388 1441 1474 1468 tertio
1492 1440 1591 1468 ordine
1611 1448 1768 1478 ponuntur:

971 1485 982 1514 [
995 1479 1049 1514 Qui
1060 1489 1150 1507 autem
1159 1478 1350 1508 habitaverunt
1361 1480 1441 1518 primi
1455 1479 1484 1508 in
1495 1478 1700 1518 posseffionibus
1713 1501 1719 1511 ,
1738 1482 1767 1507 δε

969 1520 1072 1548 urbibus
1082 1518 1135 1547 suis
1147 1532 1152 1547 ;
1164 1518 1248 1548 Israel
1259 1542 1265 1553 ,
1278 1525 1305 1549 ὅ(
1315 1520 1481 1553 Sacerdotes,
1495 1524 1522 1549 ὃ(
1534 1520 1641 1549 Levitae
1652 1542 1661 1554 ,
1673 1524 1701 1548 δε
1712 1522 1769 1549 Na-

969 1560 1070 1589 thinaei
1080 1581 1087 1587 .
1101 1562 1113 1591 ]
1125 1560 1175 1589 Sed
1186 1570 1214 1588 in
1231 1571 1253 1588 i.
1265 1559 1339 1589 Esdr.
1352 1571 1411 1600 cap.
1424 1573 1448 1589 2.
1472 1561 1573 1599 quinto
1585 1561 1648 1588 loco
1659 1569 1769 1598 ponun-

969 1612 1014 1630 tur
1023 1623 1031 1634 ‚
1042 1601 1085 1629 ubi
1097 1601 1130 1629 sic
1142 1600 1270 1629 habetur:
1285 1607 1296 1636 [
1310 1602 1510 1630 szitaverunt
1521 1611 1588 1639 ergo
1599 1600 1769 1632 Sacerdotes,

968 1646 996 1670 δι
1008 1641 1115 1670 Levitae
1126 1663 1135 1674 ‚
1145 1645 1173 1670 &
1184 1640 1217 1668 de
1227 1642 1329 1680 populo
1340 1663 1346 1673 ,
1358 1646 1386 1670 ὃ(
1398 1642 1535 1670 Cantorcs
1547 1663 1554 1674 ‚
1569 1640 1745 1679 &janitores
1758 1663 1767 1674 ,

969 1686 997 1711 δε
1007 1681 1152 1711 Nathinaei
1163 1682 1192 1708 in
1202 1682 1308 1710 urbibus
1318 1681 1372 1710 suis
1383 1685 1414 1714 .]
1435 1682 1477 1711 Sic
1488 1682 1569 1710 etiam
1581 1681 1660 1710 habet
1670 1691 1727 1720 cap.
1740 1691 1767 1713 7.

970 1732 1044 1751 num.
1055 1733 1081 1755 7.
1092 1726 1119 1751 ὅ(
1134 1733 1179 1757 24.
1192 1721 1312 1757 ejusdem
1324 1722 1405 1758 libri,
1423 1726 1450 1751 &
1464 1735 1488 1751 2.
1502 1721 1578 1751 Esdr.
1589 1733 1612 1750 c.
1623 1733 1650 1755 7.
1664 1732 1706 1750 nu.
1719 1732 1767 1759 73.

968 1773 1026 1801 cap.
1044 1774 1085 1792 oo.
1106 1773 1181 1791 num.
1195 1767 1241 1791 28.
1252 1763 1305 1791 Sed
1314 1773 1371 1801 cap.
1387 1774 1429 1791 ii.
1454 1774 1481 1791 n.
1492 1774 1520 1801 3.
1543 1762 1629 1791 tertio
1641 1764 1703 1791 loco
1713 1772 1767 1800 po—

969 1804 1013 1832 nit
1024 1825 1032 1836 ,
1045 1804 1190 1842 inquiens:
1204 1803 1382 1838 [Sacerdotes
1396 1804 1518 1837 ,Levitse
1530 1825 1536 1836 ‚
1550 1807 1577 1832 ὅ(
1589 1801 1743 1832 Nathinaei.
1755 1804 1770 1834 ]

969 1846 1067 1882 Itaque
1086 1843 1232 1873 Nathinaei
1254 1844 1361 1873 Levitis
1379 1843 1618 1872 subministrabant
1631 1854 1637 1871 ε
1663 1846 1721 1878 [Et
1734 1841 1769 1871 de

969 1884 1127 1914 Natliinaeis
1139 1907 1146 1917 ‚
1166 1894 1234 1923 quos
1244 1884 1354 1913 dederat
1364 1884 1457 1913 David
1475 1884 1508 1913 ad
1518 1882 1673 1912 ministeria
1683 1882 1766 1912 Levi-

971 1935 1058 1954 tarum
1069 1947 1076 1958 ,
1093 1935 1114 1952 1.
1128 1924 1189 1953 Esd.
1200 1936 1223 1953 c.
1238 1929 1262 1953 8.
1273 1927 1285 1956 ]
1306 1923 1470 1962 Antiquitus
1479 1924 1548 1953 ordo
1557 1922 1766 1953 subdiaconatus

969 1977 1027 1994 non
1036 1975 1091 1994 erat
1112 1964 1182 1994 sacer
1191 1985 1198 1992 .
1220 1971 1232 2000 [
1243 1965 1426 1993 Subdisconus
1446 1975 1513 1993 vei-0
1522 1986 1529 1998 ‚
1548 1963 1612 2003 quia
1629 1963 1768 1994 character

967 2005 1123 2042 hujusmodi
1134 2005 1273 2044 quondam
1285 2006 1357 2033 inter
1367 2016 1424 2033 non
1435 2004 1607 2039 sacros‚nunc
1616 2014 1709 2035 autem
1718 2005 1766 2033 in.

969 2057 1009 2075 ter
1018 2046 1105 2075 sacros
1123 2055 1278 2084 reputanti-5
1298 2045 1328 2073 in
1347 2045 1559 2084 participatione
1575 2045 1699 2084 corporis
1708 2057 1767 2075 non

967 2085 1080 2125 suscipit
1097 2085 1220 2114 osculum
1236 2097 1250 2114 a
1273 2086 1408 2114 Pontificc
1419 2106 1425 2112 .
1444 2087 1542 2115 Innoc.
1553 2087 1610 2114 ΙΙΙ.
1634 2086 1668 2114 de
1679 2087 1768 2122 Myst.

969 2127 1054 2156 Mifl‘ae
1065 2149 1073 2160 ,
1086 2137 1144 2166 cap.
1154 2128 1203 2165 3.]
1218 2128 1274 2156 FR.
1284 2126 1446 2156 Subdiaconi
1457 2127 1488 2155 ab
1506 2126 1648 2164 Apostolis
1659 2126 1769 2155 institu-

968 2169 990 2196 ti
1002 2188 1009 2195 .
1020 2170 1116 2196 Baron.
1127 2178 1169 2195 an.
1180 2178 1227 2202 44.
1238 2170 1335 2196 Romae
1344 2165 1452 2206 septem
1470 2166 1628 2196 subdiaconi
1640 2165 1764 2204 superin-

970 2209 1120 2237 tendebant
1139 2206 1243 2246 septem
1254 2207 1379 2237 Notariis
1396 2207 1591 2247 colligentibus
1610 2209 1768 2241 Martyrum

969 2249 1034 2277 afta.
1047 2249 1126 2277 Idem
1137 2250 1236 2277 Baron.
1247 2259 1291 2277 an.
1305 2258 1337 2286 23
1346 2253 1370 2276 8.
1383 2258 1455 2276 num.
1468 2260 1494 2278 2.
1506 2258 1574 2287 quos
1584 2256 1676 2275 tamen
1689 2247 1769 2282 [Hy-

971 2289 1136 2328 podiacones
1145 2298 1234 2327 graece
1246 2309 1254 2322 ‚
1276 2288 1460 2317 Subdiaconos
1471 2290 1554 2317 latine
1563 2287 1678 2315 dicimus
1689 2297 1695 2313 :
1718 2287 1768 2326 qui

972 2330 1036 2359 ideo
1047 2330 1081 2358 fic
1091 2329 1263 2368 appellantur
1274 2350 1282 2362 ,
1292 2329 1355 2367 quia
1364 2328 1504 2364 subjacent
1516 2327 1656 2367 praeceptis
1667 2348 1674 2360 ,
1687 2329 1715 2356 δι
1724 2327 1766 2356 os-

972 2369 1041 2400 ficiis
1053 2371 1210 2400 Levitarum
1222 2380 1229 2402 5
1239 2369 1393 2401 oblationes
1404 2370 1519 2400 enimin
1529 2369 1633 2408 templo
1644 2368 1768 2399 Domini

1675 2407 1731 2441 afi2
