1866 2526
460 43 565 88 SU
1274 47 1377 89 SU
1632 54 1710 106 653

115 109 227 139 petrum
235 127 244 140 ‚
253 108 283 136 δι
292 101 452 143 Magistrum
463 102 602 133 Gentium
611 101 767 132 Dominum
777 103 891 133 Paulum
901 123 909 134 ,
970 107 984 139 [
995 101 1072 137 Quid
1081 100 1162 141 gestis
1173 125 1181 136 ,
1201 113 1245 132 :tut
1257 103 1380 142 suspccio
1389 125 1397 137 ‚
1417 114 1462 133 aut
1475 115 1530 135 non
1539 105 1705 138 desideranti
1717 108 1775 148 pla-

112 152 141 177 &
152 158 208 178 tom
218 154 310 176 mente
318 144 380 174 illos
391 145 543 184 recognovi
561 145 595 173 de
615 143 740 173 surcariis
751 164 758 172 .
782 149 794 179 [
806 146 910 182 Legcn-
968 153 1029 172 cere
1043 147 1052 172 ?
1064 143 1109 171 De
1118 144 1192 172 cultu
1203 143 1279 173 soem.

114 189 180 218 dum
195 197 262 226 ergo
278 185 396 214 omnino
414 185 452 214 est
473 188 610 213 surtariis
622 204 630 211 .
651 185 734 219 Quod
753 184 912 213 vocabulum
930 184 1109 213 Sospes-nio.
1122 186 1178 214 FR.
1191 183 1341 228 ⁴aliquando
1351 183 1473 222 separare
1484 207 1492 218 ,
1503 189 1530 214 ὃ(
1542 186 1662 218 eximere
1672 190 1778 229 fignifi-

115 227 261 259 Arabicum
270 225 322 255 effe
331 226 442 254 videtur
453 247 461 258 ,
472 225 576 254 arabice
587 224 662 254 enim
670 231 756 254 sumt
767 224 912 264 effigies,&
971 233 1012 252 cat
1023 244 1030 251 .
1043 229 1058 259 [
1069 226 1245 253 Laurentium
1257 247 1266 258 ‚
1275 228 1302 254 δε
1312 226 1423 254 Petrum
1433 236 1447 255 :i
1455 228 1649 257 communione
1660 232 1737 268 Papae
1750 229 1779 259 se

116 269 204 307 imago
214 266 532 305 dieitur-FR.legcndum
543 269 680 296 Sartariis
691 276 723 294 ex
734 265 847 304 ipsamet
857 265 911 294 bul·
971 263 1137 303 suspendisti:
1147 265 1283 303 replicatis
1297 287 1304 294 .
1317 266 1462 296 Ennodius
1473 266 1503 295 in
1516 269 1690 308 Apologet.]
1705 271 1778 300 Vide

113 310 138 338 la
147 307 278 346 Stephani
288 309 344 336 111.
355 307 426 345 apud
439 309 500 336 Bar.
511 317 545 335 :in
559 316 626 342 754.
637 317 663 335 n.
674 317 700 344 3.
711 309 739 335 &
758 306 793 334 ibi
806 306 834 334 in
847 315 914 334 mar·
972 306 1091 343 Suspicio
1101 325 1109 333 .
1323 346 1328 350 .
1407 347 1412 352 .
1705 350 1710 354 ι

113 348 200 388 ginali
211 358 275 377 nota
285 347 420 376 habentur
428 346 486 375 haec
500 346 580 375 verba
591 357 597 374 τ
610 351 622 380 [
633 347 751 375 Surtaria
762 345 823 375 sunt
832 346 915 379 scuta,
933 346 1153 375 Suspensomuii
1165 367 1173 380 ,
1185 347 1377 386 repositorium
1386 369 1394 381 ‚
1406 358 1435 376 in
1445 358 1499 386 quo
1510 359 1573 377 caro
1581 348 1645 378 salsa
1658 349 1778 379 sustinni-

113 389 158 418 ubi
166 388 230 417 sunt
242 388 319 426 pict-e
331 387 546 426 imagines,apud
555 388 640 424 Greg.
652 387 681 416 in
693 387 806 424 epist-ad
816 388 916 416 Secun-
972 386 1085 425 gatione
1096 386 1195 415 camini
1207 388 1395 418 exsiccabatur.
1408 394 1421 424 [
1432 389 1552 424 Quoties
1563 391 1702 419 neminem
1713 391 1775 420 sen-

117 429 215 458 dinum
228 449 235 457 .
249 431 261 460 ]
281 428 333 456 Sed
345 429 375 456 in
385 439 414 456 ea
424 428 539 466 epistola
549 427 700 465 Gregorii,
720 437 780 466 quse
791 427 829 455 est
837 427 915 465 supra
974 427 1007 456 lit
1018 426 1068 456 ess'e
1080 426 1110 455 in
1120 427 1237 464 coquina
1247 451 1255 462 ,
1276 428 1361 467 ipsam
1372 430 1490 458 latenter
1502 430 1605 459 intrans
1616 453 1624 465 ‚
1643 431 1712 460 scala
1722 431 1778 461 sus-

114 470 187 498 dieta
205 480 250 507 53.
267 468 314 497 lib.
328 479 355 501 7.
365 469 398 497 fic
411 467 502 507 inquit
512 466 642 497 Pontifex
653 479 660 495 .-
687 471 745 502 [Et
762 467 827 495 dum
839 467 916 496 nobis
975 466 1134 505 pensorium
1143 466 1276 502 ascendit,
1285 473 1312 498 δι
1326 480 1358 498 ex
1369 480 1399 498 ea
1410 479 1488 508 parte
1498 480 1586 509 petras
1598 493 1606 503 ,
1627 482 1686 510 quae
1698 483 1777 502 muro

114 509 170 548 ipsa
181 510 284 548 pictura
294 530 302 542 ‚
324 509 396 547 quali
408 507 542 548 scriptura
563 507 596 535 ad
606 508 767 536 memoriam
786 508 852 535 Filii
863 507 915 536 Dei
974 508 1318 546 conjungebantur-,omnes
1330 520 1400 548 pene
1411 509 1493 549 usque
1505 511 1539 540 ad
1548 511 1722 541 medietatem
1733 515 1777 542 in-

113 550 220 579 reducit
229 549 349 578 :inimum
359 549 481 578 nostrum
493 570 502 582 ‚
520 556 565 577 aut
574 547 608 576 de
619 546 815 577 resurreetione
827 547 916 576 laetifi-
972 547 1041 576 cidit
1052 569 1060 581 ,
1071 548 1238 578 :interiorem
1251 560 1318 579 vero
1330 551 1466 589 integram
1477 551 1589 591 reliquit
1599 574 1607 586 ,
1627 563 1656 581 ut
1669 553 1775 583 incisio-

113 601 156 619 cat
169 612 175 623 ,
187 599 232 619 :tut
244 590 279 619 de
287 587 408 628 pastione
419 590 570 618 demulcet.
588 588 710 626 Ideoque
721 587 870 618 direximus
882 589 915 617 ti·
975 598 1020 616 nes
1029 589 1198 618 celarentur.
1210 590 1348 620 Caesarius
1359 614 1368 627 ,
1379 592 1427 621 lib.
1439 597 1465 621 6.
1476 602 1534 632 cap.
1548 603 1574 628 5.

114 632 140 660 bi
149 630 273 660 [ιιι-[πίας
283 630 367 660 duis]
378 629 465 662 idest,
483 629 599 668 pisturas
611 639 618 659 ς
640 639 703 656 nam
715 629 750 657 de
763 629 865 668 pistura
876 629 915 657 lo-
934 629 1091 657 Suspensus
1103 650 1110 657 .
1123 630 1196 658 Vide
1206 632 1370 661 Deltbratus
1380 654 1388 661 .

114 672 209 709 quitur
217 680 298 701 :inte;
309 673 338 698 δι
348 669 486 707 sequitur:
500 669 676 708 [Imaginem
688 669 744 698 Dei
755 670 913 702 Salvaroris,
933 670 1069 698 Suspicio
1080 691 1088 702 ,
1100 681 1212 704 nomen,
1224 682 1274 710 pro
1285 671 1331 710 spe
1342 673 1484 712 usurpatur
1492 674 1637 712 aliquando
1647 685 1656 706 ς
1670 681 1683 710 [
1696 677 1738 705 Ita
1746 679 1776 705 δε

113 715 142 740 δ<
151 712 251 741 Sanctae
264 710 420 740 Genetricis
431 710 524 738 Mariae
537 731 545 743 ,
557 712 756 750 Beatorumque
768 711 903 749 Apol'tolo
973 710 1096 738 locorum
1106 710 1246 741 ordinitio
1260 714 1391 750 provenit
1402 736 1410 746 ,
1429 719 1455 744 ἃ
1470 715 1624 744 revertendi
1646 716 1724 754 lapsis
1742 717 1776 744 :id

112 761 173 780 rum
184 751 270 784 Petri,
280 754 308 779 ὅ(
318 749 395 779 Pauli
403 751 577 779 continentes
587 754 638 780 &a
648 752 660 782 ]
671 752 715 780 ubi
727 751 767 781 nil
777 752 812 780 de
823 751 916 780 stiitiS.
972 750 1086 789 gradum
1096 752 1228 790 priorem,
1238 763 1293 791 quo
1305 755 1400 782 melius
1411 755 1576 792 poeniteant,
1587 754 1704 794 suspicio
1715 767 1776 786 non

108 794 186 820 Errat
195 791 274 819 etiam
286 789 392 829 prorsus
404 791 541 819 Antonius
554 792 677 820 Dadinus
690 793 718 821 in
731 793 803 821 notis
815 793 847 821 ad
858 792 917 830 epi-
973 792 1094 820 manebit
1106 813 1114 820 .
1133 793 1170 821 D.
1184 795 1269 832 Greg.
1280 794 1310 822 in
1320 795 1427 833 Regist.
1448 796 1494 824 lib.
1517 806 1540 823 i.
1561 806 1618 834 cap.
1644 801 1687 825 18.
1699 797 1773 826 Vide

109 831 190 861 stolas
200 832 237 859 D.
247 831 398 870 Gregorii,
408 831 473 859 dum
489 842 559 859 vane
570 831 641 860 hanc
654 842 750 861 vocem
761 833 916 871 significare
971 833 1118 869 Suspendeo
1127 853 1135 860 .

113 872 195 901 vestis
204 882 288 910 genus
298 872 522 910 putat.Quamvis
531 882 584 910 ego
594 873 683 910 potius
695 872 746 901 lioc
758 874 916 902 vocabulum
933 873 1068 902 SuspmiA
1079 894 1087 906 ,
1101 873 1238 902 musicales
1249 885 1320 904 notae
1333 896 1340 904 .
1353 875 1427 905 Vide
1439 881 1567 916 Hoqueta
1577 897 1585 904 .

111 923 125 940 :i
136 923 228 951 graeco
238 913 321 941 verbo
331 910 404 950 Σῦρω
416 934 423 945 ,
433 913 507 950 quod
517 912 625 941 trahere
638 913 771 952 significat
781 935 788 946 ,
799 914 915 942 deduce·
932 914 1190 943 SUS'IENTACULUM
1205 936 1211 943 .
1225 916 1297 944 Vide
1306 917 1421 952 Destina
1431 937 1439 944 .

110 963 177 981 rem:
190 963 249 982 nam
259 953 364 992 effigies
376 951 504 990 picizbseu
515 951 619 991 sculpta
632 954 672 982 nil
681 954 756 983 aliud
766 955 804 982 est
816 977 824 988 ‚
835 965 914 993 quain
931 955 1038 987 Susum,
1049 953 1163 987 sursum,
1173 966 1228 993 quo
1239 957 1412 989 vocabiilo,ac
1423 957 1504 987 etiam
1517 957 1754 996 i'ocabuloJususn
1765 981 1774 993 ,

112 993 312 1031 transumptum
322 1014 330 1025 ,
350 996 378 1020 δ(
389 994 541 1022 εκιτιιξτιιηι
551 994 580 1022 ab
588 994 721 1032 originali
735 1007 741 1026 ς
764 995 837 1024 unde
849 996 913 1024 Itali
972 995 1039 1024 idest
1050 1016 1058 1027 ,
1070 995 1139 1023 infixi
1150 1017 1156 1028 ,
1170 995 1228 1024 usus
1240 998 1277 1025 est
1288 999 1324 1027 D.
1337 998 1505 1036 Augustinus
1515 1000 1545 1028 in
1557 1000 1671 1028 trastatu
1688 998 1776 1029 io.su-

113 1037 241 1063 nitram
251 1055 258 1066 ‚
271 1034 345 1071 quod
354 1031 385 1060 fit
397 1033 429 1061 :id
439 1033 648 1063 similitudinem
658 1057 665 1067 ‚
685 1035 780 1064 dicunt
790 1047 803 1064 :1
815 1042 913 1066 Retra-

111 1075 173 1101 here
186 1075 269 1102 verbo
279 1094 285 1100 .
298 1073 390 1102 Latini
399 1074 473 1102 enim
485 1095 492 1106 ,
515 1085 543 1102 ac
555 1076 621 1104 Itali
633 1086 689 1104 non
699 1087 759 1105 raro
770 1077 888 1105 litteram
899 1090 912 1107 υ

112 1124 230 1152 graecam
242 1115 272 1142 in
283 1115 370 1143 Vlene
379 1114 574 1151 pronunciant,
586 1115 654 1144 utin
667 1116 759 1145 littera
770 1117 909 1146 Vdicetur.

111 1155 153 1183 Sic
164 1156 370 1193 Syro-graecum
383 1156 495 1183 verbum
505 1156 534 1184 in
546 1157 613 1184 Sin-o
624 1158 825 1196 pronunciant3
839 1159 910 1187 unde

110 1199 270 1224 Statariam
282 1206 332 1233 pro
343 1196 462 1230 Syriaria
473 1197 567 1224 dixere
578 1216 586 1224 .

69 1235 247 1264 Suu-rumim
258 1256 265 1263 .
275 1235 350 1264 Vide
361 1240 522 1265 Seturmina
533 1256 540 1264 .

70 1276 246 1305 §ommim
257 1295 264 1303 .
277 1275 349 1304 Vide
358 1280 508 1305 Sortunina
517 1297 525 1305 .

69 1315 236 1344 Suscenron
246 1336 252 1343 .
266 1316 339 1344 Vide
347 1318 504 1354 Susceptum
516 1339 524 1345 .

67 1356 271 1385 suscipi-vius
282 1379 290 1389 ,
299 1357 385 1385 cliens
395 1378 402 1385 .
417 1359 531 1392 [Νοξὶε
542 1357 628 1396 igitur
637 1357 774 1389 subsecuta
783 1382 792 1394 ‚
811 1359 909 1389 iterato

108 1395 288 1434 susceptulum
299 1397 376 1425 suum
394 1397 532 1433 fidejuffor
541 1399 571 1426 in
583 1400 692 1428 Basilica
714 1411 760 1439 per
777 1400 910 1430 visionem

108 1437 210 1465 blando
221 1437 322 1466 solatur
332 1438 454 1476 alloquio
465 1458 472 1465 .
492 1440 527 1467 In
541 1438 598 1467 vim
608 1441 634 1468 S.
644 1441 773 1479 Liipicini
783 1442 853 1471 Abb.
867 1454 911 1472 21.

111 1477 190 1504 Mart.
204 1480 216 1508 ]
229 1478 302 1506 Vide
310 1479 454 1514 Susceptus
465 1498 472 1505 .

971 1045 1018 1074 per
1028 1036 1170 1074 epistolam
1180 1038 1305 1074 Joannis;
1318 1038 1424 1066 foi-taffo
1435 1049 1514 1068 erant
1526 1040 1654 1068 vocabula
1668 1040 1776 1070 Africa-

969 1086 1066 1104 norum
1078 1077 1199 1115 propria,
1210 1088 1268 1116 quae
1280 1089 1370 1108 tamen
1381 1079 1450 1117 apud
1461 1080 1565 1108 Siculos
1577 1080 1660 1109 hodie
1671 1079 1774 1110 suntin.

967 1116 1014 1146 usu
1022 1118 1093 1153 Sasu
1103 1138 1111 1150 ‚
1123 1120 1226 1155 &Iusti
1237 1139 1244 1146 .
1255 1119 1349 1149 Piceni
1360 1130 1468 1158 quoqne
1480 1141 1488 1153 ,
1499 1119 1546 1149 sed
1556 1122 1663 1154 aretum,
1673 1131 1774 1160 nempe

967 1159 997 1187 εἴ)
1008 1179 1016 1191 ,
1029 1160 1056 1185 δε
1066 1159 1092 1186 lb
1104 1179 1111 1189 ,
1121 1161 1149 1186 ὅ(
1160 1160 1320 1198 Romanis&
1331 1183 1339 1194 ,
1353 1160 1436 1198 &giia
1449 1160 1533 1191 hodie
1545 1162 1696 1201 vulgariter
1706 1169 1773 1200 pro-‚

968 1198 1061 1227 ferunt
1071 1218 1077 1225 .
1089 1198 1161 1227 Vide
1168 1200 1270 1236 susum
1281 1221 1288 1227 .

927 1239 1113 1271 Summum,
1133 1239 1171 1267 ita
1182 1250 1214 1268 ex
1235 1251 1395 1280 contemptu
1409 1242 1530 1272 Daemon
1549 1242 1772 1272 sacramentalem

967 1279 1166 1308 confessionem
1176 1281 1325 1319 appellavit
1335 1304 1342 1315 ‚
1362 1282 1490 1322 &ipsum
1509 1283 1596 1313 aRum
1617 1284 1771 1314 confitendi

967 1323 1114 1359 Susurrare
1124 1319 1209 1354 dixit,
1219 1325 1292 1358 cujus
1306 1324 1383 1352 verba
1396 1335 1409 1352 a
1418 1323 1552 1357 Caesario,
1563 1325 1610 1353 lib.
1626 1336 1650 1361 5.
1660 1335 1772 1363 cap.29.

968 1361 1001 1390 sic
1013 1361 1168 1392 afferuntur:
1181 1368 1192 1397 [
1205 1362 1256 1391 Ait
1266 1364 1395 1393 Daemon:
1408 1366 1476 1394 Sunt
1488 1375 1535 1403 per
1546 1375 1605 1394 eam
1617 1366 1771 1400 veritatem,

968 1403 1031 1441 qnia
1043 1403 1100 1432 fine
1113 1403 1224 1431 licentia
1237 1402 1300 1432 fasta
1310 1426 1317 1437 ,
1330 1416 1379 1434 nec
1388 1406 1535 1444 aliquando
1545 1405 1610 1434 inde
1621 1405 1768 1435 fusuri-asti:

967 1442 1115 1471 susurrium
1125 1442 1322 1472 consessionem
1332 1446 1468 1484 appellans
1478 1466 1486 1473 .
1508 1451 1521 1480 [
1543 1446 1626 1482 Quod
1635 1447 1665 1474 in
1675 1447 1771 1475 confu-

968 1483 1072 1512 sionem
1083 1479 1287 1513 Haereticoriim
1308 1485 1394 1514 nostri
1403 1486 1535 1523 temporis
1554 1485 1667 1515 resultat
1678 1506 1687 1520 ,
1704 1487 1772 1517 dum

67 1515 346 1555 Suscemmviinpoca.
361 1519 480 1551 [Decem
491 1518 565 1547 libras
576 1519 631 1548 auri
644 1520 702 1549 sine
713 1521 840 1551 tarditate
853 1522 910 1561 post
968 1534 1029 1552 cum
1046 1523 1163 1562 ipsomet
1173 1526 1311 1554 Daemone
1332 1526 1363 1555 in
1383 1527 1590 1556 contenuiendo
1608 1526 1662 1556 hoc
1681 1527 1770 1561 sacr&

107 1554 240 1584 subditam
251 1558 285 1585 de
295 1556 418 1595 siiscepto
430 1559 557 1597 paginam
567 1560 630 1589 dare
641 1560 759 1591 debeatis
768 1583 776 1590 .
786 1563 911 1602 D.Greg.
969 1574 1064 1593 mento
1073 1565 1246 1594 conveniunt
1257 1586 1264 1593 .

108 1595 157 1624 lib.
172 1601 196 1624 8.
208 1597 284 1635 epist.
301 1598 379 1625 mad
390 1599 526 1635 Joannem
538 1599 659 1634 Syracus.
671 1602 760 1640 Episc.
773 1605 785 1634 ]
801 1605 909 1632 fimu-
929 1605 1044 1635 Sunii
1056 1627 1065 1639 ‚
1078 1607 1134 1634 PR.
1146 1606 1261 1639 Asturia,
1272 1606 1343 1645 quast
1352 1606 1457 1637 subtilis
1467 1608 1521 1637 tela
1531 1629 1537 1636 .
1548 1608 1710 1648 Fulgent.de
1720 1620 1769 1640 vo-

107 1635 142 1664 de
155 1638 314 1666 publicanus
323 1658 330 1669 ,
342 1636 480 1676 susceptor
492 1640 629 1670 dicebatur
638 1663 646 1674 ,
659 1642 678 1669 l.
690 1654 717 1678 4.
728 1644 803 1672 cod.
813 1643 847 1672 de
857 1643 911 1672 sus-
969 1646 1040 1674 cibus
1050 1646 1168 1684 antiquis
1179 1667 1186 1674 .

107 1685 210 1714 ceptor.
220 1681 247 1706 δε
259 1689 340 1706 παπ.
351 1682 378 1706 ὅ(
388 1680 407 1706 l.
418 1680 623 1717 providendum
635 1703 642 1715 ,
665 1693 711 1720 ²3·
724 1684 797 1713 Cod.
809 1683 843 1713 de
853 1685 909 1713 De·
928 1687 1110 1719 SUTULARES‚
1121 1688 1302 1716 calceamenta
1312 1698 1346 1717 ex
1357 1688 1489 1727 superiori
1501 1700 1578 1728 parte
1588 1690 1770 1724 comestassed

106 1717 240 1746 ciii-ionib.
253 1719 326 1746 Vide
335 1720 531 1758 Desusceptum
543 1742 552 1754 ‚
562 1724 730 1752 Testamenti
737 1728 841 1762 pagina
851 1745 858 1752 .
967 1726 1063 1766 absque
1073 1726 1153 1756 soleis
1163 1750 1171 1761 ,
1189 1729 1286 1767 quibus
1296 1730 1391 1758 Sanfta
1403 1730 1532 1760 Oundula
1542 1730 1585 1759 usa
1597 1732 1635 1761 est
1645 1754 1653 1765 ,
1677 1742 1706 1760 ut
1718 1731 1769 1760 hac

65 1755 233 1798 &isaurus
245 1779 252 1786 .
275 1761 330 1788 PR.
340 1759 386 1797 qui
397 1758 443 1788 sub
454 1760 584 1790 clientela.
591 1763 680 1800 aliqua
688 1763 833 1803 suscipitur
844 1777 851 1797 ;
873 1766 907 1795 sic
964 1766 1051 1796 sansta
1062 1768 1233 1798 simulatione
1243 1772 1299 1805 ejus
1310 1770 1507 1808 poenitentiam
1516 1781 1630 1810 tegeret.
1644 1773 1704 1807 [Ut
1718 1771 1769 1801 hu-

106 1797 229 1826 infirmus
239 1821 247 1832 ‚
271 1800 317 1837 qui
328 1799 374 1827 sub
383 1810 444 1828 cura
455 1801 555 1829 Medici
567 1801 731 1842 relinquitur
741 1826 750 1838 ,
770 1815 905 1845 nuncupa·
965 1817 1074 1837 manum
1086 1809 1184 1837 vitaret
1203 1809 1327 1839 favorem
1337 1832 1344 1844 ,
1365 1811 1491 1840 dimidiis
1510 1813 1632 1841 utebatur
1645 1812 1772 1841 sutulari:

108 1847 172 1880 tui-5
191 1839 263 1867 unde
274 1840 309 1867 D.
321 1841 473 1878 Gregorius
493 1841 642 1871 Theodoro
661 1845 772 1874 Medico
782 1869 790 1880 ,
813 1846 859 1875 lib.
875 1859 901 1882 4.
961 1848 1008 1877 bus
1019 1871 1026 1881 ,
1039 1859 1067 1877 ut
1075 1848 1200 1887 superior
1211 1860 1270 1888 pars
1279 1851 1379 1888 pedum
1392 1852 1534 1881 videretur
1544 1854 1631 1886 testa,
1653 1853 1769 1882 inferio-

106 1877 183 1914 epist.
195 1890 241 1913 40·
254 1879 400 1908 Narsetem
411 1881 553 1910 infirmum
563 1884 737 1914 commendat
749 1885 793 1914 his
805 1887 902 1916 verbis:
960 1899 989 1917 re
999 1889 1069 1918 nuda
1079 1890 1189 1918 relieta:
1203 1893 1215 1922 ]
1229 1891 1312 1926 Quod
1324 1893 1483 1921 vocabulum
1494 1903 1507 1921 a
1517 1894 1613 1922 Sutela
1624 1915 1631 1926 ,
1650 1904 1710 1932 quae
1721 1895 1770 1924 de-

104 1923 120 1953 [
131 1917 327 1947 Chariffimum
347 1930 438 1949 autem
448 1922 535 1951 filium
555 1932 646 1952 meum
658 1945 666 1956 ,
685 1923 837 1964 susceptum
858 1938 903 1956 ve·
959 1930 1126 1967 ceptionem,
1139 1934 1166 1959 ὃς
1180 1930 1303 1959 astutiam
1313 1933 1439 1966 denotat,
1449 1933 1663 1963 derivatur-Alii
1673 1945 1766 1965 tamen

105 1958 350 2002 struthai-setem
361 1962 459 2000 gloriae
472 1963 567 2001 vestrae
580 1965 745 1994 commendo
754 1987 761 1994 .
773 1969 845 1996 Item
855 1969 901 2006 qui
959 1971 1119 1999 Subtalares
1130 1992 1138 2003 ‚
1149 1981 1177 1998 ac
1187 1971 1237 1999 alii
1247 1972 1342 2001 melius
1353 1973 1489 2002 sotulares
1499 1974 1595 2014 legunt
1607 1985 1615 2006 5
1627 1975 1666 2004 ita
1676 1977 1766 2005 Inno-

106 1998 152 2027 sub
164 1999 292 2043 clientela
301 2000 456 2040 spirituali,
477 2004 521 2032 vel
532 2006 677 2043 temporali
687 2005 850 2045 suscipitur.
863 2009 900 2037 D.
958 2011 1063 2039 centius
1074 2012 1143 2049 Papa
1156 2012 1213 2040 111.
1223 2012 1340 2041 Clericis
1351 2012 1500 2051 prohibens
1509 2036 1518 2047 ‚
1537 2026 1571 2044 ne
1580 2016 1764 2046 calceamenta.

102 2039 276 2078 Augustinus
288 2042 364 2079 epist.
379 2052 426 2079 59.
435 2043 469 2072 de
480 2053 593 2084 utraque
602 2046 774 2076 mentionem
787 2046 850 2077 facit
858 2048 901 2077 his
956 2052 1095 2080 variorum
1106 2052 1230 2080 colorum
1241 2063 1273 2081 ex
1286 2054 1546 2094 pellibusgestarent
1556 2077 1565 2089 ,
1574 2056 1667 2095 inquit
1677 2063 1702 2092 :[
1713 2059 1765 2087 So-

104 2080 228 2124 vcrbis;y[
241 2081 387 2125 Antistites
399 2085 476 2112 velut
488 2085 626 2114 Advocati
636 2085 773 2125 suscepto>=
783 2085 844 2117 suos
853 2099 900 2127 per
956 2092 1086 2120 talaribus
1096 2091 1256 2121 consutitiis
1267 2097 1318 2122 &m
1331 2105 1389 2133 cap.
1412 2105 1422 2124 1
1431 2105 1456 2131 5.
1467 2096 1502 2126 de
1512 2096 1569 2126 vita
1580 2119 1588 2130 ‚
1609 2100 1637 2126 δε
1649 2097 1759 2127 honest.

100 2130 194 2149 maniis
205 2122 409 2159 impositionem
419 2123 668 2156 misericordissime
685 2127 803 2158 offerunt
823 2139 888 2167 pote
954 2132 1107 2164 clericor]
1121 2134 1177 2163 FR.
1190 2138 1202 2168 [
1215 2136 1249 2162 Et
1257 2133 1388 2164 sotulares
1399 2136 1430 2165 ab
1439 2136 1536 2166 eodem
1547 2137 1577 2166 in
1587 2137 1666 2176 ipsius
1677 2139 1761 2167 domo

101 2160 163 2190 stati
175 2183 182 2189 .
203 2162 268 2204 [Sic
277 2162 359 2191 etiam
368 2162 505 2204 susceptus
516 2190 524 2204 ‚
543 2166 615 2195 silius
625 2165 773 2206 spiritualis
783 2170 812 2198 in
823 2168 898 2199 sacro
954 2172 1172 2209 dimissos‚1ib.5.
1182 2174 1309 2204 decretal.
1319 2175 1364 2205 tit.
1380 2187 1389 2205 i
1397 2188 1423 2206 ι.
1433 2187 1491 2217 cap.
1508 2189 1551 2215 ¹9·
1562 2180 1576 2209 1
1592 2179 1664 2207 Vide
1675 2185 1760 2213 Bora,

105 2201 182 2230 sonte
193 2202 294 2231 dicitur
304 2223 311 2230 .
954 2214 1106 2242 poulainia
1118 2234 1125 2241 -

59 2240 225 2272 Suspzcrus
237 2264 245 2275 ,
269 2253 320 2282 pro
327 2242 478 2283 suspicace,
494 2246 551 2275 five
561 2245 708 2286 suspicioso
721 2270 727 2277 .
749 2251 816 2285 [Ne
837 2251 898 2290 quia
913 2254 1054 2283 Sirenum
1065 2275 1072 2282 .
1092 2256 1148 2283 FR.
1158 2254 1302 2289 sycomori
1311 2257 1412 2287 arboris
1425 2257 1522 2288 srustus
1533 2279 1540 2287 .
1555 2257 1613 2294 Qui
1623 2269 1760 2288 armenta-

62 2299 65 2303 <
100 2283 265 2325 prxdixerat
275 2285 356 2314 tertia
363 2285 409 2314 die
418 2285 628 2316 resur-resturum
647 2287 674 2318 se
693 2301 706 2318 :i
718 2299 807 2319 morte
816 2312 824 2325 ,
843 2291 897 2320 dis·
953 2294 1025 2322 rium
1036 2317 1044 2328 ‚
1062 2305 1255 2335 caprarumque
1266 2299 1352 2327 Amos
1360 2297 1499 2334 sycamina
1511 2299 1662 2328 vellentem
1669 2301 1761 2339 elegit

99 2323 185 2360 cipuli
198 2323 270 2352 sui-to
280 2326 388 2354 amoliti
399 2326 512 2356 cadaver
530 2327 655 2357 fallerent
665 2328 800 2369 suspectos
811 2352 818 2359 .
829 2334 896 2361 Ter·
954 2335 984 2362 in
992 2334 1158 2374 Prophetam
1170 2356 1176 2364 .
1189 2337 1224 2365 In
1237 2338 1294 2367 vita
1304 2339 1328 2368 S.
1340 2340 1367 2369 C
1368 2339 1492 2368 ondendi
1503 2339 1642 2369 Anaclior.
1654 2342 1704 2373 JEt
1713 2342 1758 2380 ip-

101 2363 161 2393 tull.
171 2364 290 2395 Advers.
299 2369 386 2396 Gent.
399 2377 455 2407 cap.
468 2379 483 2398 2
492 2379 514 2398 ι.
527 2370 540 2401 ]
558 2371 601 2400 Ac
620 2369 718 2400 clarius
728 2371 802 2401 idem
814 2373 876 2402 alibi
888 2385 894 2403 :
953 2373 1038 2405 semet
1048 2379 1135 2408 Amos
1145 2376 1178 2406 de
1188 2375 1216 2407 se
1226 2388 1249 2407 c.
1261 2389 1288 2413 7.
1307 2379 1343 2410 ita
1360 2379 1451 2410 refert:
1469 2381 1686 2416 [Armentarius
1704 2391 1758 2421 ego

1660 2420 1719 2451 sum
