1866 2526
180 60 259 110 546
516 56 549 98 P
581 55 625 98 R

154 113 289 144 exercitia
299 124 348 153 pro
360 112 450 142 nihilo
461 113 593 143 habebant
603 135 611 147 ‚
633 111 804 153 proindeque
814 110 886 140 nihil
895 121 951 140 ma-

156 155 232 188 nibus
246 153 300 183 suis
309 155 490 194 operabantur
508 166 605 184 contra
625 154 788 183 laudabilem
800 152 955 182 Monaclio-

155 204 218 225 rum
227 195 302 225 usum
321 196 395 224 illius
405 194 495 225 saeculi
507 219 514 229 ,
538 207 586 224 nec
597 196 771 232 jejunabanm
793 195 849 222 iino
860 192 954 222 :iss'ere-

154 237 228 270 bant,
239 236 314 277 quod
323 237 495 266 Sacramenta
507 236 579 265 nihil
589 236 683 276 gratiae
693 234 879 267 conferebant,
889 234 955 263 dum

155 278 284 307 oratione
293 278 502 306 remittebantur
509 283 626 316 peccata,
636 281 662 305 ὃ(
672 276 877 314 expellebantur
887 276 955 304 Dae<

156 319 252 348 monia
265 340 273 351 ,
292 322 319 347 δε
331 319 407 357 quod
417 319 503 347 oculis
512 318 652 356 corporeis
663 316 747 356 pofl'et
759 315 855 344 divina
864 315 955 344 Efl'en-

155 360 195 388 tia
212 360 337 390 'intueris
359 359 531 387 ostentabant
553 358 664 396 insuper
684 367 778 387 eornm
800 356 935 384 insu-iiam
947 377 954 389 ‚

157 401 220 439 quia
230 401 264 429 de
275 409 388 438 repente
401 399 540 432 saltabant,
554 399 584 427 in
594 409 648 438 quo
658 400 716 427 :ic'tu
731 399 831 426 calcare
842 398 954 425 Daemo—

155 442 202 471 nia
213 442 376 477 jactabantur
386 452 393 471 5
413 451 441 468 ac
451 440 554 478 digitos
565 440 599 468 ad
610 440 722 468 modum
731 439 863 468 mittendi
875 436 955 477 sagit-

157 491 195 511 tas
205 481 412 521 configurabant
425 502 432 512 ‚
454 481 492 507 ita
503 481 651 509 Diabolum
671 480 831 519 transl-igere
841 477 955 507 afferen-

156 532 215 553 tes;
235 522 301 551 hinc
311 523 344 550 ob
353 520 510 557 hujusmodi
521 521 701 550 deliramenta
720 520 895 558 Enthufiasta
909 520 955 547 de-

155 565 293 593 nominati
304 561 366 590 sunt
375 581 382 590 .
404 563 469 590 Haec
479 572 567 591 autem
579 562 780 591 Monachorum
791 560 956 589 liaereticalis

156 602 226 633 secra
237 604 265 631 in
277 604 353 636 Syria
364 612 470 630 tantum
481 603 594 633 dilatata
605 603 642 632 est
654 625 661 636 ‚
685 603 750 631 licet
762 602 790 630 in
798 601 955 632 Occidente

155 644 242 682 aliqui
262 642 393 672 Monachi
405 643 486 671 otioli
505 644 543 672 eis
560 642 730 673 inhaererent
743 643 772 671 in
790 653 823 671 eo
833 651 936 670 tantum
947 663 954 674 ,

158 685 234 724 quod
245 684 391 712 afferebant
401 695 459 712 non
468 684 558 713 deberi
570 685 600 712 in
610 685 735 723 operibus
745 684 877 715 exerceri,
889 692 954 710 con-

154 735 275 764 traquos
293 725 329 753 D.
343 725 457 763 August.
468 724 612 763 scripserat
633 726 663 753 in
675 736 706 753 eo
720 725 790 752 libro
801 746 808 757 ,
832 733 911 762 quem
921 723 954 750 de

156 777 240 805 opere
251 765 454 795 Monachorum
464 766 613 804 appellavit
622 786 629 794 .
654 768 742 802 Hujus
754 764 831 793 [εἶξε
842 764 954 793 videtur

157 806 234 836 fuifl‘e
254 805 421 835 Monachum
432 807 509 835 illuni
519 828 527 840 ,
551 808 598 845 qui
609 807 740 835 Abbatem
760 807 912 841 Sylvanum
926 804 952 831 in

154 851 256 879 Monte
266 848 329 876 Sina
341 847 491 881 visitando,
505 848 549 876 nbi
561 847 711 876 Monachos
721 856 866 885 operantes
876 845 954 873 inve—

154 889 200 918 nit
209 910 217 922 ,
228 899 273 917 eos
285 889 500 927 reprehenderat
511 910 519 922 ‚
529 888 672 926 inquiens:
695 894 707 924 [
721 889 811 924 Quare
821 886 952 925 operami«

156 930 187 959 ni
198 927 282 958 escam
293 951 301 963 ,
324 940 383 968 quae
397 930 468 968 perit
481 934 490 959 ?
509 931 594 957 Maria
605 940 695 957 autem
705 930 838 967 optimam
851 937 953 966 partem

155 970 241 1010 elegit
253 994 258 999 .
272 973 307 1000 In
317 971 382 999 vitis
394 971 552 999 Sanctorum
562 972 672 999 Patrum
682 992 689 1002 ,
702 979 769 1008 part.
783 982 808 998 2.
819 979 876 1006 cap.
890 978 902 1002 5
911 969 949 998 2-]

157 1011 220 1046 Quo
232 1011 262 1040 ab
274 1012 375 1041 Abbate
385 1012 528 1040 imeliesto
539 1032 546 1043 ,
567 1010 736 1039 Monachum
748 1010 825 1039 illum
834 1007 953 1038 otiosum

154 1050 365 1089 collocarijuffit
377 1052 407 1079 in
416 1052 492 1085 cella,
503 1052 534 1079 in
545 1061 596 1089 qua
607 1052 649 1080 nil
659 1052 733 1080 aliud
745 1061 844 1089 praeter
855 1049 952 1078 librum

156 1093 355 1132 reperiebatur-5
376 1091 422 1121 sed
435 1103 494 1121 cum
506 1095 558 1126 jam
570 1092 637 1120 hora
647 1093 757 1130 prandii
768 1091 865 1120 adelset
878 1112 885 1123 ,
909 1090 954 1118 ad-

157 1144 229 1166 vena
239 1134 287 1162 ille
305 1134 394 1162 toedio
404 1136 458 1169 jam
471 1155 478 1167 ,
496 1144 523 1161 ac
537 1133 723 1162 iameaffeeius
738 1155 745 1166 ,
764 1134 859 1161 crebro
871 1130 956 1170 respi-

159 1174 247 1203 ciebat
257 1196 264 1207 ,
276 1185 311 1203 an
321 1175 350 1203 ab
360 1176 453 1213 aliquo
463 1175 495 1203 ad
505 1174 704 1203 comedendum
716 1183 860 1202 vocaretur
872 1183 877 1203 ς
893 1183 953 1200 tan-

156 1215 220 1244 dem
231 1215 377 1254 impatiens
390 1241 395 1246 ,
415 1216 548 1244 Abbatem
560 1215 650 1244 adivit
662 1237 669 1247 ,
692 1219 719 1243 &
729 1225 790 1243 eum
802 1215 957 1252 interroga-

157 1256 201 1285 vit
214 1277 221 1288 ‚
232 1265 322 1284 utrum
333 1255 466 1285 Monachi
475 1255 651 1284 comedifl‘ent
664 1278 671 1288 ,
694 1256 810 1283 cuicum
823 1255 909 1284 Abbas
918 1253 955 1282 af-

158 1296 295 1326 firmative
315 1295 494 1335 responderet
504 1318 512 1329 ,
531 1297 621 1334 inquit
642 1295 792 1324 Monachus
806 1318 813 1328 ,
832 1305 913 1333 quare
923 1295 956 1323 ad

155 1337 358 1366 comedendum
376 1348 433 1365 non
444 1348 487 1365 me
507 1348 604 1365 vocare
612 1336 707 1374 jussisti
718 1340 728 1365 ?
748 1337 884 1371 Sylvanus
903 1334 956 1363 res-

157 1379 258 1417 pondit
267 1400 273 1410 ,
295 1378 357 1416 quia
368 1387 396 1406 tu
408 1388 468 1405 cum
477 1377 626 1415 spiritualis
637 1378 667 1406 fis
678 1399 686 1410 ,
705 1381 731 1405 ὃ(
742 1378 877 1414 optimam
897 1387 954 1414 par-

156 1428 213 1447 tem
236 1419 287 1447 tibi
298 1419 412 1457 elegeris
425 1440 431 1449 ,
450 1419 516 1446 cibis
535 1419 651 1456 proinde
670 1428 727 1446 non
747 1418 854 1456 indiges
865 1440 871 1450 ,
890 1417 957 1446 sicut

157 1470 209 1488 nos
218 1481 226 1493 ‚
247 1460 294 1498 qui
305 1459 425 1487 carnales
434 1459 524 1487 sumus
536 1481 543 1491 ,
563 1462 590 1486 δε
602 1459 664 1487 ideo
675 1459 797 1486 inanibus
809 1459 907 1486 nostris
919 1459 957 1486 la-

158 1501 282 1529 boramus
294 1521 300 1527 .
311 1501 401 1536 Quare
413 1499 579 1527 verecundia
588 1498 713 1528 confusus
723 1498 849 1527 sectarius
861 1500 955 1527 Mona-

157 1540 223 1569 chus
235 1562 242 1573 ,
260 1540 301 1568 sui
311 1540 410 1568 erroris
422 1540 591 1578 poenitentia
611 1541 721 1575 ductus,
741 1541 849 1568 veniam
861 1540 890 1567 ab
901 1540 956 1568 Ab-

157 1583 217 1610 bate
227 1581 378 1620 postulavit
389 1602 396 1613 ,
419 1581 460 1608 cui
472 1580 614 1618 respondit
626 1581 776 1615 sylvanus:
799 1584 873 1619 Ergo
885 1582 955 1608 Mar-

156 1622 206 1651 tha
215 1621 403 1651 estrneceiihria
414 1642 420 1648 .
435 1622 511 1649 Diffi
523 1622 608 1649 etiam
618 1621 691 1649 suere
704 1621 885 1658 Adelphiaaz,
900 1626 957 1649 Eu-

157 1664 237 1692 cheta
251 1684 257 1690 .
268 1663 406 1701 Psallzani
417 1682 423 1690 .
434 1663 603 1690 sathamam·
614 1682 622 1689 .
644 1663 688 1690 Dc
700 1662 794 1699 quibus
803 1662 894 1700 aliqua
903 1659 956 1690 suis

157 1704 224 1732 locis
233 1724 241 1732 .

115 1746 313 1775 Pincia-romi
328 1766 335 1777 ,
345 1747 372 1773 δε
381 1746 550 1772 Precaturia
560 1764 567 1771 .
579 1743 653 1772 Vide
664 1745 794 1772 Praemia
803 1763 810 1770 .

115 1782 300 1816 Parisiorum
312 1785 447 1815 Sacerdos,
460 1795 493 1812 ex
503 1794 593 1822 graeco
606 1795 666 1812 voc.
678 1779 859 1822 πρεσβύτερος
882 1783 956 1821 quod

157 1826 303 1855 Seniorem
315 1825 449 1865 fignificat
460 1845 467 1852 .
481 1827 537 1853 PR.
557 1827 668 1860 [Porro
680 1824 769 1859 Moyli
779 1823 936 1861 praempimr
947 1845 955 1857 ‚

157 1876 188 1895 nt
199 1867 283 1905 eligat
300 1867 475 1902 Presbyteros
487 1888 494 1897 ‚
517 1865 602 1898 idest,
620 1864 740 1893 seniores
751 1886 758 1896 ,
780 1875 840 1893 can.
853 1875 936 1903 porro
948 1887 955 1897 ,

156 1907 219 1935 dist.
233 1908 300 1942 84.]
321 1908 546 1941 presbyterorum
558 1906 643 1935 enim>
655 1915 759 1933 nomen
769 1915 932 1944 quamquam
941 1915 955 1932 a

155 1946 295 1976 senectute
305 1947 337 1976 fit
352 1947 490 1985 sumptum
502 1957 508 1977 ;
521 1947 608 1985 magis
619 1956 709 1974 tamen
720 1955 904 1974 maturitatem
915 1947 955 1973 in-

156 1988 229 2016 dicat
238 1987 378 2027 sapientiae
389 2011 395 2021 ‚
413 1999 494 2026 quam
505 1997 627 2025 corporis
647 1986 780 2015 canitiem
791 2008 799 2020 ,
817 1997 874 2014 can.
886 1985 956 2024 quis.

1300 56 1407 100 PR

1009 110 1098 150 scopis
1109 111 1251 151 loquutum
1270 113 1345 143 fuiss‘e
1354 113 1519 154 Apostolum
1530 114 1693 155 intelligunt
1702 139 1712 151 ‚
1733 119 1809 159 quod

1011 164 1045 182 ex
1056 152 1228 191 sequentibus
1244 156 1301 190 ejus
1312 157 1400 185 verbis
1408 156 1551 195 colligitur
1562 168 1570 188 ς
1595 167 1658 185 nam
1666 155 1788 197 sequitur
1798 183 1808 194 ,

1012 194 1141 232 inquiens
1153 205 1158 221 :
1184 195 1331 232 [Oportet
1353 196 1519 235 Episcopum
1540 198 1808 236 irreprehensibilem

1009 234 1060 263 effe
1073 247 1078 262 :
1093 237 1104 266 ]
1117 245 1145 263 ac
1155 235 1252 263 clarius
1262 236 1292 264 id
1299 237 1479 266 confirmatur
1488 249 1520 267 ex
1531 240 1620 268 verbis
1631 240 1724 273 Petri,
1733 252 1807 280 epa..

1011 275 1055 304 ubi
1067 276 1104 304 ait
1115 287 1121 303 :
1135 281 1146 310 [
1160 276 1321 310 Pesbyteros
1334 278 1362 306 in
1373 279 1450 307 vobis
1459 288 1556 316 precor
1567 281 1780 317 compresbyter.
1792 284 1805 314 ]

1011 317 1055 345 De
1066 327 1118 354 qua
1139 327 1166 344 re
1177 316 1279 344 dictum
1287 316 1350 346 satis
1362 318 1413 346 fuit
1430 319 1462 347 in
1471 319 1536 348 dist.
1555 321 1684 358 Da'oecesis
1695 342 1702 348 .
1718 323 1745 351 Si
1755 333 1808 351 no—
1837 328 1851 336 ³

1013 367 1062 385 vus
1072 358 1102 384 in
1114 357 1279 386 Pontificem
1293 359 1394 387 eiectus
1403 360 1587 389 Sacerdotium
1596 360 1730 401 suscipere
1741 373 1807 391 con-

1014 397 1110 436 tigerit
1122 419 1128 429 ‚
1150 397 1188 425 ait
1199 397 1427 438 Chrystopliorus
1444 399 1591 439 Episcopus
1601 402 1631 430 in
1648 405 1702 438 ejus
1712 404 1808 432 Caere-

1013 438 1217 477 moniali,quod
1228 442 1297 477 Papa
1308 441 1341 468 ad
1352 440 1501 469 Sicci-dorii
1510 442 1685 472 ordinatione
1696 445 1807 477 amictu,

1013 479 1069 508 alba
1078 501 1085 512 ‚
1097 480 1210 518 cingulo
1222 503 1228 513 ,
1240 481 1383 519 manipulo
1394 503 1400 513 ,
1413 481 1479 510 stola
1488 481 1625 510 diaconali
1634 484 1754 517 indutus,
1767 494 1808 513 :it-

1013 531 1065 558 que
1076 520 1188 558 pluviali
1210 522 1243 550 ad
1253 522 1355 550 collum
1365 522 1476 550 fibulato
1487 523 1653 560 comparebit
1662 546 1670 557 ,
1691 524 1738 553 sed
1748 526 1808 563 post

1013 571 1122 599 tergum
1135 561 1266 591 involuto
1277 584 1284 596 ,
1296 562 1428 601 mitraque
1438 563 1523 591 tet‘ius
1533 563 1562 590 in
1570 564 1676 601 capite,
1685 566 1809 603 quidum

1012 611 1156 629 cantantur
1168 602 1272 632 litaniae
1286 625 1292 636 ,
1311 605 1469 642 genuflexus
1479 604 1511 632 ad
1526 602 1705 634 faldistorium
1716 616 1810 635 mane-

1013 643 1053 670 bit
1062 665 1068 675 ,
1079 652 1160 680 atque
1172 643 1322 682 Episcopus
1333 645 1462 672 ordinans
1472 645 1503 673 ad
1512 644 1655 674 scabellum
1666 646 1696 674 in
1705 647 1808 676 finistra

1013 693 1087 721 parte
1098 684 1263 714 collocatum
1281 696 1342 713 cuni
1355 686 1436 713 mitra
1458 686 1487 714 in
1497 686 1585 723 capite
1595 707 1603 717 ‚
1625 695 1655 714 ut
1665 687 1699 715 ad
1708 687 1810 716 stabili-

1014 733 1072 752 tum
1084 734 1188 761 tempus
1199 725 1291 754 solitas
1302 726 1507 754 benedictiones
1518 726 1596 764 super
1607 727 1732 756 Electum
1744 739 1810 756 con-

1013 764 1080 793 ferat
1090 785 1096 792 .
1108 766 1178 803 Papa
1189 777 1278 795 autem
1289 776 1413 805 tempore
1425 788 1431 798 ,
1454 777 1509 804 quo
1518 777 1647 796 manuum
1658 769 1811 806 impositio-

1013 816 1077 833 nem
1090 804 1258 845 suscepturus
1269 808 1306 836 est
1317 830 1324 840 ‚
1336 809 1366 836 in
1377 811 1433 843 ejus
1443 807 1545 835 throno
1554 807 1656 836 sedebit
1665 819 1753 846 capite
1763 809 1809 837 de-

1013 848 1104 876 ted03
1126 850 1151 875 ὅ(
1164 849 1293 876 accedens
1303 847 1449 887 Episcopus
1460 859 1521 877 cum
1532 850 1613 877 mitra
1624 860 1653 876 in
1661 850 1750 887 capite
1762 850 1811 877 im-

1014 896 1099 925 ponet
1112 898 1205 916 manus
1214 888 1294 926 super
1305 899 1384 926 caput
1394 892 1449 925 ejus
1461 910 1468 921 ,
1490 900 1518 917 ac
1530 890 1604 918 idem
1616 889 1647 918 fit
1657 890 1690 918 ab
1700 889 1812 928 Episco-

1013 928 1053 966 pis
1064 950 1071 961 ,
1094 928 1313 967 Presbyter-sque
1326 929 1517 958 Cardinalibus
1528 931 1671 959 astantibus
1682 953 1689 964 ‚
1713 941 1759 969 qui
1771 941 1809 958 ta-

1012 978 1076 996 men
1090 970 1177 1007 capite
1198 970 1307 998 deiecto
1320 970 1346 998 id
1360 970 1460 998 faciant
1473 992 1478 997 .
1499 971 1600 1009 Capite
1609 972 1810 1000 etiamdetefio

1010 1011 1082 1048 Papa
1091 1008 1184 1038 sedens
1196 1011 1248 1039 erit
1259 1032 1266 1043 ,
1279 1011 1388 1049 quando
1399 1010 1513 1048 pluviali
1525 1011 1635 1040 exuitur
1644 1033 1651 1045 ,
1666 1016 1693 1040 δ(
1705 1013 1734 1040 ab
1744 1014 1811 1051 Epi-

1012 1049 1094 1088 scopo
1107 1052 1219 1079 mitram
1229 1062 1343 1090 gerente
1355 1051 1486 1082 habitibus
1497 1051 1705 1080 sacerdotalibus
1720 1053 1812 1082 indui-

1016 1101 1078 1122 tur3
1099 1091 1146 1120 sed.
1156 1093 1266 1130 quando
1277 1092 1426 1120 chrismate
1436 1103 1528 1121 manus
1539 1095 1596 1129 ejus
1607 1093 1741 1123 linientur
1751 1116 1759 1127 ‚
1782 1098 1810 1123 δε

1014 1132 1044 1160 in
1056 1134 1126 1161 rac'iu
1137 1133 1226 1161 calicis
1235 1144 1295 1161 cum
1308 1133 1375 1162 vino
1385 1155 1392 1165 ,
1405 1144 1433 1161 ac
1444 1143 1548 1172 patenae
1562 1144 1622 1162 cum
1633 1133 1730 1167 hostia,
1741 1137 1811 1173 Papa

1015 1172 1120 1202 sedebit
1136 1196 1144 1207 ,
1161 1177 1187 1201 ἃ
1198 1175 1306 1202 mitram
1318 1173 1426 1203 habebit
1436 1175 1465 1202 in
1477 1175 1568 1212 capite
1580 1196 1586 1206 ‚
1606 1175 1641 1203 fic
1650 1175 1735 1204 etiam
1745 1175 1811 1214 Epi-

1014 1212 1109 1252 scopus
1121 1215 1251 1243 ordinans
1263 1237 1270 1248 ‚
1283 1216 1329 1253 qui
1339 1215 1368 1243 in
1378 1214 1420 1242 his
1431 1216 1529 1244 aftibus
1540 1216 1643 1244 erestus
1653 1216 1705 1244 erit
1717 1227 1726 1247 ς
1739 1226 1768 1244 ac
1779 1217 1813 1245 fi-

1016 1255 1120 1283 militer
1132 1255 1254 1293 erigetur
1266 1277 1273 1287 ‚
1287 1259 1314 1284 ὅ(
1325 1256 1380 1284 sine
1389 1257 1470 1284 mitra
1482 1257 1511 1284 in
1522 1255 1678 1285 Ost'ertorio
1687 1267 1701 1284 a
1713 1258 1812 1285 Ponti-

1014 1296 1065 1324 fice
1074 1294 1187 1324 sedente
1199 1318 1206 1328 ‚
1218 1296 1369 1324 &mitrato
1382 1317 1389 1328 ,
1402 1297 1553 1325 oblationes
1565 1298 1737 1325 candelarum
1747 1319 1754 1330 ,
1766 1308 1811 1335 pa-

1015 1336 1057 1363 nis
1068 1357 1074 1367 ‚
1086 1339 1113 1364 &
1128 1336 1188 1364 vini
1201 1337 1315 1374 recipiet
1325 1358 1334 1369 ‚
1346 1336 1473 1374 illiusque
1483 1347 1575 1364 manus
1587 1336 1748 1365 osculabitur
1758 1359 1764 1365 .
1777 1342 1811 1366 E-

1014 1377 1096 1404 Ιεᾶιις
1107 1377 1198 1414 posteri
1209 1377 1277 1405 stans
1289 1378 1316 1404 in
1326 1387 1412 1404 cornu
1422 1378 1545 1414 epistolae
1557 1387 1608 1405 una
1618 1387 1679 1405 curn
1698 1379 1811 1416 Episco-

1014 1427 1049 1455 po
1060 1416 1143 1445 Mifl'ae
1164 1417 1376 1446 celebrationem
1389 1416 1562 1456 prosequitur
1572 1428 1634 1446 cum
1650 1419 1731 1446 unius
1741 1421 1812 1447 Car-

1014 1458 1115 1486 dinalis
1124 1457 1271 1485 assistentia
1281 1479 1289 1490 ‚
1310 1461 1337 1486 a&
1350 1457 1379 1485 in
1389 1458 1484 1486 eodem
1496 1459 1557 1486 loco
1569 1456 1615 1487 sub
1625 1469 1739 1497 utraque
1750 1458 1809 1498 spe-

1012 1498 1053 1526 cie
1062 1499 1286 1526 communionem
1296 1496 1405 1526 assiimet
1416 1518 1422 1525 .
1435 1498 1499 1527 Post
1511 1500 1734 1527 communionem
1745 1510 1812 1531 vero

1014 1541 1084 1576 Papa
1105 1539 1138 1567 :id
1149 1538 1282 1567 thronum
1294 1538 1393 1566 redibit
1407 1561 1413 1571 ,
1434 1550 1462 1566 :ic
1473 1537 1580 1566 sedenti
1600 1538 1748 1578 Episcopus
1758 1550 1812 1571 ma-

1011 1589 1060 1607 iius
1081 1578 1161 1618 super
1169 1589 1249 1617 caput
1261 1601 1268 1612 ‚
1291 1579 1322 1607 ad
1334 1579 1374 1607 illi
1388 1580 1504 1608 dandam
1523 1578 1634 1607 solitam
1651 1581 1814 1611 remittendi

1013 1630 1118 1657 peccata
1129 1622 1300 1658 potestatem,
1313 1620 1432 1658 imponit
1444 1633 1454 1654 ,-
1467 1625 1494 1650 &
1505 1619 1557 1648 hoc
1568 1622 1675 1658 peraeto
1685 1630 1740 1649 tam
1750 1623 1813 1661 Epi-

1012 1659 1108 1698 scopus
1118 1661 1248 1689 ordinans
1260 1683 1268 1694 ,
1289 1671 1369 1699 quam
1379 1662 1462 1690 etiam
1473 1661 1636 1690 cardinales
1647 1671 1743 1690 omnes
1755 1684 1762 1694 ,
1785 1667 1813 1692 δε

1013 1700 1162 1729 affistcntes
1171 1702 1282 1730 Praelati
1294 1702 1326 1730 ad
1338 1700 1458 1730 osculum
1471 1701 1548 1740 pedis
1578 1711 1682 1734 manus,
1694 1706 1721 1730 ἃ
1732 1713 1810 1741 geme

1012 1742 1158 1770 Pontii-'icis
1168 1742 1348 1770 admittuntur
1359 1764 1367 1774 ‚
1387 1743 1432 1781 qui
1443 1742 1568 1771 omnibus
1580 1741 1813 1772 circumstantibus

1011 1781 1162 1811 solemnem
1180 1783 1400 1811 bciiediftioiicm
1412 1783 1486 1811 dabit
1496 1802 1503 1809 .
1524 1786 1559 1810 Et
1571 1782 1682 1810 tandem
1703 1783 1813 1821 Episco-

1012 1832 1060 1860 pus
1071 1823 1216 1851 conferens
1225 1845 1232 1856 ,
1244 1823 1459 1861 praecedentibus
1469 1823 1553 1851 tribus
1564 1822 1813 1861 genuflexionibus,

1012 1863 1187 1902 totidemque
1205 1864 1442 1893 acclamationibus
1459 1863 1633 1901 (inquiens)
1652 1863 1698 1892 Ad
1710 1865 1814 1893 multos

1012 1914 1098 1932 annos
1109 1926 1116 1937 ‚
1129 1905 1160 1933 ad
1170 1903 1292 1933 osculum
1306 1904 1384 1933 faciei
1394 1904 1539 1932 Pontificis
1549 1904 1706 1932 admittitur
1718 1925 1724 1931 .
1737 1907 1814 1934 Pres-

1014 1945 1105 1980 byteri
1115 1944 1272 1980 synonyma
1285 1966 1291 1972 .
1315 1945 1490 1981 VideJndex
1500 1967 1508 1978 ‚
1532 1945 1657 1973 Sacerdos
1670 1966 1678 1977 ,
1691 1950 1814 1974 sacroco-

1012 1986 1041 2013 la
1052 2007 1060 2018 ‚
1080 1989 1172 2014 Senior
1184 2006 1190 2013 .

157 2029 218 2067 quis
227 2050 235 2062 ,
245 2028 308 2057 dist.
322 2030 416 2063 84:11:
437 2029 605 2064 [Presbyter
613 2038 702 2056 antem
714 2038 770 2055 non
783 2027 813 2055 ab
823 2036 902 2055 aetate
913 2027 955 2055 di·
971 2027 1161 2055 pensurum
1171 2047 1178 2054 .
1192 2027 1249 2055 FR.
1261 2026 1295 2055 fic
1304 2026 1486 2064 appellabatur
1497 2026 1587 2054 Vidua
1598 2025 1627 2053 in
1634 2024 1758 2054 castitate
1769 2026 1817 2054 de-

157 2070 244 2100 citur5
256 2068 303 2103 sed
313 2079 326 2097 a
336 2068 481 2107 prudentia
491 2089 498 2097 .
519 2071 670 2097 Innocent.
680 2069 738 2097 111.
750 2068 784 2096 de
795 2067 875 2103 myst.
888 2066 955 2095 missi

158 2119 215 2147 cap.
227 2112 278 2147 3.]
301 2110 486 2139 Tertullianus
510 2120 578 2138 vero
594 2109 741 2147 aliquando
758 2108 811 2136 hoc
824 2108 956 2137 vocabulo

157 2149 276 2178 abutitur
295 2151 328 2178 :id
347 2150 537 2179 denotandum
555 2150 677 2187 corporis
698 2148 790 2177 senem
800 2171 808 2181 ,
831 2149 865 2177 fic
879 2149 956 2177 enim

157 2189 349 2222 desenioribus
368 2191 547 2229 Apocalypsis
557 2201 656 2229 agens,
678 2189 768 2228 inquit
782 2201 787 2217 z
811 2188 958 2224 [Protose.

160 2230 228 2262 dent
239 2231 393 2265 Presbyteri
405 2230 530 2259 coronati
543 2253 551 2264 ‚
563 2233 597 2259 de
608 2233 717 2260 Coron.
727 2230 809 2258 milit.
821 2240 878 2268 cap.
887 2241 895 2258 1
905 2240 930 2265 ς,
943 2232 955 2262 ]

157 2271 320 2310 Aliquando
332 2270 494 2310 Episcopum
505 2272 642 2310 fignificat
652 2293 660 2304 ‚
675 2271 742 2300 ficut
753 2270 865 2299 habetur
877 2270 906 2299 in
915 2281 956 2309 ep.

158 2311 196 2340 D.
207 2312 283 2340 Pauli
293 2312 326 2340 :id
336 2314 430 2340 Titum
440 2334 447 2344 ,
459 2323 555 2350 nempe
569 2319 581 2348 [
593 2313 637 2341 Ut
649 2312 796 2340 constituas
806 2322 855 2350 per
865 2311 956 2350 lingu-

159 2352 197 2380 las
217 2352 354 2381 Civitates
365 2353 539 2387 Presbyteros
551 2374 558 2384 ‚
577 2353 641 2381 ficut
662 2363 715 2391 ego
734 2352 851 2390 praeeepi
862 2352 912 2380 tibi
925 2372 931 2378 .
943 2354 954 2383 ]

160 2393 207 2427 ubi
215 2393 304 2424 sarneii
315 2395 408 2429 Patres
417 2394 611 2432 Hieronymus
621 2415 629 2427 ,
641 2396 670 2422 ὃ(
680 2392 837 2423 Ambrosius
847 2393 881 2421 de
891 2393 955 2431 Epi-

1012 2076 1080 2105 gens
1093 2067 1176 2095 vitam
1188 2088 1195 2098 ‚
1207 2069 1234 2094 &
1245 2069 1332 2099 Anus,
1344 2077 1424 2105 atque
1435 2068 1519 2096 Uxor
1530 2066 1677 2094 Sicerdotis
1687 2076 1749 2095 ante
1759 2069 1816 2102 ejus

1012 2107 1234 2139 ordinationem,
1246 2117 1305 2145 quae
1317 2107 1377 2145 post
1391 2109 1483 2135 Mariti
1494 2105 1632 2145 susceptos
1641 2106 1729 2134 sacros
1739 2107 1815 2135 ordi-

1013 2158 1059 2175 nes
1070 2147 1191 2185 separate
1214 2147 1245 2176 ab
1257 2159 1289 2177 eo
1302 2148 1413 2176 vivebat
1426 2168 1432 2175 .
1455 2150 1554 2176 Baron.
1566 2158 1610 2175 an.
1623 2157 1671 2184 34·
1682 2158 1708 2174 n.
1722 2151 1789 2183 289.
1801 2158 1815 2175 a

1014 2189 1120 2217 Graecis
1139 2186 1283 2219 7tu7rx<5⁸icc¹
1291 2198 1463 2227 nuncupatur
1473 2208 1481 2215 .
1503 2190 1543 2222 .·ΙΙ.·
1553 2188 1697 2216 Interdum
1707 2190 1814 2216 Matro-

1015 2239 1062 2257 nas
1072 2229 1206 2267 significat
1218 2251 1225 2261 ,
1244 2229 1339 2267 quibus
1349 2229 1475 2258 Ecclefiae
1487 2238 1549 2256 cura
1559 2226 1693 2266 spectabat
1704 2239 1710 2255 :
1733 2237 1814 2264 quare

1013 2268 1173 2307 Theopliyl.
1183 2268 1265 2308 super
1276 2270 1323 2298 illa
1337 2270 1416 2298 verba
1426 2268 1527 2298 Matth.
1540 2278 1596 2306 cap.
1614 2272 1660 2296 10.'
1680 2267 1758 2305 [7qu
1770 2277 1815 2294 re-

1013 2310 1126 2348 liquerit
1137 2320 1242 2347 patrem
1255 2333 1262 2343 ,
1273 2320 1317 2338 aut
1327 2320 1442 2338 matrem
1455 2312 1467 2340 ]
1480 2310 1518 2338 ita
1527 2308 1637 2337 scribit:
1652 2313 1664 2341 [
1676 2307 1812 2336 Habemus

1014 2360 1065 2389 pro
1085 2361 1161 2388 patre
1171 2352 1348 2387 presbyteros
1358 2372 1366 2383 ,
1389 2361 1440 2389 pro
1452 2359 1537 2379 matre
1554 2347 1724 2381 Presbyteras
1737 2367 1744 2378 ,
1767 2345 1812 2376 scu

1013 2393 1102 2426 anus]
1122 2394 1157 2423 Et
1166 2390 1322 2428 hujusmodi
1331 2395 1468 2431 Matronae
1489 2387 1619 2421 alstinis
1638 2390 1811 2455 Marrigqrtae-

1749 2437 1769 2454 2-
