1866 2526
456 41 557 85 AS
1230 40 1331 83 AS
1619 45 1670 96 89

59 107 200 138 Aspauia,
221 102 344 132 Albium
365 110 458 141 gtaece
479 99 575 138 ἄωρον
595 97 668 128 unde
689 99 811 137 Asprum
836 108 886 127 ve·
901 96 1610 143 AssisnuusinMiffi2VideMin1strtA11aris
1624 123 1632 130 .

94 149 258 184 jumentum
286 142 378 171 album
403 141 558 181 fignificat.
580 141 616 169 In
644 140 754 169 Graecia
776 148 888 168 moneta
902 140 1056 168 Assisius.
1079 138 1346 169 FR-Beneficiatus.
1370 141 1382 171 ]
1403 137 1536 168 Absentes
1554 140 1722 174 canonicos,

99 186 224 225 quaedam
235 184 356 221 Asprum
365 183 467 211 dicitur
476 191 591 220 propter
601 180 709 219 argenti
719 180 886 213 albedinem,

100 227 176 266 quod
187 234 290 255 nomen
300 223 371 262 apud
381 226 482 252 'turcas
501 221 586 250 hodie
596 221 725 250 renianfit
736 242 744 253 ‚
766 221 888 260 :equiva-

101 268 194 306 letque
204 274 323 296 monetae
337 262 457 293 Etruscae
468 284 477 296 ‚
500 273 561 301 quae
578 265 677 304 gratja
701 271 815 290 vocatur
827 282 835 305 ,-
857 260 886 289 id

100 308 158 340 ests
180 307 226 336 sex
236 309 336 336 Romae
346 304 509 343 quadrantes
521 324 527 331 .
553 309 565 338 [
577 302 664 331 Dedit
675 302 700 330 ei
719 312 752 330 ex
765 304 885 341 vestiga-

102 349 170 377 libus
201 345 332 376 frumenti
363 343 503 382 asprorum
537 342 738 381 quinquaginta
767 343 855 371 millia
877 362 884 370 .

101 388 221 418 Phranz.
239 388 286 417 lib.
296 397 323 425 3.
343 395 402 423 cap.
415 396 461 421 29·
481 386 538 413 PR.
550 386 634 412 Penes
652 383 765 412 Latinos
775 384 863 420 Asper
875 404 883 415 ,

100 433 129 458 ὅ(
139 431 260 467 Asprum
271 426 410 458 dicebatur
420 446 427 452 .
450 424 569 454 Perlius:

100 483 316 491 ----,---ψ--·--ἢ
341 466 417 502 Quid
427 465 503 504 asper
513 464 582 493 utile
598 473 723 492 nummus
731 463 811 492 habet
822 468 832 493 ?

100 511 136 537 Et
149 504 294 537 Suetonius
314 508 343 535 in
355 508 470 535 Nerone
483 517 490 533 .·
515 505 689 543 [Exigitque
707 504 820 543 ingenti
843 503 882 532 sa-

100 548 184 577 stidio
195 570 202 581 ‚
213 551 240 576 δ(
251 547 397 576 acerbitate
407 555 548 575 nummum
557 544 663 583 asprum
675 546 704 575 .]
719 546 753 574 In
766 554 821 582 quo
832 554 882 573 vo-

99 589 194 617 cabulo
219 589 370 624 calepinus
397 588 543 616 denormat
554 607 563 618 ‚
585 585 712 624 inquiens
724 597 730 614 :
757 592 768 621 [
792 585 880 623 Asper

99 639 224 658 nummus
232 628 286 656 dici
297 638 406 666 putatur
415 629 461 665 qui
471 635 596 656 recenter
604 624 679 654 cusus
690 647 698 658 ,
708 624 882 665 signatusque

101 669 140 697 est
150 692 158 703 ‚
181 669 256 708 quod
266 667 416 706 plusculum
425 667 576 706 asperitatis
586 665 681 695 habeat
692 688 700 699 ,
723 677 804 705 quam
814 667 863 695 illc
873 688 881 699 ,

99 710 147 747 qui
158 714 210 746 jam
220 709 341 737 manibus
351 709 434 736 tritus
443 709 504 739 est]
525 711 571 737 An
582 718 638 736 non
648 708 838 736 manifestetur
847 717 880 735 ex

99 751 192 779 Periio
203 750 281 786 supra
289 749 375 776 vilem
389 758 532 777 nummum
543 746 635 776 suiss'e?
658 751 685 776 &
695 758 729 776 ex
737 747 880 780 Suetonio,

941 183 969 208 &
983 178 1093 209 Affifios
1112 190 1224 208 revoces
1235 179 1269 208 ad
1288 179 1460 209 residendum
1481 180 1510 208 in
1520 181 1637 210 Ecclesia
1647 201 1654 208 .
1677 182 1724 209 De

941 220 1115 253 praebendis,
1137 224 1166 249 δι
1182 220 1286 259 dignit.
1306 230 1364 259 cap.
1383 230 1445 249 cum
1463 220 1580 254 adhoc,
1600 222 1634 250 de
1644 221 1724 251 cler.

941 271 999 289 non
1011 260 1185 289 relidentibus
1194 281 1201 288 .
1221 263 1234 292 ]
1258 261 1318 290 Ubi
1329 261 1415 290 Giofli
1439 267 1452 296 [
1465 260 1576 291 Affifios
1588 272 1670 291 vocat
1680 262 1725 292 be-

941 300 1082 330 neficiatos
1104 305 1157 330 &c.
1167 301 1309 331 Dicuntur
1327 300 1419 331 Affifii
1428 323 1436 334 ,
1460 303 1533 340 quali
1556 301 1669 332 affidui:
1693 303 1725 330 in

940 341 1034 370 multis
1043 342 1166 371 Ecclefiis
1174 340 1236 371 sunt
1248 342 1337 381 plures
1347 342 1414 371 tales
1424 363 1432 375 ,
1442 343 1489 382 qui
1499 343 1675 372 mansionarii
1684 343 1727 371 di-

939 392 1039 412 cuntur
1048 402 1056 410 .
1071 385 1084 415 ]
1109 386 1144 411 Et
1155 383 1296 412 Antonius
1306 382 1466 412 Nebriscen.
1476 383 1505 411 in
1514 383 1561 413 suo
1573 384 1725 414 vocabula-

941 423 984 451 rio
994 443 1000 450 .
1024 422 1140 458 [Affifii
1151 424 1278 452 dicuntur
1289 424 1374 463 vulgo
1385 424 1564 453 Manfionarii
1574 447 1581 458 ‚
1604 435 1638 454 eo
1648 424 1725 464 quod

939 463 1040 492 affidue
1058 463 1216 493 ministrent
1239 464 1364 494 Ecclesiae
1376 486 1384 498 ,
1406 464 1469 493 sunt
1497 465 1652 495 beneficiati
1663 488 1671 499 ‚
1694 469 1724 494 &

938 514 996 532 non
1022 504 1162 533 Canonici
1172 525 1179 533 .
1203 508 1215 537 ]
1241 506 1314 534 Hoc?
1333 505 1456 534 officium
1479 507 1626 536 Canonico
1645 506 1726 536 Alta-

938 545 1010 573 rari'o
1020 566 1028 577 ‚
1040 545 1084 573 vel
1094 545 1234 574 Altaristae
1247 546 1276 573 iti
1286 545 1394 575 Bafilica
1405 546 1540 576 Vaticana
1551 559 1565 576 a
1575 548 1658 577 Sixto
1668 548 1724 576 1v.

939 585 1099 614 translatum
1116 585 1168 614 suit
1178 607 1187 619 ‚
1209 586 1257 624 qui
1270 586 1344 614 inter
1365 587 1430 615 alias
1439 587 1625 626 obligationes
1637 610 1645 621 ,
1669 588 1723 616 fin-

937 626 1009 664 gnlis
1019 626 1111 654 diebus
1122 647 1130 658 ,
1145 626 1189 655 vel
1199 625 1295 654 saltem
1305 627 1424 665 qualibet
1433 626 1603 658 hebdomada
1615 628 1726 657 visitare

938 665 1047 695 Altaria
1055 665 1176 702 eyusdem
1188 666 1306 695 Bafilicae
1316 676 1424 696 tenetur
1433 689 1441 700 ‚
1463 677 1494 696 ut
1515 679 1548 698 ex
1558 670 1635 698 Bulla
1655 668 1724 705 ejus-

936 707 1000 735 dem
1018 706 1162 736 Pontificis
1179 707 1250 745 apud
1258 709 1421 747 Tocrigium
1444 709 1478 737 de
1494 710 1613 749 cryptis
1631 709 1723 738 Vatic-

936 745 1058 785 impress.
1066 746 1183 776 secunda
1193 758 1254 787 pag.
1266 759 1278 783 5
1286 760 1332 784 29.
1342 759 1454 787 apparet
1464 769 1472 777 .

99 791 173 830 quod
184 789 291 818 fastidio
312 789 439 828 ingenti,
461 794 489 818 ὅ(
506 788 651 817 acerbitate
670 789 812 827 nequierat
834 788 881 816 ille
896 791 1102 818 Assuiiexrtm
1114 810 1122 821 ,
1141 789 1266 825 junctura
1276 798 1360 827 panni
1372 812 1378 822 ‚
1400 789 1447 817 seu
1455 789 1568 818 alterius
1586 789 1693 818 textilis
1713 813 1722 823 ,

53 837 69 846 ·
98 832 181 860 alium
211 839 372 863 nummum,
393 840 475 869 quam
502 829 588 858 vilem
615 828 722 868 asprum
749 830 881 868 exigere?

941 839 1000 867 quae
1011 829 1040 857 iri
1048 829 1222 858 additionem
1231 829 1342 866 alicujus
1352 830 1432 859 vestis
1441 828 1599 859 consuitur:
1614 833 1723 866 [Nemo

98 872 186 908 Asper
194 870 278 909 igitui-
288 880 414 899 nummus
422 870 486 899 ideo
497 871 532 899 fic
550 870 652 899 dicitur
662 892 670 903 ‚
681 870 744 909 quia
752 881 784 899 ex
796 869 882 899 Thra·
915 871 926 884 '¹
936 869 1113 898 ass'umentum
1132 870 1218 908 panni
1236 870 1310 898 rudis
1326 870 1402 899 ass'uit
1425 871 1593 900 vestimento
1603 872 1693 901 veteri
1713 892 1723 900 .

97 911 254 940 ciaincusus
264 912 445 950 proveniebat
457 933 464 944 ‚
486 911 580 940 Graeci
602 912 677 939 enim
694 911 812 940 Thraces
826 932 834 943 ‚
855 910 882 938 id

938 911 1023 938 Marci
1035 921 1094 949 cap.
1109 922 1136 940 z.

96 953 135 981 est
147 973 154 985 ,
175 954 276 990 Aspros
296 952 484 990 appellabant,
507 956 535 980 &
553 961 594 979 tes
614 951 689 990 aspra
715 951 835 988 7ραχῦς,
856 954 883 979 δε
899 953 1120 984 ΑςςυΜΜΑ-ῑυς,
1142 950 1358 989 computationis
1377 951 1523 981 numericae
1541 951 1573 981 in
1589 950 1723 981 summam

98 991 207 1030 ἃρασῦς
247 993 423 1024 temerarius,
446 993 543 1024 ferox,
566 992 639 1020 nude
661 989 772 1030 Θρνὶκη,
795 991 881 1020 Thra·

937 991 1092 1020 debitorum
1110 992 1143 1021 ad
1169 990 1310 1030 sexaginta
1329 1002 1429 1021 marcas
1445 991 1615 1022 assummata.
1636 992 1727 1022 Paris.

99 1042 140 1060 cia
151 1031 270 1059 dicitur.
279 1034 422 1060 Caeterum
433 1033 520 1070 potest
529 1031 612 1059 etiam
621 1031 727 1070 asprum
738 1032 884 1070 anologice
938 1032 968 1059 in
983 1042 1006 1059 ι.
1016 1032 1092 1060 Vitis
1102 1033 1170 1061 Abb.
1185 1034 1196 1063 ]
1222 1032 1298 1060 Vide
1310 1033 1521 1062 Anthemetica
1530 1055 1537 1061 .

99 1083 133 1101 ex
145 1071 271 1100 aldebine
281 1072 336 1100 dici
348 1093 357 1104 ,
377 1082 406 1100 ut
419 1072 582 1101 Aristotcles
591 1072 629 1100 ait
640 1072 735 1100 lac‘tem
758 1082 819 1100 cum
828 1071 882 1100 sac-
898 1074 1018 1100 Assumo
1028 1093 1037 1105 ‚
1062 1074 1118 1102 FR.
1137 1072 1219 1110 Eligo
1231 1092 1238 1099 .
1261 1074 1424 1110 Affumptus
1438 1095 1445 1106 ,
1467 1074 1583 1102 εἰει-ἵης.
1605 1073 1719 1110 Affum·

98 1111 183 1142 <haro
201 1113 350 1140 convenire
370 1111 399 1140 in
418 1113 562 1142 albedine;
584 1113 655 1141 unde
673 1122 749 1150 aeque
769 1113 883 1141 dicimus
932 1120 1013 1150 μον,
1035 1113 1147 1141 electoiu
1156 1114 1202 1141 De
1211 1113 1385 1141 elestionein
1396 1113 1475 1142 sexto
1484 1124 1541 1152 cap.
1557 1125 1600 1146 ¹7·

99 1154 189 1182 aihum
198 1163 228 1181 ut
239 1154 279 1180 lac
289 1173 297 1184 ‚
321 1153 365 1180 vel
375 1162 404 1180 ut
414 1151 570 1180 saccharum
591 1157 600 1181 .²
613 1153 647 1180 sic
668 1162 715 1190 per
733 1152 807 1182 albos
817 1156 882 1182 Tra—
896 1154 1068 1181 Assumpno
1079 1154 1221 1181 Duum
1232 1173 1239 1180 .
1262 1153 1335 1181 Vide
1345 1158 1471 1192 Panagia
1480 1175 1487 1182 .
1510 1155 1642 1191 Pausatio
1651 1173 1659 1181 .

99 1205 142 1222 ces
152 1216 160 1227 ‚
183 1203 216 1222 eo
224 1193 308 1220 modo
319 1214 327 1225 ,
349 1203 404 1230 quo
413 1202 461 1230 per
480 1193 572 1230 nigros
583 1192 736 1230 AEtliiopes
747 1215 754 1226 ,
779 1194 823 1222 vel
833 1194 878 1222 Li·
899 1194 938 1221 As
945 1203 1081 1221 sempron
1094 1213 1102 1220 .
1127 1195 1183 1222 PR.
1194 1193 1312 1222 Elcstor.
1324 1194 1358 1222 de
1369 1195 1454 1222 Eleft.
1467 1195 1497 1222 in
1508 1193 1586 1223 sexto
1599 1204 1622 1221 c.
1637 1204 1680 1226 17.

99 1234 182 1270 bycos
209 1233 354 1260 interiores
380 1233 561 1270 intelligimus
571 1252 579 1260 .
603 1233 677 1261 Vide
699 1235 853 1271 Dcasprum
873 1255 879 1261 .
896 1234 1034 1262 Assumo
1046 1254 1053 1260 .
1073 1234 1172 1262 Audeo
1184 1255 1191 1266 ,
1214 1232 1350 1272 praesumo
1363 1256 1371 1267 ‚
1395 1235 1552 1274 frequentet
1571 1235 1602 1263 in
1613 1235 1721 1272 chist.

101 1277 164 1310 Ejus
174 1271 315 1301 anthitesis
324 1292 333 1300 .
357 1273 429 1301 Vide
441 1273 558 1310 Aquilus
577 1272 607 1301 in
615 1272 680 1301 diet.
690 1279 799 1303 Damon
810 1295 817 1302 .

58 1318 221 1344 ASSARTVM
233 1334 241 1345 ,
263 1313 383 1350 Campus
392 1313 494 1341 dicitur
503 1324 518 1341 a
536 1313 638 1352 gallico
647 1315 780 1343 vocabulo
790 1315 879 1352 Effar-

97 1364 140 1383 ter
151 1377 158 1387 ,
180 1354 255 1391 quod
264 1354 370 1382 arbores
381 1354 486 1382 caedere
506 1354 642 1392 fignificat
654 1375 662 1387 ‚
684 1354 719 1382 fic
731 1356 878 1393 Affartum

936 1274 962 1302 S.
974 1274 1106 1313 Gregorii
1117 1285 1123 1301 :
1151 1280 1162 1309 [
1175 1275 1226 1303 Sed
1235 1276 1367 1312 qnoniam
1378 1274 1430 1303 hoc
1443 1276 1531 1305 facere
1543 1286 1600 1304 non
1609 1273 1720 1314 ass'urgit

935 1314 982 1342 lib.
1001 1325 1043 1342 10.
1061 1325 1085 1342 c.
1098 1326 1144 1349 24.
1164 1314 1282 1344 Causam
1291 1315 1398 1344 Clerici
1416 1315 1474 1350 sui,
1498 1326 1543 1346 aut
1562 1314 1688 1344 noluisset
1711 1339 1720 1350 ‚

935 1364 980 1382 aut
991 1365 1047 1382 non
1058 1354 1203 1394 affui-geret
1213 1355 1327 1385 definire
1336 1378 1343 1389 ,
1366 1357 1384 1384 l.
1397 1362 1421 1386 8.
1431 1368 1454 1385 c.
1468 1369 1481 1386 2
1490 1367 1514 1393 5.

95 1396 142 1423 ubi
150 1398 206 1430 jam
215 1394 288 1422 caelis
297 1394 398 1433 plantis
406 1415 416 1427 ,
425 1394 603 1423 seminarium
611 1395 727 1423 liberum
738 1396 771 1424 stt
781 1416 788 1423 .
803 1400 815 1430 [
830 1395 881 1424 ΑΓ-
896 1397 935 1423 As
942 1405 1041 1423 mitre
1051 1416 1059 1422 .
1073 1398 1130 1425 FR.
1143 1396 1384 1426 SidoniorumDea
1394 1419 1402 1425 .
1426 1404 1438 1433 [
1458 1398 1577 1427 Colebat
1587 1398 1719 1426 Salomon

96 1435 173 1463 sartis
184 1435 259 1463 sac‘tis
270 1435 366 1463 inillis
375 1433 462 1463 boscis
470 1435 531 1473 post
549 1436 622 1464 illud
630 1445 738 1474 tempus
747 1457 754 1464 .
776 1435 879 1465 Matth.

99 1476 212 1504 Parisius
223 1485 266 1503 an.
282 1486 291 1502 i
300 1487 314 1503 2
323 1487 332 1503 i
342 1485 366 1510 5.

64 1517 240 1543 Asszarm
250 1536 258 1545 .
278 1515 350 1542 levis
359 1515 465 1544 aflertio
476 1535 484 1542 .
508 1516 604 1550 [Vide
623 1516 708 1545 etiam
725 1527 760 1545 ne
776 1526 830 1546 tuae
841 1515 882 1545 as-

97 1553 205 1582 sertulae
227 1554 341 1582 iiiediali
358 1555 485 1584 nuditate
501 1556 625 1585 laborent
636 1577 643 1585 .
668 1557 742 1585 Fulb.
761 1558 879 1587 Carnot.

99 1595 178 1633 epist.
189 1605 236 1630 79.

59 1638 206 1664 Asszssox
217 1655 224 1662 .
248 1635 321 1664 Vide
330 1638 466 1665 Paredrus
477 1656 486 1664 .

60 1677 189 1704 Ass-mm
201 1695 207 1703 .
233 1677 289 1705 PR.
301 1679 369 1705 Haec
381 1687 438 1705 non
450 1677 501 1705 fuit
512 1676 582 1706 festa
591 1677 664 1707 inter
675 1679 808 1707 Hebraeos
819 1700 828 1712 ‚
850 1688 880 1707 ut

97 1715 180 1754 aliqui
192 1726 334 1745 autumant
345 1729 352 1748 5
375 1716 469 1746 sedita
479 1717 685 1756 appellabantur
694 1718 821 1748 Mosaicae
842 1719 881 1747 le-

98 1766 140 1794 gis
161 1755 348 1786 observatores
359 1779 367 1790 ‚
393 1758 426 1786 ad
445 1758 650 1787 distinfflonem
670 1759 862 1797 Apostatarum
873 1781 880 1788 .

101 1798 164 1824 Vox
181 1797 255 1825 enim
268 1799 397 1836 Caffi'dim
417 1797 542 1827 hebraice
561 1798 640 1828 sumt
649 1800 733 1835 justos
745 1822 752 1833 ,
764 1811 793 1829 ac
804 1801 864 1838 pios
873 1821 879 1828 .

59 1839 248 1865 AsstiATus
262 1859 270 1870 ,
292 1837 464 1867 habituatus.
489 1840 636 1878 [Flagello
654 1841 774 1869 Domini
792 1841 881 1879 pulvis

99 1876 248 1909 excutitur,
257 1888 339 1916 quem
349 1879 383 1907 ad
391 1879 625 1909 deformationem
637 1882 737 1910 animae
749 1880 880 1920 iniquitas

99 1916 228 1945 assiduata
236 1918 386 1957 congessit.
415 1923 487 1949 Petr.
500 1919 606 1949 Blesen.
625 1921 710 1959 Epist.
723 1932 734 1959 3
746 1932 768 1949 i.

65 1960 151 1987 Assu
163 1979 171 1990 ‚
194 1968 305 1986 moneta
314 1979 321 1987 .
344 1959 416 1988 Vide
427 1961 597 1998 Diponducm
608 1981 614 1988 .

61 2000 168 2027 Assiu
180 2019 188 2030 ‚
214 1998 259 2026 vel
268 1999 367 2036 Afisa,
391 2004 419 2029 ἀ
436 2001 543 2038 Afifia,
566 2002 694 2030 statutum
706 2024 714 2035 ,
737 2003 880 2041 praefixum

99 2048 206 2076 tempus
219 2060 227 2071 ,
248 2039 387 2074 redditus,
409 2041 539 2069 tributum
549 2063 556 2074 ‚
579 2052 593 2070 a
625 2043 727 2081 gallico
749 2043 881 2072 vocabulo

98 2080 188 2116 Affis.
208 2079 431 2118 Unde‘Afflsores
449 2082 615 2110 tributorum
626 2085 764 2112 exactores
784 2085 880 2114 dicun-

100 2129 147 2148 tur
157 2139 165 2146 .
183 2120 219 2147 In
229 2120 326 2148 Melita
335 2120 388 2148 hoe
399 2123 559 2151 vocabulum
569 2124 656 2151 adhuc
666 2124 745 2153 durat
757 2135 786 2153 in
799 2126 881 2164 ligni-

99 2159 211 2188 catione
221 2170 291 2188 taxae
304 2181 312 2192 ,
334 2158 381 2188 seu
397 2162 507 2199 gabellce
516 2164 640 2201 Principi
648 2163 789 2193 solvenda:
801 2185 808 2193 .
819 2168 876 2196 PR.

101 2204 114 2233 [
129 2200 234 2229 Eodem
242 2211 316 2229 anno
326 2203 390 2229 Rex
408 2201 472 2230 fecit
489 2204 656 2241 generaliter
671 2206 830 2239 acclamari,
852 2215 882 2235 ut

100 2239 196 2277 legalis
212 2239 275 2270 aiisa
294 2242 370 2279 panis
380 2239 426 2270 sub
436 2251 518 2280 poena
526 2245 709 2284 colliitrigiali
726 2245 882 2275 observate-

100 2289 144 2307 tur
156 2299 163 2307 .
173 2280 276 2309 Matth.
285 2281 367 2310 Paris.
377 2282 411 2310 ad
420 2293 463 2311 an.
480 2294 489 2311 1
497 2295 563 2322 203.
573 2286 725 2314 Secundum
737 2286 860 2316 Affiiiam
873 2309 880 2320 ,

97 2329 161 2363 quae
178 2319 324 2354 consuevit
341 2322 402 2354 fieri
414 2343 422 2351 .
445 2324 482 2353 In
497 2333 606 2355 extrav.
625 2337 765 2357 commun.
789 2328 824 2357 dc
833 2329 880 2357 de-

98 2368 193 2392 timis.

935 1435 1086 1465 Astarthen
1094 1438 1183 1465 Deam
1195 1437 1374 1465 Sidoniorum
1386 1460 1392 1470 ‚
1403 1442 1519 1477 3.Reg.i
1531 1441 1644 1473 i.n.5.&
1661 1439 1721 1475 13.1

937 1477 1006 1504 Haec
1027 1479 1103 1511 juxta
1123 1478 1313 1516 Amiquorum
1335 1479 1432 1507 fabulas
1443 1501 1450 1512 ,
1470 1481 1564 1508 Venus
1592 1488 1649 1507 erat
1661 1499 1669 1510 ‚
1691 1482 1721 1507 δ(

935 1517 1144 1546 fimulLibitina
1156 1539 1165 1551 ,
1188 1518 1236 1547 illa
1253 1519 1370 1548 luxuriae
1382 1542 1389 1552 ,
1412 1530 1439 1548 :it
1451 1519 1509 1548 haec
1529 1519 1720 1548 defunctorum

935 1557 995 1585 Dea
1006 1579 1014 1589 ,
1037 1567 1066 1586 ut
1077 1558 1261 1597 significarent
1274 1581 1282 1592 ,
1306 1560 1380 1597 quod
1390 1560 1514 1589 libidinis
1533 1560 1721 1597 intemperan-

936 1598 974 1626 tia
984 1598 1115 1627 accelerat
1125 1609 1243 1627 mortem
1253 1620 1260 1627 .
1271 1600 1344 1629 Vide
1351 1601 1517 1629 Salambona
1527 1620 1533 1627 .
1543 1601 1701 1628 Thammus
1712 1620 1719 1627 .

896 1640 1100 1672 Asmuscm,
1123 1640 1257 1668 stellulam
1276 1640 1391 1669 denotat
1405 1662 1413 1674 ‚
1436 1651 1494 1678 quae
1515 1640 1722 1678 interpungitur

936 1689 988 1717 pro
1005 1679 1082 1717 figiio
1102 1680 1133 1708 in
1153 1680 1238 1708 Biblia
1255 1679 1346 1714 sacra,
1366 1684 1394 1710 ὃ(
1412 1681 1442 1709 in
1472 1680 1532 1708 aliis
1550 1680 1719 1714 Codicum,

936 1719 1209 1759 adfignificandum,
1233 1722 1307 1759 quod
1327 1722 1363 1749 ibi
1384 1722 1489 1760 aliquid
1512 1720 1692 1748 traduRionis
1711 1742 1719 1753 ‚

934 1758 979 1788 seu
991 1760 1186 1797 explicationis
1204 1761 1315 1790 deficiat
1325 1784 1332 1794 ‚
1355 1771 1476 1800 atquem
1495 1761 1618 1800 margine
1629 1770 1721 1790 textus

936 1801 969 1829 ad
979 1799 1204 1839 supplementum
1215 1812 1310 1830 contra
1319 1802 1440 1841 signatur
1450 1822 1456 1830 .
1480 1802 1525 1830 Ad
1544 1801 1627 1829 instar
1644 1802 1720 1830 enim

935 1842 1018 1870 stellae
1028 1842 1224 1871 claritudinem
1237 1843 1340 1882 ingerit
1353 1843 1445 1872 textili
1458 1843 1541 1871 verbo
1550 1843 1614 1870 alias
1622 1841 1716 1871 obscu-

934 1892 965 1910 ro
976 1895 987 1915 ,-
1010 1882 1075 1911 ideo
1089 1887 1202 1920 Signum
1221 1884 1337 1912 radians
1356 1895 1370 1912 a
1382 1884 1558 1919 Hieronymo
1578 1892 1693 1912 vocatur
1711 1904 1718 1912 .

933 1925 1032 1951 Gr-Bce
1051 1933 1141 1951 autem
1159 1920 1300 1959 εἰςεεὶσκος
1318 1925 1419 1952 nedum
1445 1923 1498 1952 hoc
1521 1925 1627 1963 signum
1641 1946 1649 1957 ‚
1671 1921 1719 1953 sed

933 1964 1016 1991 ctiam
1025 1973 1104 1992 aurea
1115 1986 1124 1996 ,
1149 1964 1192 1992 vel
1203 1965 1314 1992 alterius
1333 1964 1437 1992 metalli
1447 1965 1552 1993 stellula
1562 1964 1697 2003 fignificat
1707 1987 1716 1998 ,

934 2014 994 2042 quae
1005 2004 1120 2042 ponitur
1140 2004 1221 2042 super
1233 2015 1359 2043 patenam
1376 2005 1410 2033 ad
1420 2003 1491 2034 sacra
1509 2006 1582 2034 dona
1601 2006 1717 2045 tegenda

933 2054 994 2072 cum
1005 2045 1100 2082 pufilla
1110 2046 1201 2074 Cruce
1213 2056 1241 2072 in
1252 2046 1357 2073 vertice
1369 2066 1377 2078 ,
1399 2046 1474 2083 quod
1491 2046 1522 2074 fit
1534 2068 1542 2079 ,
1565 2056 1595 2075 ut
1606 2047 1697 2075 velum
1707 2069 1716 2081 ,

934 2095 988 2123 quo
1007 2095 1104 2123 patena
1122 2086 1300 2123 cooperitur,
1323 2086 1461 2114 elevatum
1478 2086 1659 2119 sustentetur,
1683 2098 1718 2117 ne

936 2126 1115 2163 Eucharistiae,
1123 2128 1325 2155 Sacramentum
1335 2127 1366 2154 in
1374 2136 1473 2165 patena
1483 2128 1600 2166 politum
1621 2137 1696 2165 tegat
1707 2140 1717 2159 ς

934 2165 985 2195 hac
995 2168 1071 2195 enim
1081 2167 1247 2195 caeremonia
1257 2167 1332 2195 stella
1342 2167 1428 2196 felicis
1437 2169 1540 2196 ominis
1550 2169 1697 2198 denotatur
1708 2191 1716 2202 ,

935 2217 995 2245 quae
1006 2205 1102 2246 Magos
1111 2208 1145 2236 ad
1154 2210 1263 2246 Regum
1270 2210 1377 2246 Regem
1383 2208 1466 2237 duxit
1476 2231 1484 2242 ‚
1496 2207 1717 2248 superstetitque,

936 2248 980 2276 ubi
990 2248 1038 2277 ille
1047 2259 1121 2278 erat;
1144 2249 1218 2286 quod
1236 2259 1269 2278 ex
1291 2250 1379 2278 verbis
1401 2250 1572 2283 Sacerdotis,
1594 2251 1659 2280 dum
1669 2261 1717 2289 po-

935 2288 979 2316 nit
1006 2288 1075 2317 hanc
1095 2289 1198 2317 stellam
1223 2287 1303 2328 super
1321 2300 1461 2329 patenam,
1485 2291 1630 2330 colligitur
1646 2303 1656 2322 ς
1679 2291 1715 2319 fic

935 2329 1010 2357 enirn
1019 2330 1057 2358 ait
1066 2351 1075 2362 ‚
1100 2335 1112 2364 [
1124 2332 1158 2357 Et
1168 2329 1283 2358 veniens
1293 2330 1368 2360 stella
1376 2332 1463 2360 astitit
1473 2331 1554 2369 super
1564 2353 1573 2364 ,
1595 2332 1640 2360 ubi
1659 2341 1716 2360 erat

934 2379 999 2409 puer
1018 2371 1136 2410 positus.
1159 2371 1174 2403 1
1197 2370 1305 2402 Devius
1322 2371 1409 2411 igitur
1435 2372 1465 2401 in
1481 2371 1718 2441 observationipus

1645 2423 1671 2442 at
