1866 2526
419 48 538 95 RE.

73 110 216 153 utriusque
233 109 386 151 signatura:
403 109 468 139 sunt
477 104 592 143 Acolyti
603 125 611 134 .
634 102 708 134 Vide
724 105 868 152 Subdinn-

75 164 126 184 ,ΜΣ
138 175 146 182 .
724 184 728 188 Ι

38 197 200 226 Rarum-us
209 214 218 226 ,
228 193 284 221 FR.
295 189 386 219 differt
395 202 409 219 a
419 189 524 228 Refefffo
537 209 545 220 ,
565 188 627 226 quia
636 185 750 231 refeftio
759 185 797 214 est
807 194 823 224 p
856 225 862 230 .

79 235 140 274 prie
147 233 270 271 corporis
280 253 287 264 ‚
297 230 346 259 sed
358 231 471 259 refer-tio
481 230 518 259 est
529 229 639 267 proprie
648 236 749 257 mentis
760 247 768 254 .
777 227 869 255 Glossa

79 286 110 304 in
119 278 232 304 Exti-av.
240 281 341 301 comm.
351 272 386 299 de
395 271 493 310 poenit.
504 273 532 298 ὃ(
543 267 645 297 remiss.
654 278 712 306 cap.
727 278 750 295 i.

37 319 218 347 anurnio
227 331 235 340 .
255 314 312 341 FR.
323 311 390 340 idest
401 310 574 339 renunciatio
582 331 591 344 ,
611 314 640 339 ὰ
649 306 732 337 ceffio
740 327 748 336 .
769 306 868 337 Bullar.

79 354 172 384 enfin.
181 362 251 381 tom.
264 364 290 381 2.
301 353 400 381 Const.
411 363 426 380 2
436 362 456 379 i.
851 386 855 390 .

37 397 164 425 Rniuro
175 413 182 421 .
192 395 247 422 PR.
259 403 308 431 pro
320 391 452 420 renuntio
461 412 468 418 .
483 389 702 426 [Monastet'ium
711 392 763 417 διε.
772 388 870 416 Domi-

81 445 120 463 no
128 433 177 463 suo
187 434 328 469 Sylvcstro
338 433 414 471 Papae
425 430 554 460 refutavit
565 450 573 458 .
584 431 683 460 Bullar.
695 428 788 458 Castu.
802 436 868 455 tom.
896 424 898 427 ’

82 487 109 504 2.
120 474 221 503 const.
231 484 277 505 72-

40 517 255 545 Rtotsoiiitius
266 533 272 540 .
298 512 372 541 Vide
392 514 531 551 Regestum
540 532 547 540 .
864 546 868 550 Δ

42 558 286 586 ΙζιιῡεκεκΑΝους
297 572 303 579 .
314 554 369 581 FR.
380 563 426 591 qui
438 553 564 591 proxime
573 549 754 590 baptizandus
763 548 812 580 est,
823 556 870 592 qui

81 596 166 624 etiam
175 596 347 632 Competens
358 593 510 625 dicebatur,
520 602 549 621 ut
558 591 608 620 suo
617 592 679 619 loco
689 590 793 618 dietum
803 587 853 616 fuit
864 608 871 619 ,

84 636 119 666 ad
129 634 312 664 differentiam
323 632 591 662 Catechumenorum
601 632 685 670 igitur
694 633 872 669 Regeneran-

83 676 132 704 dus
143 697 150 708 ‚
169 675 224 704 sive
233 675 402 711 Competens
411 694 419 705 ,
437 682 581 710 antequam
590 670 748 710 baptismate
759 679 869 710 regene-

82 725 186 745 raretur
195 736 203 748 ‚
224 713 377 750 symbolum
395 712 460 740 fidei
480 713 594 741 recitare
611 713 770 741 tenebatur:
794 719 874 749 quate

82 755 268 786 Librariorum
286 753 388 782 incuria
406 753 437 781 in
454 753 575 791 Epistola
595 754 620 782 S-
632 754 731 782 Leonis
741 754 819 790 1³21>ae
841 750 874 778 ad

87 795 245 825 Flavianum
261 792 444 822 Patriarcham
471 803 568 822 conti-:i
585 792 750 829 Eutychetis
771 800 874 821 errores

82 835 182 874 scripta
193 855 202 867 ,
220 834 384 873 corrigenda
394 834 433 862 est
450 834 538 863 dictio
549 840 774 872 Regeneratomm
787 853 796 865 ‚
814 841 874 870 quae

83 886 117 904 ex
129 874 242 904 vetustis
253 876 290 902 M.
300 875 344 903 SS.
354 884 368 901 a
376 873 514 903 Chifletio
526 875 559 903 sic
571 874 694 902 restituta
705 874 754 901 suit
765 894 774 906 ‚
799 882 874 900 nem-

87 926 137 954 pe:
164 915 324 953 [Neiplius
333 914 446 953 quidem
457 914 576 950 symboli
598 914 679 942 initia
695 912 875 953 comprehen-

87 957 128 985 dit
139 967 147 986 ς
165 959 193 984 ὅ(
203 955 279 994 quod
297 964 345 993 per
364 965 455 983 totum
474 955 605 983 mundum
615 955 740 982 omnium
749 957 876 992 Regene-

85 996 233 1025 nudorum
244 1006 311 1024 voce
321 996 490 1033 depromitur
502 1017 510 1029 ,
521 995 595 1024 istius
604 994 692 1023 adhuc
712 993 784 1023 senis
794 993 877 1022 corde

91 1047 148 1065 tion
168 1035 273 1074 capitui-
282 1056 290 1063 .

45 1081 210 1109 Reossrxm
222 1098 229 1109 ‚
243 1077 328 1115 vulgo
337 1076 496 1116 Registrum
505 1099 513 1111 ‚
525 1077 554 1106 in
563 1087 618 1116 quo
628 1077 742 1116 publicae
763 1075 878 1114 scriptu-

87 1128 121 1147 τε
132 1117 310 1155 registi-:intur
321 1129 328 1147 ς
342 1122 354 1151 [
367 1119 432 1146 Hcec
444 1116 591 1157 Episcopus
601 1128 701 1157 negare
711 1128 768 1146 non
779 1117 877 1155 potuit:

87 1158 188 1197 scripta
206 1158 280 1185 enim
301 1157 349 1186 ista
367 1168 396 1186 in
416 1159 537 1196 Regesto
556 1158 724 1197 Chiliperici
744 1158 831 1196 Regis
851 1156 881 1184 in

89 1209 144 1227 uno
154 1197 317 1226 scriniorum
332 1208 441 1236 pariter
457 1198 519 1227 sunt
539 1209 645 1237 reperta
657 1220 664 1227 .
680 1201 766 1237 Grcg.
776 1201 879 1226 Turon.

90 1240 136 1268 lib.
153 1249 194 1267 ιο.
206 1249 263 1276 cap.
281 1240 346 1274 19.]
368 1242 410 1267 Ac
421 1240 485 1267 alibi
495 1240 569 1268 idem
579 1260 586 1266 .
612 1239 714 1274 [Pueri
727 1249 793 1267 vero
805 1260 811 1270 ,
835 1237 881 1276 qui

88 1278 160 1308 miffi
170 1290 184 1308 a
193 1281 271 1317 Rege
282 1278 388 1307 fuerant
398 1280 431 1307 ad
441 1280 614 1318 requirendas
628 1290 668 1307 res
679 1282 736 1314 ejus
747 1301 754 1311 ‚
765 1288 841 1306 tanta
853 1279 882 1305 in

93 1318 225 1348 thesauris
244 1319 319 1347 illius
333 1320 474 1357 reperiunt
485 1341 493 1352 ,
512 1329 614 1358 quanta
623 1330 672 1348 nec
685 1318 785 1357 inipso
795 1318 885 1347 aerarii

91 1360 198 1399 regesto
207 1369 332 1397 poterant
341 1359 466 1388 inveniri
477 1379 484 1388 .
495 1362 506 1391 J
518 1360 601 1396 Quod
613 1360 771 1389 vocabulum
783 1370 797 1387 a
808 1361 885 1387 Nor-

89 1400 217 1429 mannica
235 1399 358 1428 dic-lione
369 1402 455 1436 Gister
473 1401 615 1429 derivatur
624 1423 632 1434 ,
656 1411 716 1440 quae
739 1400 769 1428 in
786 1400 886 1428 leftum

91 1450 195 1479 ponere
206 1440 340 1479 fignificat
350 1461 358 1472 ‚
378 1445 404 1469 ὃ(
417 1441 480 1469 ideo
491 1441 587 1469 melius
598 1443 750 1479 Regzstrum
767 1440 868 1468 dicitur
879 1451 884 1466 ι

94 1480 167 1509 Sicut
177 1490 244 1519 ergo
254 1481 284 1507 in
295 1481 365 1508 leeto
380 1479 532 1518 quiescitur
542 1502 549 1513 ‚
568 1481 602 1509 fic
621 1491 705 1509 etiam
725 1481 753 1508 in
763 1480 886 1519 Registri

95 1521 169 1547 libris
177 1529 353 1547 monumenta
365 1522 470 1557 publica
481 1521 574 1559 aliquo
584 1522 668 1549 modo
680 1519 817 1559 quiescere
829 1542 837 1553 ,
860 1531 888 1548 ac

95 1562 216 1588 dormire
226 1560 353 1587 dicuntur
364 1581 372 1591 ,
395 1560 483 1588 donec
503 1571 627 1599 tempore
637 1571 795 1599 opportuno
815 1561 889 1589 exci-

97 1609 190 1627 tentur
201 1620 208 1631 ,
230 1600 319 1637 itaque
332 1600 368 1626 nil
380 1600 455 1628 aliud
464 1600 616 1639 significare
627 1602 785 1640 Registrum
806 1601 880 1630 vide-

97 1650 142 1668 tui-
152 1661 160 1672 ‚
182 1649 262 1677 quam
273 1639 468 1677 repositorium
478 1662 488 1675 ,
511 1651 540 1669 in
556 1652 611 1681 quo
621 1642 772 1670 ordinatim
784 1642 889 1680 publica

97 1681 279 1709 instrumenta
298 1680 456 1709 conduntur
465 1701 473 1708 .
495 1683 551 1710 FR.
572 1682 659 1711 Poss‘et
676 1683 790 1721 quidem
809 1682 889 1711 etiam

97 1730 214 1756 etymon
230 1719 310 1755 hujus
323 1720 446 1749 vocabuli
462 1732 476 1749 a
496 1723 579 1750 vei-bo
589 1729 686 1760 Regero
706 1723 796 1756 trahi,
817 1723 891 1761 quod

100 1771 224 1799 reporto,
234 1764 261 1789 δε
273 1759 423 1789 transcribo
434 1761 575 1800 significat:
588 1772 649 1791 nani
660 1764 696 1791 ibi
706 1774 890 1802 reportantur,

98 1804 128 1829 ,Sc
145 1800 360 1829 transcribuntur
378 1800 542 1831 autheiiticae
552 1802 692 1841 scripturae
707 1815 712 1832 :
732 1814 814 1842 quare
835 1814 892 1831 non

98 1841 209 1869 indoete
219 1850 232 1868 a
243 1839 341 1879 supino
352 1842 428 1870 vei-bi
439 1844 560 1881 Regem,
571 1845 709 1881 Regestum
720 1845 816 1873 melius
827 1843 891 1872 scri-

100 1881 126 1909 bi
139 1882 246 1908 videmi-
257 1901 264 1908 .
284 1883 311 1910 C
312 1882 384 1910 ustos
394 1892 481 1911 autem
492 1883 612 1922 Registri
622 1885 809 1921 Regendari'us
820 1885 892 1913 dice-

102 1922 178 1949 batur
188 1942 195 1953 ,
205 1921 274 1949 &in
285 1922 359 1951 Cod.
371 1921 508 1951 Theodos.
518 1925 537 1952 l.
549 1934 721 1962 precipimus
731 1946 738 1957 ,
760 1925 786 1956 §.
797 1926 846 1953 ult.
856 1926 892 1954 C.

103 1962 136 1989 de
147 1961 277 1999 appellat.
287 1962 453 1999 Libellensis,
463 1967 491 1992 ὅ(
503 1964 566 1992 alibi
576 1965 837 2002 Subscribmdanus
848 1976 892 2004 :ip-

122 2002 218 2030 ellatur
231 2021 238 2028 .

64 2012 175 2074 Rigida,
186 2041 244 2069 haec
256 2051 311 2070 vox
322 2042 440 2071 absolute
451 2044 629 2082 pronunciata
641 2045 820 2084 principalem
834 2056 896 2084 poi·-

104 2093 160 2110 tam
179 2092 236 2110 non
252 2092 314 2110 raro
335 2082 470 2121 fignificat
480 2105 487 2112 .
509 2087 621 2124 [Regia
631 2096 722 2114 autem
733 2087 895 2115 Monasterii

104 2132 244 2162 nunquam
256 2122 430 2160 aperiebatur.
440 2126 475 2153 In
487 2135 542 2153 vita
553 2126 655 2154 Sanftae
667 2128 757 2154 Mariae
769 2127 896 2166 AEgypt.

104 2174 128 2191 c.
143 2173 167 2198 5.
179 2166 192 2195 J
212 2164 248 2191 In
256 2164 353 2191 eodem
363 2174 471 2203 quoque
481 2164 561 2194 sensu
569 2166 751 2205 intelligenda
761 2166 824 2195 sunt
837 2178 897 2196 vei·-

103 2205 134 2231 ba
143 2206 229 2242 Greg.
242 2207 345 2233 Turon.
356 2204 402 2232 lib.
414 2216 440 2240 4.
452 2215 474 2233 c.
490 2216 533 2244 ¹3·
554 2207 597 2234 ubi
610 2207 721 2245 inquit:
742 2208 838 2241 [Dum
849 2208 897 2236 de-

103 2244 272 2272 ambulabant
281 2254 330 2283 per
343 2245 488 2274 Ecclesiam
507 2246 541 2274 ad
559 2248 634 2285 regia
643 2247 709 2275 aedis
719 2245 797 2276 ᾗσι-ε
806 2268 813 2275 .
827 2251 839 2280 ]
863 2251 897 2278 Et

104 2285 200 2312 clai-ius
209 2294 242 2312 ex
254 2284 395 2314 Anastasio
405 2286 540 2314 Biblioth.
563 2293 575 2322 [
587 2287 643 2322 Qui
655 2285 725 2315 miili
737 2287 841 2316 fuerant
864 2289 897 2317 de

102 2325 222 2353 exercitii
235 2325 267 2353 ad
277 2325 466 2354 custodiendas
477 2327 563 2366 regias
575 2328 693 2357 Baiili'cae
704 2328 802 2356 clausas
810 2327 897 2358 obser-

1211 40 1256 82 R
1288 39 1324 80 Ε
1585 55 1662 97 571

923 101 988 130 dum
1004 98 1043 128 est
1054 98 1240 139 Bulengerum
1249 119 1257 131 ‚
1278 98 1328 137 qui
1339 95 1407 126 hanc
1418 97 1568 129 distionetn
1579 123 1586 135 ,
1609 104 1696 132 aulam
1705 121 1714 136 .

922 142 979 171 sive
986 139 1164 179 magnificum
1174 137 1321 168 aedificium
1329 137 1460 168 denotare
1474 150 1616 178 putaverat
1629 165 1636 175 ,
1648 153 1711 173 ver-

922 183 954 211 ba
973 180 1094 218 ejusdem
1107 179 1315 210 Bibliothecarii
1333 178 1363 207 in
1382 180 1475 208 Leone
1485 182 1542 210 111.
1561 182 1695 212 adducens
1706 206 1715 218 ,

922 232 984 263 quae
997 221 1128 260 inquiunt
1139 231 1148 251 3
1161 226 1173 256 [
1185 218 1308 258 Ingress'u
1320 218 1435 248 Bnfiiicz
1445 219 1523 259 supra
1533 222 1620 260 regias
1629 227 1713 258 majo-

923 273 964 293 res
982 260 1047 290 fecit
1063 261 1198 299 imagines
1213 270 1247 289 ex
1265 269 1380 298 argento
1391 279 1398 287 .
1409 263 1422 292 ]
1451 262 1520 296 Quae
1544 264 1624 292 verba
1643 265 1715 293 reete

923 303 986 332 sunt
993 311 1089 331 contra
1097 299 1216 339 seipsum
1226 299 1368 328 manifeste
1378 321 1386 333 ,
1408 310 1438 329 iit
1458 302 1629 341 intelligenti
1642 314 1717 342 pate-

924 344 964 372 bit
974 362 982 370 .
1002 343 1057 371 FR.
1067 341 1102 370 (ic
1111 342 1214 379 pariter
1223 350 1282 368 non
1292 340 1381 368 minus
1390 343 1491 370 erravit
1501 341 1594 372 Gloss‘a
1616 345 1646 372 in
1655 354 1715 373 can.

925 383 993 412 unio
1003 403 1011 415 ‚
1029 393 1072 410 io.
1080 381 1175 420 quaest.
1188 391 1214 418 3.
1225 381 1269 410 ubi
1280 390 1370 410 textus
1381 381 1419 410 ita
1428 381 1507 411 habet
1519 394 1526 414 ς
1546 389 1559 418 [
1571 383 1654 413 Unio
1665 395 1715 413 no-

925 424 986 452 strae
996 420 1234 460 Congregationis
1243 420 1378 454 decrevit,
1388 431 1468 461 atque
1478 423 1600 452 instituit
1611 446 1618 457 ,
1629 435 1658 453 ut
1668 435 1719 454 ter.

926 463 992 495 tias,
1011 472 1074 501 quas
1093 461 1200 499 antiqui
1220 471 1336 490 canones
1351 461 1386 491 de
1396 463 1533 501 parochiis
1550 463 1604 493 suis
1624 465 1720 495 habere

927 503 1075 541 Episcopos
1083 501 1252 530 censuerunt
1262 526 1269 539 ,
1282 502 1301 530 fi
1311 512 1353 530 eas
1362 504 1428 542 exig
1448 504 1514 533 ndas
1532 506 1702 535 crediderint
1713 527 1722 539 ,

926 545 956 572 ab
969 543 1029 581 ipfis
1041 541 1182 580 Episcopis
1192 542 1292 571 dirutae
1307 543 1431 572 Ecclesiae
1444 554 1604 583 reparentur
1616 567 1623 574 .
1635 547 1661 575 Si
1674 556 1722 575 ve-

927 594 959 612 ro
968 593 1008 612 eas
1020 583 1164 611 maluerint
1175 583 1271 611 cedere
1283 583 1403 612 i-sscciefiae
1416 606 1422 617 ‚
1433 585 1466 613 ab
1475 596 1565 614 earum
1574 587 1723 616 cultoribus

927 623 974 652 sub
983 633 1043 651 cura
1054 644 1062 656 ‚
1083 626 1111 651 δ(
1121 621 1299 651 solicitudine
1308 621 1347 651 sui
1358 625 1500 654 Pontificis
1520 628 1656 665 reparatio
1673 627 1723 657 eis-

928 664 992 692 dem
1001 663 1040 692 est
1051 662 1203 691 adhibenda
1213 663 1330 692 Bafilicis
1339 684 1346 691 .
1358 665 1441 699 Quod
1452 665 1470 695 fi
1481 677 1576 695 omnes
1587 668 1724 702 Ecclefiz,

928 713 973 733 aut
983 704 1135 732 incolumes
1147 702 1251 731 suerint
1263 724 1272 736 ‚
1283 714 1328 732 aut
1340 726 1348 737 ,
1359 715 1418 743 quae
1430 706 1528 736 dirutoe
1539 718 1615 736 erant
1628 731 1635 742 ‚
1650 719 1725 748 repa-

929 754 993 773 ratae
1005 744 1152 772 extiterint
1167 742 1330 776 ,secundum
1341 747 1517 784 antiquorum
1527 759 1665 777 canonum
1685 751 1725 778 in.

930 785 1040 817 stituta,
1060 784 1184 812 ficei-rias
1204 784 1251 813 sibi
1260 784 1365 813 debitas
1382 786 1565 827 unusqu:sque
1575 789 1726 829 Episcopus

931 824 1029 864 assequi
1039 825 1160 854 voluerit
1174 846 1182 857 ‚
1193 825 1302 853 facultas
1312 825 1354 854 illi
1365 828 1525 857 omnimoda
1536 830 1594 858 erit
1607 851 1614 862 ‚
1625 832 1672 863 ita,
1685 832 1726 859 vi-

931 866 1033 894 delicet
1045 887 1052 898 ,
1071 875 1100 893 ut
1120 865 1188 893 citra
1207 863 1278 903 ipsus
1288 867 1382 894 tertias
1393 888 1400 900 ‚
1420 869 1510 897 nullus
1529 869 1728 909 Episcopotum

930 906 1072 945 quippiam
1081 916 1131 945 pro
1143 906 1225 945 regiis
1237 906 1458 944 inquisitionibus
1469 920 1484 937 a
1493 911 1667 948 parochianis
1678 916 1730 941 Ec-

930 948 1016 976 cleliis
1029 947 1123 986 exigat
1131 951 1182 975 ἃς.
1195 949 1206 978 ]
1219 946 1278 975 Ubi
1290 946 1431 977 Gloffitor
1443 971 1450 982 ,
1469 951 1495 981 §.
1506 953 1558 979 Pro
1568 951 1652 990 regiis
1662 975 1669 987 ,
1682 954 1724 981 in-

931 987 1047 1026 telligit,
1060 993 1072 1023 [
1084 990 1139 1016 Pro
1150 988 1249 1016 itinere
1259 987 1294 1015 ad
1303 989 1400 1027 Papam
1410 1011 1418 1022 ,
1430 991 1474 1019 vel
1483 991 1516 1019 ad
1529 994 1634 1031 Regem
1645 1015 1653 1026 ‚
1675 1004 1732 1023 iion

933 1027 1041 1067 poss'unt
1051 1027 1178 1066 Episcopi
1189 1030 1260 1057 ultra
1270 1029 1397 1057 statutum
1410 1040 1504 1068 petere
1514 1053 1522 1065 ‚
1532 1042 1563 1061 ut
1572 1036 1686 1062 Extrav.
1696 1035 1730 1063 de

934 1068 1045 1098 Cenfib.
1055 1079 1078 1096 c.
1089 1078 1149 1097 cum
1163 1069 1310 1107 Apostolus
1319 1090 1328 1102 ‚
1345 1073 1374 1098 δ(
1391 1077 1434 1099 16.
1445 1082 1472 1110 q.
1489 1082 1511 1100 i.
1521 1083 1580 1101 can.
1593 1076 1730 1112 generali—

934 1119 975 1137 ter
988 1130 994 1141 ,
1004 1109 1029 1140 ξ.
1042 1111 1146 1147 placen·
1160 1109 1190 1137 in
1200 1109 1251 1137 hoc
1263 1119 1329 1138 v:ro
1341 1121 1400 1139 can.
1412 1114 1579 1150 generaliter
1591 1136 1599 1146 ,
1620 1125 1677 1143 non
1686 1115 1732 1143 in-

935 1150 1048 1178 venitur
1059 1149 1105 1178 hic
1117 1151 1143 1181 §.
1156 1151 1264 1188 placet.-
1279 1150 1384 1179 ibrtass'e
1395 1152 1487 1182 dicere
1499 1154 1587 1182 voluit
1598 1176 1605 1187 ,
1617 1156 1734 1194 can-pla-

935 1200 979 1218 cet
991 1211 998 1223 ,
1009 1191 1056 1228 qui
1066 1191 1184 1219 mediate
1194 1190 1326 1229 sequitur,
1338 1192 1405 1221 &in
1418 1204 1473 1232 quo
1485 1195 1526 1223 nil
1537 1195 1570 1223 de
1582 1193 1734 1235 Episcopis,

937 1236 964 1260 ὃ(
975 1233 1031 1266 ejus
1041 1231 1184 1260 itineribus
1196 1253 1204 1264 ,
1223 1231 1270 1260 sed
1279 1232 1313 1260 de
1324 1233 1497 1263 immunitate
1508 1236 1630 1264 Urbium
1642 1237 1735 1265 Eccle-

938 1272 1034 1300 smrum
1046 1272 1172 1311 loquitur
1184 1284 1190 1299 :
1202 1273 1236 1301 fic
1247 1273 1330 1302 etiarn
1343 1273 1372 1301 in
1382 1274 1408 1302 d.
1420 1286 1479 1303 caii.
1490 1276 1661 1315 generaliter
1672 1298 1680 1310 ‚
1693 1278 1737 1306 ni-

937 1312 1022 1340 hilde
1035 1312 1193 1351 Episcopi35
1206 1313 1316 1352 ejusque
1329 1314 1471 1344 itineribus
1482 1317 1583 1355 agitur,
1594 1315 1640 1346 sed
1649 1317 1684 1346 de
1693 1328 1736 1347 tu-

939 1353 1002 1381 telis
1012 1354 1190 1382 Clericorum
1201 1375 1209 1387 ‚
1219 1359 1247 1383 &
1257 1354 1459 1384 Monachorum
1467 1379 1474 1390 ,
1487 1367 1515 1386 ac
1526 1358 1560 1386 de
1570 1358 1718 1387 residentia
1729 1382 1738 1393 ,

940 1397 967 1422 &
977 1392 1093 1422 servitio
1104 1395 1133 1422 in
1144 1395 1268 1423 Eccleiiis
1279 1417 1286 1428 ,
1299 1395 1341 1424 ub.
1353 1397 1395 1424 illi
1406 1395 1468 1425 sunt
1479 1398 1581 1426 addicti
1593 1410 1600 1428 ς
1616 1399 1684 1428 bene
1695 1410 1742 1428 ta-

942 1444 1005 1462 men
1015 1434 1084 1462 circa
1094 1434 1177 1463 finem
1188 1434 1322 1464 habentur
1332 1436 1390 1464 haec
1401 1439 1489 1466 verba:
1503 1442 1551 1473 [Et
1563 1438 1616 1466 hoc
1628 1450 1686 1467 non
1696 1438 1740 1469 so-

943 1478 998 1504 lum
1010 1475 1040 1502 in
1051 1476 1139 1503 veteri
1150 1479 1239 1505 Roma
1251 1498 1258 1509 ,
1283 1478 1325 1505 vel
1337 1477 1366 1504 in
1379 1476 1427 1506 linc
1440 1480 1513 1517 regia
1524 1479 1651 1507 Civitate
1659 1483 1712 1508 δεῖ.
1725 1483 1742 1513 1

943 1526 1002 1554 quae
1013 1516 1088 1555 regia
1096 1517 1207 1545 Civitas
1218 1517 1546 1556 constantinopolitam,
1557 1519 1601 1547 ubi
1614 1521 1671 1547 Leo
1683 1523 1742 1549 Au-

943 1557 1033 1595 gustus
1045 1579 1053 1589 ‚
1065 1558 1111 1595 qui
1123 1557 1182 1585 haec
1191 1556 1333 1595 scripserat
1344 1579 1351 1590 ‚
1367 1558 1513 1597 imperabat
1527 1581 1534 1591 ,
1553 1559 1722 1598 intelligitur
1733 1582 1742 1594 ,

943 1602 971 1626 ὃ(
992 1597 1131 1626 dicebatur
1146 1605 1228 1628 Nova
1240 1604 1327 1627 Roma
1347 1599 1380 1626 ad
1403 1599 1611 1627 distinctionem
1631 1601 1743 1629 Veteris

943 1640 1042 1667 Romae
1056 1660 1064 1671 ,
1083 1648 1111 1666 ut
1121 1640 1202 1666 etiam
1215 1639 1244 1666 iii
1253 1639 1280 1666 d.
1292 1644 1378 1668 Roma
1389 1662 1396 1672 ‚
1414 1645 1441 1668 δε
1455 1641 1481 1668 ιιι
1492 1640 1557 1668 dict.
1577 1641 1647 1668 vrbs
1659 1646 1744 1679 Regia

944 1680 1064 1707 dicemus
1075 1700 1081 1706 .
1105 1680 1156 1707 Sed
1168 1680 1329 1708 vocabulum
1340 1685 1425 1717 Regia
1436 1679 1555 1709 absolute
1579 1690 1743 1717 pronuntia-

946 1729 1003 1747 tum
1014 1719 1154 1748 diversum
1163 1719 1269 1750 sensum
1284 1719 1363 1748 habet
1375 1742 1382 1753 ,
1391 1731 1420 1748 ut
1431 1721 1549 1749 diximus
1561 1719 1640 1759 supra
1650 1744 1657 1751 .
1670 1725 1746 1752 Item

947 1761 977 1788 in
999 1770 1021 1787 c.
1034 1771 1093 1789 cum
1107 1761 1254 1799 Apostolus
1273 1761 1303 1788 in
1314 1764 1426 1789 Extrav.
1447 1772 1503 1790 non
1523 1761 1636 1791 liabetur
1649 1786 1656 1797 ‚
1678 1765 1746 1793 bene

946 1801 1075 1839 quidem:
1089 1809 1100 1838 [
1114 1804 1165 1830 Vas
1175 1802 1319 1830 electionis
1329 1803 1424 1830 Paulus
1439 1803 1584 1840 Apostolus
1597 1825 1604 1835 ,
1617 1815 1672 1842 cap.
1683 1805 1747 1833 uni-

947 1852 980 1870 co
993 1842 1023 1870 in
1034 1852 1140 1870 extrav.
1153 1844 1187 1871 de
1199 1843 1332 1871 Ceniibus
1345 1845 1375 1874 ‚]
1397 1844 1426 1870 in
1435 1853 1490 1881 quo
1501 1841 1572 1870 nihil
1583 1845 1616 1872 ad
1627 1844 1746 1883 propoli.

950 1892 1008 1910 tum
1018 1881 1141 1918 subjeftae
1153 1893 1272 1912 materiae
1285 1893 1341 1921 agit
1353 1903 1360 1910 .
1379 1884 1442 1923 Itaq
1453 1894 1475 1912 ie
1485 1883 1627 1914 redeundo
1644 1887 1676 1914 ad
1685 1884 1748 1913 sen-

948 1921 1007 1950 sum
1022 1925 1165 1952 verborum
1175 1925 1300 1952 Canonts
1313 1924 1393 1951 Unio
1402 1945 1410 1956 ‚
1433 1932 1467 1952 ibi
1479 1926 1601 1961 loquitur
1612 1926 1645 1954 de
1657 1926 1748 1955 Basili-

948 1974 1040 1991 carum
1051 1974 1226 2002 reputatione
1237 1986 1244 1997 ,
1256 1968 1283 1992 ὅ(
1295 1974 1352 1991 tion
1361 1963 1395 1992 de
1409 1964 1508 1992 itinere
1520 1965 1553 1993 ad
1563 1967 1661 2004 Papam
1671 1988 1680 1999 ,
1703 1966 1748 1995 vel

948 2007 1066 2042 Regem,
1076 2015 1105 2033 ut
1116 2004 1253 2033 Gloss'alor
1262 2003 1532 2043 somniaveranergo
1543 2015 1634 2043 potuis
1644 2006 1751 2036 intelli-

949 2045 1039 2083 genda
1049 2045 1087 2073 est
1098 2055 1146 2084 per
1158 2051 1275 2083 Regiam
1287 2045 1493 2084 mqmfitionem
1502 2046 1750 2087 elcemosyna‚‘quae

952 2095 982 2113 in
995 2096 1074 2124 porta
1087 2089 1196 2120 majoris
1207 2087 1331 2115 Eccleiiae
1344 2086 1526 2124 postulabatur
1537 2108 1544 2119 ,
1565 2088 1610 2116 ubi
1621 2087 1692 2117 solet
1703 2099 1751 2127 po-

951 2127 981 2154 ni
991 2128 1078 2165 aliqua
1089 2129 1185 2157 arcella
1202 2128 1235 2155 ad
1246 2126 1417 2165 colligendas
1427 2126 1578 2156 oblationis
1597 2128 1752 2164 elecmosy-

953 2177 999 2195 nas
1012 2190 1019 2200 ‚
1030 2167 1157 2196 &italice
1169 2173 1264 2201 Cerea,
1277 2167 1356 2199 idest,
1367 2168 1373 2194 i
1385 2166 1583 2206 aquisitionem
1593 2171 1678 2199 latine
1688 2180 1753 2208 pro·

952 2208 1011 2245 prie
1022 2206 1099 2236 sonat
1110 2231 1118 2242 ‚
1130 2220 1160 2237 ut
1173 2209 1203 2238 in
1211 2210 1333 2238 didione
1347 2212 1460 2236 σενι-ιω
1470 2208 1573 2237 ditium
1585 2211 1623 2239 est
1634 2222 1641 2242 ς
1661 2211 1754 2248 itaque

953 2252 1038 2286 Regia
1048 2249 1192 2288 inquisitio
1206 2271 1214 2282 ,
1225 2251 1265 2278 nil
1275 2249 1349 2278 aliud
1359 2248 1397 2276 est
1409 2269 1416 2281 ‚
1427 2257 1506 2285 quam
1518 2250 1694 2286 eleemosyna
1713 2251 1754 2279 in.

955 2289 1052 2326 quisita
1062 2290 1092 2318 in
1102 2290 1191 2318 valvis
1202 2291 1324 2320 Ecclesia:
1335 2311 1344 2323 ‚
1362 2289 1397 2317 de
1416 2298 1467 2326 qua
1487 2288 1566 2329 supra
1576 2291 1676 2321 dicitur
1694 2300 1754 2319 no·

954 2328 1074 2368 spectare
1082 2333 1141 2365 jure
1155 2331 1244 2360 tertiae
1256 2331 1289 2360 ad
1299 2329 1463 2370 Episcopum
1474 2349 1481 2357 .

103 2365 201 2395 vabant
210 2384 218 2393 .
238 2367 274 2395 In
283 2366 406 2397 Conone
414 2368 483 2407 Papa
493 2369 524 2401 .]
547 2366 649 2398 Errass'e
661 2368 794 2408 siquidem
813 2368 899 2399 fateri·
915 2371 1111 2401 Κεσιευῡιυκ
1122 2391 1129 2399 .
1142 2370 1216 2401 Vide
1224 2372 1344 2411 Fugalm
1353 2391 1361 2400 .

1648 2416 1716 2450 :Ra-
