1866 2526
94 43 119 82 4
125 43 146 84 3
153 29 173 70 8
431 28 482 73 M
512 30 533 73 Ῑ

86 86 208 116 Thomas
228 84 259 115 in
269 97 295 125 3.
308 96 378 126 part.
401 98 447 127 qu.
462 93 508 126 83·
525 98 617 120 ai·t.,2.
629 89 663 119 ad
674 101 699 119 2·
711 89 750 118 :tit
760 88 892 118 denotare

86 126 135 157 has
146 138 202 157 tres
219 126 311 157 Miss'as
321 128 461 167 triplicem
471 128 580 159 Christi
600 130 787 161 Nativitatem
799 149 810 165 ‚
825 140 890 168 qua-

89 178 151 198 rum
161 168 249 208 prima
257 169 296 197 est
305 179 410 199 aeterna
419 191 427 203 ,
438 170 515 199 nobis
524 172 646 205 occulta,
657 175 685 201 ὁ(
696 171 759 200 ideo
770 179 891 199 cantatur

89 209 121 239 in
129 210 210 239 noete
219 229 228 237 .
249 210 374 240 Secunda
384 211 422 240 est
431 210 584 250 spiritualis
593 233 602 246 ‚
625 212 687 251 quia
697 211 824 241 Christus
836 210 890 238 ori-

87 260 136 280 tur
147 260 275 289 tanquam
284 251 395 284 Lucifer
404 253 434 281 in
445 251 571 281 cordibus
579 253 679 282 nostris
689 276 696 287 ‚
709 256 735 282 ὁ(
748 261 890 290 propterea

86 300 213 321 cantatur
222 293 253 321 in
261 303 355 321 aurora
365 312 372 321 .
402 293 496 323 Tertia
508 293 545 322 est
554 294 703 332 corporalis
713 315 721 326 ,
745 291 890 322 secundum

87 343 169 372 quam
180 334 259 361 nobis
277 333 392 363 visibilis
402 333 526 372 apparuit
536 355 544 367 ‚
565 345 642 363 natus
654 346 687 363 ex
699 334 820 373 Virgine
830 354 838 366 ‚
861 336 887 361 δ(

86 374 152 403 ideo
163 383 290 402 cantatur
300 374 331 402 in
344 374 390 403 die
405 400 409 404 Α
429 378 457 404 &
467 375 536 403 clara
547 374 607 404 luce
618 377 677 413 post
687 376 809 404 Tertiam
819 394 827 402 .
846 374 887 407 ;Η.·

89 415 153 449 Quo
164 415 197 443 ad
208 415 291 443 ritum
301 425 342 443 eas
353 415 528 452 celebrandi,
549 417 630 445 multi
640 417 774 445 Auelores
788 413 888 444 classici

87 455 241 485 docuerunt
251 455 300 484 esse
312 465 451 493 peccatum
463 458 581 485 mortale
590 457 723 487 celebrare
733 457 888 487 secundam,

86 501 116 526 ὅ(
126 496 237 526 tertiam
256 495 360 525 Missiim
371 507 432 527 ante
442 508 566 529 auroram
580 523 586 533 ,
606 509 668 527 cum
679 497 733 527 lio'c
743 499 776 528 sit
794 506 890 526 contra

85 537 253 567 Pontificum
263 537 388 569 decretu
411 538 515 568 &licet
528 548 666 568 contraria
674 540 774 578 opinio
786 538 889 576 aliqua-

85 577 141 608 lem
153 578 371 617 probabilitatem
382 579 486 613 habeat,
498 580 583 608 tutius
593 590 684 609 tamen
694 581 746 610 erit
758 589 887 609 caeremo-

85 620 145 648 nias
156 620 186 648 ab
197 618 312 648 Ecclesia
329 618 419 648 semele
430 620 566 650 institutas
577 621 721 652 observare
731 642 738 650 .
761 624 816 651 FR.
831 624 886 650 Au-

85 661 173 688 &ores
184 669 273 688 autem
283 660 378 698 primae
388 660 534 691 sententiae
547 685 554 697 ,
577 664 624 701 qui
635 664 725 692 videri
738 662 846 702 poss'unt
860 672 886 689 a·

82 701 140 740 pud
148 701 268 746 Dianam
279 701 312 729 de
323 703 447 731 celebrat.
456 703 544 734 Misia:
556 726 563 737 ,
575 704 655 733 resol.
668 716 681 743 3
691 715 715 740 5.
726 712 795 743 part.
809 715 834 732 2.
848 704 888 731 lo-

81 752 205 780 quuntur
217 741 366 771 secundum
378 745 534 782 generalem
546 745 766 783 prohibitionem
777 755 834 773 non
845 755 887 772 ce-

82 783 208 811 lebrandi
218 793 282 812 ante
294 794 419 813 auroram
428 807 435 818 ,
448 789 474 814 ὅ(
486 787 545 825 post
558 788 705 816 meridiem
717 809 724 820 ,
744 786 885 824 &signan-

83 833 125 851 ter
137 845 145 856 ‚
168 834 201 852 ex
211 825 307 853 ultima
327 823 468 855 sanftione
477 827 651 856 Tridentinae
675 829 782 864 Synodi
796 848 803 859 ,
828 836 886 864 quae

82 863 140 892 scsl'.
154 876 200 893 22.
212 865 240 893 in
253 866 364 894 decreto
373 867 407 895 de
418 868 556 897 evitandis
566 869 595 897 in
603 869 788 898 celebratione
798 866 886 897 Mifi'a-

82 914 143 933 rum
154 927 162 938 ‚
174 906 219 934 ubi
230 907 302 935 inter
311 907 361 935 alia
369 918 500 946 cavetur,
522 920 557 946 ne
567 910 724 939 Sacerdotes
734 910 794 939 :iliis
807 918 886 948 quam

83 946 184 975 debitis
194 946 269 975 horis
281 948 419 977 celebrent
431 972 438 982 ,
453 950 522 979 idest
533 972 540 983 ,
561 951 590 979 in
601 952 719 981 Ecclesia
730 950 867 980 consuetis
879 970 885 977 .

82 987 170 1015 Unde
188 989 370 1031 privilegium
390 991 577 1020 Sacerdotibus
597 1004 610 1021 a
627 991 798 1031 Telesphoro
819 993 888 1030 Papa

84 1029 235 1057 concesium
245 1040 302 1057 non
312 1030 470 1069 derogatur,
482 1036 554 1069 cujus
566 1034 645 1063 verba
654 1033 716 1062 sunt
726 1033 792 1062 haec:
807 1034 882 1068 [No-

83 1070 125 1097 Cte
144 1068 234 1098 saneta
257 1070 424 1100 Nativitatis
453 1073 602 1103 Salvatoris
633 1075 720 1104 Misshs
748 1074 885 1102 celebrant

83 1110 238 1148 presbyteri
248 1114 299 1139 &a
316 1112 457 1148 Quoniam
467 1136 474 1146 ,
498 1119 524 1143 &
536 1116 593 1144 ead.
605 1117 686 1144 noste
695 1118 770 1146 &c.]
794 1114 886 1153 Igitur

84 1152 114 1180 in
132 1151 213 1179 ηοξῒε
233 1152 389 1181 nitivitatis
410 1155 528 1184 Domini
537 1155 676 1195 dispensat
698 1155 886 1186 Sacerdotibus

81 1192 217 1235 celebrare
231 1214 237 1224 ,
255 1194 329 1230 quod
340 1196 520 1235 privilegium
540 1197 569 1225 in
586 1198 641 1226 fine
663 1198 798 1226 limitavit
811 1219 818 1229 ,
842 1196 885 1224 in-

82 1242 199 1270 quiens:
225 1238 239 1267 t
250 1234 377 1273 Reliquis
388 1245 455 1265 vero
475 1238 642 1276 temporibus
663 1238 802 1268 Missiirum
814 1237 886 1266 cele-

82 1273 219 1303 brationes
239 1284 299 1303 ante
309 1274 404 1304 horam
416 1277 472 1306 diei
484 1279 604 1307 Tertiam
615 1280 731 1308 minime
742 1279 804 1308 sunt
815 1279 885 1307 cele-

82 1313 203 1347 brandae,
213 1325 273 1344 can.
284 1318 364 1344 nocie
372 1316 472 1351 san&a‚
483 1319 518 1348 de
527 1319 677 1349 consecrat.
689 1320 751 1349 dist.
767 1331 788 1348 i.
801 1322 812 1351 ]
825 1329 885 1358 (11¹ae

83 1355 257 1399 consuetudo
277 1356 455 1387 Sacerdotum
474 1360 557 1389 libere
574 1361 728 1390 celebrandi
743 1361 820 1389 simul
832 1369 885 1388 tres

82 1396 173 1425 Misias
182 1396 241 1435 post
251 1397 371 1426 mediam
389 1400 500 1428 nostem
509 1403 563 1436 jam
574 1402 661 1440 longo
671 1401 718 1430 usu
729 1402 814 1430 Urbis
827 1423 835 1434 ‚
857 1404 884 1429 δε

81 1436 170 1465 Orbis
188 1437 345 1466 confirmata
366 1439 404 1467 cst
416 1460 422 1467 .
446 1443 481 1469 Et
501 1443 576 1479 quod
585 1443 686 1471 dicitur
702 1443 736 1471 de
757 1442 805 1471 usu
814 1442 884 1470 cele-

54 1494 58 1503 «
83 1477 181 1506 brandi
195 1478 361 1516 interpolate
373 1490 454 1508 unam
465 1481 572 1511 Missam
586 1484 615 1511 in
625 1484 713 1512 media
724 1484 803 1511 noRe
813 1505 821 1516 ‚
844 1481 885 1510 se-

82 1519 199 1547 tundam
209 1519 238 1547 in
249 1529 344 1547 aurora
358 1544 364 1552 ,
386 1522 495 1549 tertiam
507 1524 566 1561 post
578 1524 690 1553 tertiam
699 1523 796 1552 horam
807 1545 814 1556 ,
838 1523 881 1551 in-

82 1559 269 1599 telligendum
280 1559 318 1588 est
329 1560 363 1588 de
382 1561 470 1591 Miffis
480 1565 709 1594 conventualibus
718 1586 726 1597 ,
750 1576 806 1592 non
818 1574 884 1592 vero

80 1600 199 1639 privatis
211 1620 217 1628 .
240 1600 408 1630 Graviffima
419 1602 487 1631 item
499 1604 536 1633 est
546 1605 620 1635 inter
638 1606 797 1644 Theologos
809 1615 883 1643 quae-

77 1641 134 1671 stio
145 1642 179 1670 de
188 1640 267 1670 Missa
280 1663 287 1674 ,
309 1652 368 1680 quae
382 1642 413 1671 in
425 1643 474 1672 hac
485 1646 565 1674 noste
586 1656 651 1675 ante
661 1650 715 1683 ejus
728 1645 884 1675 medietatis

82 1682 229 1721 periodum
239 1682 270 1710 in
281 1683 416 1721 Cappella
427 1686 574 1715 Pontis-icia
583 1709 592 1720 ,
614 1688 681 1717 &in
693 1687 808 1716 Ecclesia
818 1687 884 1716 San-

80 1723 119 1752 eti
129 1722 217 1752 Marci
229 1724 356 1752 Venetiis
367 1725 498 1754 celebrari
509 1726 579 1756 solet
590 1739 596 1755 :
608 1738 668 1767 quae
679 1727 753 1756 enim
766 1727 794 1755 in
804 1737 885 1766 papa-

77 1764 102 1793 li
111 1764 247 1802 Cappell-‘J¹
255 1764 416 1798 celebratur,
427 1765 497 1805 saepe
507 1767 649 1797 observavi
661 1791 669 1802 ‚
681 1769 756 1807 quod
766 1779 815 1807 per
823 1768 886 1797 duas

82 1804 163 1834 horas
180 1805 290 1833 circiter
307 1815 371 1833 ante
398 1808 517 1837 mediani
539 1810 649 1838 noftem
670 1809 772 1838 confici
797 1808 867 1837 solet
879 1830 884 1837 .

81 1846 172 1882 Quare
181 1845 366 1874 communiter
384 1847 488 1877 docent
497 1851 630 1879 Austores
639 1850 692 1879 hoc
715 1850 774 1878 fleri
787 1860 819 1877 ex
831 1850 885 1888 pri-

82 1885 192 1929 vilegio
204 1886 309 1915 Summi
322 1888 466 1917 Pontis-”icis
476 1911 483 1922 ‚
508 1890 563 1919 sive
574 1902 606 1919 ex
618 1890 738 1926 ejusdem
749 1889 885 1928 dispensa-

80 1936 160 1955 tione
173 1938 180 1954 .-
202 1926 329 1956 censetur
342 1949 349 1961 ,
370 1929 473 1968 quippe
484 1952 492 1964 ,
520 1930 706 1963 dispensando
714 1953 720 1964 .
751 1931 886 1960 declarare

78 1967 218 1996 Summum
229 1968 394 1998 Pontificem
406 1980 471 1999 tunc
480 1970 530 2000 esi'e
542 1972 659 2001 mediam
673 1973 781 2001 noctem
795 1993 803 2005 ‚
825 1982 885 2000 cum

81 2007 115 2036 ad
125 2007 246 2052 hominis
256 2009 395 2038 arbitrium
406 2011 557 2050 dependeat
566 2018 579 2047 (
588 2022 618 2041 iit
628 2013 678 2051 ipsi
691 2012 807 2041 afferunt
819 2016 831 2045 )
841 2013 885 2041 de-

82 2049 306 2079 nominationem
318 2050 451 2081 diurnalis
463 2053 594 2092 principii
607 2074 613 2081 .
630 2054 682 2082 Sed
693 2063 807 2092 utraque
817 2053 886 2082 ratio

81 2094 96 2123 (
105 2089 176 2118 bona
187 2090 298 2119 illorum
309 2092 413 2124 venia)
425 2104 481 2122 non
491 2094 593 2122 arridet
604 2106 612 2125 ,-
625 2105 687 2123 nam
697 2095 756 2132 quis
765 2104 884 2132 unquam

83 2130 200 2158 ocularis
213 2131 288 2160 testis
299 2131 349 2159 suit
367 2133 510 2172 privilegii
524 2134 618 2171 istius,
637 2135 693 2164 sive
705 2145 755 2173 pro
765 2135 883 2172 Cappcl-

84 2171 110 2199 la
119 2171 226 2215 papali,
242 2171 298 2199 sive
310 2181 361 2208 pro
373 2175 483 2206 Veneta
494 2176 610 2204 Ecclesia
620 2180 628 2205 ἓ
638 2178 732 2205 Nemo
743 2175 882 2213 profet‘to:

82 2221 128 2240 aut
149 2222 210 2250 quis
228 2222 347 2250 unquam
370 2223 492 2242 mentem
510 2216 653 2245 pontificis
672 2216 830 2254 exploravit
850 2216 883 2244 de

79 2251 236 2288 hujusmodi
265 2253 476 2291 anticipationis
501 2256 635 2286 diurnalis
654 2256 860 2295 dispensatione
873 2264 882 2283 ἓ

79 2295 208 2332 Namque
227 2294 246 2323 si
256 2292 368 2332 physice
379 2294 426 2323 illa
438 2296 518 2324 verba
540 2298 595 2325 sac.
607 2296 753 2335 Scripturae
777 2297 881 2325 intelli-

79 2335 170 2372 genda
180 2333 244 2363 sunt
256 2356 263 2367 ,
285 2335 360 2372 quod
370 2356 378 2367 ,
390 2335 454 2363 dum
468 2336 588 2365 medium
602 2337 740 2366 silentium
753 2347 878 2366 tenerent

83 2375 194 2409 omnia,
218 2376 340 2406 Verbum
351 2376 408 2406 Dci
424 2376 458 2407 de
466 2378 603 2416 regalibus
619 2377 724 2410 sedibus
733 2379 763 2408 in
783 2388 879 2408 terrani

1248 35 1349 77 MI

949 100 1081 126 venerat,
1103 102 1184 132 quem
1195 93 1340 131 periodum
1357 91 1532 123 Universalis
1552 94 1670 125 Ecclesia
1679 94 1751 124 celei

947 131 1053 161 brando
1067 133 1169 163 imitari
1179 144 1299 172 copnatur:
1311 134 1459 163 dicendum
1471 135 1518 168 est,
1532 135 1607 174 quod
1616 138 1687 174 Papa
1697 145 1747 165 nec

945 171 1123 213 privilegium
1133 175 1268 204 concedat
1278 196 1287 208 ‚
1297 185 1347 203 nec
1356 173 1512 213 dispensare
1521 176 1673 209 censeatur,
1684 175 1749 216 quia

946 223 1003 241 non
1012 215 1117 244 constat
1128 215 1162 245 de
1172 215 1261 255 primo
1271 237 1280 249 ‚
1291 225 1340 244 nec
1350 215 1383 244 de
1392 215 1512 250 secundo
1522 229 1529 246 ε
1541 228 1600 246 non
1611 218 1687 247 enim
1702 227 1749 245 ve-

945 253 1067 284 rificatur
1077 256 1185 286 assertio
1195 279 1203 290 ,
1218 256 1268 285 effe
1280 257 1309 284 in
1318 256 1459 286 arbitrium
1468 258 1592 292 hominis
1602 258 1746 298 physicum

945 295 1001 324 diei
1013 296 1123 326 initium
1135 298 1270 327 declarare
1283 318 1290 329 ‚
1308 295 1373 325 licet
1386 307 1480 326 verum
1491 299 1522 328 fit
1533 320 1542 333 ‚
1564 300 1639 338 quod
1648 300 1678 328 in
1691 301 1751 334 ejus·

946 337 1060 366 arbitrio
1080 339 1117 368 est
1127 339 1251 376 incipere
1270 335 1349 366 horas
1359 336 1415 366 diei
1437 348 1579 369 numerare
1599 341 1630 369 ab
1640 350 1698 369 uno
1712 349 1747 368 ex

946 388 1062 416 quatuor
1072 379 1252 409 cardinalibus
1263 379 1372 416 punftis
1384 391 1393 407 .·
1405 378 1439 407 sic
1448 390 1463 408 a
1472 380 1543 409 Solis
1554 391 1620 410 ortu
1630 381 1748 416 Babylo-

945 429 1039 449 meum
1051 420 1231 460 horologium
1243 442 1249 452 ,
1270 419 1301 447 ab
1312 418 1406 447 occasu
1419 420 1548 450 Italicum
1558 443 1566 454 ,
1589 433 1601 450 a
1614 421 1747 451 meridio-

946 461 1021 494 nali,
1044 465 1137 498 &ejus
1147 462 1273 501 opposita
1295 460 1515 499 perpendiculari
1528 462 1598 492 linea
1620 462 1750 492 astrono-

945 502 1045 530 micum
1056 525 1063 536 ,
1075 502 1121 533 sed
1130 513 1174 531 om
1181 505 1224 534 nia
1233 501 1381 540 horologia
1393 502 1464 530 Solis
1476 502 1623 540 posituram
1631 502 1748 532 minime

946 544 1053 572 variant
1062 567 1070 578 ‚
1083 555 1111 573 ac
1122 543 1229 583 semper
1238 544 1277 573 est
1288 552 1383 573 verum
1396 542 1490 571 dicere
1499 553 1573 572 nunc
1582 564 1590 576 ‚
1601 544 1677 573 verbi
1687 554 1747 583 gra<

945 583 997 618 tia,
1010 585 1048 614 est
1058 586 1148 615 media
1159 597 1215 615 nox
1226 607 1232 617 ,
1244 595 1323 624 quam
1330 584 1371 613 vis
1381 584 1532 623 supradista
1540 583 1688 623 horologia
1701 595 1749 613 va-

944 624 996 653 rias
1005 625 1087 656 horas
1096 627 1243 656 secundum
1253 625 1358 656 variam
1367 625 1549 654 directionem
1561 625 1749 664 pulsent-Hoc

943 667 1033 703 posito
1043 668 1106 697 dico
1117 668 1236 697 secundo
1247 689 1255 700 ,
1276 665 1352 706 quod
1362 675 1416 695 tam
1425 667 1559 705 Cappella
1579 666 1680 705 papalis
1692 686 1699 698 ,
1721 670 1750 695 ὃ(

946 708 1055 738 Veneta
1064 711 1089 739 S.
1100 709 1187 739 Marci
1198 708 1315 738 Ecclesia
1326 730 1335 741 ,
1358 717 1440 745 quam
1447 706 1613 736 universalis
1632 706 1750 737 Ecclesia

944 747 1083 785 physicam
1103 750 1222 779 mediam
1232 750 1342 778 nostem
1361 749 1506 777 imitantur
1517 749 1547 776 in
1564 747 1750 777 celebratione

945 789 1032 819 Miss'ae
1053 792 1161 820 Natalis
1172 790 1290 820 Domini
1302 812 1310 822 ,
1332 789 1407 829 quod
1417 789 1548 827 probatur
1560 790 1651 827 primo
1662 789 1691 817 in
1704 798 1750 816 or-

944 830 1011 859 dine
1021 832 1053 859 ad
1063 833 1187 870 papalem
1199 830 1370 869 Cappellam,
1386 831 1577 867 Venetamque
1588 829 1748 860 Ecclesiam,-

946 881 1009 899 nam
1020 882 1082 901 cum
1093 871 1290 906 Hierosolyma
1300 873 1388 910 regin,
1399 871 1442 899 ubi
1455 869 1552 899 mundi
1562 870 1686 899 Salvator
1698 879 1747 896 no<

942 911 982 940 bis
993 923 1070 942 nattis
1083 912 1168 942 stierat
1180 934 1188 945 ,
1209 922 1258 951 per
1267 911 1454 950 longitudinis
1464 911 1568 940 lineam
1577 932 1586 943 ‚
1608 911 1638 938 ab
1650 909 1747 938 Astro-

939 953 1031 982 nomis
1040 964 1159 993 ponatur
1167 954 1200 982 ad
1209 953 1306 992 gradus
1321 959 1397 982 66-0.
1409 954 1499 981 Roma
1510 961 1577 981 vero
1587 951 1619 979 ad
1629 949 1748 986 ejusdem

941 993 1022 1023 lineae
1035 995 1133 1033 gradus
1153 1007 1166 1034 3
1177 999 1201 1023 8.
1214 1005 1261 1032 30.
1271 994 1357 1033 igitur
1366 991 1539 1032 distentae,
1562 1002 1622 1030 quae
1633 992 1708 1019 inter
1719 1000 1749 1018 u-

941 1033 1063 1074 triusque
1078 1035 1266 1076 longitudinis
1288 1033 1365 1064 zenit
1384 1032 1529 1070 interjacet
1540 1054 1547 1065 ,
1569 1031 1633 1061 esl'et
1653 1031 1751 1071 gradus

945 1087 1010 1114 2733
1017 1088 1043 1104 0.
1061 1087 1123 1105 cum
1136 1076 1250 1106 minutis
1263 1087 1268 1105 ;
1291 1074 1337 1104 sed
1350 1083 1412 1103 cum
1422 1075 1469 1103 Sol
1479 1084 1526 1112 per
1536 1072 1688 1111 quamlibet
1698 1070 1751 1101 ho-

942 1126 998 1144 ram
1014 1127 1057 1153 ις.
1075 1119 1173 1157 gradus
1192 1116 1321 1146 conficiat
1330 1137 1338 1150 ,
1357 1125 1425 1153 ergo
1437 1113 1669 1144 Bethleliemitica
1690 1123 1749 1141 me-

941 1157 985 1186 dia
995 1169 1053 1187 nox
1074 1158 1218 1197 praecurrit
1229 1160 1381 1188 Romanam
1394 1177 1402 1188 ‚
1425 1160 1453 1185 ὁ(
1467 1158 1601 1185 Venetam
1625 1165 1674 1193 per
1684 1154 1748 1182 duas

940 1197 1020 1226 horas
1031 1199 1229 1239 incompletas:
1253 1199 1327 1228 unde
1345 1196 1461 1226 evidens
1471 1196 1502 1225 fit
1514 1219 1521 1229 ,
1544 1196 1620 1234 quod
1633 1196 1699 1224 dum
1719 1195 1749 1222 in

939 1240 1074 1277 Cappella
1098 1242 1184 1279 papali
1197 1262 1205 1273 ‚
1228 1243 1255 1269 δε
1267 1239 1296 1268 in
1309 1237 1424 1269 Ecclesia
1438 1238 1531 1267 Sancti
1553 1237 1644 1266 Marci
1656 1238 1750 1265 Vene-

940 1279 1040 1309 tiarum
1052 1281 1126 1310 Misia
1136 1281 1244 1311 Natalis
1253 1280 1402 1308 celebretur
1411 1288 1460 1315 per
1477 1279 1541 1306 duas
1553 1276 1632 1305 horas
1645 1277 1749 1305 incom-

941 1321 1025 1358 pletas
1045 1331 1108 1349 ante
1131 1322 1249 1351 mediam
1269 1322 1379 1349 noctem
1397 1318 1536 1347 orizontis
1553 1318 1695 1350 Romani,
1718 1321 1747 1346 ὃς

941 1362 1043 1390 Veneti
1055 1384 1063 1395 ,
1086 1362 1122 1390 ibi
1136 1362 1277 1400 physicam
1297 1360 1416 1389 mediam
1425 1359 1536 1388 noc‘tein
1556 1357 1748 1387 Bethlehemi-

941 1401 1023 1430 ticam
1034 1424 1041 1434 ,
1064 1402 1108 1430 ubi
1120 1425 1127 1435 ,
1152 1414 1181 1432 :ic
1191 1402 1303 1442 quando
1316 1411 1380 1430 vere
1398 1410 1475 1428 natus
1484 1400 1522 1429 est
1543 1398 1672 1429 Christus
1687 1399 1748 1426 imi-

940 1452 1033 1471 tantur
1042 1465 1049 1476 ,
1073 1446 1100 1471 ὃ(
1118 1444 1181 1472 ideo
1201 1455 1258 1472 non
1271 1443 1318 1471 ‘est
1335 1451 1404 1480 opus
1422 1440 1607 1469 Pontificium
1629 1440 1689 1477 priv
1697 1441 1747 1468 ile-

939 1483 1015 1522 gium
1028 1506 1035 1516 ,
1058 1484 1103 1512 vel
1115 1484 1353 1523 dispensationem
1377 1481 1504 1510 inaniter
1514 1480 1644 1518 speculari
1654 1500 1664 1515 ,
1687 1490 1749 1508 cum

939 1524 973 1552 dc
984 1524 1039 1553 illis
1049 1524 1144 1553 nullibi
1157 1525 1263 1554 mentio
1274 1523 1322 1552 fiat
1333 1521 1462 1560 expreffib
1477 1521 1597 1560 dumque
1608 1520 1680 1549 ratio
1690 1519 1750 1549 suss-

939 1565 986 1593 det
997 1587 1005 1598 ‚
1028 1566 1103 1603 quod
1114 1564 1228 1594 scientia
1240 1588 1247 1598 ,
1268 1574 1296 1592 ac
1307 1562 1452 1603 prudentia
1462 1562 1632 1591 Pontificum
1645 1583 1652 1594 ‚
1665 1562 1750 1590 astro-

939 1606 1047 1634 nomica
1058 1628 1065 1638 ,
1087 1606 1184 1645 piaque
1194 1605 1431 1644 contemplatione
1440 1612 1547 1642 tempus
1557 1624 1565 1636 ‚
1584 1606 1611 1631 ὅ(
1622 1601 1718 1631 horam
1741 1624 1748 1634 ,

939 1656 990 1684 qua
1002 1647 1140 1675 Dominus
1151 1648 1179 1675 in
1192 1646 1357 1677 Bethlehem
1369 1655 1445 1674 natus
1458 1644 1566 1676 suerat,
1588 1643 1689 1671 imitari
1700 1653 1748 1671 vo-

941 1687 1024 1715 luerit
1035 1711 1042 1715 .
1056 1688 1119 1723 Quo
1131 1688 1252 1727 denique
1261 1689 1293 1717 :td
1304 1687 1452 1716 Ecclesiam
1462 1683 1646 1713 universalem
1656 1705 1663 1716 ,
1676 1682 1749 1721 phy·

941 1728 992 1756 sice
1002 1727 1086 1756 etiam
1106 1729 1208 1757 imitari
1219 1730 1338 1758 mediam
1357 1728 1465 1755 nostem
1475 1725 1592 1754 dicimus
1605 1736 1612 1756 ς
1638 1735 1696 1752 non
1708 1734 1748 1752 ta-

940 1779 1003 1797 men
1016 1768 1281 1798 Bethlehemiticam
1292 1791 1299 1802 ‚
1309 1768 1356 1797 sed
1368 1765 1576 1804 uniuscujusque
1589 1765 1695 1804 proprii
1706 1774 1748 1792 re-

941 1809 1061 1848 gionalis
1079 1809 1218 1839 orizonn's
1230 1831 1236 1838 .
1260 1810 1305 1839 Est
1317 1810 1391 1838 locus
1408 1806 1587 1846 perobscurus
1607 1806 1677 1844 apud
1688 1807 1747 1834 Ru-

941 1860 1049 1888 pertum
1060 1850 1105 1879 lib.
1118 1861 1144 1888 3.
1155 1862 1177 1879 c.
1195 1862 1236 1883 ¹7·
1260 1851 1304 1880 ubi
1314 1850 1424 1887 inquit,
1443 1849 1517 1886 quod
1528 1848 1558 1875 in
1568 1847 1618 1875 hac
1631 1848 1676 1875 die
1686 1847 1747 1875 duae

942 1890 1027 1919 Miss'ae
1039 1891 1167 1920 celebrari
1177 1891 1277 1919 debent
1290 1913 1297 1924 ‚
1320 1890 1367 1919 sed
1377 1888 1550 1927 intelligitur
1561 1898 1627 1916 anre
1639 1887 1748 1916 tertiam

942 1931 1057 1962 hort-nu
1072 1941 1134 1960 nam
1149 1933 1228 1960 tertia
1241 1931 1320 1961 Missa
1332 1930 1391 1969 post
1401 1930 1512 1958 tertiam
1522 1927 1619 1957 horai-ii
1631 1928 1748 1955 celebra-

943 1973 964 2000 ri
976 1972 1055 2000 debet
1065 1984 1072 2002 ς
1083 1972 1273 2011 intelligendo
1284 1995 1290 2005 ,
1303 1972 1408 2001 scilicet
1418 1993 1426 2003 ‚
1438 1969 1545 2009 semper
1556 1969 1590 1997 de
1600 1968 1691 1998 Missis
1702 1966 1748 1995 so-

942 2013 1074 2041 lemnibus
1085 2035 1092 2045 ,
1115 2022 1143 2041 ut
1154 2012 1293 2051 supradixi
1304 2015 1341 2047 .Ἠ.·
1355 2013 1458 2040 Multos
1473 2010 1546 2040 casus
1555 2009 1630 2038 affert
1643 2009 1748 2052 Valen-

943 2054 980 2081 tia
990 2075 997 2086 ‚
1008 2054 1037 2081 in
1048 2054 1142 2092 quibus
1153 2054 1282 2082 Sacerdos
1296 2076 1302 2086 ,
1328 2063 1385 2081 non
1397 2052 1461 2080 facta
1475 2052 1618 2080 ablutione
1628 2071 1635 2082 ,
1659 2049 1746 2087 possct

942 2094 1033 2122 denuo
1044 2094 1074 2122 in
1085 2095 1181 2123 eodem
1192 2095 1237 2123 die
1251 2095 1402 2124 celebrare,
1423 2101 1449 2120 at
1465 2093 1494 2120 in
1506 2091 1554 2120 usu
1562 2091 1676 2128 amplius
1688 2101 1746 2118 non

942 2143 1039 2162 extant
1050 2145 1058 2164 ς
1081 2134 1128 2163 scd
1140 2145 1246 2163 tantum
1266 2136 1294 2163 in
1305 2135 1350 2163 die
1361 2134 1527 2163 Nativitatis
1546 2132 1667 2160 Domini
1680 2142 1747 2159 con-

941 2175 1047 2203 ceditur
1060 2197 1067 2207 ,
1090 2179 1116 2204 &
1129 2176 1240 2213 quando
1252 2175 1385 2204 Parochus
1396 2173 1508 2202 haberet
1520 2173 1586 2202 duas
1604 2171 1747 2210 parocbia-

941 2216 979 2244 les
991 2216 1120 2245 Ecclesias
1131 2238 1138 2247 ,
1150 2226 1261 2254 quarum
1274 2226 1388 2255 utraque
1398 2225 1431 2243 ex
1442 2214 1536 2252 inopia
1546 2222 1692 2251 proprium
1702 2212 1747 2240 Sa-

940 2257 1082 2284 cerdotem
1095 2268 1153 2285 non
1176 2258 1281 2286 valeret
1291 2256 1438 2285 sustinere.
1461 2256 1575 2283 Tolerus.
1585 2265 1595 2281 x
1605 2264 1651 2282 ero
1661 2253 1707 2280 lib.
1720 2261 1745 2278 1.

940 2307 998 2335 cap.
1010 2308 1036 2334 3.
1047 2308 1074 2325 n.
1089 2307 1112 2332 ς.
1124 2297 1205 2325 docet
1219 2298 1393 2327 Sacerdotem
1404 2307 1461 2325 non
1472 2295 1537 2324 faeta
1549 2294 1688 2323 ablutione
1698 2311 1707 2322 ,
1724 2290 1743 2318 fi

941 2337 969 2365 in
979 2337 1024 2368 die
1037 2337 1096 2366 festi
1108 2348 1281 2367 concurreret
1294 2339 1393 2378 ingens
1406 2337 1523 2376 populus
1532 2335 1565 2364 ad
1576 2330 1744 2362 audiendam

939 2377 1054 2412 Miss'am,
1068 2379 1113 2410 vel
1122 2380 1156 2408 ob
1164 2379 1350 2412 necessitatem
1361 2379 1444 2409 dandi
1458 2376 1602 2410 viaticum,
1614 2370 1686 2412 pofl‘e
1696 2370 1742 2400 de-

1644 2422 1701 2443 nuo
