1866 2526
445 23 566 67 AN

92 91 155 123 pem
163 104 175 119 ,
193 92 255 123 qux
263 81 350 111 'idem
361 81 522 122 fignificat.
543 87 558 117 ζ
570 82 696 125 Quatuor
716 89 749 108 ex
772 77 815 123 liis
832 89 879 117 per

91 126 188 166 fiigam
197 125 260 162 lapsi
267 133 390 161 pateram
401 145 409 156 ‚
431 127 460 152 δι
470 132 582 152 urceum
592 143 600 155 ‚
621 131 670 160 qui
679 131 748 150 anax
757 120 860 164 dicitur
871 141 878 152 ,

93 166 128 195 in
132 165 252 205 patriam
260 163 391 192 deferunt
398 184 406 192 .
427 165 516 203 Greg.
526 165 631 192 Turon.
641 162 676 191 de
685 164 782 191 Mirac.
793 161 842 189 lib.
853 172 866 189 2

92 217 152 245 cap.
163 208 211 238 8.]
235 206 328 242 Quare
337 204 517 244 corrigendus
525 202 591 232 esset
607 212 700 232 textus
713 205 799 241 Greg.
819 202 880 230 Ma-

93 248 147 289 gni
155 247 187 275 in
197 245 304 286 Regist.
316 245 362 274 lib.
371 257 400 281 4.
409 245 489 283 epist.
503 256 550 280 40.
561 244 605 288 ubi
616 244 653 272 ait
669 255 675 272 .·
695 249 713 287 ἡ(
726 243 822 272 Unam
832 252 878 271 vc-

91 293 126 317 d'o
154 297 264 316 anatem
280 295 344 314 cum
359 287 462 317 duobus
481 286 602 324 parvulis
622 294 714 313 atticis
733 293 784 321 pro
795 283 879 312 vestri

1219 18 1340 66 AN
1629 38 1679 76 59

933 87 1002 108 nens
1010 87 1062 118 pro
1069 88 1206 109 contento
1217 79 1311 113 intelli
1334 78 1374 112 it‚·
1398 91 1460 109 nam
1471 91 1501 108 iit
1520 82 1568 110 lib.
1591 83 1723 115 Eccleffi-

932 119 993 148 stici
1004 130 1062 158 cap.
1075 130 1122 156 ²5·
1135 121 1255 150 dicitur:
1281 90 1408 152 lgmnis
1419 116 1522 150 malitia
1531 143 1538 155 ,
1561 127 1589 151 ἃ
1599 125 1721 162 nequitia

934 160 1070 194 mulieris,
1080 163 1094 193 ]
1106 164 1135 190 ὅ(
1147 167 1159 196 [
1171 161 1268 190 Brevis
1279 162 1371 190 omnis
1383 162 1487 191 malitia
1497 161 1576 201 super
1588 165 1722 196 malitiam

933 200 1058 230 mulieris
1068 223 1076 229 .
1097 201 1218 231 ibidem.
1243 205 1255 234 ]
1269 200 1341 230 Vide
1355 205 1519 241 Transenna
1529 224 1536 232 .

893 243 1076 272 Anemonem
1099 243 1174 271 Vide
1184 246 1287 273 Othone
1297 264 1304 271 .

892 283 1001 312 Ακετᾼ
1012 303 1021 316 ,
1046 285 1103 312 PR.
1116 283 1216 313 Anser.
1229 290 1242 319 [
1256 284 1284 312 Si
1295 283 1356 323 quis
1379 284 1502 314 anserem
1521 285 1700 317 domesticam
1712 311 1720 322 ,

93 328 195 365 amoris
211 326 301 367 gratia
312 325 500 355 transmittere
519 325 678 365 praesumpli
690 345 697 353 .
718 325 857 356 ]Donum
869 345 878 357 ,
904 348 907 351 .

934 323 980 352 rel
990 333 1098 352 anetam
1109 323 1242 359 furaverit
1253 345 1260 351 .
1285 325 1303 353 l.
1313 325 1400 354 salica
1411 326 1453 354 tir.
1464 338 1490 358 7·
1501 330 1512 359 ]
1537 329 1609 357 Vide
1619 333 1703 358 Auca.
1714 350 1721 357 .

93 379 194 408 nempe
202 390 211 402 ,
222 367 372 398 Theodoro
382 368 494 396 Medico
503 366 627 400 millum,
636 376 729 404 itaque
740 370 878 397 Anacem,
892 365 1036 393 Ascanio
1047 376 1155 404 ,cogo‚
1177 375 1267 406 graece
1276 363 1418 404 :lyyxpsCm
1428 389 1435 399 ,
1447 368 1551 397 Persica
1562 379 1618 398 vox
1632 381 1639 400 ς
1661 375 1722 399 An-

93 414 122 439 &
141 420 199 439 non
207 414 332 439 Anatem
353 408 503 447 legendum
515 429 522 441 ,
545 408 579 436 lic
599 407 684 436 etiam
699 407 771 445 apud
781 405 877 435 Anast-

929 407 994 442 gan'
1004 405 1079 434 enini
1087 407 1262 436 Tabelliones
1274 407 1344 445 regii
1354 408 1458 437 Persica
1470 409 1564 448 lingua
1573 410 1634 438 dicu
1640 421 1702 441 ntut·
1712 433 1721 444 ,

90 449 230 480 Biblioth.
239 450 270 478 in
279 452 367 488 Greg.
377 451 429 478 LV.
440 449 483 477 ubi
495 448 625 477 habetur:
651 453 664 484 [
683 447 752 476 Vela
769 446 881 474 modica
935 449 961 474 δε
973 446 1244 490 quiaconcedebatur
1254 448 1292 476 eis
1302 448 1442 477 brachium
1454 459 1561 489 regium
1571 452 1605 479 ad
1616 450 1723 480 sumen-

90 491 140 519 ubi
158 490 237 529 supra
256 490 290 519 de
299 491 416 518 olovero
433 490 529 518 decem
545 488 646 517 habens
660 487 879 526 unumquodque
933 486 983 514 dos
994 487 1096 526 ubique
1104 487 1183 527 supra
1195 510 1201 521 ,
1227 499 1310 518 naves
1322 510 1330 521 ‚
1353 493 1380 518 ὃ(
1399 491 1538 530 cogendos
1556 501 1640 521 etiam
1662 492 1722 521 sub-

93 541 189 560 eorum
200 541 309 560 anates.
333 533 345 561 ]
370 532 462 568 Lege,
485 535 614 560 Anates.
641 548 644 549 ν

53 573 203 602 Axcnomi
215 592 222 599 .
244 574 301 601 l-'R.
312 573 454 608 Corrupte
464 581 515 609 pro
525 577 606 599 leona
623 569 753 598 Albertus
773 568 880 598 Castel-

91 613 168 642 lanus
182 614 211 641 in
223 616 278 647 ejus
289 612 456 641 sacerdotali
482 612 526 639 tit.
545 611 580 639 de
597 610 793 638 benedictione
811 610 878 637 ima-

91 654 170 692 ginis
181 664 239 692 cap.
251 658 277 681 8.
287 653 333 681 ubi
342 653 376 680 sic
389 652 488 680 habet:
510 658 522 687 [
534 652 579 681 Ut
588 650 756 679 Anchonzim
766 650 838 679 hanc
849 650 878 677 in

93 704 146 732 qua
155 691 355 732 gloriolisffinae
365 693 507 731 Imagines
516 697 570 721 occ.
589 700 737 730 antequam
753 692 878 730 quicum-

90 744 145 773 que
154 735 189 763 ob
198 733 398 766 devotionem,
419 733 453 762 ad
471 731 560 771 ipsam
575 732 763 766 adorandam,
780 731 812 761 se
831 732 877 760 de<

93 784 159 803 vote
170 774 349 803 inclinaverit
360 778 413 802 ἃς.
446 806 450 810 ι

52 816 283 847 Amenanus,
304 815 374 843 liber
399 815 431 843 'S-
449 812 609 853 'Epiphanii
627 814 804 845 Constantia?
816 835 824 846 ,
847 813 866 842 fi

95 866 128 885 ve
146 855 292 884 Salaminae
313 855 344 883 in
363 856 462 894 Cypro
473 856 609 885 Civitatis
622 855 711 894 Episc.
733 856 769 883 ita
782 853 879 883 inscri-

90 905 154 934 ptus
165 917 174 928 ,
193 906 227 924 eo
238 896 301 934 quia
309 906 359 924 ceu
367 895 487 925 anchora
499 897 653 925 stabiliebat
674 896 769 925 fideles
781 917 789 929 ,
812 905 846 923 ne
867 906 880 924 a

91 930 222 965 salsorum
239 938 400 976 dogmatum
416 938 499 966 undis
517 936 749 976 trasportarentur
759 957 767 965 .

49 979 257 1007 ANDERINEUM
270 999 278 1010 ,
293 978 538 1012 deambulacrum,
558 978 606 1007 seu
622 979 751 1007 transitus
769 977 805 1006 de
823 987 879 1006 uno

94 1018 128 1046 ad
147 1018 236 1045 :ilium
248 1019 339 1046 locum
351 1039 358 1046 .
382 1020 526 1047 Antonius
543 1020 618 1048 Petri
632 1020 662 1047 in
682 1018 741 1053 suo,
753 1028 792 1046 m.
800 1028 824 1045 c.
845 1018 880 1046 de

91 1060 202 1096 Joanne
214 1060 323 1087 XXIII.
342 1058 463 1086 scribens
474 1080 482 1091 ‚
505 1060 546 1088 ait
555 1079 563 1087 .
586 1059 667 1095 [Die
677 1061 761 1088 Luna:
773 1058 879 1086 decima

92 1099 189 1136 quinta
199 1099 270 1126 dieti
289 1099 387 1128 menfis
403 1099 482 1136 Junii
498 1111 582 1135 1411.
601 1101 640 1129 D.
656 1101 694 1129 N.
714 1101 785 1137 Papa
795 1100 879 1136 Jozin-

90 1149 139 1167 nes
148 1139 333 1168 XXHLsecit
343 1139 469 1176 incipere
481 1149 596 1172 murare,·
607 1144 636 1169 δι
647 1140 706 1168 fleri
722 1139 808 1168 facere
820 1149 878 1168 mu-

93 1189 159 1207 rum
169 1200 179 1212 ,
203 1183 231 1208 6<
241 1179 420 1208 anderineum
429 1179 464 1207 de
474 1180 580 1217 palatio
592 1180 754 1218 Apostolico
764 1200 773 1212 ,
796 1178 879 1218 iisque

91 1219 125 1248 :id
147 1219 274 1248 Castrum
295 1221 321 1248 S.
343 1219 448 1258 Angeli
471 1230 519 1259 pcr
541 1221 642 1249 multos
663 1221 828 1259 Magistros.

51 1261 189 1289 Amico.
214 1260 271 1289 FR.
290 1260 403 1299 Obligo
415 1282 424 1293 ‚
447 1260 605 1298 promitto,
629 1262 658 1289 in
678 1261 785 1300 legibus
804 1263 879 1290 Lon-

89 1301 274 1339 gobardorum
283 1300 459 1339 frequenter:
480 1306 509 1331 δε
521 1302 661 1341 signanter
677 1303 697 1330 l.
710 1302 728 1331 si
750 1301 860 1331 libertas
871 1301 886 1330 .'

93 1341 128 1369 de
150 1340 360 1370 successionihus
371 1362 378 1370 .

53 1382 206 1411 Art-mom
220 1403 228 1415 ,
249 1392 337 1421 graeca
360 1393 416 1412 vox
438 1380 531 1422 οἶνῖρῶι
549 1383 626 1413 locus
648 1383 678 1413 in
700 1384 819 1413 Ecclesia
830 1395 880 1423 pro

90 1422 161 1451 viris
169 1421 326 1452 destinatus.
340 1428 352 1458 [
365 1425 440 1453 Dum
450 1424 588 1463 quendam
599 1435 744 1464 pauperem
755 1426 784 1453 in
795 1435 879 1464 angu-

91 1463 140 1492 stis
147 1464 334 1492 andronarum
343 1465 486 1494 receffibus
503 1476 517 1493 a
527 1465 734 1504 Vespillonibus
753 1466 878 1495 inveniri

91 1512 230 1532 mortuum
237 1504 398 1543 contigiss'et
408 1526 416 1533 .
438 1508 474 1544 Jo
485 1517 492 1533 ε
511 1507 634 1536 Diacon.
642 1507 676 1534 in
685 1506 745 1535 vita
755 1507 780 1534 S.
791 1509 879 1546 Greg.

91 1542 139 1571 lib.
151 1555 177 1571 2.
185 1553 246 1581 cap.
256 1556 306 1580 29.
317 1547 331 1576 ]
345 1546 433 1574 Locus
443 1547 494 1574 iste
503 1556 561 1575 erat
572 1557 606 1576 ex
618 1547 800 1575 meridionali
821 1557 882 1585 par-

92 1593 122 1611 te
132 1604 141 1616 ‚
165 1594 227 1612 cum
238 1584 441 1623 antiquissimus
449 1587 482 1615 fit
491 1597 550 1615 mos
559 1586 707 1626 separatim
716 1587 747 1615 in
765 1589 882 1617 Ecclesia

92 1624 169 1652 viros
180 1645 188 1657 ,
210 1629 237 1653 ὅ(
249 1625 378 1654 mulieres
385 1636 464 1655 orare
474 1648 483 1660 ‚
493 1628 567 1665 quod
575 1627 773 1668 rigorosiffime
783 1629 814 1657 ab
823 1639 881 1657 om-

934 527 1008 555 ditos
1020 528 1104 562 vehi,
1123 530 1272 563 auxiliari,
1295 534 1323 559 δε
1334 531 1433 560 limilia
1444 553 1452 564 ,
1475 532 1540 560 ideo
1550 534 1582 561 ab
1594 532 1652 561 istis
1661 538 1723 562 An<

930 571 1008 604 garis
1019 589 1027 601 ‚
1050 573 1181 607 Augai-ia
1193 571 1266 599 dieta
1278 569 1331 599 fuit
1351 571 1408 610 ipsa
1428 574 1537 601 coactio
1550 594 1557 601 .
1580 580 1595 609 [
1610 578 1643 603 Et
1661 585 1724 612 qui-

935 618 1051 646 cumque
1063 620 1089 639 te
1100 613 1289 650 angariaverit
1298 613 1378 641 mille
1390 613 1471 650 palliis
1481 635 1489 646 ‚
1514 614 1583 643 vade
1593 625 1655 643 cum
1669 615 1721 644 illo

935 649 988 677 alia
998 650 1053 678 duo
1065 672 1071 678 .
1092 652 1195 681 Martii.
1208 664 1235 691 3.
1245 655 1330 682 Hunc
1340 664 1557 693 angariaverunt
1566 677 1574 688 ‚
1597 665 1626 684 ut
1639 656 1723 684 tolle-

935 699 977 718 ret
987 700 1095 720 crucem
1106 695 1161 730 ejus
1171 713 1178 720 .
1192 695 1270 722 Idem
1281 704 1338 732 cap.
1353 706 1397 726 27.
1411 698 1423 726 ]
1438 698 1479 724 Ac
1491 696 1583 733 lepide
1595 696 1725 732 AEschy-

935 730 978 759 lus
989 731 1020 760 in
1037 734 1156 772 tragoed.
1178 734 1297 773 dyyapov
1306 735 1364 772 ’πῦρ
1383 736 1478 774 ignem
1498 737 1578 764 illum
1591 738 1704 766 vocavit
1715 760 1724 771 ‚

937 781 994 809 quo
1002 771 1095 801 solent
1108 774 1229 803 litorales
1239 785 1386 813 turrespro
1398 776 1476 814 ligno
1495 777 1534 805 uti
1550 799 1558 809 ,
1580 782 1608 806 &
1629 779 1658 806 in
1677 778 1722 806 in-

936 814 1021 841 stanti
1031 815 1204 844 occurrentia
1215 815 1346 843 nuntiare
1358 837 1367 848 ,
1390 827 1420 844 ac
1440 817 1459 845 fi
1473 816 1614 846 cursorem
1627 819 1724 857 ignem

934 853 1039 882 diceret
1049 875 1057 882 .
1082 857 1184 884 Eadem
1198 855 1289 893 pliraii
1311 855 1468 892 Barchlajiis
1481 858 1509 886 in
1519 857 1565 886 sua
1578 860 1724 899 Argenide

937 894 1023 922 etiam
1042 895 1102 924 usus
1121 897 1160 925 est
1170 918 1178 929 ,
1201 901 1327 935 Angaros
1350 901 1423 935 ignes
1446 899 1558 934 dicens.

899 936 1063 969 Axonam,
1085 938 1193 975 publica
1215 938 1376 976 impositio,
1407 949 1488 977 quam
1505 939 1553 967 alii
1575 944 1723 978 Engeriam

936 975 1069 1005 dixerunt
1079 998 1089 1005 .
1112 980 1169 1007 PR.
1182 978 1282 1007 Bullar.
1292 979 1466 1008 Casmaom.
1481 992 1507 1009 z.
1526 982 1613 1009 const.
1626 989 1672 1010 60.
1696 986 1723 1011 &-

936 1016 1002 1044 alibi
1015 1038 1023 1049 ,
1044 1018 1062 1045 1.
1073 1028 1103 1046 ut
1115 1018 1188 1048 servi
1202 1040 1210 1051 ,
1220 1019 1254 1046 de
1263 1019 1423 1048 defensione
1434 1022 1571 1050 Aldorum
1582 1042 1588 1049 .
1612 1023 1723 1051 Adnot.

935 1055 966 1084 in
975 1055 1040 1086 hist.
1050 1059 1226 1098 longobard.
1237 1060 1284 1088 lib.
1297 1070 1324 1097 3.
1334 1069 1395 1097 cap.
1411 1072 1419 1088 i
1428 1069 1453 1090 ο.
1467 1063 1554 1097 [Hoc
1565 1063 1603 1090 est
1614 1084 1621 1096 ,
1635 1074 1723 1102 neque

933 1099 1056 1135 angariis
1066 1101 1222 1135 Presbyteri
1237 1121 1245 1132 ‚
1265 1111 1312 1128 aut
1334 1101 1491 1135 Diacones,
1515 1112 1605 1141 neque
1623 1104 1726 1142 aliqui-

937 1137 982 1165 bus
1003 1138 1154 1178 fatigantur
1175 1140 1374 1169 indifflonibus
1393 1153 1452 1171 can.
1462 1143 1526 1180 quia
1551 1154 1688 1182 10-q11-3·
1710 1146 1724 1175 J

937 1178 1010 1206 Item
1030 1183 1221 1218 Parangaria.
1245 1180 1374 1210 Closs-in
1394 1193 1453 1211 can.
1472 1185 1564 1212 nullus
1575 1183 1725 1223 Episcopus

937 1228 1095 1256 gravamen.
1120 1232 1143 1250 1.
1164 1222 1258 1260 quaest.
1285 1233 1308 1250 i.
1327 1222 1431 1252 Differt
1462 1234 1555 1253 tamen
1574 1225 1726 1264 aliquando

937 1263 1070 1297 Angaria
1079 1272 1092 1290 :i
1103 1267 1277 1300 Parangan'a
1288 1274 1295 1294 5
1308 1274 1372 1291 nam
1383 1265 1433 1293 illa
1442 1266 1478 1293 e1¹i
1490 1266 1652 1304 obsequium
1663 1277 1726 1305 per-

937 1298 1032 1330 sonale
1042 1323 1052 1335 ,
1069 1306 1103 1331 ,ὃς
1114 1305 1236 1341 propriis
1245 1304 1372 1342 expenfis
1381 1307 1573 1344 exequendum
1587 1319 1595 1338 5
1618 1313 1726 1336 Paran-

932 1345 1016 1377 garia
1023 1352 1093 1371 vero
1102 1344 1140 1372 est
1152 1344 1182 1372 in
1191 1343 1306 1382 persona
1315 1367 1325 1378 ,
1348 1356 1407 1384 quae
1419 1345 1508 1375 servit
1520 1357 1582 1376 cum
1603 1348 1724 1376 :iliorum

937 1383 1079 1420 expensis.
1101 1383 1196 1413 Gloss.
1216 1385 1248 1413 in
1267 1396 1327 1414 can.
1346 1397 1405 1415 iioii
1414 1388 1504 1416 minus
1523 1388 1558 1417 de
1579 1390 1726 1418 quuunit.

939 1423 1042 1451 Eccles.
1052 1425 1175 1464 Angaria
1189 1426 1302 1464 proprie
1320 1437 1470 1465 gravamen
1488 1429 1642 1468 significat.
1657 1440 1726 1458 tan.

937 1465 1063 1501 quamsit
1077 1471 1101 1494 8.
1113 1467 1208 1505 quaest.
1229 1478 1255 1496 ι.
1265 1468 1309 1496 ubi
1327 1467 1456 1497 habetur:
1483 1475 1495 1504 [
1508 1474 1541 1498 Et
1561 1470 1726 1499 monasteria

939 1505 1133 1536 Ecclefiasticis
1141 1507 1350 1537 conditionibus
1361 1531 1369 1542 ,
1388 1508 1437 1538 seu
1447 1512 1568 1550 angariis
1576 1533 1584 1544 ‚
1608 1512 1653 1539 vel
1663 1511 1725 1549 qui-

939 1545 1055 1574 buslibet
1075 1547 1213 1588 obsequiis
1232 1548 1409 1578 ‘saecularibus
1430 1553 1507 1582 &c.]
1536 1554 1571 1580 Et
1592 1551 1724 1580 inferius:

941 1589 990 1620 [A
1000 1588 1104 1617 cunffls
1118 1590 1324 1629 gravaminibus
1341 1594 1393 1619 &c-
1408 1593 1419 1622 ]
1442 1595 1572 1630 Angaria
1590 1592 1726 1630 significat

937 1627 1020 1656 etiam
1031 1630 1191 1666 pensionem
1200 1651 1208 1658 .
1231 1631 1306 1659 Vide
1316 1631 1453 1660 Calcaria
1463 1651 1470 1658 .

92 1664 172 1692 nibus
183 1664 262 1693 sectis
278 1666 307 1693 in
318 1666 443 1695 Oriente
451 1666 611 1697 observatur
621 1691 630 1703 ‚
654 1670 698 1697 ubi
713 1669 841 1698 mulieres
853 1670 881 1698 in
899 1669 1099 1699 ΑκΰειΜυΝυι
1110 1691 1118 1699 .
1141 1673 1216 1700 Vide
1227 1675 1362 1709 Ginginia
1372 1692 1380 1700 .

93 1714 170 1742 parte
181 1706 331 1734 remotiore
343 1728 351 1739 ,
373 1717 403 1736 ac
414 1707 532 1737 strifflm
552 1719 600 1747 per
622 1709 759 1738 cancellos
776 1708 881 1748 separa-
897 1711 1036 1739 Ais-oties
1048 1732 1056 1743 ‚
1078 1709 1202 1750 ἅγγελος
1211 1735 1218 1744 ,
1230 1713 1354 1740 Nuntius
1364 1735 1372 1746 ‚
1392 1711 1438 1741 seu
1450 1712 1538 1742 missiis
1549 1725 1555 1741 :
1569 1713 1622 1742 hoc
1634 1713 1728 1743 nomi-

94 1755 148 1778 εκ,
170 1755 232 1774 cum
241 1756 334 1775 earum
342 1750 423 1783 janua
433 1749 566 1786 peculiari
585 1750 773 1789 seponuntur.
796 1751 881 1780 Ratio

93 1794 161 1814 vero
172 1808 180 1819 ,
203 1791 230 1816 δ(
241 1787 406 1826 significatus
415 1788 494 1824 hujus
502 1789 563 1818 usus
573 1792 604 1819 ab
624 1791 768 1820 Amalario
785 1791 833 1820 lib.
855 1804 881 1830 3.

95 1825 129 1854 de
139 1826 242 1856 Eccles.
252 1828 298 1856 off.
308 1839 367 1868 cap.
379 1841 406 1858 z.
424 1831 543 1859 traditur
554 1853 561 1864 ‚
583 1831 728 1870 inquiens:
755 1837 766 1866 [
778 1832 883 1862 Mascu-

95 1865 118 1894 li
128 1866 198 1894 stant
206 1866 239 1896 in
247 1869 355 1898 australi
368 1879 445 1908 parte
456 1892 466 1904 ‚
487 1875 515 1900 &
526 1871 649 1901 soemiiiae
663 1873 691 1901 in
710 1873 809 1902 boreali
820 1895 829 1907 ‚
851 1884 881 1902 ur

65 1931 68 1934 .
95 1906 254 1936 ostendatur
274 1919 322 1947 per
341 1911 487 1941 fortiorem
504 1911 599 1941 sexum
619 1913 754 1942 firmiores
769 1915 880 1944 Sanetos

94 1945 202 1986 semper
220 1950 350 1980 constitui
368 1952 400 1980 in
421 1953 570 1990 majoribus
579 1955 781 1983 tentationibus
805 1956 882 1985 aestus

94 1986 272 2022 hujusmodl:
295 1995 323 2020 δε
345 2002 394 2030 per
412 1992 585 2033 fragiliorem
597 1995 694 2025 sexum
713 1996 881 2025 infirmiores

95 2029 207 2058 Sanaos
217 2031 319 2068 aptiori
327 2032 391 2062 loco
400 2054 409 2066 ‚
431 2035 497 2064 ficut
508 2035 580 2065 dicit
590 2036 755 2074 Apostolus:
778 2038 882 2066 Fidelis

93 2069 172 2098 Deus
181 2092 196 2114 ,Ι
209 2071 256 2110 qui
267 2082 327 2100 non
337 2075 478 2111 permittit
487 2086 537 2105 vos
547 2078 648 2106 tentari
659 2077 737 2115 supra
749 2078 780 2106 id
789 2100 798 2111 ,
809 2080 882 2117 quod

95 2111 227 2147 porestis.
252 2114 264 2143 ]
289 2114 346 2142 FR-
368 2117 450 2144 Ritus
469 2115 518 2146 hic
535 2118 619 2146 etiam
648 2128 732 2156 peries
750 2119 882 2148 Hebraeos

95 2160 173 2183 erat5
194 2162 225 2191 ut
234 2153 380 2192 colligitur
399 2165 433 2184 ex
455 2157 604 2187 Ezechiele
622 2169 680 2197 cap.
699 2164 723 2187 8.
740 2169 816 2188 num.
828 2171 883 2196 >¹4-

98 2195 113 2225 [
121 2194 160 2234 *Et
169 2193 330 2222 introduxit
338 2204 384 2223 me
394 2205 443 2234 per
449 2198 549 2227 ostium
561 2210 648 2238 porrae
662 2201 770 2228 Domus
780 2202 884 2229 Domi-

96 2241 127 2259 ru
138 2253 146 2264 ‚
169 2234 244 2271 quod
257 2235 424 2274 respiciebat
442 2237 485 2276 ad}
494 2241 683 2278 Aquilonem:
715 2245 742 2269 ὅ(
761 2251 824 2270 ecce
845 2243 882 2271 ibi

96 2273 228 2302 mulieres
247 2274 376 2305 sedebant
395 2278 558 2317 plangentes
573 2281 755 2310 Adonidem.
779 2284 792 2313 ]
814 2283 883 2312 Ideo

93 2322 144 2351 per
154 2314 356 2349 Synecdochcn
365 2319 398 2347 in
407 2320 534 2357 Jcremiae
545 2331 604 2360 cap.
618 2321 782 2350 iuhabetur:
805 2328 820 2357 t
841 2325 885 2353 Ab

84 2356 239 2394 ,Aquilone
249 2358 386 2397 pandetur
402 2369 486 2392 omne
505 2362 607 2392 malum
617 2365 631 2396 ]
643 2363 684 2395 ibi
703 2363 780 2392 enim
791 2365 884 2393 conti-

937 1759 972 1777 ne
982 1758 1091 1780 vocatus
1100 1762 1186 1780 etiam
1198 1752 1250 1780 suit
1259 1757 1418 1782 Mercurius
1429 1764 1442 1782 a
1454 1754 1560 1783 Graecis
1570 1777 1578 1787 ,
1601 1765 1663 1783 cum
1672 1766 1725 1794 pu—

939 1800 1042 1820 taretur
1055 1792 1105 1821 effe
1116 1794 1195 1831 Jovis
1206 1794 1349 1824 Nuucius;
1374 1795 1442 1822 item
1451 1799 1504 1823 Iris
1516 1817 1523 1827 ,
1547 1805 1607 1833 quae
1618 1795 1725 1825 sereni-

937 1831 1000 1860 tatis
1010 1854 1018 1865 ,
1028 1837 1177 1863 &Aurora
1185 1856 1194 1868 ‚
1211 1845 1272 1873 quse
1285 1834 1352 1863 solis
1363 1836 1471 1864 nunciae
1482 1835 1546 1864 sunt
1556 1856 1562 1862 .
1578 1838 1633 1866 FR.
1645 1837 1728 1866 Con-e

937 1871 1033 1902 cilium
1042 1875 1230 1903 Laodicenum
1240 1885 1299 1903 can.
1310 1887 1323 1914 3
1333 1886 1357 1911 ς.
1372 1886 1420 1914 per
1438 1877 1555 1913 Angelos
1574 1878 1728 1907 Daemones

938 1914 1046 1943 fortafl'e
1066 1915 1206 1955 intelligit
1217 1938 1223 1948 ,
1246 1917 1311 1944 dum
1328 1916 1457 1954 prohibet
1474 1927 1568 1945 eorum
1585 1918 1725 1948 adoratio-

937 1964 1002 1983 nem
1013 1967 1021 1987 5
1038 1954 1083 1984 seu
1093 1956 1112 1984 fi
1121 1957 1156 1984 de
1165 1957 1317 1985 coelestibus
1327 1958 1450 1996 loquitur
1460 1979 1467 1991 ‚
1481 1959 1607 1987 noluerat
1618 1959 1707 1989 forsan
1717 1982 1725 1994 ,

922 2023 928 2027 ,
942 2006 971 2023 ut
990 2006 1023 2024 eo
1042 1997 1118 2025 cultu
1138 1998 1335 2030 adorarentur,
1358 2009 1413 2036 quo
1423 1997 1549 2027 haeretici
1562 2021 1570 2032 ,
1592 2002 1725 2039 Angelici

942 2037 1028 2071 dieti,
1051 2048 1097 2065 eos
1107 2039 1323 2071 venerabantur,
1346 2039 1381 2066 dc
1399 2040 1494 2077 quibus
1513 2050 1578 2068 mox
1599 2042 1725 2070 dicetur.

941 2079 976 2106 In
987 2079 1155 2117 Apocalypli
1167 2088 1214 2117 per
1225 2079 1366 2117 Angelum
1377 2079 1528 2119 Episcopus
1538 2082 1709 2121 intelligitur
1718 2103 1725 2110 .

940 2129 1000 2146 can.
1013 2119 1152 2158 Episcopo
1165 2119 1261 2148 scribit
1272 2121 1394 2157 Joannes
1406 2133 1434 2157 9.
1444 2122 1539 2160 quaest.
1553 2134 1579 2160 3.
1591 2133 1623 2151 ex
1638 2124 1707 2152 Beda
1718 2145 1725 2150 .

941 2161 1015 2188 Item
1025 2161 1149 2198 Angelus
1157 2159 1246 2198 faciei
1258 2181 1266 2193 ,
1286 2160 1321 2189 de
1331 2171 1386 2200 quo
1396 2161 1478 2191 Isaias
1487 2173 1546 2202 cap.
1567 2170 1614 2202 63.
1630 2165 1727 2203 Aliqui

940 2200 1020 2229 illum
1037 2202 1206 2240 ‘intelligunt
1216 2222 1223 2233 ,
1246 2201 1293 2239 qui
1316 2203 1346 2230 in
1366 2202 1451 2232 forma
1471 2205 1548 2233 nubis
1557 2225 1565 2236 ‚
1588 2208 1614 2233 ὅ(
1636 2205 1725 2244 igneae

939 2242 1076 2270 columnae
1089 2242 1221 2280 populum
1232 2241 1416 2272 Israeliticuin
1435 2245 1605 2283 praecedebat
1615 2266 1622 2273 .
1645 2246 1727 2274 Dici-

942 2292 987 2310 tur
997 2283 1076 2311 faciei
1087 2305 1095 2316 ‚
1117 2283 1180 2320 quia
1190 2281 1399 2321 repraesentabat
1407 2286 1534 2314 divinum
1548 2286 1655 2314 vultum
1666 2296 1726 2314 tsin-

938 2333 1020 2361 quam
1031 2327 1087 2360 ejus
1097 2323 1223 2351 vicarius
1232 2344 1239 2351 .
1261 2326 1439 2364 Angelorum
1450 2328 1613 2362 Synonyma
1626 2347 1633 2354 .
1652 2326 1727 2356 Vide

939 2364 1046 2404 Deifer.
1057 2368 1202 2403 Egrigorus
1215 2385 1223 2393 .
1231 2367 1389 2397 Pratubans
1399 2388 1407 2397 .
1417 2368 1528 2398 Volatile
1537 2387 1545 2395 .
1566 2367 1707 2405 Seraphim
1718 2389 1729 2400 ,

1417 2407 1420 2409 ’
1586 2409 1600 2424 '³‘
1621 2411 1686 2438 An·-
