1866 2526
491 49 592 92 SA

134 111 164 140 in
185 109 250 140 dist«
267 112 360 140 Mina
368 107 488 147 apposita
506 105 665 146 conspicere
684 105 749 150 licet
757 126 765 134 .
783 106 828 151 De
838 104 932 150 osculo

134 162 225 181 autem
244 149 389 182 Pontificis
400 148 501 188 pedum
512 150 542 178 in
553 149 670 186 Cryptis
688 157 820 177 vaticams
832 156 934 184 reperi-

137 203 183 222 tur
191 192 305 231 antiqua
319 189 458 228 sculptura
467 190 609 220 Beneditti
618 190 686 219 XII.
707 198 768 217 cum
778 188 847 233 pede
858 189 935 217 dete-

136 234 182 262 ἂο
191 255 199 266 ,
211 237 237 262 &—
249 232 374 272 porrecto
386 252 394 264 ,
406 230 478 269 quasi
489 230 523 260 ad
531 228 709 259 osculandum
719 228 846 258 exhibito
856 250 864 257 .
881 230 936 258 Va-

135 274 256 302 lentinus
266 272 395 302 Pontifex
408 272 442 300 de
451 282 522 300 anno
533 276 599 303 827·
609 271 640 299 in
651 270 826 300 Lateranenfi
838 270 935 313 Eccle-

135 314 171 343 fia
181 313 335 343 universale
347 313 447 351 pedum
457 311 576 340 osculum
586 311 701 349 praebuit
709 322 719 342 ς
735 311 770 340 sic
781 312 869 340 Leoni
883 311 936 339 IV.

136 355 166 383 in
179 355 292 384 Ecclesia
302 356 459 383 Sannorum
473 354 599 386 Quatuor
609 353 828 384 coronatorum,
837 351 872 380 fic
883 353 934 380 Be-

992 114 1026 136 ta
1040 106 1066 135 S.
1078 105 1186 137 Macarii
1198 109 1341 146 reposuisse
1351 131 1359 139 .
1380 109 1522 155 Torrigius
1530 111 1564 142 de
1583 112 1701 153 Cryptis
1713 116 1795 145 Vati-

993 157 1052 176 can.
1064 158 1126 187 pag.
1135 159 1149 187 3
1159 154 1204 183 58.
1223 149 1349 179 secundae
1361 151 1479 191 impress.
1501 153 1540 181 ait
1556 154 1728 194 Sanguittam
1738 155 1791 185 ess'e

992 187 1133 219 habitum
1151 188 1198 219 sed
1205 191 1279 228 apud
1289 191 1398 221 nullum
1410 192 1561 223 Auctorem
1570 197 1684 225 memini
1698 196 1792 237 ley'ssi:

994 229 1098 259 vestem
1106 229 1186 266 hujus
1196 231 1337 264 nominis}
1358 233 1465 264 sortasse
1475 233 1573 272 lapidis
1592 246 1668 265 error
1679 238 1717 265 cst
1730 259 1737 271 ,
1756 248 1792 266 ex

995 271 1130 300 vocabulo
1140 293 1147 304 ,
1159 275 1284 302 ramirus
1295 284 1424 313 corrupte
1435 274 1534 305 incisus
1545 297 1552 303 .
1563 276 1638 305 Vide
1648 281 1774 306 Samitus
1786 297 1795 306 .

994 312 1058 345 Vel,
1063 313 1212 350 segnus'tta
1220 314 1313 352 potius
1322 315 1493 347 diminutive
1502 326 1537 346 ex
1547 317 1672 346 difflone
1677 319 1794 356 segnem

992 362 1078 391 genus
1091 353 1171 381 vestis
1179 373 1187 381 .
1200 354 1273 383 Vide
1283 360 1398 394 Segnum
1409 377 1416 384 .

134 396 246 424 nedic'to
257 397 314 425 111.
324 396 380 429 ejus
390 393 551 423 Adversarii
563 392 685 421 fecerunt
696 393 730 420 de
746 402 810 420 ann.
825 396 892 426 855-
902 391 938 419 dc
952 393 1124 422 SANJienxm
1133 415 1142 427 ‚
1161 404 1197 422 cx
1208 405 1299 433 graeco
1308 394 1422 428 Σανέδὲι
1437 411 1448 428 ν
1458 421 1465 432 ,
1479 399 1547 428 idest
1562 425 1565 429 ,
1579 398 1728 430 Confessio
1737 421 1745 432 ‚
1761 400 1794 428 ιῖ-

135 436 229 475 quibus
240 437 436 473 Baron.Atque
448 433 602 464 Anastasius
611 432 788 476 Biblioth7de
799 431 938 460 Constan-

135 477 197 506 tino
207 479 277 515 Papa
288 498 295 509 ,
307 475 351 514 qni
365 485 526 513 regnaverat
537 484 600 503 ann.
613 478 680 506 708.
700 472 793 516 scribit
804 471 879 510 quod
887 473 936 509 Ju-

134 517 218 545 stimi<
232 519 271 546 11.
283 518 354 555 Imp.
380 515 540 555 [Augustus
559 511 804 543 Christiamffimus
822 521 884 540 cum
893 522 935 556 re-

134 567 192 596 gno
204 559 231 586 in
242 557 332 595 capite
343 555 399 585 sese
408 555 557 594 prostravit
568 576 577 588 ‚
593 554 674 592 pedes
683 552 807 581 osculans
815 551 935 596 Pontifi-

133 599 171 626 cis
182 620 188 626 .
203 601 214 630 ]
227 598 304 627 Idem
317 597 416 626 fecerat
425 596 575 636 siginulfus
584 598 794 624 Beneventanus
804 595 935 630 Princeps

136 639 232 678 Sergio
245 641 286 668 11.
296 638 364 666 circa
373 648 435 666 ann.
451 642 516 672 844.
537 642 549 671 [
561 636 651 672 Quem
663 633 764 663 Praesul
773 643 836 679 cum
848 632 933 661 susce-

132 678 211 717 pisset
222 701 230 713 ‚
241 679 301 708 solo
310 678 456 716 prostratus
467 675 600 716 pretiosos
610 676 692 714 pedes
702 674 847 704 humiliter
857 673 933 702 oscu-

131 721 201 749 latus
213 720 251 748 est
260 740 268 747 .
292 719 371 748 Idem
384 716 506 747 Anastas.
516 716 649 746 Biblioth.
661 719 673 749 ]
694 717 845 746 Naucierus
866 725 933 743 vero

131 760 160 788 in
170 762 227 795 ejus
238 758 397 788 Monarchia
410 758 558 788 Ecclesiast.
571 758 666 791 refert,
676 757 751 796 quod
761 758 789 785 S.
798 757 932 801 Clemens

130 805 144 834 (
154 801 199 838 qui
212 800 304 838 postea
314 800 444 829 Pontifex
454 798 610 828 successerat
621 803 634 831 )
652 799 734 836 pedes
743 798 881 835 Principis
892 799 931 825 A-

129 841 301 878 postolorum
319 840 452 869 osculatus
464 839 546 868 estet.
570 841 642 868 Item
653 841 835 882 Imperatores
845 837 930 867 Clau-

129 880 189 909 dius
200 882 269 916 cajo
280 883 358 920 Papa:
370 902 378 914 ,
389 880 458 909 utin
468 883 523 914 ejus
533 880 631 908 astibus
644 901 651 912 ,
663 889 723 918 quae
735 878 931 923 circumferun-

129 931 174 949 tur
187 943 194 954 ‚
205 920 319 950 habetur
329 933 336 952 ς
347 921 548 951 Constantinus
558 922 584 950 S.
595 921 728 949 Silvestre
736 940 745 951 ,
756 919 878 956 Justinus
889 920 928 948 11.

127 963 232 1000 joanni
252 964 275 991 Ι.
296 962 464 1000 Justinianus
485 961 674 990 Constantino
693 963 772 999 Papae
783 981 791 993 ,
813 960 930 989 Carolus

129 1003 245 1041 Magnus
258 1003 382 1031 Adriano
391 1005 415 1032 Ι.
438 1002 578 1031 Federicus
589 1002 748 1030 Alexandro
758 1003 815 1031 III.
836 1000 928 1045 Indo-

129 1042 206 1070 vicus
216 1044 319 1072 Lorarii
332 1043 404 1072 filius
414 1043 511 1082 Sergio
521 1064 529 1075 ,
541 1042 729 1082 sigismundus
741 1046 866 1086 Eugenio
875 1043 928 1070 IV.

131 1083 275 1112 federicus
285 1085 343 1112 ΙΙΙ.
354 1085 474 1113 Nicolao
487 1086 521 1112 V.
534 1085 652 1113 Carolus
663 1085 698 1113 V.
709 1083 925 1113 ClemeanII.

130 1133 159 1150 ac
171 1125 254 1152 Paulo
264 1125 323 1153 111.
343 1124 377 1152 sic
388 1126 471 1153 etiam
491 1127 583 1163 Reges
594 1146 602 1158 ,
623 1124 805 1163 Luitprandus
815 1125 928 1161 Longo—

993 442 1027 462 ve
1039 434 1242 463 consistorium
1255 446 1262 464 :
1285 436 1320 465 fic
1333 437 1447 468 Hebraei
1465 449 1559 469 eorum
1569 441 1731 480 Collegium
1751 440 1791 469 sc-

992 473 1133 512 ptuaginta
1145 475 1303 513 Sapientum
1313 479 1485 516 appellabant
1497 503 1505 515 ‚
1525 480 1554 509 in
1567 492 1684 519 quorum
1700 482 1792 510 locum

989 513 1161 553 sepmaginta
1172 517 1335 546 Cardinales
1345 520 1370 547 S.
1383 521 1419 548 R.
1430 523 1460 549 E.
1469 520 1648 551 succeslerunt
1658 543 1667 550 .
1687 521 1792 551 Sanhe-

990 554 1062 582 drim
1080 556 1167 594 igitur
1175 557 1396 597 adindigandam
1409 560 1516 591 Christi
1536 562 1642 592 causam
1653 574 1790 592 convoca.—

990 604 1048 623 tum
1059 594 1146 624 literar
1156 617 1164 629 ,
1183 598 1247 636 quia
1253 609 1348 628 contra
1367 611 1431 630 eum
1443 602 1475 631 in
1494 604 1607 633 materia
1626 604 1791 643 Religionis

988 636 1139 674 agitabatur
1149 658 1157 670 ‚
1169 647 1182 665 a
1190 639 1286 676 quibus
1296 641 1393 676 injuste
1404 651 1494 673 morte
1501 645 1645 674 damnatus
1654 645 1707 674 fuit
1716 666 1724 678 ,
1744 646 1790 673 in-

990 685 1032 704 ter
1043 687 1110 716 quos
1119 675 1173 705 fuit
1181 678 1286 717 Joscph
1298 681 1329 709 ab
1340 683 1510 714 Arimathaea
1522 685 1634 718 nobilis,
1645 689 1673 715 &
1683 685 1728 714 ubi
1737 696 1787 714 nos

987 717 1103 756 legimus
1121 717 1150 746 in
1161 719 1269 758 vulgata
1280 726 1398 751 Decum'o
1409 745 1416 756 ‚
1437 735 1525 763 graeca
1543 726 1719 755 lefflohabet
1737 729 1789 762 βε(-

988 754 1088 792 λᾶὗνίτς
1096 781 1103 792 ‚
1115 758 1202 792 idest,
1216 761 1396 791 Consiliarius
1406 785 1413 796 ‚
1425 765 1482 794 sive
1492 768 1608 796 Senator
1618 789 1626 800 ,
1637 777 1667 796 ut
1674 768 1786 796 Corne-

987 798 1040 827 lius
1050 810 1063 827 a
1074 800 1178 837 Lapide
1187 801 1311 830 advertit
1320 824 1328 835 ,
1340 803 1484 842 inquiens:
1510 813 1522 842 [
1534 807 1617 844 Quod
1629 811 1728 838 Romae
1741 809 1787 837 Se-

987 849 1068 868 nator
1077 860 1086 873 ,
1095 840 1217 869 Decurio
1228 841 1256 870 in
1266 844 1412 882 Mancipiis
1424 865 1430 872 .
1442 847 1454 877 ]
1476 847 1566 876 Unde
1576 848 1720 888 colligitur
1730 859 1786 878 ma.-

988 880 1090 909 niseste
1099 881 1218 910 eundem
1227 881 1380 922 Josephum
1390 885 1465 915 fuiss'e
1474 887 1504 916 in
1513 889 1646 926 praediflo
1655 890 1786 919 Consilio

985 931 1083 950 contra
1100 920 1245 951 Christum
1255 934 1424 964 congregato
1436 938 1468 956 ex
1478 930 1557 958 Lucae
1570 930 1658 959 verbis
1668 952 1677 963 ‚
1697 942 1720 959 c.
1736 943 1785 969 23—

986 967 999 997 [
1010 963 1065 990 Hic
1084 972 1143 990 non
1151 963 1325 993 consenserat
1336 968 1455 997 confilio
1463 990 1470 1002 ‚
1489 973 1518 998 ὅ(
1529 971 1630 1000 actibus
1647 981 1741 1000 eorum
1753 993 1758 999 .
1771 974 1783 1004 ]

982 1005 1087 1032 Praeter
1103 1003 1192 1032 didos
1202 1003 1374 1046 septuaginta
1386 1008 1417 1036 in
1427 1020 1461 1038 eo
1481 1011 1611 1040 Consilio
1633 1021 1729 1041 contra
1739 1014 1784 1050 Je-

981 1042 1040 1071 sum
1052 1065 1060 1077 ‚
1084 1043 1273 1075 intervenerat
1292 1049 1416 1077 Summus
1427 1051 1560 1080 Pontifex
1581 1053 1666 1081 Hebr.
1677 1063 1707 1082 ut
1725 1064 1783 1082 non

982 1083 1110 1122 potuisset
1119 1085 1153 1113 ad
1164 1087 1310 1123 paritatem
1322 1098 1452 1118 votorum
1461 1092 1618 1129 perveniri.
1631 1095 1688 1123 PR.
1700 1093 1785 1123 Thal-

985 1125 1110 1154 mudistae
1129 1124 1202 1155 hunc
1212 1127 1374 1157 Consessum
1386 1133 1558 1169 appellarunt
1567 1137 1686 1163 Curiam
1697 1155 1705 1167 ‚
1715 1139 1783 1163 Ma-

129 1164 272 1193 bardorum
291 1166 434 1203 Gregorio
446 1167 487 1194 ΙΙ.
509 1164 612 1194 Rachia
631 1166 714 1193 ctiam
731 1165 929 1204 Longobardo-
977 1176 1066 1203 gnum
1085 1166 1254 1204 Confilium,
1273 1174 1395 1200 Domum
1409 1173 1569 1210 supremam
1581 1195 1588 1202 .
1609 1175 1682 1203 Vide
1698 1180 1782 1215 Syne—

126 1213 185 1231 rum
200 1207 261 1234 Rex
273 1204 414 1234 Zachariae
426 1227 432 1234 .
455 1205 607 1243 Stephanus
626 1207 823 1245 Hungarorum
839 1208 927 1235 Bene-

981 1207 1048 1235 drus
1066 1226 1077 1234 .

126 1244 202 1273 dicio
214 1247 300 1274 VIII.
312 1247 428 1275 Carolus
438 1247 524 1275 VIII.
543 1247 688 1275 Gallorum
702 1247 861 1276 Alexandro
874 1247 926 1275 VI.
941 1246 1031 1276 Sami<
1041 1267 1048 1275 .
1067 1249 1123 1277 PR.
1135 1258 1214 1278 mons
1224 1249 1253 1280 in
1263 1251 1342 1286 syria
1363 1251 1396 1282 in
1405 1253 1520 1293 regione
1531 1256 1759 1286 Amorrhaeorum
1772 1268 1778 1284 t

126 1285 170 1313 Dc
181 1286 274 1323 quibus
284 1286 408 1314 omnibus
417 1287 486 1324 apud
497 1287 645 1315 Baronium
656 1308 663 1318 ,
677 1290 704 1315 ὅ(
717 1289 772 1322 ejus
781 1288 927 1316 continua-

125 1335 214 1354 torem
225 1347 232 1358 ,
243 1326 397 1355 Odcricum
409 1327 583 1361 Raynaldum
592 1348 600 1354 .
612 1327 685 1355 Vide
695 1332 805 1356 strator
813 1347 823 1364 ,
836 1329 926 1367 Adge-

124 1367 231 1394 niculor
240 1387 247 1394 .
260 1366 359 1405 Aliqui
369 1367 495 1401 credunt,
506 1368 580 1405 quod
589 1366 718 1396 Christus
728 1369 866 1398 Dominus
877 1379 927 1398 nu-

125 1407 167 1434 dis
177 1407 288 1445 pedibus
297 1407 468 1436 ambulasset:
482 1414 494 1443 [
507 1408 654 1437 Credimus
663 1418 754 1437 autem
764 1408 856 1447 Jesum
866 1411 925 1448 ple-

123 1457 237 1485 rumque
248 1448 328 1476 nudis
337 1448 450 1485 pedibus
468 1448 614 1486 ingreslitm
625 1459 633 1479 ς
657 1448 702 1477 sed
711 1450 757 1487 qui
768 1451 884 1479 credunt
896 1450 927 1478 id

123 1497 285 1524 perpetuum
297 1487 372 1516 fuisse
382 1510 390 1521 ,
411 1498 439 1516 ut
449 1489 530 1516 nudis
541 1489 653 1526 pedibus
665 1489 806 1519 incederet
817 1512 826 1524 ‚
848 1491 927 1530 equi—

124 1527 186 1555 dem
198 1537 306 1555 errant:
320 1537 381 1556 nam
392 1529 466 1566 quod
475 1529 570 1557 calceis
579 1529 640 1558 usus
649 1529 690 1563 sit,
699 1531 744 1568 Jo:
757 1531 875 1569 Baptista
884 1541 925 1559 te-

124 1567 209 1595 statur
219 1589 226 1599 ,
239 1577 300 1595 cum
309 1567 490 1606 seindignum
500 1579 663 1607 pronunciat
675 1592 683 1603 ,
701 1571 748 1609 qui
757 1571 851 1600 solvat
861 1583 923 1600 cor-

124 1607 225 1646 rigiam
242 1608 488 1637 calceamentorum
498 1614 554 1646 ejus
565 1630 572 1637 .
595 1612 638 1648 Jo:
652 1611 787 1640 Raudinus
797 1613 826 1640 in
835 1614 923 1641 Com-

123 1648 207 1687 pend.
219 1649 294 1677 Vitae
306 1649 426 1678 Domini
438 1671 446 1683 ,
459 1660 517 1688 cap.
529 1661 575 1689 23.
586 1653 598 1683 ]
611 1652 776 1688 synonyma
787 1651 922 1682 sandalio-

122 1698 181 1717 rum
191 1709 199 1716 .
209 1689 283 1717 Vide
293 1690 387 1718 Calcei
396 1711 404 1722 ‚
415 1693 544 1728 Compisgi
553 1712 561 1724 ,
574 1693 689 1721 Pedules
700 1713 708 1721 .

84 1729 257 1758 sannanim
270 1751 278 1757 .
301 1732 358 1759 PR.
371 1730 501 1758 feretrum
509 1732 634 1769 ignobile
644 1753 652 1761 .
677 1739 688 1769 [
699 1734 870 1773 Sandapilam
877 1746 921 1764 an-

122 1769 193 1808 tiqui
203 1770 258 1798 d'ci
272 1771 421 1799 volucrunt
433 1770 563 1800 feretrum
573 1782 744 1803 mortuorum
755 1796 762 1808 ‚
775 1775 860 1809 idest,
880 1777 922 1805 lo-

123 1810 215 1838 culum
227 1822 233 1837 :
246 1821 304 1839 non
316 1811 345 1839 in
355 1822 410 1850 quo
422 1811 556 1840 nobilium
567 1822 691 1851 corpora,
700 1813 746 1844 sed
758 1816 787 1844 in
796 1827 851 1854 quo
861 1818 919 1855 ple-

123 1850 247 1884 beiorum
260 1872 268 1883 ‚
287 1861 367 1890 atque
376 1853 565 1881 damnatorum
576 1854 706 1884 cadavera
726 1858 918 1894 portabantur:

120 1890 188 1918 sicut
200 1891 389 1920 Stesimbrotus
401 1892 511 1921 Thasius
521 1894 556 1923 de
573 1904 662 1924 morte
671 1896 823 1931 Polycratis
833 1899 919 1938 Regis

120 1931 277 1959 Samiorum
297 1931 439 1971 descripsit
451 1955 459 1967 ,
478 1933 591 1963 dicens:
610 1936 788 1975 Posteaquam
798 1938 832 1966 de
841 1949 918 1969 cruce

119 1971 266 2009 deposituS,
278 1970 415 2012 sandapila
424 1974 507 2002 etiam
517 1975 676 2014 deportatus
685 1978 722 2006 est
731 1997 739 2005 .
749 1979 917 2017 Fulgentius,

121 2012 154 2040 de
166 2012 254 2040 vocib.
265 2014 352 2052 antiq.
363 2017 377 2046 1
389 2014 462 2043 Vide
472 2020 619 2045 feretrum
627 2037 636 2044 .

80 2053 275 2081 Sus-ouini]
285 2074 295 2086 ,
305 2054 535 2094 Consanguineus
545 2068 555 2085 .-
573 2063 586 2092 [
596 2059 724 2087 Noverat
735 2059 811 2088 enim
819 2070 916 2099 paucos

119 2092 171 2121 effe
181 2093 318 2127 Clerioez,
329 2095 375 2134 qui
388 2097 532 2125 Canonice
543 2098 684 2128 intrassent
695 2111 703 2130 5
716 2101 754 2128 ita
767 2111 796 2129 ut
809 2112 865 2130 non
875 2102 916 2131 es-

119 2132 183 2162 sent
193 2133 358 2173 sanguinitae
367 2157 377 2169 ,
395 2136 482 2170 idest,
502 2148 516 2166 a
525 2139 653 2177 cognatis
662 2140 812 2170 introducti
821 2161 831 2170 -
849 2144 916 2172 Cae-

116 2173 166 2203 sar.
177 2175 227 2203 lib.
240 2182 267 2204 6.
276 2186 335 2214 cap.
348 2185 374 2211 ς.

75 2215 205 2243 Saxonis
217 2237 224 2248 ,
236 2215 303 2244 idest
315 2237 323 2248 ,
332 2216 423 2245 anima
432 2239 440 2251 ‚
453 2219 499 2247 vel
510 2219 610 2249 occisso
620 2241 629 2248 .
642 2221 715 2250 Vide
725 2223 876 2261 Suffbcatus
887 2245 895 2253 .

77 2256 258 2285 Sasomrru
271 2277 278 2283 .
293 2258 353 2286 PR.
362 2259 461 2287 Romae
472 2259 501 2287 in
515 2261 630 2289 Ecclesia
641 2262 688 2290 SS.
699 2264 777 2291 Lucae
788 2285 796 2296 ,
806 2268 834 2293 ὃς
843 2267 914 2294 Mar—

114 2296 181 2323 ‹inae
203 2296 233 2323 in
253 2307 349 2336 campo
366 2299 461 2328 boario
478 2301 614 2338 reperitur
630 2301 778 2342 inscriptio
795 2305 830 2333 de
841 2316 914 2335 anno

121 2346 151 2364 η
160 2346 205 2369 ς7.
217 2347 246 2364 in
255 2348 306 2376 qua
317 2339 420 2378 legitur
428 2341 675 2371 AlcxandrumIV.
687 2344 762 2373 illam
771 2347 914 2376 Ecclesiam

112 2375 285 2413 consecrasse,
294 2389 323 2408 ac
337 2389 413 2409 inter
420 2381 482 2410 alias
492 2383 637 2423 reliquias,
648 2385 729 2415 etiam
737 2387 916 2425 Desangm't—

325 2478 335 2494 θ

981 1291 1064 1316 Sanir
1073 1289 1149 1317 enim
1159 1289 1356 1330 interpretatur
1365 1316 1373 1327 ‚
1386 1298 1433 1323 [ἄη
1440 1296 1554 1325 lucerne
1567 1318 1575 1330 ,
1584 1306 1630 1326 aut
1646 1301 1719 1327 Deus
1731 1300 1781 1326 ’ὑῖ-

974 1330 1114 1366 giliarum
1124 1350 1131 1358 .
1152 1332 1322 1368 Hieronym.
1334 1335 1364 1363 in
1373 1346 1396 1363 c.
1409 1347 1454 1368 27.
1465 1336 1607 1366 Ezechiel.
1627 1338 1675 1377 qui
1687 1340 1781 1377 appel—

980 1371 1051 1398 latur
1061 1370 1146 1398 etiam
1153 1376 1250 1401 sarion
1258 1395 1266 1407 ,
1275 1380 1340 1403 Scan
1352 1396 1361 1408 ,
1372 1379 1400 1404 δι
1409 1380 1473 1405 Sim
1482 1377 1511 1405 in
1519 1376 1570 1406 sac.
1582 1378 1654 1417 scrip
1661 1387 1719 1408 tura
1729 1401 1737 1412 ,
1749 1383 1779 1408 δε

981 1411 1011 1439 ab
1020 1420 1058 1438 eo
1065 1420 1163 1440 monte
1171 1412 1255 1442 scatet
1265 1414 1296 1443 in
1305 1425 1382 1453 parte
1390 1417 1520 1454 Jordanis
1531 1420 1633 1448 flumen
1644 1440 1651 1447 .
1677 1422 1724 1455 [Α
1735 1430 1778 1448 ca-

980 1451 1037 1490 pite
1047 1452 1123 1480 Sanir
1134 1474 1142 1485 ,
1161 1456 1188 1481 δε
1199 1455 1327 1483 Hermon
1336 1477 1343 1484 .
1361 1458 1436 1485 Hinc
1456 1458 1532 1486 enim
1551 1460 1649 1488 dicunt
1668 1470 1778 1490 manare

981 1491 1069 1520 sontes
1078 1493 1206 1530 Jordanis
1214 1516 1224 1527 ,
1232 1494 1311 1533 supra
1321 1506 1391 1534 quos
1400 1497 1462 1526 {itus
1472 1497 1511 1527 est
1518 1498 1564 1527 hic
1575 1509 1666 1533 mons,
1675 1500 1722 1539 qui
1733 1501 1777 1530 di-

982 1532 1088 1560 viditur
1098 1533 1128 1561 in
1137 1534 1192 1562 duo
1201 1537 1341 1564 cacumina
1352 1558 1360 1570 ,
1372 1538 1467 1575 quibus
1477 1539 1603 1577 imposita
1611 1539 1674 1569 sunt
1685 1542 1777 1570 nomi-

980 1582 1013 1600 na
1021 1573 1111 1606 sanir,
1121 1578 1149 1603 δ(
1160 1576 1287 1605 Hermon
1299 1597 1306 1604 .
1317 1576 1460 1611 Eusebius,
1471 1578 1528 1607 five
1536 1581 1688 1619 Gregorius
1699 1582 1777 1617 Nys-

978 1611 1035 1641 sen.
1046 1615 1075 1642 in
1087 1616 1171 1644 Cant.
1181 1618 1194 1646 ]
1207 1626 1240 1645 ex
1251 1618 1347 1655 quibus
1359 1618 1530 1658 intelligitur
1539 1622 1771 1658 &Hierony-mus,

978 1654 1029 1682 lib..
1040 1659 1066 1683 8.
1077 1655 1106 1683 in
1118 1655 1221 1684 Ezech.
1231 1668 1288 1696 cap.
1299 1669 1345 1691 27·
1356 1658 1502 1698 inquiens:
1516 1665 1528 1695 [
1537 1662 1621 1690 Sanir
1628 1672 1707 1691 mons
1716 1662 1776 1702 ipse

978 1694 1016 1723 est
1027 1716 1035 1728 ‚
1045 1695 1093 1733 qui
1104 1700 1131 1725 δε
1143 1697 1279 1727 Hermon.
1291 1701 1303 1730 ]
1325 1700 1459 1728 Distinffi
1468 1711 1559 1730 autem
1568 1701 1599 1730 hi
1610 1713 1719 1734 montes
1729 1715 1771 1734 re-

976 1734 1122 1765 censentur
1133 1738 1161 1766 in
1178 1749 1200 1766 1.
1210 1739 1327 1778 Paralip.
1342 1749 1368 1776 5.
1380 1751 1551 1781 23.nempe.·
1568 1749 1580 1778 [
1592 1743 1773 1775 Poss‘ederunt

978 1785 1076 1805 terram
1085 1787 1099 1805 a
1107 1777 1205 1807 finibus
1214 1779 1298 1808 Basan
1309 1801 1318 1813 ,
1329 1780 1428 1819 usque,
1448 1784 1512 1812 Baal
1522 1785 1649 1813 Hermon
1659 1807 1667 1818 ‚
1688 1790 1716 1816 &
1726 1786 1773 1815 sa-

976 1817 1038 1849 nir,
1058 1822 1219 1848 &montem
1230 1822 1397 1853 Hermon-J
1417 1823 1488 1859 Quia
1498 1846 1507 1857 ,
1529 1825 1681 1859 nimirum,
1702 1837 1774 1857 unus

976 1867 1057 1886 mons
1066 1881 1072 1891 ,
1086 1859 1114 1887 in
1124 1860 1180 1889 duo
1188 1861 1326 1890 cacumina
1334 1862 1441 1892 divisus
1449 1885 1457 1896 ,
1467 1864 1535 1893 duos
1544 1867 1680 1895 efficiebat
1688 1877 1770 1896 mon-

975 1907 1031 1927 tes:
1056 1905 1068 1934 [
1084 1899 1167 1930 Ultra
1178 1902 1328 1939 jordanem
1346 1902 1409 1932 sunt
1421 1905 1489 1933 varii
1500 1915 1627 1940 montes,
1650 1918 1768 1947 nempe,

974 1938 1053 1967 mons
1065 1940 1123 1969 Scir
1133 1963 1141 1974 ,
1153 1952 1232 1970 mons
1244 1944 1372 1971 Hermon
1382 1965 1391 1977 ,
1409 1954 1490 1973 mons
1498 1947 1595 1976 Libani
1606 1969 1614 1981 ‚
1623 1951 1770 1979 monson-

975 1980 1050 2008 laad:
1069 1982 1117 2019 qui
1133 1992 1225 2011 tamen
1233 1993 1329 2012 omnes
1340 1983 1480 2015 suntunus
1501 1997 1583 2017 mons
1596 1989 1743 2019 continuus
1755 2003 1765 2024 5

974 2021 1025 2049 nisi
1035 2022 1111 2059 quod
1130 2023 1160 2051 in
1169 2024 1284 2053 diversis
1296 2024 1364 2053 iocis
1372 2025 1481 2056 diversa
1500 2027 1616 2058 sortitur
1634 2031 1748 2060 nomina
1758 2053 1768 2060 .

974 2063 1120 2091 Broccard.
1131 2064 1176 2092 lib.
1193 2076 1220 2093 2.
1231 2065 1356 2096 itiner-l
1370 2067 1567 2106 Aliquitamen
1577 2070 1646 2099 duos
1655 2081 1767 2101 montes

973 2102 1101 2132 Hermon
1108 2106 1258 2142 appellatos
1267 2105 1353 2140 fuine,
1361 2117 1472 2146 nempe,
1483 2111 1611 2139 Hermon
1619 2122 1693 2141 trans
1703 2114 1766 2150 Jor-

971 2143 1079 2176 danem,
1089 2148 1118 2173 δε
1128 2146 1197 2174 alter
1209 2156 1288 2175 mons
1298 2157 1405 2186 parvum,
1414 2150 1449 2177 de
1458 2160 1515 2188 quo
1524 2153 1652 2190 loquutus
1661 2154 1699 2182 est
1708 2155 1764 2182 Da-

972 2184 1036 2212 vid:
1050 2185 1108 2220 [De
1119 2196 1189 2215 terra
1198 2188 1338 2225 Jordanis,
1347 2192 1375 2218 ὅ(
1387 2191 1565 2221 Hermoniim
1575 2204 1590 2221 a
1600 2204 1697 2222 monte
1704 2204 1764 2222 mo·

971 2224 1034 2254 dico
1044 2248 1051 2259 ,
1065 2224 1131 2263 psal.
1140 2238 1187 2262 4¹·
1200 2230 1212 2259 ]
1224 2229 1319 2266 quibus
1332 2228 1425 2259 favere
1435 2232 1547 2261 videtur
1555 2234 1583 2262 S.
1593 2235 1762 2270 Hieronym.

970 2266 1001 2293 in
1011 2266 1101 2305 epith.
1111 2268 1210 2301 Paulae,
1220 2270 1265 2298 ubi
1277 2270 1565 2310 inquitrsAspiciebat
1577 2276 1672 2312 procul
1681 2284 1761 2303 mon-

969 2316 1008 2335 tes
1018 2309 1146 2336 Hermon
1156 2330 1164 2342 ,
1175 2312 1203 2337 ὅ(
1214 2311 1484 2343 Hermoniim21scd
1492 2315 1586 2343 David
1596 2316 1635 2343 ait
1643 2327 1662 2344 a
1670 2325 1764 2345 monte

970 2349 1073 2376 modico
1085 2354 1265 2379 Hermoniim
1274 2373 1283 2385 ‚
1294 2352 1337 2381 ubi
1347 2365 1366 2382 a
1376 2363 1468 2382 monte
1476 2355 1555 2383 estin
1565 2355 1712 2395 singulari,
1734 2361 1763 2387 δε

971 2393 1149 2420 Hermonie'm
1165 2391 1243 2421 estin
1252 2393 1352 2433 plurali
1362 2404 1477 2424 numero
1488 2417 1496 2429 ,
1514 2406 1543 2425 ac
1560 2396 1581 2426 fi
1591 2397 1766 2427 diceremusa.

1358 2436 1380 2465 P
1397 2445 1415 2474 p
1462 2447 1477 2465 ε.
1644 2447 1727 2467 mon-
