1866 2526
153 60 231 98 292
487 45 532 86 D
563 45 608 87 R

139 113 197 134 tum
207 100 337 143 piam-is,-
359 112 389 131 ut
402 112 435 131 ex
444 101 499 131 hoc
508 101 565 132 :ilio
576 124 585 136 ‚
607 98 683 141 quod
690 110 748 131 erat
767 97 934 138 cumfiguris

137 143 269 185 paffionis
279 144 305 172 S.
314 143 417 173 Albani
428 154 435 171 ε
448 143 579 177 [Doffile
587 153 681 175 unum,
692 142 749 171 five
760 150 891 181 tapetum,
904 139 932 166 in

134 196 192 224 quo
203 183 288 224 paffio
299 184 325 213 S·
334 184 434 217 Albani
450 183 582 223 figuratur
594 203 602 210 .
613 182 714 211 Matth.
735 180 819 212 Paris.
838 181 869 208 in
877 179 935 208 vita

137 227 166 255 S.
175 224 309 255 Richardi
323 224 393 253 Abb.
406 226 418 255 ]
430 223 636 261 italiTosellum
646 224 742 252 dixere
751 243 758 250 .
767 225 824 251 FR.
837 227 848 256 [
860 221 933 248 Dor-

137 265 193 295 sale
202 274 312 294 centum
323 263 476 293 solidorum
488 286 497 298 ,
518 265 589 302 apud
599 263 759 302 Torrigium
776 263 810 291 de
819 259 937 298 Cryptis

138 306 268 335 Vatican.
280 305 350 333 edit.
360 303 476 333 secunda
487 325 494 336 ,
506 314 567 343 pag.
582 314 649 341 322.
661 306 673 336 ]
694 302 739 332 ubi
749 302 852 332 Altaris
864 310 938 339 para-

137 355 263 375 mentum
274 346 394 384 explicat
405 366 412 372 .
423 345 496 374 Vide
507 344 621 381 Dorsale
630 363 638 370 .

97 387 258 417 Doxsenus
273 410 275 413 .
301 392 313 421 [
325 387 475 415 Tolluntur
486 393 518 413 ex
531 384 642 412 familiis
663 383 708 412 sibi
718 381 919 421 pertinentibus
931 402 939 413 ,

140 428 177 456 de
187 426 355 465 diversisque
372 426 500 465 gregibus
511 423 618 452 dorseni
632 445 639 452 .
659 425 686 453 S.
697 424 822 452 Valerius
832 444 842 456 ,
851 424 878 455 §-
891 423 939 455 7.]

143 468 262 497 Isidorus
280 466 336 496 hoc
354 465 516 495 vocabulum
533 464 675 503 parasitum
694 464 846 503 significare
865 471 939 501 putat

144 518 179 536 cx
193 509 290 537 Plauto
300 530 308 541 ,
330 507 376 546 qui
388 506 531 545 parafitum
549 505 695 544 quemdam
705 504 859 533 introducit
867 504 941 532 Dor-

141 547 202 577 seni
212 548 347 578 nomine;
368 545 458 575 sedin
479 547 516 574 D.
528 546 634 575 Valerii
644 546 705 574 loco
727 545 844 574 adducto
853 544 941 584 pasto-

143 598 202 617 rem
212 588 305 628 gregis
314 589 510 616 mercenarium
518 586 633 615 denotat
644 606 653 613 .

102 630 256 660 Densum
266 650 274 661 ‚
297 627 500 664 &Dorfiothita
514 648 522 656 .
545 627 619 657 Vide
630 627 802 656 Herodiam'.

102 670 264 700 DORSUALE
276 689 283 696 .
307 668 430 706 Jumenti
441 668 584 697 instratum
594 689 602 700 ‚
614 666 706 696 italice
716 668 893 704 Guala'rappa
902 664 945 693 di·

146 710 217 738 citur
228 730 235 737 .
249 707 460 744 [Procefl'erunt
469 718 580 737 centum
589 708 641 737 albi
652 708 737 737 boves
748 729 755 740 ,
778 706 946 735 dorsualibus

142 748 237 778 sericis
246 749 425 777 discoloribus
435 748 620 787 perfulgentes
632 769 638 775 .
649 748 838 786 Jul-Capitol.
850 749 880 775 in
889 750 944 776 Ga—

148 790 235 818 lieno.
246 792 257 821 ]
272 791 308 825 Sy
314 790 438 818 nonima.
449 789 522 818 Vide
531 790 658 826 Dmsale,
669 790 944 825 lustratumlMappa.

107 831 234 860 Dorsum
245 833 402 859 Remmniz
414 852 421 862 ,
432 830 501 869 legis
511 829 598 859 salicae
609 829 708 867 phrasis
719 850 726 862 ‚
747 830 794 858 tit..
803 840 850 867 43.
861 827 944 866 figni—

147 871 208 899 ficat
218 871 331 909 pecunia
342 870 368 898 se
379 871 515 900 redimere
525 881 539 899 a
548 871 720 909 flagellorum
732 871 830 899 niulCta
841 889 850 896 .
872 868 948 897 Vide

145 911 357 952 Quadragma.

103 953 325 982 Donrcnmum.
350 951 423 980 Vide
441 956 492 987 Ius
507 971 517 980 .

107 994 172 1022 Dos
184 994 353 1021 Nunnius
367 1012 374 1019 .
398 992 471 1021 Vide
495 993 636 1031 Mephium
648 1011 657 1019 ι
677 991 879 1028 Phaderphium
889 1009 898 1016 ·

106 1033 261 1062 Dosl’i'flll
274 1054 282 1065 ‚
294 1034 432 1062 Δωσιθεοι
441 1054 448 1065 ,
471 1033 702 1061 Samaritanorum
712 1031 780 1060 festa
790 1053 798 1063 ,
809 1041 868 1068 quae
880 1029 910 1058 ab
921 1039 948 1056 a·

149 1082 313 1103 mmataruin
324 1082 414 1100 rerum
424 1072 468 1101 efu
480 1073 656 1105 abstinebant,
667 1072 810 1100 credebant
822 1082 850 1099 in
860 1069 948 1098 resur-

153 1114 305 1142 rectionem
315 1124 485 1141 mortuorum
498 1135 505 1146 ‚
526 1117 553 1142 ὅ(
564 1114 704 1142 Sabbatum
716 1114 753 1140 ita
765 1116 791 1141 ὃ(
802 1112 893 1139 taliter
902 1111 949 1139 ob-

149 1152 291 1182 servabant
301 1176 307 1187 ‚
331 1164 361 1182 ut
372 1154 484 1182 immoti
496 1154 525 1182 in
536 1166 568 1182 eo
579 1155 627 1182 situ
639 1175 647 1186 ‚
667 1164 694 1181 ac
716 1153 853 1191 positione
863 1161 948 1179 rema-

150 1203 249 1222 nerent
258 1216 267 1228 ,
277 1195 307 1222 in
316 1195 409 1233 quibus
420 1195 558 1233 praevcnti
569 1206 601 1223 eo
611 1195 656 1222 die
665 1194 869 1232 reperiebamus
881 1212 889 1219 .
898 1194 949 1220 Ba-

149 1245 210 1262 ton.
223 1234 252 1262 in
262 1238 404 1273 Apparatu
413 1236 514 1266 Annal-
528 1246 555 1263 n.
569 1245 615 1272 ¹3·

110 1274 244 1304 DossALe
256 1296 262 1302 .
287 1276 359 1305 Vide
370 1277 483 1313 Dorsale
494 1296 501 1302 .

110 1316 177 1344 Doi
187 1325 314 1345 minim
325 1337 332 1343 .
342 1317 398 1345 FR.
410 1316 524 1344 donatio
535 1325 648 1353 propter
659 1313 766 1352 nuptias
778 1334 785 1341 .
801 1311 947 1355 [Fallitate

153 1354 271 1394 expressa
279 1360 332 1384 ἃς.
341 1356 456 1385 castrum
468 1356 538 1384 illud
548 1356 580 1383 ad
590 1355 703 1384 eandem
715 1354 853 1392 Reginam
864 1362 935 1380 ratio

154 1407 189 1424 ne
198 1396 319 1425 dotalitii
329 1397 476 1435 pertinere,
487 1406 547 1424 cum
557 1397 588 1424 ab
598 1396 692 1428 initio,
705 1405 753 1424 nec
765 1395 881 1423 durante
891 1403 946 1420 ma-

153 1436 288 1465 trimonio
299 1458 308 1470 ‚
327 1446 340 1465 a
351 1437 412 1465 viro
424 1437 470 1466 sibi
490 1437 575 1465 fuemt
586 1436 617 1464 in
636 1435 817 1464 donationem
836 1442 952 1472 propter

154 1478 261 1515 nuptias
271 1476 443 1515 affiguntum,
454 1477 484 1506 in
493 1477 619 1506 decretal.
631 1487 654 1504 c.
669 1487 677 1504 1
687 1487 711 1511 ς,
722 1476 756 1503 de
767 1475 827 1503 foro
838 1483 948 1512 compe—

153 1518 224 1546 tenti
238 1520 249 1549 ]
262 1521 289 1546 &
303 1518 340 1546 ibi
350 1516 443 1547 Glofl'a
453 1517 626 1553 .Synonima
638 1538 645 1545 .
658 1517 731 1546 Vide
741 1519 863 1551 Donatio
873 1535 881 1547 ,
894 1519 948 1549 Hy-

152 1559 258 1596 pobolon
269 1579 278 1586 .

112 1598 203 1628 DoxA.
212 1620 220 1631 ,
239 1608 328 1637 graeca
336 1598 422 1626 dictio
431 1595 498 1636 ἔθ’ξα
512 1619 520 1632 ,
541 1598 631 1638 gloria
642 1619 650 1631 ,
661 1596 829 1626 existimatio
841 1618 848 1629 ,
858 1594 949 1633 splen-

153 1640 204 1667 dor
215 1660 224 1672 ‚
234 1638 353 1674 majestas
364 1660 370 1666 .
385 1643 443 1674 [Et
452 1639 638 1668 admirabilem
648 1639 747 1667 doxam
760 1637 886 1675 Virginis
896 1645 950 1663 ram

153 1680 272 1718 egregiae
286 1700 293 1706 .
314 1681 350 1708 In
362 1680 418 1707 vita
429 1681 454 1708 5.
465 1679 575 1713 Gudilae
587 1680 671 1724 Virg.
690 1680 763 1708 Item
772 1677 872 1715 opinio
882 1677 949 1704 cele-

154 1720 208 1748 bris
222 1741 228 1752 ,
240 1729 322 1758 atque
331 1730 380 1758 pro
390 1720 526 1748 axiomate
536 1729 670 1758 reperitur
680 1743 687 1748 .

114 1761 298 1790 Dexoioom
309 1779 316 1786 ·
328 1758 476 1797 Σοξολογῖα
486 1781 492 1787 .
505 1763 560 1789 PR.
573 1759 736 1789 Sacrificium
748 1781 755 1792 ‚
767 1757 934 1798 glorificatio
943 1777 950 1784 .

158 1807 170 1836 [
182 1802 256 1829 Cum
266 1800 337 1828 sacra
347 1800 499 1839 doxologia
508 1810 682 1840 perageretur
692 1822 699 1833 ,
711 1799 781 1838 saepc
791 1796 950 1829 interfuifl‘c,

156 1845 256 1870 &cum
276 1839 432 1869 Patriarcha
442 1842 564 1869 locutum
584 1841 634 1869 effe
644 1845 698 1869 ἃς.
718 1838 950 1877 Νι(ερ1ιοῑ,(3τε-

158 1891 225 1920 gora
234 1904 241 1915 ,
256 1881 301 1910 lib.
314 1893 342 1916 4.
352 1880 438 1912 histe]
452 1882 526 1910 Vide
534 1882 629 1910 Gloria
638 1884 668 1909 in
680 1880 798 1917 Excelsis
809 1899 817 1907 .

116 1921 163 1951 Du
169 1933 269 1951 AchA
284 1942 290 1949 .
301 1918 428 1960 δ’ῥαχμῖι.
437 1923 614 1951 ΡΚ.Πιοηεῑει
625 1944 633 1955 ‚
652 1925 680 1951 ὅς
690 1922 794 1960 pondus
803 1929 883 1958 „quae
893 1929 952 1946 mo-

159 1972 221 1991 neta
231 1961 352 1999 ejusdam
365 1963 466 1992 valoris
477 1984 485 1995 ,
497 1973 525 1991 ac
536 1963 593 1991 ficli
603 1972 660 1991 erat
671 1983 679 1994 ,
701 1960 787 1990 Gloss'.
798 1961 827 1988 in
836 1970 893 1988 can.
905 1959 952 1987 dc-

156 2003 239 2041 nique
251 2006 277 2032 &
290 2003 385 2040 puellae
396 2021 409 2036 ‚
418 2010 465 2040 36.
476 2013 521 2041 qu.
535 2015 561 2032 z.
570 2002 617 2031 sed
628 2002 727 2031 erroris
736 2000 913 2030 convincitur
923 2000 951 2027 in

159 2043 223 2071 dict.
231 2049 247 2072 S
249 2043 318 2072 {clus
330 2063 338 2070 .
351 2043 424 2071 Vide
434 2045 609 2072 Dtdrachma
619 2063 627 2070 .
638 2043 789 2071 Talentum
801 2059 812 2069 ι

120 2082 339 2112 ὨιιΛεοηΛκιυς
351 2104 359 2116 ,
370 2083 403 2111 de
412 2082 465 2111 hoc
477 2084 608 2112 vocabulo
621 2081 717 2122 pasfim
727 2083 757 2111 in
766 2084 805 2110 Μ.
817 2082 860 2110 SS.
870 2090 948 2108 caere-

160 2121 323 2151 monialibus
331 2124 451 2161 antiquis
461 2125 604 2155 Romanis5
616 2123 780 2153 Draconarii
790 2122 864 2151 enim
878 2120 951 2149 mili-

160 2172 201 2192 tes
210 2172 286 2192 erant
296 2183 303 2195 ,
326 2173 373 2201 qui
382 2163 584 2193 comitabantur
604 2164 769 2193 Pontificem
789 2163 819 2190 in
838 2161 952 2199 publicis

160 2203 352 2232 functionibus:
362 2201 409 2231 sed
417 2204 450 2232 de
461 2205 570 2233 ratione
578 2204 657 2241 hujus
668 2203 788 2232 nominis
798 2203 879 2232 variae
889 2200 952 2230 sunt

162 2242 385 2282 opinionessnam
395 2246 519 2282 Angelus
529 2247 621 2274 Rocca
630 2254 676 2273 eos
686 2245 723 2272 ita
730 2243 878 2283 appellatos
889 2241 953 2269 fuis-

161 2282 190 2312 se
200 2283 350 2321 putat,quia
361 2283 485 2312 draconis
494 2286 600 2324 iignum
611 2283 801 2314 ferebant-Alii
812 2292 904 2310 tamen
912 2280 955 2310 so-

160 2325 202 2353 los
210 2323 354 2363 signiferos
363 2325 444 2352 nome
455 2324 509 2353 hoc
519 2325 635 2355 habuiss'e
644 2324 858 2361 autumant‚quia
867 2324 896 2352 in
908 2333 954 2351 ve-

163 2364 239 2394 xillis
249 2364 355 2405 signum
364 2364 491 2395 draconis
499 2366 641 2405 portabam
651 2387 660 2402 ,
669 2366 702 2397 ad
711 2365 898 2406 imitationem
910 2374 955 2392 an-

1291 42 1412 84 DR

992 99 1131 138 tiquonim
1140 99 1298 129 draconario
1304 109 1362 128 rum
1370 121 1379 133 ‚
1401 98 1448 137 qui
1457 98 1488 128 in
1501 97 1581 127 labari
1591 98 1712 127 culmine
1722 98 1786 128 effi:

991 140 1067 178 giem
1077 141 1199 169 draconis
1208 141 1356 179 gestabant:
1366 140 1440 180 quod
1451 150 1484 169 ex
1495 151 1529 169 eo
1537 138 1710 172 confirmant,
1722 138 1786 178 quja

994 181 1023 208 in
1033 181 1106 210 ord.
1117 183 1200 210 Rom.
1210 182 1372 210 Draconarii
1384 181 1555 219 appellantur
1565 179 1595 207 hi
1607 201 1614 212 ,
1626 179 1711 218 quiin
1722 190 1786 219 pro—

993 219 1154 249 cessionibus
1162 231 1268 249 crucem
1279 221 1409 254 serebant,
1419 222 1484 250 licet
1495 222 1632 249 affirment
1643 220 1701 253 alii,
1711 218 1786 258 quod

993 261 1024 289 in
1034 261 1189 290 litaniarum
1199 263 1333 297 majorum
1343 283 1351 294 ,
1373 273 1402 290 ac
1415 262 1590 302 rogationum
1606 259 1810 299 processioni-2

994 302 1040 330 bus
1051 302 1180 330 dracones
1189 301 1219 329 in
1227 301 1361 330 hastarum
1371 305 1537 333 culminibus
1545 300 1591 329 sub
1599 302 1696 330 Crucis
1707 301 1787 339 figno

995 342 1159 374 ferebamur,
1171 342 1204 370 ad
1214 342 1400 370 denotandum
1409 343 1568 374 infernalem
1576 342 1721 370 draconem
1732 340 1793 369 vii-⁴

996 393 1055 411 tute
1065 381 1161 411 saneim
1175 383 1273 411 Crucis
1287 381 1441 421 superatum
1451 406 1459 417 ‚
1481 397 1508 413 :ic
1518 383 1680 412 debellatum
1693 380 1766 410 fuiss'e
1776 401 1783 407 .

998 428 1010 458 [
1021 423 1149 452 Labarum
1161 445 1168 456 ,
1178 433 1258 462 quem
1270 422 1366 452 dicunt
1376 425 1520 453 draconem
1529 445 1537 456 ‚
1549 422 1578 452 in
1587 423 1702 462 speciem
1713 423 1786 451 Cru-

996 464 1034 491 cis
1044 464 1202 493 Dominicae
1212 485 1220 497 ‚
1242 466 1286 502 Jo.
1299 465 1333 493 de
1344 465 1418 493 cultu
1430 467 1515 504 Imag.
1526 465 1621 493 Postea
1641 463 1789 502 sequuntur

997 505 1101 533 vexilla
1112 527 1119 537 ,
1130 505 1148 533 fi
1161 505 1294 543 portanda
1304 504 1366 533 sunt
1377 527 1384 538 ,
1407 506 1509 534 deinde
1519 514 1662 543 portentur
1679 503 1789 541 serpen·

998 555 1039 573 tes
1048 567 1054 577 ,
1067 550 1094 574 ὃ(
1106 545 1236 574 dracones
1247 544 1326 583 super
1335 547 1464 583 perticam
1476 568 1484 579 ,
1506 550 1533 575 ὃ(
1545 545 1697 574 maximein
1711 554 1790 582 roga-

998 585 1133 614 tionibus:
1155 585 1257 614 dehinc
1282 587 1404 614 Accoliti
1426 597 1489 615 cum
1507 587 1591 615 cereis
1604 585 1702 614 duobus
1713 606 1720 617 ,
1744 585 1788 613 vel

980 632 983 635 '
998 626 1217 664 quatuorzpostea
1227 627 1315 659 Crux,
1325 627 1426 655 deinde
1437 627 1553 656 Clericis
1563 625 1709 654 minoribus
1721 635 1789 663 prx-

999 667 1157 695 cedentibus
1169 689 1175 699 ,
1191 671 1243 696 ὄις.
1255 667 1463 696 InSacerdotali
1475 668 1581 697 Alberti
1591 666 1750 697 Castdlani,
1760 665 1791 694 in

1000 706 1205 736 traet.secund0
1222 708 1312 735 tertiae
1327 710 1426 745 partis,
1449 719 1472 736 c.
1485 719 1511 742 4.
1522 708 1556 736 de
1577 707 1650 739 ritu,
1667 710 1694 735 δε
1705 705 1788 733 modo

1000 747 1202 785 proceffionum
1224 747 1405 777 faciendarum
1415 769 1421 776 .
1435 751 1447 779 ]
1469 748 1604 785 Quinimo
1622 748 1653 775 in
1663 746 1800 784 aliquibus*

999 788 1123 817 Ecclefiis
1132 787 1253 816 solebant
1262 787 1342 826 super
1353 788 1438 817 hastas
1448 789 1548 817 deferri
1559 790 1686 826 luporum
1706 786 1790 814 etiam
1836 819 1840 823 ,

1000 828 1092 867 figurae
1105 829 1134 856 in
1144 829 1318 867 rogationum
1329 829 1499 867 proceffione
1511 850 1518 860 ,
1538 828 1569 856 in
1579 828 1737 856 memoriam
1747 836 1794 854 cur

1002 870 1094 907 primo
1104 869 1227 897 instituta
1238 869 1325 897 suerat
1334 869 1393 898 haec
1403 868 1545 908 proeeffio,
1557 879 1609 907 pro
1618 867 1791 898 liberatione,

1002 910 1131 938 nimirum
1143 932 1150 942 ,
1163 920 1175 938 a
1187 910 1316 938 limilium
1325 911 1481 938 animalium
1491 910 1683 939 infestatione,¹
1698 909 1755 942 [In
1766 917 1794 934 a-

1002 950 1117 988 liquibus
1129 950 1251 978 Ecclefiis
1260 949 1349 978 solent
1361 952 1465 988 poi-tari
1474 951 1605 979 dracones
1616 971 1623 981 ,
1645 953 1671 977 ὅ(
1684 949 1739 985 lupi
1751 945 1794 975 su-

1002 1000 1050 1029 per
1058 991 1171 1028 perticas
1180 1012 1186 1023 ,
1199 991 1232 1017 ad
1241 990 1426 1018 denotandam
1437 990 1539 1018 causam
1549 1013 1557 1023 ‚
1576 999 1658 1028 quare
1668 989 1798 1017 instituta.

1003 1031 1084 1058 fuerit
1093 1029 1152 1058 haec
1163 1029 1305 1068 processio,
1317 1031 1381 1059 ibid.
1392 1030 1422 1059 in
1431 1031 1516 1060 Rubr.
1527 1032 1560 1059 de
1570 1028 1679 1068 procelli
1691 1029 1721 1056 in
1732 1028 1797 1055 trib.

1002 1071 1073 1099 dieb.
1084 1080 1170 1109 rogat.
1182 1073 1193 1102 ]
1205 1072 1247 1099 De
1257 1071 1389 1099 militibus
1399 1074 1499 1109 Papam
1509 1070 1703 1100 comitantibus
1712 1089 1719 1096 .
1744 1068 1796 1096 Vi-

1001 1112 1036 1141 de
1048 1111 1243 1149 Clavefignati
1254 1131 1260 1139 .
1272 1113 1328 1140 PR.
1351 1115 1410 1151 Ego
1420 1122 1510 1140 tamen
1519 1112 1650 1140 existimo
1660 1109 1731 1138 idem
1743 1106 1793 1136 effe

1001 1151 1126 1183 Guelsus,
1137 1162 1164 1179 ac
1175 1151 1355 1184 draconarius,
1367 1156 1392 1181 ὅ(
1404 1152 1459 1180 hoc
1471 1153 1588 1191 lignum,
1598 1151 1643 1179 seu
1657 1149 1795 1178 vexillum

1002 1193 1128 1220 draconis
1137 1192 1303 1231 principium
1314 1191 1431 1222 habuiss'e
1440 1193 1509 1221 circa
1518 1202 1619 1221 annum
1634 1202 1641 1219 t
1651 1203 1664 1219 2
1671 1197 1717 1225 ⁶5.
1739 1199 1798 1227 quo

1002 1241 1127 1270 tempore
1149 1242 1291 1270 coeperunt
1316 1233 1471 1261 Florentini
1481 1235 1585 1262 Cruces
1595 1255 1603 1266 ,
1625 1235 1652 1260 ὅ(
1662 1232 1793 1259 dracones

1003 1282 1052 1310 pro
1063 1272 1174 1300 vexillis
1192 1272 1240 1300 sex.
1260 1273 1406 1311 regionum
1424 1274 1496 1301 illius
1506 1273 1640 1301 Civitatis
1659 1271 1699 1299 uti
1717 1292 1725 1303 ,
1749 1269 1797 1307 qui

1002 1314 1144 1345 Cruces‚&
1158 1312 1286 1340 dracones
1296 1312 1442 1341 secundum
1455 1313 1545 1341 varios
1557 1313 1662 1340 colores
1672 1320 1752 1338 unani
1763 1309 1797 1336 ab

1003 1353 1085 1382 altera
1095 1354 1208 1391 regione
1220 1353 1421 1391 distinguebant
1433 1375 1440 1386 ,
1449 1363 1479 1381 ut
1489 1352 1572 1381 refert
1587 1354 1628 1387 Jo.
1651 1351 1777 1378 Villanus
1788 1369 1797 1381 ‚

1002 1403 1062 1431 cap.
1071 1392 1181 1428 40.suae
1191 1391 1256 1421 hist.
1267 1394 1318 1421 Sed
1330 1393 1466 1426 Villanus,
1476 1393 1607 1431 quivixit
1617 1392 1686 1419 circa
1694 1399 1796 1419 annum

1007 1445 1016 1462 1
1024 1445 1037 1472 3
1045 1444 1090 1462 00.
1102 1443 1135 1461 ex
1147 1432 1309 1462 Ricordano
1328 1433 1476 1472 Malaspina
1484 1433 1646 1462 Florentino
1655 1453 1663 1465 ‚
1685 1435 1713 1460 ὃς
1724 1430 1796 1458 anti-

1004 1474 1094 1512 quiori
1105 1473 1238 1502 historico
1260 1474 1423 1511 praecipuam
1434 1474 1485 1502 fuae
1505 1473 1625 1501 historiae
1637 1480 1741 1510 partem
1751 1480 1798 1498 ex-

1003 1513 1139 1553 cerpserat
1149 1534 1156 1546 ,
1167 1524 1198 1542 ut
1205 1514 1351 1542 evidenter
1363 1523 1446 1552 patet,
1458 1518 1485 1543 ὃ(
1495 1513 1614 1542 Thomas
1624 1509 1801 1540 Porcaccliius

1010 1555 1039 1583 in
1046 1554 1282 1583 Annotationibus
1291 1554 1551 1584 adGuicciardinum
1563 1553 1596 1582 ad
1606 1562 1802 1587 annum1494.

1004 1594 1173 1623 demonstrat
1183 1616 1190 1622 .
1206 1595 1282 1623 Hinc
1292 1595 1330 1623 est
1342 1616 1349 1627 ,
1363 1596 1436 1633 quod
1448 1595 1491 1623 ubi
1501 1595 1540 1623 de
1548 1595 1644 1622 talibus
1652 1593 1802 1621 draconum

1007 1636 1117 1664 vexillis
1129 1636 1254 1664 Villanus
1266 1636 1397 1673 loquitur,
1409 1646 1442 1664 ex
1453 1634 1600 1673 Malaspina
1608 1631 1801 1671 descripserat,

1006 1677 1052 1715 qui
1061 1686 1121 1714 cap,
1138 1683 1201 1708 176.
1212 1676 1246 1704 sic
1255 1677 1293 1704 ait
1308 1677 1419 1714 loquens
1429 1676 1463 1704 de
1472 1676 1619 1704 Clemenoe
1629 1676 1680 1702 IV.
1706 1679 1717 1708 [
1731 1671 1802 1700 vol-

1008 1718 1033 1745 le
1044 1740 1052 1750 ,
1063 1716 1114 1744 che
1126 1727 1174 1754 per
1183 1715 1231 1744 suo
1240 1727 1332 1745 amore
1343 1718 1367 1745 la
1379 1727 1454 1754 parte
1463 1715 1562 1745 Guelfa
1572 1713 1683 1752 portass'e
1695 1712 1802 1750 sempre

1007 1757 1083 1785 lasua
1093 1767 1166 1785 arma
1175 1757 1285 1795 propria
1297 1757 1458 1785 inbandiera
1467 1778 1475 1789 ‚
1487 1756 1554 1784 &in
1563 1755 1683 1794 sagelli„
1701 1754 1725 1781 la
1738 1762 1803 1790 qua-

1007 1798 1032 1825 lc
1043 1797 1071 1825 fu
1082 1808 1118 1825 un
1128 1808 1224 1835 campo
1235 1798 1330 1825 blanco
1340 1808 1393 1825 con
1404 1797 1451 1824 uri’
1462 1796 1564 1834 Aquila
1575 1795 1718 1833 vermiglia
1725 1792 1803 1830 sopra

1007 1848 1045 1866 un
1054 1837 1181 1876 serpente
1192 1838 1276 1866 verde
1286 1859 1294 1870 ,
1304 1838 1328 1865 la
1339 1838 1421 1876 quale
1431 1846 1581 1875 pormvano
1589 1836 1609 1864 li
1618 1835 1689 1863 detti
1698 1832 1801 1865 Guelfi,

1008 1889 1022 1906 e
1034 1888 1150 1907 tetinero
1161 1878 1219 1907 fino
1230 1879 1253 1906 α’
1264 1876 1382 1915 presenti
1393 1877 1478 1906 nostri
1489 1873 1746 1914 tempi,avegnache
1755 1882 1803 1910 ag-

1007 1917 1137 1958 giunsero
1149 1919 1156 1946 i
1167 1918 1260 1946 Guelfi
1271 1928 1308 1946 un
1317 1918 1459 1957 Giglietto
1471 1917 1619 1955 vernuglio
1640 1913 1805 1953 soprarilca—

1007 1969 1043 1997 po
1052 1959 1118 1987 dell'
1130 1959 1231 1996 Aquila
1244 1980 1251 1991 ,
1261 1958 1280 1986 si
1291 1959 1433 1996 partirono
1444 1959 1477 1986 da
1486 1956 1648 1986 lombardia
1658 1956 1687 1983 in
1695 1963 1804 1992 compa·

1007 2000 1071 2039 guia
1083 1999 1127 2027 de'
1135 1997 1294 2027 franceschi
1304 1999 1452 2027 delConte
1462 1998 1557 2030 Cnrlo,
1567 1996 1675 2036 quando
1687 1993 1802 2033 pallaro-

1008 2051 1045 2068 no
1054 2051 1067 2067 a
1076 2043 1167 2068 Roma
1176 2059 1184 2066 .
1199 2042 1213 2070 1
1225 2038 1308 2071 Quod
1320 2038 1369 2066 suit
1381 2060 1389 2072 ‚
1400 2048 1430 2067 ut
1440 2038 1555 2077 iplemet
1564 2036 1713 2074 Maiaspi'na
1723 2056 1730 2067 ‚
1742 2044 1802 2072 ⁶²?-

1007 2079 1131 2118 sequenti
1149 2079 1232 2107 refert
1243 2101 1250 2112 ,
1273 2079 1359 2107 dean.
1377 2086 1460 2113 1265.
1483 2088 1581 2116 nempe
1592 2098 1598 2108 ‚
1620 2075 1802 2113 inprincipio

1007 2120 1184 2149 Pontificatus
1204 2120 1282 2157 iplius
1291 2119 1448 2149 Clementis
1457 2138 1464 2146 .
1485 2117 1578 2147 Guelfi
1589 2117 1663 2146 enim
1673 2124 1750 2145 erant
1768 2114 1804 2142 ad

1007 2161 1131 2189 favorem
1140 2162 1273 2189 Roman-e
1292 2160 1415 2188 Ecclefiae
1429 2168 1525 2186 contra
1535 2157 1715 2187 Ghibellinos
1724 2177 1732 2188 ‚
1754 2153 1803 2192 qui

1007 2210 1084 2230 erant
1093 2201 1250 2239 Imperiales
1261 2221 1268 2232 ,
1281 2208 1309 2227 ut
1320 2201 1350 2228 in
1360 2200 1426 2229 diet.
1435 2198 1549 2237 Guelfus
1560 2197 1679 2226 dicemus
1691 2208 1697 2223 :
1707 2199 1806 2224 &cum

1007 2241 1040 2270 hi
1059 2241 1151 2270 Guelfi
1172 2242 1202 2269 in
1218 2239 1368 2269 servitium
1387 2238 1506 2275 ejusdem
1523 2238 1667 2267 Pontificis
1687 2239 1806 2265 Romam

1009 2280 1193 2311 transiviss‘ent
1205 2302 1212 2313 ,
1233 2279 1363 2310 habentes
1374 2279 1500 2309 draconis
1509 2279 1614 2318 (ignum
1626 2290 1636 2312 ,-
1659 2274 1806 2306 verisimile

1010 2323 1048 2351 est
1059 2344 1067 2355 ‚
1078 2322 1152 2360 quod
1162 2322 1226 2349 ideo
1235 2320 1387 2349 draconarii
1397 2319 1527 2359 appellati
1537 2319 1587 2348 fint
1597 2331 1608 2352 ,-
1630 2326 1693 2348 nam
1702 2336 1710 2347 ‚
1721 2323 1753 2343 ut
1761 2314 1806 2342 Vi-

1011 2363 1100 2394 dimus
1110 2361 1188 2402 supra
1195 2383 1205 2398 ,
1223 2359 1305 2402 usque
1324 2361 1359 2393 ad
1378 2360 1539 2400 Maiaspinaq
1556 2367 1679 2398 tempora
1694 2355 1808 2425 dgrahat

1732 2405 1764 2425 ΟΩ
