1866 2526
468 54 585 98 AR

119 114 209 151 byteri
219 112 327 142 fiiiss'ent
337 134 345 146 ‚
368 124 427 142 uon
436 124 494 143 erat
506 111 608 142 necesse
624 111 654 141 in
673 121 708 142 eo
719 110 829 142 Codice
837 121 903 140 con-

116 156 255 186 ditionem
275 153 422 194 religionis
439 164 561 193 ponere3
586 163 647 182 nam
676 164 709 182 eo
727 152 787 191 ipso
799 174 806 184 ‚
828 152 904 191 quod

118 195 242 234 Archipr
289 195 363 230 yteri
379 195 480 229 essent,
503 193 683 224 Christianos
697 192 772 222 suiss'e
785 193 904 221 omnino

116 236 263 275 supponeu
285 245 330 264 um
341 245 415 264 erat.
437 235 499 265 Alii
510 233 817 272 Praescftosimperialis
828 244 904 262 irien-

1234 52 1351 94 AR
1638 55 1688 108 83

962 121 1007 140 cos
1019 131 1027 144 ,
1050 114 1077 139 ὅ(
1087 120 1142 140 tres
1151 109 1266 143 latinos
1277 131 1286 143 ‚
1308 120 1338 138 ut
1351 108 1493 148 colligitur
1510 120 1540 138 cx
1553 111 1744 141 Tincodoiiano

963 151 1071 181 Codice
1080 152 1130 181 1.2.
1141 151 1175 179 de
1186 151 1253 180 stud.
1265 151 1355 180 librar.
1366 150 1544 180 Ui·b.Ro.De
1555 149 1656 179 eisdem
1667 161 1742 180 meu·

962 191 1070 221 tionem
1093 192 1156 221 facit
1177 192 1215 220 D.
1235 194 1322 231 Greg.
1341 204 1364 222 c.
1378 204 1404 227 4.
1426 191 1501 220 Dial.
1512 191 1585 220 Vide
1597 195 1741 231 Antiqua-

962 236 1020 261 rius
1032 253 1040 260 .
1063 233 1267 270 Chartophylax
1278 251 1285 259 .
1305 236 1475 262 scriniarius
1484 252 1490 258 .

117 276 152 306 sa:
173 287 218 304 eos
237 274 430 305 existim'iiruut
443 298 451 310 ‚
473 275 521 304 sed
530 275 660 305 Decnnos
679 275 774 304 senum
793 273 904 303 famula·
923 275 1251 302 Aitcfflr’ARAPHONiSTA
1263 293 1271 305 ,
1293 272 1458 312 principalis
1468 274 1594 305 Cantor,
1617 271 1742 300 tuiobla-

117 327 176 345 riun
189 315 488 355 palatiidestinatarum
499 338 506 350 ‚
528 326 562 345 ex
580 316 705 345 vocabuli
722 314 876 354 significatu
894 336 902 348 ,

116 356 179 386 satis
192 355 266 386 fuisse
279 357 438 396 colligitur.

76 399 291 427 Aitciiiievn'n
305 417 313 425 .
335 398 410 427 Vide
421 398 643 427 'Art-hidiaconus
654 417 662 424 .

76 439 339 468 AxeiiuiANDRITA
352 459 359 470 ,
382 433 612 476 Α’ρχιμοωδὲίτης
622 458 630 470 ,
647 435 778 474 Princeps
787 434 883 464 ovium
895 455 902 462 .

118 480 174 507 iR.
188 477 274 507 Gloss'.
286 479 317 506 in
326 489 348 506 c.
361 476 585 515 dispcnffitiones·
594 487 616 505 i.
628 487 685 515 q.7.
698 478 778 505 Inter
789 475 903 505 Latinos

115 517 210 546 eccles.
232 518 355 558 dignitas
372 518 460 546 adhuc
477 516 601 546 Mess'anae
624 518 703 556 viget
714 537 722 550 ‚
744 526 806 554 qux
830 516 902 553 prius

115 559 319 587 :nonachorum
331 558 516 588 Bafilienfium
525 567 600 590 erat,
623 567 695 586 nunc
715 566 784 585 vero
802 556 834 584 iu
856 566 902 583 co-

117 599 244 627 mendam
255 610 269 627 a
280 598 432 628 Catholico
444 601 521 636 Rege
532 597 650 627 Clericis
660 596 823 635 secularibus
835 606 901 624 con-

112 640 220 668 ceditur
230 661 238 672 ,
259 644 287 668 δε
317 639 356 668 est
385 639 500 668 maximi
527 637 642 667 honoris
654 659 662 670 ‚
683 649 713 666 :c
732 646 883 676 proventus
893 657 899 664 .

114 680 275 718 Aliquando
293 689 385 708 tamen
404 679 532 708 tribuitur
552 678 770 717 Archiepiscopo
798 677 845 706 hic
865 677 900 705 ti-

115 720 186 748 tulus
197 741 203 747 .
230 726 242 755 [
265 720 392 756 Qualiter
413 722 511 749 Beatus
529 721 570 748 Ar
587 718 759 748 himandrita
784 720 899 748 Severus

114 759 322 798 ejussepulturae
344 758 431 789 fuiss'et
442 759 576 789 divinitus
595 759 761 788 destinatus.
785 761 821 788 In
838 759 897 787 vita

114 800 239 829 S.Severi
249 799 423 839 Archiepisc.
433 803 626 830 Ravennatem
637 810 696 839 quae
708 801 774 829 MS.
786 798 896 828 conser-

114 851 193 869 vatur
212 840 242 868 in
253 841 424 870 Bibliotheca
434 843 460 870 S.
471 840 566 869 Maria:
578 840 733 870 Vallicellae
752 841 786 869 de
797 841 875 870 Urbe
887 859 894 867 .

112 882 174 915 Hoc
185 880 333 918 prohibent
344 881 438 910 dile&
449 881 505 910 Dei
518 880 645 919 Episcopi
658 903 665 914 ,
686 885 713 910 δε
726 880 894 910 Archiman-

111 921 192 950 dritae
204 942 210 948 .
235 923 269 950 In
278 923 394 951 Novell.
405 922 556 961 Justiniau.
570 924 616 957 5.]
640 921 774 951 Abbatissh
785 921 894 950 Moma-

109 961 178 989 lium
187 962 272 990 etiam
281 962 527 1000 Archimandriffa
545 962 662 990 dicitur:
687 963 717 991 in
738 963 892 991 Constitut.

110 1002 207 1030 Caroli
217 1003 311 1040 Magni
321 1002 338 1029 .“
353 1004 426 1032 Vide
437 1003 562 1031 Mandra
571 1022 578 1029 .
601 1004 753 1032 Mandrita
764 1024 770 1030 .
791 1005 826 1031 In
838 1004 892 1031 Ca-

114 1042 185 1079 pella
195 1042 345 1073 Pontificizi
362 1042 592 1072 aProtonotariis
609 1044 793 1080 praeceditur.
818 1043 892 1070 Vide

110 1086 315 1110 Protonotarius
326 1103 333 1109 .

70 1122 322 1151 ARCHIMARGIRUS
334 1144 342 1155 ‚
355 1125 485 1152 Annona:
497 1144 504 1155 ,
527 1122 573 1151 seu
582 1123 721 1162 Coquinae
734 1123 876 1162 praefeftus
888 1132 906 1149 .’

113 1167 125 1196 [
140 1165 237 1190 Επαιη
250 1162 469 1202 Archimargirus
479 1162 604 1190 defecisse
623 1163 790 1201 stipendium
809 1163 896 1192 vistus

110 1203 214 1240 promit
223 1222 230 1229 .
240 1203 275 1230 Iu
287 1203 346 1231 vita
357 1205 382 1232 S.
394 1203 538 1232 Vincentii
549 1204 672 1238 Presbyt.
685 1206 696 1235 ]
709 1206 773 1232 Vox
784 1203 894 1242 quiden*¹

111 1251 238 1280 corrupta
249 1253 322 1275 ‚cum
333 1243 541 1282 Archimagirus
550 1242 698 1272 secundum
716 1254 835 1283 graecam
853 1243 897 1271 di-

107 1283 230 1311 ftionem
241 1282 434 1322 τίρχιμείγειρος
444 1284 502 1323 legi
512 1283 643 1312 debuifl'et
653 1306 661 1317 ‚
672 1284 701 1312 id
711 1285 749 1312 est
760 1284 897 1322 priucipa-

106 1324 140 1351 lis
149 1332 268 1360 coquus:
293 1325 349 1352 PR.
361 1326 424 1352 Hoc
437 1325 553 1353 nominc
568 1326 650 1353 LXX.
671 1324 702 1353 in
722 1336 745 1352 c.
756 1332 803 1362 36.
823 1327 897 1353 Gen.

106 1364 285 1400 Putipharem
297 1365 445 1394 nominent
458 1387 465 1398 ,
487 1365 534 1404 qui
545 1364 695 1404 Josephum
705 1375 809 1394 emerat
821 1376 828 1396 5
852 1365 897 1393 ubi

108 1404 226 1442 Vulgata
238 1407 366 1442 Princeps
378 1409 517 1435 exercitus
528 1405 608 1434 habet
618 1427 626 1438 ,
649 1406 711 1444 quia
721 1406 752 1434 in
772 1405 898 1445 rigoroso

108 1454 188 1482 graio
201 1443 280 1472 sensu
292 1446 523 1484 Archimargirus
533 1449 688 1483 Principem
700 1448 846 1484 occisorum
855 1445 897 1474 so-

107 1493 154 1511 net
166 1505 174 1516 ‚
186 1484 250 1512 ideo
260 1485 355 1514 eadem
368 1487 479 1525 vulgata
490 1490 646 1524 Principem
656 1490 796 1515 exercitus
805 1485 896 1520 habet,

107 1527 135 1552 &-
148 1525 227 1551 Lxx.
239 1528 390 1562 Principem
410 1537 553 1565 coquorum
564 1527 779 1565 interpretamur
791 1546 798 1554 .
809 1527 842 1555 U
845 1537 898 1555 tra-

108 1574 160 1601 que
177 1573 269 1591 tamen
279 1564 362 1593 lee‘tio
375 1566 403 1594 in
413 1566 466 1595 hoc
478 1567 612 1595 convenit
624 1588 631 1599 ,
655 1567 729 1605 quod
751 1562 806 1594 iai-ii
827 1567 893 1600 ille,

107 1613 188 1642 quam
201 1603 251 1631 iste
261 1605 413 1634 occisorum
425 1607 556 1644 Princeps
577 1608 615 1636 est
627 1618 634 1638 3
656 1607 805 1635 hominum
827 1608 876 1637 ille
886 1630 893 1641 ‚

109 1648 137 1672 ἃ
149 1642 195 1671 hic
207 1645 378 1674 animalium.
390 1647 483 1675 chtio
495 1657 585 1676 autem
595 1647 721 1677 hebraica
730 1658 791 1676 cum
802 1649 896 1687 vulga-

112 1693 138 1711 ta
148 1685 299 1713 concordat
309 1706 317 1713 .

66 1726 262 1753 ARcunssMUS
276 1747 284 1758 ‚
306 1723 462 1765 α’ρχίμιμος
472 1747 479 1755 .
503 1730 559 1757 PR.
571 1728 734 1767 Principalis
744 1728 864 1758 comicus
885 1751 893 1763 ,

106 1764 151 1792 seu
159 1766 371 1795 comoediarum
382 1768 501 1796 director
511 1789 518 1796 .
532 1775 544 1804 [
555 1770 590 1797 In
601 1769 697 1798 Africa
707 1770 752 1798 SS.
765 1769 892 1798 Masculae

106 1803 274 1834 Archimimi
293 1810 346 1835 δερ.
358 1809 504 1843 Martyrol.
517 1811 601 1838 Rom.
622 1821 636 1838 2
639 1821 670 1846 9.
690 1809 802 1838 Martii.
821 1810 894 1839 Vide

108 1845 248 1873 Tribunus
260 1858 269 1878 ,⁷
290 1848 466 1886 Thymelicus
477 1869 485 1876 .

66 1887 325 1916 Ancuioruoeiius
335 1909 344 1920 ,
367 1890 457 1924 Major
466 1899 481 1918 a
490 1889 594 1926 poculis
612 1889 738 1918 minister
750 1912 757 1923 ,
779 1900 814 1920 ex
823 1901 894 1930 grae-

106 1936 139 1953 co
150 1925 242 1968 voccib·
253 1923 421 1964 α’ρχιοινόχες
433 1951 442 1962 ,
462 1940 518 1968 quo
528 1930 567 1958 D.
587 1930 776 1965 Hieronymus
798 1933 828 1960 in
838 1934 895 1960 Ge—

108 1965 163 2008 nes.
177 1974 282 1997 utitur,
305 1970 333 1995 δε
349 1969 380 1996 in
388 1968 441 1997 hoc
451 1968 529 1998 sensu
549 1971 653 2008 pariter
664 1972 785 2008 explicat
798 1992 806 1999 .
832 1975 889 2002 FR.

107 2006 211 2035 dicitur
220 2005 506 2051 etiam-dpxioiioeo'pog
518 2032 525 2043 ‚
546 2022 609 2040 nain
628 2010 753 2050 οἷνοφόρος
762 2034 770 2045 ‚
792 2012 895 2051 Wnifer

105 2057 199 2090 gi-aece'
225 2046 409 2085 intelligitur,
431 2050 498 2078 item
518 2054 546 2079 &
570 2049 752 2090 α’ρκισινολὸπ
783 2064 796 2081 a
824 2063 893 2082 voce

107 2085 224 2120 οἷνᾶχους
235 2107 254 2128 ,ι
265 2087 339 2125 quod
349 2088 421 2117 idem
431 2090 469 2118 est
480 2112 489 2123 ‚
511 2101 540 2119 ac
546 2093 692 2129 pocillator
702 2112 710 2120 .
741 2103 750 2109 ·

65 2129 231 2157 AueniorA
242 2149 250 2160 ‚
275 2137 330 2170 vox
339 2139 426 2166 graeca
435 2128 578 2168 ἄρχειώγης
587 2154 594 2166 ,
617 2131 786 2161 Archimista.
797 2154 804 2161 .
828 2139 840 2169 [
853 2133 893 2162 Hi

106 2177 245 2209 quoque„
257 2177 304 2206 qui
315 2168 439 2198 custodes
451 2171 570 2204 aedium‘,
595 2172 640 2201 vel
652 2172 798 2202 archiotae.
821 2175 893 2213 Dig.

105 2207 154 2235 lib.
168 2217 213 2242 50.
226 2217 270 2236 tit.
285 2219 312 2242 4.
324 2208 371 2236 lib.
386 2214 430 2238 18.
449 2210 475 2241 ξ.
492 2213 555 2242 io.]
580 2215 738 2252 FR.gr.ece
758 2214 893 2252 significat

106 2247 225 2285 propria:
237 2252 446 2286 Antiquariusn
458 2271 466 2283 ‚
489 2251 551 2289 quia
559 2252 590 2281 in
600 2254 739 2282 Archivio
750 2252 890 2293 scripturae
910 2266 916 2271 ·

105 2288 255 2332 antiquatae
266 2288 474 2319 conservantur.
485 2292 694 2322 Valentinianus
705 2296 776 2332 Imp.
787 2294 892 2333 septem

107 2332 290 2371 Antiquarios
301 2350 308 2361 ,
331 2339 360 2358 ac
372 2329 548 2368 peritiffimos
558 2333 766 2373 transcriptores
785 2335 816 2364 in
836 2339 891 2370 ejus

106 2368 276 2404 Bibliotheca
286 2370 468 2401 constituerat
478 2392 488 2406 ‚
511 2382 627 2412 quatuor
636 2396 646 2409 ,
669 2385 768 2416 nempe
778 2396 787 2409 ,
810 2378 890 2406 Giiae-

960 313 1044 342 tionis
1055 323 1178 352 tempore
1189 313 1218 341 in
1227 311 1360 343 sacrificio
1370 323 1466 353 aquam
1476 313 1594 351 praebere
1604 312 1744 341 incumbe-

957 355 1003 383 bat
1014 365 1022 386 ς
1041 364 1104 383 nam
1114 355 1253 384 Cantores
1264 364 1377 394 propter
1386 350 1597 392 occu'pationem
1608 353 1724 381 canendi
1734 374 1743 386 ,

961 406 1017 424 non
1027 404 1105 423 erant
1122 394 1222 424 astricti
1234 394 1312 423 sicuti
1329 395 1431 434 reliqui
1452 394 1567 423 astantes
1575 394 1610 423 :id
1627 392 1744 422 offeren-

961 436 1026 464 dum
1036 445 1136 474 panem
1147 457 1154 468 ,
1176 438 1203 463 δι
1214 434 1310 464 vinum
1323 448 1329 467 ι
1351 437 1416 465 ideo
1427 446 1441 464 a
1453 435 1549 464 vicino
1560 434 1637 463 fonte
1646 444 1743 473 aquam

963 475 1083 505 serebant
1094 496 1101 504 .
1125 475 1261 512 [Deinde
1269 475 1413 506 descendit
1423 476 1609 505 subdiaconus
1626 474 1742 513 sequens

959 515 1083 546 scholam
1092 538 1100 549 ,
1111 520 1139 545 δ(
1151 516 1253 554 accipit
1263 517 1367 546 sontem
1377 517 1411 546 de
1422 527 1502 546 manu
1516 514 1741 554 Archiparapho-

958 557 1036 585 iustae
1047 579 1055 590 ,
1077 561 1105 586 ὅ(
1116 556 1206 585 desert
1224 557 1436 587 Archidiacono
1447 579 1454 590 ‚
1477 560 1503 585 δ(
1529 557 1578 584 ille
1597 566 1631 585 ex
1650 555 1739 584 amula

956 596 1080 626 infundit
1091 619 1099 630 ‚
1123 597 1223 626 faciens
1243 608 1351 626 crucem
1373 599 1404 627 iu
1422 597 1506 626 calice
1516 617 1522 624 .
1545 596 1620 626 Ord.
1631 599 1714 626 Rom.
1728 598 1740 626 ]

959 641 1083 672 Etymon
1094 648 1214 677 graeciim
1223 636 1481 677 oc'pXiQoeqomei'gn
1504 638 1578 676 quod
1598 637 1628 666 iu
1647 637 1741 677 rigore

954 682 1083 706 Primum
1093 679 1305 707 inclamatorem
1318 679 1335 706 13
1359 679 1452 707 nificat
1466 700 1474 711 ‚
1496 678 1545 717 qui
1556 678 1587 706 in
1597 679 1739 707 Caeremo-

953 718 1067 746 nialibus
1077 719 1198 756 antiquis
1208 724 1327 747 Pracent
1344 730 1357 746 r
1369 729 1483 747 vocatur
1494 740 1502 751 ,
1524 719 1588 758 quia
1599 718 1632 747 ad
1652 718 1740 756 ipsum

953 759 1108 796 pertinebat
1118 757 1202 787 Missb:
1214 758 1362 787 introitum
1372 759 1501 788 intonare
1512 780 1520 792 ,
1535 759 1609 797 quod
1620 758 1740 797 incipie-

951 799 996 827 bat
1008 809 1057 837 per
1067 800 1173 838 signum
1184 797 1347 838 egressionis
1355 802 1435 838 Papae
1445 810 1458 828 a
1471 799 1594 829 Sacrario
1605 810 1612 829 ς
1633 799 1654 828 is
1665 799 1741 827 enim

950 839 983 867 :id
993 841 1102 875 januam
1111 840 1256 868 attendens
1265 861 1272 871 ‚
1294 849 1355 868 cum
1367 840 1498 869 Pontifex
1507 851 1520 868 :i
1529 839 1652 870 sacrario
1662 849 1740 878 egre-

950 880 1059 908 deretur
1071 902 1078 913 ,
1093 880 1183 909 statim
1195 879 1307 918 reliquis
1319 881 1451 909 ministris
1463 881 1517 909 alra
1529 891 1597 910 voce
1607 881 1742 909 Accedere

947 920 1125 959 dicebatsquae
1135 920 1335 949 caeremonialis
1344 922 1435 959 praxis
1445 921 1474 949 in
1484 920 1681 961 Andegavensi
1692 924 1743 949 Ec-

947 960 1025 989 clefia
1043 961 1130 990 adhuc
1151 962 1229 1002 durgi:
1240 982 1248 993 ,
1267 961 1311 989 ubi
1320 967 1473 991 Pracantor
1482 972 1544 990 :inte
1563 961 1713 991 introitum
1732 982 1742 994 ,

947 1001 1046 1030 eodem
1056 1002 1140 1031 verbo
1161 1000 1308 1040 ingressiim
1319 1001 1411 1030 Chori
1429 1003 1576 1031 denuntiat
1586 1024 1594 1035 ‚
1615 1006 1643 1031 ὃ(
1655 1002 1683 1030 in
1692 1000 1743 1030 :ili-

945 1041 1040 1079 quibus
1051 1042 1242 1071 festivitatibus
1255 1042 1491 1080 processionsliter
1497 1053 1593 1082 aquam
1604 1053 1654 1081 pro
1662 1041 1745 1071 saci-i-

949 1081 1012 1110 ficio
1031 1092 1064 1110 cx
1074 1082 1195 1111 Sacristia
1205 1082 1295 1110 defert
1305 1082 1335 1111 iu
1345 1082 1454 1111 vasculo
1465 1082 1595 1112 absconso
1612 1083 1660 1112 sub
1677 1083 1743 1112 velo

952 1122 985 1150 ab
993 1121 1115 1159 humeris
1125 1123 1264 1161 pendente
1273 1145 1281 1156 ‚
1294 1124 1464 1161 praecedente
1474 1124 1647 1153 Subdiacono
1656 1144 1663 1156 ‚
1675 1123 1742 1152 ficut

951 1162 1035 1191 Ordo
1046 1166 1130 1192 Rom.
1143 1161 1297 1200 praescribit
1309 1183 1317 1190 .
1340 1163 1414 1191 Vide
1430 1165 1618 1193 Archicantor
1628 1185 1636 1192 .
1653 1169 1742 1193 Para-

949 1203 1073 1240 phomsta
1082 1224 1089 1231 .
1111 1203 1207 1232 schola
1219 1208 1374 1232 Camarum
1384 1224 1392 1233 .

915 1245 1128 1273 ARCHIPHYLAX
1141 1265 1149 1276 ,
1161 1254 1242 1282 greca
1255 1254 1309 1272 vox
1324 1242 1485 1283 ἐρχιφύλαξ
1495 1266 1502 1278 ,
1524 1244 1667 1283 primarius
1677 1245 1735 1274 Cu<

953 1283 1024 1314 stos;
1048 1284 1082 1312 fic
1093 1285 1279 1322 appellabatur
1297 1284 1326 1312 in
1338 1286 1437 1313 Monte
1447 1286 1580 1314 Carmelo
1592 1286 1739 1315 Generalis

953 1325 1038 1352 totius
1052 1325 1172 1353 Ordinis
1181 1325 1436 1354 Carmeliranoriim
1446 1347 1454 1359 ,
1477 1326 1525 1365 qui
1547 1327 1644 1355 titulus
1655 1336 1739 1365 penes·

953 1365 1064 1393 eosdem
1082 1376 1159 1394 anno
1182 1376 1265 1393 1121.
1286 1364 1396 1394 cesshvit
1413 1388 1423 1399 ‚
1451 1367 1581 1405 quando,
1610 1377 1708 1405 nempe
1729 1387 1738 1399 ,

953 1405 1129 1435 Aimerichns
1139 1405 1334 1434 Antiochenus
1347 1406 1505 1436 patriarcha
1516 1407 1545 1435 in
1566 1417 1636 1435 terra
1647 1407 1738 1435 sancta

951 1446 1079 1485 generale
1089 1446 1252 1484 Capitulum
1260 1447 1444 1486 congregavit
1455 1469 1463 1480 ,
1485 1447 1529 1476 ubi
1550 1448 1584 1476 ad
1596 1447 1738 1487 generala-

952 1497 1011 1515 tiim
1024 1489 1054 1516 B.
1066 1487 1210 1516 Bertoldus
1228 1487 1341 1515 Latinus
1362 1488 1521 1516 nominatus
1540 1488 1591 1517 suit
1602 1510 1611 1521 ,
1634 1492 1661 1517 ἃ
1672 1498 1737 1516 tunc

953 1527 1049 1556 relicto
1060 1538 1129 1556 cano
1140 1527 1224 1555 titulo
1234 1527 1319 1555 totius
1329 1527 1450 1557 Ordinis
1461 1529 1606 1558 Antistites
1616 1529 1649 1557 :id
1658 1527 1736 1556 usum

952 1568 1167 1597 occidentalium
1183 1568 1334 1596 Generalcs
1351 1568 1460 1597 Priores·
1477 1569 1616 1597 nominari
1646 1578 1739 1605 coepe-

952 1619 1035 1641 i‘iint,
1058 1619 1072 1636 a
1093 1608 1247 1640 Bertoldo,
1271 1619 1390 1646 nempe,
1414 1609 1506 1647 primo
1522 1618 1616 1637 eorum
1636 1610 1738 1637 Latmo

953 1649 1104 1678 Generali.
1126 1651 1190 1686 Ejus
1218 1649 1401 1684 Synonyma.
1424 1649 1497 1678 Vide
1523 1649 1555 1677 iu
1579 1649 1644 1677 diet.
1665 1649 1738 1678 Tbe-

946 1690 1098 1726 [aurarius
1107 1709 1115 1716 .

912 1731 1198 1763 Anci-iimtesmrifiii,
1225 1727 1504 1768 Α’ρχιτρεσβόῖερος,
1525 1729 1571 1768 qui
1598 1740 1612 1757 :i
1630 1728 1747 1759 Graecix‘

951 1776 1113 1807 Protopapas
1124 1780 1237 1800 vocatur
1248 1789 1256 1796 .
1279 1774 1290 1803 [
1303 1770 1371 1798 Sunt
1382 1770 1626 1809 Archipresbyteri
1635 1770 1664 1798 in
1675 1769 1742 1808 Epi-

951 1810 1053 1848 scopiis
1065 1811 1274 1841 Canonicorum
1286 1820 1378 1839 curam
1387 1820 1516 1849 gerentes
1527 1831 1534 1838 .
1553 1810 1642 1839 Valaf.
1651 1810 1686 1838 de
1695 1820 1739 1838 re-

951 1851 998 1880 bus
1008 1849 1110 1880 Eccles.
1121 1862 1144 1879 c.
1155 1862 1168 1889 3
1180 1863 1202 1880 i.
1215 1855 1227 1884 ]
1251 1851 1437 1889 Unaquleque
1458 1861 1490 1879 ex
1511 1851 1596 1879 tribus
1615 1851 1737 1879 Pati-iiii·-

950 1891 1070 1920 ehalibus
1097 1894 1195 1921 Romae
1223 1891 1336 1921 basilicis
1363 1890 1438 1919 suurn
1460 1891 1737 1930 Archipresbyterum

951 1931 1132 1961 cardinalem
1141 1931 1221 1961 habet
1232 1955 1240 1965 ,
1263 1936 1290 1960 ὃ(
1299 1930 1398 1959 horum
1411 1932 1514 1960 Vicarii
1535 1931 1597 1960 sunt
1605 1932 1715 1960 Praelati
1726 1953 1735 1966 ‚

950 1973 1046 2012 quibus
1065 1982 1099 2000 ex
1126 1972 1240 2002 decreto
1264 1972 1432 2009 Apostolicae
1452 1972 1627 2001 Vifitationis
1638 1994 1646 2006 ‚
1667 1971 1734 2009 jufl‘u

950 2012 1106 2042 Alexandri
1132 2015 1202 2042 V11.
1231 2012 1362 2041 medietas
1383 2022 1534 2050 proventus
1555 2013 1736 2042 Canonicalii

950 2052 1192 2091 Archipresbyteri
1202 2052 1366 2092 affignatur.
1388 2054 1424 2081 In
1435 2053 1588 2083 Ritualibus
1601 2053 1734 2092 antiquis,

949 2098 977 2122 ὅ(
988 2094 1092 2122 Diariis
1101 2093 1132 2122 hi
1141 2104 1195 2122 tres
1206 2093 1447 2131 Archipresbyteri
1457 2097 1562 2122 Priores
1583 2104 1716 2122 vocantur
1724 2116 1733 2128 ‚

949 2134 983 2162 sic
994 2134 1078 2163 etiam
1089 2135 1141 2163 tria
1151 2135 1295 2163 Ordinum
1305 2134 1393 2172 capita
1403 2135 1434 2162 in
1449 2133 1526 2163 sacro
1537 2134 1672 2173 Collegio
1693 2135 1735 2163 di-

948 2175 1079 2204 cebantur
1097 2197 1106 2209 ,
1140 2175 1272 2204 nimirum
1282 2196 1290 2207 ,
1321 2178 1399 2203 Prior
1429 2177 1616 2213 Episcoporum
1627 2196 1635 2208 ‚
1657 2179 1735 2204 Prior

947 2217 1167 2256 Presbyterorum
1180 2236 1188 2248 ,
1211 2215 1245 2248 (ῥ’
1264 2217 1341 2244 Prior
1358 2218 1544 2244 Diaconorum
1557 2237 1565 2247 ,
1590 2226 1658 2253 quos
1679 2215 1733 2244 alio

946 2257 1062 2284 nomine
1082 2255 1181 2285 horum
1201 2255 1331 2284 ordinum
1351 2260 1475 2284 Decanos
1496 2266 1567 2284 nunc
1583 2256 1701 2284 dicimus
1724 2276 1733 2284 .

948 2296 1073 2333 Quilibet
1081 2307 1115 2325 ex
1125 2296 1169 2324 his
1179 2296 1336 2335 purpuratis
1345 2295 1598 2334 Archipresbyteris
1618 2305 1734 2333 excepto

946 2336 1088 2365 Vaticanae
1101 2337 1220 2365 Bafilicae
1240 2337 1271 2365 in
1291 2336 1369 2366 Anni
1381 2337 1471 2364 Sancti
1488 2336 1629 2375 principio
1639 2345 1733 2373 portas

945 2377 1052 2407 §nufias
1061 2387 1156 2408 eorum
1167 2377 1314 2406 titulorum
1325 2377 1411 2414 aperit
1422 2387 1429 2404 ε
1440 2376 1573 2409 Pontifex
1586 2385 1654 2404 vero
1664 2377 1734 2409 Por-⁸

1355 2418 1374 2444 F
1419 2427 1434 2444 2
1639 2424 1696 2444 tam
