1866 2526
281 62 292 66 ·
463 44 502 85 Β
531 43 574 86 A

115 113 158 133 rus
176 101 260 133 fuerit
279 100 426 141 eorrupisse
442 101 562 131 bannum
581 101 613 130 ab
631 99 770 141 Episcopo
790 99 900 140 impofi-

113 154 172 173 runi
183 165 191 178 ,
215 142 396 182 quadraginta
405 143 513 172 dierum
533 141 716 182 castigatione
735 142 900 181 corripiatur

117 194 227 214 tantum
244 184 275 212 in
284 193 353 222 pane
363 205 372 217 ,
393 182 448 213 sale
458 205 466 217 ,
486 187 514 213 δι
524 193 592 223 aqua
602 204 609 212 .
630 184 724 213 Clem.
735 185 759 212 1.
770 183 855 223 Epist.
867 181 900 211 ad

113 225 200 264 Jacob
211 245 218 253 .
229 226 242 256 ]
256 226 312 254 FR.
325 230 337 260 [
348 224 508 254 consuevit
520 225 641 263 recipere
652 225 795 254 annuatim
807 247 814 258 ,
826 222 901 252 insu-

111 275 160 304 per
171 270 199 295 &
209 265 392 294 comestiones
402 287 411 299 ,
430 267 519 295 banna
528 287 537 299 ‚
559 266 660 304 placita
671 287 680 299 ,
702 265 837 294 forisfac'ta
848 287 855 298 ‚
865 264 900 293 de

111 305 264 344 praescript.
282 317 304 336 c.
316 307 350 335 ad
371 307 541 336 audientiam
550 327 557 334 .
571 308 582 338 ]
605 307 664 336 Ubi
674 305 786 338 GlossPu
809 309 901 342 [Ban-

118 356 200 380 num,
209 347 287 380 idest,
297 350 339 384 jus
348 348 460 376 dicendi
469 349 588 377 bannum
599 369 606 380 ,
619 347 665 376 vel
676 347 795 376 ediflum
803 369 811 376 .
823 350 834 380 ]
846 349 900 377 Sae-

113 397 146 425 pe
156 388 187 416 in
198 391 306 417 Annot.
319 389 391 417 Hiss.
401 389 577 427 Longobard.
589 389 619 417 in
628 399 651 416 c.
664 399 709 417 ιο.
721 389 739 416 l.
750 389 769 417 si
779 389 839 427 quis
851 398 902 426 pro

113 428 197 461 faida,
206 428 241 456 de
254 427 373 457 faidosis.
386 430 404 457 l.
413 429 447 457 de
459 429 575 468 liis,qui‚
587 430 623 459 de
632 440 666 458 eo
676 429 723 467 qui
738 429 896 457 fraudulen-

114 477 157 497 ter
178 468 342 498 alienaverit
354 489 362 497 .
379 470 481 499 Bullar.
491 471 621 500 Casmen.
640 479 709 499 tom.
721 469 844 499 2.const.
855 480 901 502 70.

79 509 183 539 Banus
194 529 202 536 .
225 511 283 539 PR.
295 510 428 549 Dignitas
436 520 494 539 erat
508 512 537 540 in
547 510 689 540 Dalmatia
700 531 708 543 ,
726 514 755 539 δ(
765 509 881 540 Croatia
893 531 901 542 ,

114 549 158 578 cui
168 550 331 589 gubernium
339 552 424 580 totius
436 551 588 590 provinciae
598 550 779 585 incumbebat,
790 561 819 579 ac
829 549 900 589 saepe

114 591 203 629 Regis
215 589 350 624 fratribus,
359 603 388 620 ac
400 592 491 621 liberis
501 592 766 625 comniittebatur‚&
777 593 901 621 Ducatus

116 630 203 659 titulo
219 632 521 669 xquiparabatuncujus
529 632 685 662 substitutus
696 636 846 662 Vicebanus
857 632 899 660 di-

114 671 280 701 cebatur-Ita
292 674 336 710 Jo:
349 673 447 702 Lucius
456 672 487 701 in
498 675 575 702 trac't.
584 674 619 702 de
627 677 741 713 Tragur.
760 675 796 702 In
805 676 901 702 Borno

116 712 258 741 'interioris
277 714 371 749 Libyae
388 722 477 752 regno
495 719 577 742 Banu
598 724 725 743 nummos
743 714 880 754 significat
891 733 899 741 .

74 754 216 782 BAPi-uim
227 774 235 786 ‚
253 754 362 792 βαφεῖω
372 773 380 781 .
400 756 456 784 FR.
467 755 581 783 officina
591 777 600 788 ‚
623 756 651 784 in
662 765 714 794 qua
734 755 899 794 purpurinus

115 793 194 821 coloi:
204 792 292 821 serico
303 815 311 826 ,
331 797 358 822 ὅ(
370 795 440 823 lanz
451 795 565 824 dabatur
575 816 582 823 .
604 796 623 824 l.
635 807 662 825 2.
679 800 707 825 ὃ(
724 798 743 825 1.
759 796 880 825 Privatae
891 817 898 828 ,

115 833 154 862 C.
161 833 198 861 de
204 833 335 874 Murileg.
345 837 444 863 Graece
452 836 529 865 enim
547 836 624 876 βαφὴ
634 838 784 867 εἰηᾶιιηπι
792 836 898 876 fignifi-

114 883 160 917 cat
167 894 174 900 .
193 879 401 904 Procuratorem
412 878 581 915 Baphiorum
591 879 760 907 vocabantur
767 877 845 915 hujus
856 877 899 905 of-

115 913 206 943 ficinae
217 915 398 944 Prxfidcntes
409 939 418 950 ,
437 928 471 946 ex
481 917 524 946 his
546 917 632 947 fuerat
643 918 806 948 Dorotheus
816 929 898 947 eunu-

114 955 180 983 chus
190 976 198 988 ,
210 956 301 994 quiin
311 957 439 986 Civitatc
448 958 518 993 Tyri
528 959 562 987 ad
571 958 641 988 hanc
651 960 793 988 officinam
803 959 900 988 Praesi-

115 995 183 1023 dens
195 1006 253 1024 erat
266 1018 275 1029 ‚
287 997 353 1025 dein
365 999 560 1028 Antiochenus
568 1001 698 1029 Sacerdos
709 1001 862 1033 ordinatus,
871 1011 899 1028 ac

115 1035 230 1063 tandem
242 1036 393 1074 imperante
404 1039 651 1078 JulianoApostata
661 1041 694 1069 ad
706 1042 779 1070 diem
794 1041 898 1078 5-Junii

116 1077 247 1118 Mai-tyrii
260 1077 377 1114 palmam
385 1079 516 1108 obtinere
526 1082 629 1109 meruit
639 1103 647 1115 ,
659 1092 714 1120 quo
724 1091 850 1119 tempore
859 1081 900 1109 se-

115 1125 204 1144 ricum
215 1127 274 1145 non
291 1117 484 1147 extrahebatur
499 1130 550 1159 per
565 1132 661 1160 aquam
673 1122 828 1151 ferventem
838 1143 846 1155 ,
869 1132 899 1149 ut

117 1156 202 1185 modo
222 1156 252 1185 fit
262 1168 272 1188 5
293 1156 341 1186 sed
363 1160 477 1197 opificio
497 1162 622 1199 pestinus
633 1184 641 1195 ,
665 1174 694 1191 ac
718 1162 765 1191 fiifi
776 1184 789 1198 .-

76 1198 279 1226 Baprismaus
289 1218 298 1229 ,
319 1199 519 1235 appellativum
537 1202 570 1230 ad
588 1213 629 1230 res
641 1203 718 1239 hujus
729 1203 896 1232 sacramenti

116 1247 330 1269 concernente55
353 1239 389 1268 sic
399 1245 439 1268 Di
445 1252 472 1268 es
483 1244 671 1280 Baptismales
690 1244 830 1273 dicebatur
838 1253 896 1272 toia

114 1276 228 1322 Pasclig
243 1280 340 1308 oftava
349 1301 358 1313 ,
378 1281 408 1309 in
429 1291 482 1320 qua
493 1282 645 1321 Neophyti
663 1284 693 1312 in
704 1285 770 1313 albis
792 1284 897 1312 indulti

114 1317 149 1346 ad
169 1318 268 1347 divina
297 1321 390 1350 officia
416 1323 673 1353 intromittebantur
693 1345 701 1353 .
724 1324 900 1364 Baptismalis

115 1358 232 1387 Ecclesia
244 1380 252 1387 .
274 1361 347 1388 Vide
368 1364 502 1393 Parachia
514 1385 521 1392 .

73 1400 246 1443 Baprismus
257 1421 264 1433 ,
275 1411 363 1445 graejce
373 1404 544 1441 Βειπτισμδς
553 1428 560 1439 ,
577 1406 725 1440 lavacrum,
737 1406 874 1436 immersio
888 1417 896 1437 5

115 1449 360 1486 antiquitusssenim
379 1445 409 1473 in
420 1456 578 1475 memoriam
594 1448 728 1476 triduanae
741 1448 848 1478 Christi
858 1447 898 1475 fe-

115 1481 346 1525 pulturae-triplici
357 1485 530 1515 immersione
541 1488 686 1526 baptismus
695 1489 895 1521 conferebatur,

116 1529 198 1557 quem
216 1531 300 1551 ritum
311 1526 428 1555 Ecclesia
440 1531 537 1557 Graeca
547 1551 555 1561 ,
574 1532 603 1557 ὃ(
613 1530 790 1558 Ambrosiam
810 1528 898 1558 adhuc

115 1569 220 1604 retinet
231 1581 239 1588 .
252 1568 265 1597 [
276 1563 337 1592 Alii
347 1566 448 1596 trinam
459 1569 662 1599 immersionem
673 1571 773 1599 volunt
783 1571 815 1598 in
825 1570 899 1599 fimi-

116 1600 267 1630 litudinem
276 1604 412 1635 triduanae
430 1607 576 1647 sepulturae
586 1632 594 1643 ‚
618 1621 647 1639 ut
658 1612 688 1639 in
699 1611 848 1640 canonibus
858 1613 897 1640 Α-

114 1641 285 1678 postolorum
298 1644 425 1675 statutum
435 1648 562 1678 habemus
572 1672 580 1683 ,
591 1655 618 1680 δ(
628 1655 821 1681 Romanorum
831 1662 898 1680 con-

115 1680 231 1711 suetudo
240 1684 438 1717 obscrvat.A11i
449 1699 530 1718 unam
543 1701 656 1729 propter
665 1692 824 1721 divinitatis
833 1692 895 1722 uni-

116 1732 202 1751 tatem
212 1727 388 1758 contendunt
401 1751 409 1762 ,
422 1739 452 1758 ut
465 1731 496 1759 in
505 1732 639 1761 Concilio
649 1735 787 1762 Toletano
796 1733 899 1772 plenis-

113 1762 181 1792 sime
189 1764 321 1811 habetur.
343 1770 432 1798 Valaf.
451 1771 485 1799 de
503 1772 579 1800 rebus
588 1774 713 1803 Ecclesia:
726 1795 732 1801 .
753 1785 812 1813 cap.
825 1781 870 1804 26.
883 1776 896 1806 ]

117 1804 187 1838 Quae
208 1816 288 1835 unica.
306 1812 445 1840 immersio
462 1812 492 1840 in
502 1812 636 1851 Hispania
647 1815 741 1852 primo
754 1815 841 1843 fuerat
852 1815 897 1844 in-

116 1845 241 1875 trodusta
252 1869 260 1880 ‚
272 1858 309 1876 rie
316 1852 520 1881 coincideretur
529 1864 591 1882 cum
600 1853 695 1884 haercsi
706 1856 819 1885 illorum
830 1877 838 1889 ‚
847 1857 897 1895 qui

115 1894 170 1913 tres
189 1885 346 1932 substantias
364 1892 394 1920 in
416 1893 499 1922 tribus
519 1894 644 1932 personis
663 1896 768 1925 divinis
777 1898 896 1925 affirma-

115 1925 184 1954 bsssst
195 1938 208 1960 ἱ
231 1929 295 1958 ideo
305 1931 338 1960 de
348 1931 399 1960 hac
409 1933 590 1964 immersionis
600 1937 762 1966 diversitate
772 1938 899 1967 Leander

116 1965 285 2010 Hispalensis
296 1971 444 2012 Episcopus
452 1975 897 2017 interrogatus,respondi't:[Quia

114 2017 146 2036 in
157 2018 209 2036 una
220 2009 274 2038 fide
283 2013 357 2041 nihil
365 2015 454 2043 officit
464 2018 590 2046 Ecclesix
600 2018 769 2048 consuetudo
780 2019 897 2048 diversa-

115 2049 178 2077 Nos
187 2059 290 2085 autem,
300 2054 376 2092 quod
386 2057 472 2084 tertio
482 2059 632 2098 mergimus
642 2082 649 2093 ‚
663 2061 797 2089 triduanae
807 2060 897 2099 sepul-

113 2099 181 2133 turae
193 2089 360 2138 sacramenta
369 2096 558 2135 significamus,
569 2109 598 2128 ut
608 2100 674 2129 duin
685 2102 771 2130 tertio
781 2103 812 2130 ab
820 2101 897 2141 aquis

115 2130 206 2173 infans
217 2133 343 2179 educitur
353 2158 361 2169 ‚
383 2136 544 2168 resurreetio
561 2140 685 2169 triduani
704 2143 837 2180 temporis
847 2153 896 2171 ex-

114 2180 269 2220 pratiatur,
278 2175 327 2204 lib.
345 2188 367 2204 i.
377 2180 465 2215 ep.4.]
477 2181 533 2210 PR.
542 2182 693 2210 Rationem
703 2193 751 2211 cur
762 2184 835 2212 inter
846 2185 898 2213 Ia-

115 2220 190 2240 unos
198 2214 310 2245 desierit
320 2219 487 2247 ceremonia
505 2221 663 2260 baptizandi
684 2233 735 2262 per
743 2224 897 2253 immersio-

114 2262 180 2296 nem
189 2275 198 2286 ‚
208 2264 274 2292 puta
284 2257 358 2287 find'c
369 2259 403 2287 ob
414 2260 501 2288 varias
510 2261 752 2293 inconvenientias
765 2286 773 2298 ‚
784 2275 898 2304 quarum

114 2303 202 2332 prima
211 2305 245 2323 ex
255 2307 315 2326 can.
328 2300 457 2337 pei-venit
467 2311 517 2339 30.
526 2313 572 2341 qu.
587 2315 610 2332 i.
619 2305 820 2344 colligitur3ubi
835 2317 899 2335 nar-

114 2344 200 2369 ratur,
209 2338 286 2375 quod
296 2340 405 2379 Hispali
416 2341 446 2369 iti
458 2341 595 2381 Hispania
603 2354 729 2384 tempore
738 2347 896 2376 Deusdedi't

113 2377 194 2418 Papae
209 2387 325 2419 propter
333 2382 544 2418 multitudinem
562 2386 748 2425 populorum,
773 2398 899 2428 parentes

1243 40 1351 83 BA
1635 56 1689 94 99

959 98 1077 129 infantes
1088 100 1185 128 eorum
1195 99 1283 128 nudos
1293 98 1352 137 post
1370 96 1575 127 immersionem
1586 99 1743 129 nesciebant

956 139 1171 181 recognoscere:
1193 139 1324 178 idemque
1342 137 1468 168 accidisse
1482 137 1592 168 Isauriae
1606 140 1740 178 Ephesio-

957 191 1028 215 rum,
1039 179 1257 216 Hierosolymis,
1269 185 1297 210 &
1308 181 1339 210 in
1349 180 1411 208 aliis
1421 179 1559 213 scelestis,
1571 181 1739 219 temporibus

955 222 1034 261 Julii,
1048 222 1222 254 Innocentii,
1232 225 1259 251 ὃ(
1269 221 1419 251 Ccelcstini
1430 221 1600 250 Pontificum
1611 242 1620 253 ‚
1633 221 1738 249 ibidcin

955 261 1090 295 refertum
1102 263 1168 291 ideo
1176 266 1306 302 conjuges
1314 262 1344 291 in
1355 261 1552 301 poenitentiam
1563 261 1679 299 separari
1689 271 1736 289 co-

957 305 1093 344 gebantur
1101 314 1115 332 a
1123 304 1222 342 copula
1231 324 1239 331 .
1249 304 1372 333 Secunda
1384 303 1458 331 ratio
1470 324 1478 336 ,
1497 303 1561 341 quia
1573 302 1717 331 multoties
1732 320 1743 333 ι

957 355 989 374 ut
999 345 1063 375 alibi
1073 345 1195 373 dicemus
1204 366 1212 378 ,
1233 345 1360 374 Infantes
1369 343 1474 373 sacrum
1491 344 1630 372 lavacrum
1639 344 1742 373 sterco-

957 386 1061 420 rabant,
1071 385 1118 415 vel
1127 385 1265 415 urinando
1273 386 1344 415 illud
1353 385 1502 414 foedabant.
1513 384 1608 413 Tertia
1619 385 1741 423 denique

957 426 1035 455 causa
1045 426 1098 455 fuit
1107 447 1115 460 ‚
1134 437 1169 455 ne
1178 427 1295 466 amplius
1305 426 1383 465 pueri
1396 425 1557 465 baptizandi
1567 426 1596 453 in
1608 422 1677 464 aqua
1686 426 1739 454 im-

956 477 1146 507 mergerentur
1155 489 1163 500 ,
1185 468 1220 496 ob
1231 467 1383 506 periculum
1395 489 1403 501 ‚
1425 477 1490 506 puta
1500 489 1507 501 ,
1519 477 1554 495 ne
1563 467 1645 496 Sacer
1653 466 1742 495 Mini<

957 508 1010 536 ster
1020 510 1049 537 in
1060 508 1291 547 irregularitatem
1303 509 1457 538 incurreret
1469 530 1477 542 ,
1499 507 1563 546 quia
1583 516 1660 546 aquae
1670 507 1742 545 rigi-

955 549 1045 578 ditate
1054 550 1083 578 in
1094 559 1125 578 ea
1136 549 1313 578 immersione
1325 572 1333 583 ,
1355 549 1475 578 maxime
1494 548 1622 584 hyberno
1630 558 1742 586 tempo—

955 599 984 617 re
996 611 1003 622 ,
1026 591 1151 628 expirare
1160 590 1384 629 periclitabantur
1393 589 1491 619 tenelli
1503 589 1621 617 infantes
1632 590 1669 623 εΙΙε
1680 592 1740 618 Ro-

957 640 1037 659 mana
1058 631 1175 660 Ecclesia
1195 632 1224 660 in
1243 631 1346 660 duobus
1363 641 1472 660 tantum
1487 629 1553 658 antii
1571 630 1742 668 temporibus

955 671 1159 700 Sacramentum
1170 671 1223 701 hoc
1241 672 1461 705 administrabat,
1484 672 1515 700 in
1531 679 1648 710 utroque
1659 693 1667 703 ,
1688 669 1741 698 sci-

954 711 1019 740 licet
1030 734 1039 745 ‚
1062 713 1175 741 Sabbato
1184 713 1345 742 Dominicae
1362 712 1584 742 Resurrectionis
1596 734 1603 745 ‚
1624 715 1653 740 ὃ(
1665 714 1739 741 Pen-

953 754 1068 782 tecostes
1079 754 1252 792 precedente
1268 765 1275 781 :
1298 764 1325 782 at
1345 755 1378 783 in
1399 754 1496 782 mortis
1515 752 1638 791 periculo
1659 752 1738 780 omni

954 803 1077 832 tempore
1099 794 1291 823 conferebatur
1299 813 1306 821 ·
1331 800 1343 830 [
1359 794 1430 831 Quia
1440 805 1508 823 vero
1528 792 1676 821 secundum
1698 795 1740 822 Α·

954 836 1091 873 postolum
1120 835 1150 863 in
1169 845 1260 864 morte
1289 835 1441 864 Salvatoris
1469 834 1640 873 baptizamur
1668 855 1677 867 ‚
1708 837 1738 862 δε

955 874 1012 914 ipse
1033 876 1177 906 Dominus
1195 876 1347 905 intraturos
1365 885 1481 915 regnum
1492 875 1640 905 Coelorurn
1651 884 1686 903 ex
1709 885 1739 902 a-

955 927 1008 954 qua
1018 938 1026 950 ‚
1049 921 1076 946 ὅ(
1086 917 1191 955 Spiritu
1201 918 1301 946 Επιᾶο
1310 916 1414 945 renasci
1425 917 1523 945 debere
1534 916 1736 954 praemonstrati

953 968 1077 996 congrue
1086 969 1100 987 a
1110 956 1271 987 Praesuhbus
1281 961 1474 988 Romanorum
1484 957 1543 986 haec
1563 957 1619 985 duo
1627 966 1738 994 tempo-

954 1007 983 1026 ra
993 997 1050 1027 sola
1059 999 1093 1027 ad
1102 998 1316 1027 celebrationem
1326 999 1438 1037 praefixa
1447 997 1511 1027 sunt
1520 998 1666 1037 baptizatis
1677 1018 1683 1029 ,
1696 997 1739 1025 id-

955 1039 995 1067 est
1006 1060 1014 1072 ‚
1036 1038 1136 1068 Pascha
1150 1060 1157 1071 ‚
1180 1043 1207 1068 &
1219 1039 1394 1068 Pentecostes
1405 1060 1413 1071 ‚
1436 1049 1553 1078 quorum
1576 1049 1632 1067 uno
1654 1037 1740 1076 passio

955 1080 1074 1109 Domini
1087 1102 1095 1112 ‚
1117 1083 1144 1108 ἃ
1155 1079 1318 1108 refut-restio
1330 1101 1337 1112 ‚
1360 1080 1448 1108 altero
1466 1081 1601 1108 adventus
1620 1079 1740 1107 celebra-

954 1131 999 1148 tur
1010 1121 1126 1158 Spiritus
1137 1121 1226 1148 San8ti
1241 1140 1248 1147 .
1272 1120 1361 1148 Valaf.
1371 1120 1405 1148 de
1416 1121 1470 1148 reb.
1482 1119 1584 1150 Eccles.
1594 1129 1652 1157 cap.
1667 1126 1712 1147 26.
1724 1121 1739 1150 ]

954 1161 998 1190 Sic
1008 1162 1047 1190 D.
1057 1161 1226 1199 Augustinus
1239 1160 1268 1188 in
1285 1159 1396 1188 Paschae
1415 1160 1567 1189 festivitate
1585 1160 1739 1198 baptizatus

955 1201 1040 1230 fuerat
1050 1223 1057 1234 ‚
1080 1212 1135 1230 una
1153 1211 1215 1229 cum
1231 1204 1288 1237 ejus
1297 1201 1384 1229 amico
1406 1201 1504 1240 Alipio
1515 1223 1523 1234 ,
1547 1200 1661 1239 filioque
1682 1203 1740 1237 ejus

953 1242 1230 1271 naturaliAdeodato
1252 1242 1340 1270 aetatis
1359 1244 1422 1271 XV.
1438 1252 1574 1271 annorum
1585 1263 1593 1274 ,
1615 1242 1650 1270 dc
1663 1244 1738 1277 cujus

954 1283 1064 1322 'ingenii
1086 1283 1214 1311 acumine
1223 1285 1278 1318 ejus
1288 1292 1366 1320 pater
1376 1282 1485 1311 dixerat
1496 1304 1503 1311 .
1528 1282 1671 1319 [Horrori
1686 1281 1739 1310 mi-

952 1323 983 1352 lii
995 1335 1049 1352 crat
1061 1324 1133 1352 illud
1143 1324 1287 1363 ingenium
1299 1345 1307 1356 ,
1329 1323 1374 1352 lib.
1385 1335 1413 1360 9.
1426 1323 1548 1353 Confefl'.
1559 1334 1618 1362 cap.
1631 1325 1680 1354 6.]
1703 1324 1739 1351 In

950 1365 996 1393 die
1007 1375 1075 1393 vero
1084 1364 1192 1393 Paschae
1206 1387 1214 1397 ,
1236 1365 1301 1393 dum
1313 1365 1437 1393 Summus
1446 1365 1578 1393 Pontifex
1599 1364 1632 1393 ad
1642 1365 1669 1392 S.
1680 1365 1740 1392 Ma-

953 1406 1023 1434 riam
1035 1407 1170 1441 Majorem
1181 1405 1366 1443 itercapiebat
1375 1427 1383 1438 ‚
1406 1405 1498 1434 Scriba
1514 1406 1540 1434 ei
1551 1405 1678 1434 omnium
1688 1406 1738 1433 Ba—

953 1446 1122 1484 ptizatorum
1137 1455 1280 1474 numerum
1302 1445 1434 1475 referebat
1443 1447 1474 1475 in
1493 1446 1538 1475 via
1548 1467 1555 1473 .
1580 1446 1660 1481 [Die
1681 1448 1738 1474 Re-

950 1486 1126 1515 surreftionis
1135 1487 1294 1516 Dominicae
1308 1487 1476 1524 procedente
1487 1486 1623 1516 Pontifice
1631 1486 1664 1515 ad
1673 1487 1739 1515 San—

951 1530 1021 1556 e'tam
1032 1528 1147 1556 Mariam
1155 1538 1216 1556 cum
1235 1527 1390 1557 Ordinibus
1406 1527 1479 1559 suis3
1502 1527 1638 1556 Notarius
1647 1526 1697 1555 stat
1708 1527 1738 1554 in

952 1570 982 1597 in
994 1570 1056 1597 loco
1067 1590 1075 1601 ‚
1097 1569 1145 1607 qui
1154 1569 1258 1597 dicitur
1269 1569 1443 1601 Merulanus,
1466 1572 1494 1597 ὃ(
1511 1568 1630 1596 salutato
1638 1567 1737 1596 Ponti—

953 1610 1002 1638 flce
1012 1631 1020 1643 ‚
1043 1609 1113 1637 dicit
1125 1621 1132 1641 5
1155 1611 1190 1638 In
1199 1608 1315 1638 nomine
1324 1609 1445 1638 Domini
1457 1608 1520 1646 Jesu
1530 1607 1639 1637 Christi
1648 1608 1737 1646 bapti-

955 1651 1010 1679 zati
1020 1649 1083 1679 sunt
1094 1660 1209 1679 externa
1220 1650 1300 1679 noste
1311 1650 1340 1677 in
1351 1650 1446 1678 Sancta
1456 1649 1602 1677 Genittice
1613 1648 1669 1677 Dei
1679 1650 1738 1677 Ma-

953 1693 992 1720 ria
1005 1690 1124 1719 infantes
1134 1691 1244 1719 masculi
1256 1700 1370 1718 numero
1382 1699 1442 1723 tot,
1456 1689 1579 1717 foeminae
1591 1699 1635 1717 tot
1646 1709 1653 1716 .
1663 1689 1739 1718 Ord.

952 1735 1037 1762 Rom.
1048 1734 1062 1763 ]
1086 1732 1242 1760 Merulanus
1252 1740 1308 1760 erat
1319 1731 1394 1759 locus
1403 1731 1477 1759 inter
1486 1729 1670 1759 Lateranense
1679 1751 1689 1762 ‚
1709 1734 1739 1759 ὅ(

953 1775 1078 1803 §anetam
1088 1772 1202 1801 Mariam
1214 1782 1345 1807 majorem
1355 1793 1363 1804 ‚
1385 1771 1429 1800 ubi
1440 1781 1511 1800 nunc
1520 1771 1558 1800 est
1571 1772 1596 1799 S.
1609 1769 1737 1799 Matthaei

952 1815 1087 1853 templum
1099 1834 1106 1840 .
1129 1814 1222 1852 Igitur
1232 1814 1262 1841 in
1273 1813 1319 1841 die
1331 1813 1437 1842 Sabbati
1449 1813 1541 1841 Sanfti
1551 1822 1614 1840 ante
1623 1811 1736 1839 benedi-

950 1856 1073 1884 &ionem
1085 1854 1171 1883 fontis
1179 1854 1311 1884 Pontifex
1321 1854 1400 1882 dabat
1411 1854 1502 1892 primo
1513 1850 1737 1882 CardinaliPres-

949 1896 1049 1931 bytcro
1058 1895 1280 1924 benedictionem
1291 1916 1298 1928 ‚
1321 1895 1434 1923 dicens:
1457 1899 1498 1922 Ite
1517 1894 1665 1932 baptizate
1681 1903 1736 1922 om-

949 1947 997 1965 nes
1003 1946 1098 1975 gentes
1109 1950 1118 1965 :
1141 1946 1205 1964 tunc
1216 1936 1373 1971 Presbyteri
1387 1934 1552 1964 cardinales
1561 1933 1596 1963 ad
1610 1933 1669 1962 suas
1690 1944 1736 1972 pe-

953 1977 1066 2006 culiares
1085 1977 1210 2005 titulares
1230 1976 1358 2005 Ecclesias
1376 1976 1536 2013 equitabant
1546 1997 1555 2009 ‚
1576 1975 1610 2004 ad
1625 1975 1737 2004 benedi-

952 2018 1050 2048 cendas
1061 2018 1151 2047 fontes
1162 2028 1213 2056 pro
1222 2016 1356 2055 baptismo
1372 2016 1527 2045 exercendo
1537 2037 1545 2049 ,
1567 2026 1598 2044 ut
1615 2016 1738 2045 Cencius

952 2062 1092 2090 Camerar.
1102 2060 1132 2087 in
1140 2058 1190 2087 suo
1201 2060 1240 2086 Μ.
1259 2059 1284 2086 S.
1297 2057 1496 2086 Caeremoniali
1516 2056 1600 2086 refert
1610 2077 1618 2084 .
1639 2056 1738 2086 Priscis

952 2100 1121 2139 temporibus
1131 2100 1191 2138 post
1211 2097 1378 2136 Baptisnium
1389 2120 1397 2131 ,
1419 2108 1475 2126 tam
1496 2098 1608 2128 Adultis
1619 2119 1626 2131 ,
1656 2107 1738 2136 quam

952 2141 1109 2172 Infantibus
1116 2139 1307 2169 conferebatur
1318 2139 1494 2168 Eucharistiae
1513 2141 1719 2169 Sacramentum
1728 2162 1737 2173 ,

951 2183 998 2224 qui
1018 2183 1104 2211 eriam
1122 2180 1322 2210 coronabantur
1332 2200 1340 2207 .
1365 2181 1507 2215 [Elevant
1528 2181 1683 2219 baptizatos
1703 2181 1738 2209 ad

951 2224 1048 2253 Altare
1057 2245 1065 2256 ,
1087 2222 1181 2261 eisque
1201 2222 1269 2249 dant
1285 2221 1429 2256 mysticam
1461 2220 1658 2250 Eucharistiam
1669 2242 1677 2254 ‚
1709 2225 1736 2250 ὅ(

951 2264 1031 2293 sertis
1049 2273 1163 2293 coronat
1179 2272 1226 2290 eos
1245 2262 1375 2290 Sacerdos
1385 2282 1393 2290 .
1414 2263 1508 2291 Sever.
1526 2262 1609 2291 Alex.
1631 2261 1679 2289 lib.
1701 2261 1735 2290 de

953 2307 1068 2335 Sacram.
1078 2315 1101 2333 c.
1114 2315 1159 2333 ιο.
1169 2302 1245 2332 Illud
1255 2313 1346 2331 autem
1354 2303 1389 2338 de
1398 2303 1520 2342 parvulis
1530 2302 1737 2342 prowdendum

953 2346 991 2376 cst
1001 2368 1010 2379 ,
1033 2356 1063 2374 ut
1072 2345 1214 2384 postquam
1224 2344 1358 2382 baptizati
1368 2343 1469 2372 fuerint
1480 2365 1488 2377 ,
1497 2344 1585 2372 ullum
1594 2343 1684 2372 cibum
1694 2353 1737 2372 ac-

953 2387 1059 2427 cipiant
1067 2408 1077 2422 ,
1099 2395 1188 2425 neque
1199 2386 1334 2414 lactentur
1343 2385 1399 2414 sine
1408 2384 1512 2414 summa
1521 2382 1678 2413 neccffitate
1688 2392 1738 2418 auf

1315 2428 1345 2455 G
1388 2437 1405 2454 ι
1657 2432 1699 2452 te-
