1866 2526
450 63 564 106 TR

103 125 231 167 Sigonius
249 133 339 154 tamen
355 120 387 151 in
403 124 461 158 ejus
482 121 555 150 notis
577 119 611 149 ad
630 120 732 149 enicem
759 116 896 159 praeclic‘lae

105 163 330 197 Prancofimenfis
340 161 523 200 impressionis
536 161 571 190 fic
580 169 816 189 commentaverat
829 170 835 187 :
849 159 898 194 [In

102 205 260 246 quibusdam
277 202 354 233 libris
364 203 421 232 fine
431 201 594 240 aspiratione
604 199 737 239 scriptum
755 201 794 229 est
804 203 898 229 Tracti-

101 247 128 276 la
136 266 144 274 .
166 245 271 284 Aliquo
287 243 371 273 modo
390 242 443 271 huc
462 242 548 270 facere
569 241 678 270 videtur
686 261 696 274 ,
715 240 790 279 quod
810 237 897 268 Festus

104 285 198 316 scribit
209 309 216 319 ‚
228 284 376 315 Trachalos
385 283 516 322 appellari
527 281 707 314 muricum&
717 289 843 320 purpurae
855 278 896 307 su-

103 326 223 365 periores
232 335 330 364 pai-tex
341 334 423 362 atque
433 323 498 352 inde
509 321 697 352 Ariminenses
706 321 832 350 homines
843 329 897 364 tna-

101 366 209 396 ritimos
227 365 438 405 cognominatos
459 362 509 392 css'e
519 361 662 392 Trachalus
675 381 682 389 .
701 360 799 390 Forsan
813 361 897 399 igitur

100 407 247 445 appellatio
268 407 350 435 trafta
360 404 399 434 est
407 405 437 432 ab
455 403 599 442 asperitate
616 399 679 430 inb
697 401 718 431 ἓ
729 401 894 445 γραχεός.)

99 448 191 481 Quem
200 446 329 485 sequutus
339 445 377 474 est
389 446 418 473 in
427 445 492 474 diet.
501 442 628 473 Trachali
637 441 786 480 Calcpinus
804 450 870 478 inqu
876 450 896 468 i-

100 498 163 517 ens:
176 486 324 523 [Trachali
335 486 507 523 appellantur
516 483 648 512 muricum
659 503 668 514 ,
678 492 707 510 ac
717 490 840 524 purpurae
853 479 894 508 su-

99 528 220 567 periores
231 537 318 566 partes
328 547 335 554 .
349 526 435 555 Unde
447 521 636 554 Ariminenses
646 521 780 551 maritimi
790 530 894 559 cogno-

98 579 164 597 men
184 576 324 597 traxerunt
333 586 341 594 .
364 566 452 594 Festus
461 585 468 592 .
481 566 493 595 ]
517 567 558 593 Ac
570 564 599 591 in
609 563 675 591 dict.
688 561 802 591 Chamae
822 560 895 588 idem

100 609 152 638 ait:
176 608 365 644 [Chamarum
385 606 440 634 duo
459 605 604 633 traduntur
622 612 721 641 genera
733 623 740 634 ,
771 601 874 629 scilicet
886 623 893 633 ,

101 653 211 678 Traceae
222 671 230 682 ‚
250 647 302 676 hoc
312 646 350 676 est
359 645 458 684 aspera·
470 666 478 677 ‚
488 644 550 672 mali
561 643 631 671 succi
643 664 651 674 ‚
671 653 733 681 quas
741 642 839 683 ostreas
849 652 894 669 co-

122 689 264 718 nominant
272 692 324 717 ὄις.
337 689 348 717 ]
370 690 409 715 Ex
421 685 518 714 eodem
529 683 606 712 sonte
615 683 803 720 Glandorpius
811 691 841 709 in
851 683 894 711 O-

98 730 212 759 nomast.
225 728 287 757 hist.
299 730 382 756 Rom.
395 726 424 754 in
435 724 552 754 Galeriis
562 745 570 757 ,
580 722 758 761 impreilione
767 721 892 750 secunda,

99 769 244 808 inquiens:
258 774 270 803 [
283 767 410 796 Galerius
419 765 564 795 Trachalus
572 765 688 797 Orator,
699 765 732 793 de
742 773 797 802 quo
807 763 893 797 Quin-

97 811 212 838 tilianus
223 830 230 841 ‚
241 812 269 837 ὃ(
279 807 385 836 Tacitus
397 829 404 839 ‚
427 806 609 835 Consulatum
619 803 699 843 geilit
709 805 807 833 ultimo
817 814 891 831 :inno

97 849 220 879 Neronis
229 858 289 876 curn
300 848 370 877 Silio
381 846 479 876 Italico
490 868 496 874 .
508 845 627 882 Quidam
641 845 782 874 Valerium
794 844 895 881 Turpi-

99 890 192 919 Ionem
205 898 306 918 vocant
316 909 323 916 .
346 890 434 916 Porro
443 885 566 916 Trachali
579 886 711 914 muricum
725 906 732 918 ,
755 888 782 913 δι
795 894 892 922 purpu-

96 941 132 959 ωε
144 930 294 966 superiores
306 938 394 967 partes
404 927 574 966 appellantur
586 951 592 957 ,
605 925 692 954 Unde
705 924 893 955 Ariminenses

97 966 227 999 maritimi
239 969 364 998 homines
375 967 499 997 Trachali
509 976 665 1006 cognomen
675 966 890 1008 traxeruntScr.

97 1013 195 1048 Pomp.
207 1011 253 1038 lib.
271 1011 336 1040 18.]
351 1011 407 1041 At,
426 1019 455 1037 ut
467 1017 562 1036 verum
577 1006 676 1040 fatear,
697 1006 809 1035 miliiad
819 1016 891 1033 veri—

98 1051 160 1079 tatis
172 1051 276 1079 fontem
288 1060 345 1078 non
356 1060 416 1077 raro
425 1047 553 1077 acccssisl'e
564 1047 697 1085 displicet,
709 1048 772 1076 dum
785 1047 813 1075 in
823 1045 892 1082 ejus-

96 1091 161 1120 dom
183 1090 308 1119 veritatis
329 1090 492 1127 praelatione
519 1089 553 1117 ad
572 1087 696 1117 odiosam
720 1087 891 1117 Eximiorum

100 1132 233 1160 Virorum
241 1131 365 1160 criticam
375 1130 534 1168 compellar,-
547 1128 671 1168 quamvis
679 1128 805 1157 literaria:
817 1138 892 1156 exer—

100 1172 249 1200 citationes
262 1171 330 1200 nuili
340 1171 449 1199 efficere
461 1171 575 1198 debeant
605 1169 670 1198 ficut
682 1180 730 1197 nec
741 1168 808 1197 mihi
821 1169 892 1197 fimi-

97 1213 131 1241 lis
150 1213 180 1240 in
190 1223 232 1241 me
245 1213 361 1241 aliorum
379 1210 490 1239 censura
500 1231 507 1238 .
530 1212 627 1248 Itaque
648 1209 735 1238 Festus
757 1210 848 1242 ineius
859 1209 892 1237 de

98 1254 244 1282 verborum
255 1251 346 1291 signif.
360 1250 519 1289 fragmentis
530 1250 570 1279 nil
579 1251 612 1279 de
622 1251 754 1283 Tracala,
766 1249 810 1278 seu
822 1255 892 1278 Tra—

95 1294 177 1322 chata
192 1293 272 1322 habet
285 1314 293 1325 ‚
305 1291 392 1320 sedin
404 1295 459 1326 ejus
468 1291 576 1320 Codice
585 1290 616 1319 ab
627 1291 753 1319 Antonio
763 1290 891 1328 Augusti-

94 1334 212 1371 no.apud
229 1333 400 1362 Gulielmum
421 1331 588 1360 Leimarium
607 1330 640 1358 dt:
659 1341 722 1359 ann.
738 1340 822 1368 ¹535·
843 1331 892 1358 im-

96 1366 184 1411 pressb
193 1383 255 1402 cum
265 1373 427 1401 diffionibus
445 1372 520 1400 Pauli
532 1370 652 1400 Diaconi
663 1393 672 1404 ‚
692 1382 720 1399 ac
734 1371 810 1399 notis
821 1372 892 1399 Dio-

94 1414 166 1449 nysii
176 1413 370 1446 Gotostedi‚cx
384 1412 462 1440 Festo
472 1411 531 1440 haec
543 1421 649 1440 tantum
658 1411 798 1440 habentur:
812 1415 893 1447 [Tra-

96 1464 146 1492 gus
157 1465 241 1492 genus
257 1452 370 1482 conchae
383 1452 446 1480 mali
456 1451 556 1489 saporis
568 1465 573 1479 :
587 1455 598 1483 ]
622 1452 672 1480 Sed
682 1457 766 1490 Traga·
777 1452 892 1481 marim-

98 1503 158 1521 rum
168 1493 343 1532 spongiarum
354 1491 455 1530 species
463 1491 525 1519 sunt
538 1513 544 1518 .
557 1493 628 1520 Plin.
641 1492 687 1520 lib.
695 1503 725 1528 9·
734 1503 791 1531 cap.
805 1502 852 1528 45.
864 1497 891 1521 ὃ(

98 1533 146 1562 lib.
158 1545 171 1571 3
183 1544 205 1561 i.
217 1544 274 1572 cap.
291 1544 298 1561 ι
311 1543 333 1560 1.
352 1532 463 1560 Deinde
472 1543 503 1560 ex
515 1533 599 1560 Paulo
609 1533 745 1565 Diacono,
764 1533 828 1561 ibid.
838 1533 890 1561 col.

95 1579 163 1609 468.
176 1573 243 1602 vers.
255 1585 301 1605 27.
321 1571 381 1600 haec
402 1571 564 1600 afferuntur:
585 1572 750 1607 [Trachalos
763 1573 890 1612 appellari

96 1615 231 1643 muricum
243 1637 251 1649 ,
269 1624 297 1642 :ic
308 1623 431 1650 pnrpurae
443 1612 594 1650 superiores
605 1623 693 1652 partes
704 1625 712 1644 ς
735 1623 816 1653 atque
827 1614 891 1642 inde

98 1654 289 1684 Ariminenses
308 1653 434 1682 homines
452 1653 602 1682 maritimos
619 1655 829 1693 cognominatos
838 1653 890 1682 elle

95 1694 241 1725 Trachalos
255 1716 261 1722 .
273 1697 285 1726 ]
297 1695 373 1723 Hinc
384 1693 497 1731 poscens
507 1693 626 1722 insistere
637 1705 722 1733 cogor
734 1716 741 1728 ,
750 1705 807 1728 cur,
818 1704 890 1723 nem.

98 1745 135 1772 pe
144 1757 153 1769 ‚
164 1746 220 1764 non
231 1735 327 1773 reliqui
338 1734 469 1762 maritimi
479 1734 590 1772 populi,
609 1733 656 1763 scd
664 1734 715 1764 soli
728 1735 890 1765 Ariminen-

94 1774 136 1804 ses
145 1775 268 1805 Trachali
280 1775 410 1813 appellari
422 1778 543 1813 queem?
566 1776 754 1804 Veruntamen
764 1786 842 1804 error
851 1776 889 1803 est

96 1816 270 1847 manifestum
294 1826 357 1844 nam
367 1815 561 1844 Trachalinon
570 1824 648 1844 crant
658 1817 752 1855 populi
764 1839 771 1849 ‚
795 1816 842 1845 scd
853 1816 889 1844 sa-

95 1856 172 1883 milia
183 1878 190 1889 ,
213 1857 268 1886 sive
281 1857 371 1894 potius
383 1855 474 1885 fratres
487 1881 492 1892 ‚
511 1867 540 1884 ac
552 1856 679 1894 SePticiae
699 1856 836 1893 cujusdam
846 1856 889 1884 vi-

94 1897 155 1923 duae
167 1896 219 1925 filii
232 1918 239 1929 ,
250 1906 279 1924 ut
291 1907 323 1925 ex
337 1896 447 1925 Valerio
458 1896 618 1929 Max.1ib.7.
630 1907 682 1930 c.7.
696 1908 752 1933 n.4.
763 1898 834 1926 clare
843 1907 886 1935 pa-

1251 64 1291 106 T
1322 64 1365 105 R
1623 65 1700 109 681

955 116 1095 148 maledicis
1106 141 1114 153 ‚
1137 128 1165 147 ac
1177 117 1246 150 salfis
1256 120 1411 159 imposturis
1419 119 1495 150 suum
1507 131 1644 152 venenum
1654 121 1756 153 diffun-

955 159 1022 188 dens
1031 179 1043 196 ‚
1054 160 1136 188 nimis
1145 159 1218 189 hunc
1229 160 1306 198 pium
1317 182 1325 194 ‚
1336 160 1582 201 Christianumque
1591 163 1753 202 Principem

954 199 1034 229 laedit
1045 219 1052 227 .
1072 200 1162 239 Igitur
1169 201 1204 229 de
1214 201 1362 238 proverbio
1380 200 1517 230 Trachalae
1530 212 1584 232 tres
1601 201 1752 233 eruditiss-

952 249 1009 269 mas
1018 239 1146 278 epistolas
1157 240 1190 269 ad
1200 242 1231 270 P.
1243 243 1354 271 Petrum
1365 239 1505 270 Poffinum
1514 242 1658 272 Societatis
1668 243 1731 282 Jesu
1743 264 1753 276 ,

953 280 1078 309 &nostri
1090 280 1181 309 saeculi
1196 280 1276 310 decus
1286 302 1294 314 ‚
1316 284 1353 312 R.
1367 283 1397 310 Ρ.
1412 281 1449 310 D.
1458 291 1533 311 meus
1550 283 1654 322 Joseph
1666 283 1752 314 Maria

953 320 1085 350 Suaresius
1103 321 1277 350 vasionensis
1286 320 1376 360 Episc.
1387 331 1416 350 ac
1435 322 1563 352 literar-ize
1581 325 1698 363 Reipub.
1711 335 1753 353 re-

953 371 1016 389 cens
1027 362 1118 390 lumen
1128 362 1266 391 direxerat
1275 383 1284 395 ,
1303 368 1363 401 quae
1375 365 1472 392 Romae
1483 374 1496 392 a
1506 365 1608 401 jacobo
1620 366 1753 404 Dragon-

953 401 1029 430 dello
1037 412 1080 430 an.
1095 408 1178 434 ¹667·
1191 401 1322 440 impteffae
1333 402 1441 431 fuerunt
1451 415 1462 436 ς
1482 403 1511 432 in
1521 415 1636 442 quarum
1648 406 1727 434 tertia
1741 425 1750 436 ‚

954 453 1013 471 non
1023 447 1066 476 (ut
1079 442 1180 471 ibidem
1194 442 1241 471 ille
1252 443 1306 475 ait)
1318 442 1471 478 [Pymustae
1483 444 1564 473 instar
1574 446 1678 475 circum
1687 450 1753 476 Tra-

953 482 1039 511 chalae
1050 485 1175 514 nomen]
1189 483 1324 512 volutavit
1337 483 1415 521 ipsius
1427 483 1571 523 ingenium
1582 497 1591 517 ς
1602 487 1650 515 Ied
1662 487 1752 524 potius

952 533 981 551 re
993 533 1056 551 vera
1065 523 1107 551 uti
1119 523 1208 551 foenix
1219 545 1227 557 ,
1249 533 1308 562 quae
1318 522 1457 552 luminoso
1467 523 1514 553 suo
1531 527 1635 555 calamo
1644 528 1752 556 clarita-

953 573 1010 591 tem
1020 564 1098 592 nobis
1108 564 1225 601 praebuit
1237 585 1244 596 ,
1258 568 1286 592 ὅ(
1297 563 1342 592 libi
1354 564 1511 594 redivivam
1521 567 1686 596 :eternitatis
1697 568 1751 596 lau-

952 604 1014 632 dcm
1028 603 1189 642 acquisivit:
1213 614 1275 632 nam
1285 604 1329 632 ubi
1341 615 1391 633 nos
1403 606 1432 633 in
1443 605 1505 634 Sex.
1516 607 1580 636 Rufi
1606 607 1676 637 Festi
1685 610 1750 637 Bre-

953 644 1040 672 viario
1051 654 1140 672 rerum
1159 644 1293 683 gestarum
1307 647 1373 683 Pop.
1385 648 1472 675 Rom.
1492 646 1606 686 legimus
1628 647 1687 677 haec
1699 649 1750 676 im-

953 683 1035 723 press'a
1047 696 1054 712 .·
1068 684 1187 719 [Lucius
1196 684 1337 713 Cassianus
1347 686 1465 724 quaestor
1474 687 1561 716 Crassi
1571 710 1580 722 ‚
1590 688 1634 716 vir
1646 688 1751 717 strenu-

952 735 980 752 us
993 746 1000 757 ,
1021 724 1150 763 reliquias
1165 724 1211 753 fusi
1223 726 1338 764 collegit
1347 727 1483 755 exercitus
1502 738 1599 757 contra
1608 729 1698 758 Persis
1717 730 1750 758 in

953 765 1060 800 Syriam
1081 766 1263 804 irrumpentes
1273 788 1281 799 ‚
1304 776 1347 794 ter
1364 777 1425 794 cum
1441 766 1543 796 summa
1566 769 1751 798 admiratione

952 806 1083 835 conflixit
1094 827 1102 839 ‚
1112 805 1212 844 eosque
1222 816 1294 835 trans
1303 806 1470 844 Euphratem
1479 809 1603 844 trajectos
1615 810 1730 839 vastavit
1741 830 1748 837 .

952 845 1048 875 Parthi
1059 846 1178 875 Labieno
1190 847 1267 875 Duce
1275 851 1327 876 δεῖ.
1340 849 1350 878 ]
1364 847 1411 876 ille
1421 859 1453 877 ex
1467 851 1506 877 Μ.
1517 850 1542 878 S.
1553 849 1671 885 ejusdcm
1683 850 1748 880 Rufi

951 886 1060 915 Codice
1071 886 1101 915 in
1120 887 1243 916 literario
1253 888 1319 917 DD.
1331 888 1540 917 Barbarinomm
1558 889 1697 919 Thesauro
1709 890 1750 918 as-

949 927 1056 956 servato
1069 926 1127 956 haec
1149 928 1284 965 protulit:
1306 930 1358 964 [L.
1367 928 1472 958 Cassius
1493 931 1621 968 Quaestor
1639 930 1727 961 Crassi
1740 953 1747 963 ,

949 967 1076 1006 reliquias
1089 968 1205 1006 collegit
1215 968 1350 998 exercitus
1361 990 1369 1001 ,
1386 980 1482 999 contra
1493 970 1585 1000 Persas
1596 972 1625 999 in
1637 971 1748 1007 Syriam

950 1009 1114 1046 irrumpens,
1125 1017 1166 1036 tei·
1177 1019 1239 1037 cum
1249 1008 1350 1038 summa
1362 1009 1599 1040 administratione
1609 1012 1749 1041 conflixit.

950 1048 1055 1087 Eosque
1066 1059 1138 1077 trans
1149 1048 1315 1087 Euphratem
1327 1051 1447 1079 redacros
1458 1051 1571 1080 vastavit
1581 1073 1588 1080 .
1608 1052 1750 1091 Pamphy-

949 1090 1014 1117 liam
1026 1099 1090 1118 tunc
1111 1090 1249 1118 obtinebat
1267 1089 1398 1119 Trachala
1407 1090 1440 1119 ad
1459 1092 1560 1120 bellum
1571 1093 1747 1130 Epirotarum

950 1129 1039 1158 misliis
1051 1151 1061 1166 ,
1070 1129 1243 1163 ditissimum,
1257 1130 1554 1171 fortunatiffimumque
1563 1133 1659 1162 ducem
1670 1134 1747 1172 prio—

950 1170 1020 1199 ribus
1042 1171 1135 1199 decem
1155 1171 1232 1199 annis
1254 1170 1399 1200 inveniens
1410 1193 1418 1205 ‚
1437 1173 1583 1202 duodecim
1603 1175 1745 1203 continuis

950 1210 1163 1249 perditissimum
1174 1210 1347 1250 grassatorem
1356 1234 1364 1245 ,
1376 1213 1470 1241 decem
1481 1213 1634 1243 novissimis
1644 1215 1679 1244 ob
1689 1216 1748 1244 im-·

950 1250 1040 1279 mensa
1048 1251 1164 1280 donaria
1182 1252 1321 1290 Pupillum
1332 1252 1542 1291 nequissimum:
1564 1265 1644 1294 atque
1655 1256 1693 1284 ita
1704 1256 1746 1284 lu-

948 1292 1037 1319 dibrio
1049 1292 1186 1325 habitum,
1203 1302 1232 1320 ut
1243 1291 1433 1331 desperatione
1445 1305 1534 1323 rerum
1550 1295 1654 1324 suarum
1667 1319 1675 1330 ‚
1699 1307 1746 1325 ve-

949 1342 1049 1360 nenum
1061 1332 1181 1362 hauserit
1192 1353 1201 1364 ,
1219 1342 1281 1361 cum
1291 1334 1403 1370 tendere
1413 1334 1441 1362 in
1451 1336 1552 1364 curiam
1571 1346 1677 1374 paratus
1687 1335 1745 1365 suc-

948 1373 1075 1401 cessbrcm
1087 1372 1227 1411 accepiss'ct
1237 1394 1243 1401 .
1266 1373 1362 1402 Parthi
1373 1375 1492 1404 Labieno
1503 1377 1582 1405 Duce
1592 1381 1644 1406 ἃς.
1658 1380 1669 1409 ]
1687 1379 1745 1406 Ita-

947 1423 1000 1451 que
1007 1412 1070 1442 satis
1090 1414 1242 1443 elucidatur
1251 1415 1368 1443 Tracalae
1378 1437 1386 1448 ‚
1409 1414 1454 1444 seu
1473 1416 1610 1445 Trachalae
1631 1427 1746 1455 prover-

947 1454 1020 1482 bium
1031 1465 1044 1483 a
1057 1455 1170 1483 Viftorc
1183 1454 1211 1482 in
1223 1455 1412 1483 Constantino
1422 1456 1587 1493 applicatum
1598 1479 1606 1490 ,
1625 1458 1660 1486 ob
1671 1458 1744 1487 simi-

947 1494 1000 1522 lem
1011 1495 1148 1533 triplicem
1168 1505 1274 1523 morum
1293 1495 1475 1524 mutationem
1485 1517 1493 1528 ,
1511 1498 1546 1525 de
1557 1497 1652 1536 quibus
1663 1500 1745 1528 Pom-

947 1537 1046 1574 ponius
1056 1538 1146 1564 thus
1156 1557 1163 1568 ,
1175 1546 1203 1563 ac
1215 1536 1261 1563 alii
1272 1535 1349 1573 supra
1358 1546 1484 1574 egerunt.
1497 1537 1636 1575 Displicet
1649 1549 1742 1568 tamen

946 1576 1021 1614 quod
1031 1575 1106 1604 idem
1115 1578 1151 1605 R.
1163 1577 1191 1603 P.
1201 1575 1238 1604 D.
1251 1576 1384 1604 Suaresius
1394 1587 1537 1606 concurrat
1550 1579 1578 1606 iu
1589 1577 1704 1608 secunda
1715 1591 1744 1608 e-

945 1619 986 1652 jus
998 1616 1117 1654 Epistola
1129 1626 1188 1644 cum
1200 1617 1308 1655 Sigonii
1322 1638 1328 1648 ‚
1348 1620 1375 1645 δ(
1386 1617 1500 1646 aliorum
1510 1617 1587 1656 supra
1598 1619 1744 1655 rejet‘kaas-

945 1656 1068 1685 sertione
1078 1678 1086 1689 ‚
1099 1657 1241 1695 inquiens5
1257 1656 1406 1692 [Trachali
1416 1660 1588 1696 appellantur
1597 1661 1742 1694 muricum,

946 1708 974 1726 ac
982 1707 1107 1736 purpurae
1119 1697 1270 1735 superiores
1281 1707 1369 1735 pirtes
1381 1719 1388 1730 ,
1407 1699 1476 1727 unde
1489 1699 1676 1728 Ariminenses
1687 1711 1743 1729 ma-

946 1737 1035 1765 ritimi
1053 1748 1210 1777 cognomen
1221 1748 1361 1766 traxerunt
1374 1740 1403 1769 .]
1424 1740 1495 1767 Item
1508 1739 1542 1767 de
1562 1740 1617 1768 alio
1625 1741 1742 1769 Tracha-

946 1779 970 1806 la
983 1799 990 1811 ,
1008 1777 1053 1807 seu
1065 1778 1200 1808 Trachalo
1211 1778 1357 1806 recentiori
1376 1779 1565 1808 Constantino
1575 1780 1604 1808 fit
1616 1782 1721 1810 mentio
1731 1805 1741 1816 ‚

946 1819 1063 1857 quicum
1074 1818 1174 1848 Italico
1185 1817 1293 1847 Consul
1305 1819 1391 1847 suerat
1400 1840 1407 1846 .
1427 1819 1498 1848 Vide
1511 1821 1650 1849 Latinium
1661 1822 1690 1850 in
1703 1825 1742 1851 Λ-

946 1859 1111 1888 nimadvers.
1123 1860 1152 1887 in
1170 1860 1259 1888 Conc.
1270 1861 1314 1888 tit.
1325 1861 1454 1889 Canones
1474 1860 1672 1898 Apostolorum
1681 1884 1690 1896 ,
1711 1863 1742 1895 §-

945 1902 971 1928 A
983 1899 1123 1928 consulatu
1131 1898 1273 1928 Trachali.

94 1945 135 1964 tet
148 1958 154 1968 ,
166 1937 209 1965 ubi
221 1936 281 1964 haec
291 1936 391 1965 refert:
407 1936 547 1975 [Septicia
556 1947 667 1976 quoque
679 1947 764 1966 mater
774 1937 1056 1969 Tracha-Tnicoxrs
1068 1960 1076 1967 .
1095 1942 1152 1969 FR-
1170 1938 1335 1968 subterranei
1355 1950 1456 1969 messtuS
1467 1963 1474 1974 ι
1499 1940 1528 1970 in
1539 1941 1632 1980 quibus
1641 1953 1717 1982 aquae
1729 1965 1740 1977 ‚

92 1977 182 2004 lorum
195 1977 420 2010 Ariminensium,
433 1977 497 2005 filus
507 1988 584 2011 irata,
596 1979 625 2006 in
633 1978 831 2007 contumeliam
841 1988 887 2007 co-

92 2027 150 2046 rum
159 2039 167 2050 ‚
177 2027 237 2045 cum
250 2021 303 2052 jam
315 2028 406 2056 parere
417 2028 473 2046 non
484 2018 568 2056 pofl‘et
577 2040 586 2052 ,
596 2019 718 2047 Publicio
729 2017 786 2047 seni
796 2019 888 2048 admo-

91 2058 157 2085 dum
177 2058 264 2096 nupsit
273 2061 351 2090 &tc-J
375 2061 415 2087 At
425 2068 594 2087 revertamur
612 2060 686 2087 unde
703 2058 869 2089 discessimus
880 2080 887 2087 .

91 2097 136 2126 De
146 2098 336 2127 Constantino
355 2100 456 2137 Magno
468 2109 583 2138 namque
592 2098 649 2127 haec
660 2099 689 2128 in
711 2103 764 2134 ejus
777 2101 886 2129 Brevia-

92 2137 136 2165 rio
145 2140 313 2176 Pomponius
324 2141 414 2168 Lzetus
425 2138 515 2171 haben
527 2146 539 2176 [
550 2139 751 2169 Constantinus
760 2140 789 2168 in
801 2141 886 2169 initio

91 2179 168 2206 bonis
179 2179 354 2217 Principibus
373 2179 486 2210 similis}
505 2180 564 2218 post
573 2180 643 2208 bella
653 2179 748 2209 civilia
763 2203 770 2214 ,
800 2182 886 2210 veluti

87 2220 167 2247 omni
178 2229 252 2247 metu
262 2220 329 2248 liber
341 2241 348 2252 ,
359 2223 502 2256 contraius
514 2221 651 2258 :equitatis
661 2220 803 2260 plerosque
814 2223 886 2250 occi—

90 2260 133 2287 dit
143 2280 152 2291 ‚
173 2260 290 2288 minime
299 2259 351 2289 suis
361 2270 471 2298 parcens
484 2282 491 2293 ,
514 2265 542 2289 ὃς
560 2261 731 2290 liberalitatis
749 2263 886 2301 Augusto-

946 1981 989 2009 vel
1000 1991 1044 2008 ner
1055 1979 1172 2008 inclusus
1180 1978 1290 2018 serpent
1302 1980 1374 2010 5s1re
1386 1982 1447 2019 quia
1457 1979 1494 2010 ibi
1506 1983 1644 2012 Dracones
1653 1987 1742 2022 gene-³

945 2021 997 2049 rari
1008 2020 1114 2049 solent:
1130 2026 1141 2055 [
1155 2021 1229 2048 Cum
1240 2020 1384 2058 profundis
1393 2023 1545 2051 traconibus
1555 2045 1563 2056 ‚
1572 2034 1600 2051 :ic
1610 2024 1739 2053 concavi-

945 2062 1041 2089 tatibus
1069 2061 1098 2088 in
1107 2061 1202 2099 quibus
1212 2060 1359 2089 secundum
1369 2060 1553 2101 Philosophos
1562 2060 1738 2093 solesterrae-

943 2112 1032 2130 motus
1040 2101 1173 2139 generari.
1186 2101 1288 2130 Matth.
1298 2101 1380 2130 Paris.
1391 2102 1420 2130 in
1429 2105 1485 2139 ejus
1496 2103 1567 2132 Hist.
1577 2114 1620 2132 an.
1636 2107 1738 2140 1247]

944 2143 1031 2171 Unde
1042 2140 1198 2170 Melitenses
1209 2147 1368 2171 Traconara
1378 2165 1386 2176 ,
1410 2143 1465 2172 sive
1472 2148 1637 2173 Draconara
1645 2146 1738 2183 appel-

944 2183 999 2211 lare
1009 2181 1099 2211 solent
1108 2192 1226 2210 meatum
1234 2181 1435 2212 subterraneum
1445 2207 1452 2218 ‚
1464 2194 1512 2222 per
1521 2194 1602 2223 quem
1615 2185 1643 2212 in
1653 2196 1682 2213 ea
1696 2185 1738 2213 in-

944 2222 999 2251 sula
1016 2223 1048 2251 ad
1067 2222 1248 2252 Berchai-ense
1267 2224 1441 2254 territorium
1467 2235 1626 2253 concurrere
1644 2223 1736 2255 solent

943 2274 1017 2302 aqua:
1029 2284 1036 2290 .

89 2309 149 2327 rum
161 2300 307 2329 immemor
316 2323 324 2334 ‚
333 2301 419 2339 coepit
430 2301 480 2329 elle
492 2311 582 2339 parcus
593 2323 601 2334 ‚
621 2302 795 2330 &interdum
806 2303 886 2332 nimis
901 2308 1108 2334 TRACTABltis
1121 2306 1207 2333 Mons
1223 2324 1231 2332 .
1252 2306 1308 2334 FR.
1320 2305 1356 2334 ita
1366 2306 1515 2344 appellatus
1525 2305 1561 2333 est
1574 2313 1652 2333 mons
1660 2304 1737 2334 Sinai

89 2350 170 2368 tenax
182 2361 189 2367 .
202 2343 213 2372 ]
235 2343 269 2369 In
282 2341 355 2370 idem
364 2341 498 2370 coincidit
508 2342 632 2370 Zosimus
642 2343 743 2371 Comes
755 2342 886 2373 Ethnicus

92 2381 199 2410 Ati-flor
210 2381 239 2409 in
249 2385 302 2417 ejus
313 2381 377 2410 hist.
388 2393 459 2412 nova
470 2382 547 2411 lib.2.
559 2383 610 2411 Sed
623 2382 780 2423 Religionis
790 2384 884 2413 odium

943 2355 957 2373 a
975 2346 1012 2373 D.
1033 2346 1116 2373 Paulo
1129 2365 1136 2372 .
1162 2348 1254 2381 [Non
1272 2345 1346 2374 enirn
1367 2345 1508 2375 accessistis
1528 2346 1561 2374 ad
1573 2346 1743 2374 tractabilem

944 2395 1067 2413 montem
1077 2388 1130 2414 ἃς.
1143 2386 1175 2415 ad
1189 2386 1273 2415 Hebr.
1290 2397 1332 2416 iz.
1348 2388 1414 2418 18.]
1436 2388 1509 2415 Nam
1520 2386 1556 2416 ibi
1566 2384 1743 2457 desggtgerat
