1866 2526
459 54 564 97 BA

108 112 180 144 scere
197 111 296 153 incipit
308 135 314 145 ,
334 115 362 142 δε
382 111 465 142 tribus
487 112 546 141 aliis
563 109 640 140 horis
658 109 756 140 senfim
775 110 869 140 deficit
881 134 890 146 ‚

107 167 131 186 c.
144 167 158 184 ε.
168 165 210 190 ¹4·
223 154 258 182 ita
268 163 299 183 ut
308 153 343 182 de
352 163 425 182 anno
435 164 502 189 4¹7·
523 153 589 181 dum
600 153 782 181 celebraretur
792 152 893 181 Pascha

103 195 151 225 die
161 206 207 231 25.
229 195 322 223 Martii
345 204 394 233 per
412 203 533 222 errorem
545 193 573 221 in
583 193 743 222 Occidente
755 215 762 226 ,
785 203 849 221 tunc
864 194 893 222 in

105 235 184 265 sonte
193 245 259 274 aqua
270 245 329 264 non
344 245 358 262 a
379 245 502 273 paruerat
514 255 522 267 ‚
541 231 628 262 sedin
642 233 688 262 die
709 245 722 262 ι
731 245 756 262 2.
767 234 872 272 Aprilis
883 256 890 267 ‚

103 286 167 316 quae
177 285 233 305 erat
243 286 308 305 vcra
316 277 338 304 P
367 274 450 303 chalis·
461 275 528 302 dies.
542 276 641 303 Baton.
655 275 683 301 in
693 274 790 302 eodem
801 284 873 302 :mi-io
883 295 890 302 .

106 317 204 347 Simile
215 316 375 345 miraculum
386 324 474 343 narrat
486 315 637 353 Sigibertus
658 315 687 343 in
697 313 842 343 Chronica
851 325 890 344 ac-

104 356 200 386 cidiss'e
208 358 242 386 de
251 367 323 386 anno
337 366 402 394 573.
421 355 531 394 quando
548 354 623 383 inter
633 356 728 384 Gulos
737 376 744 387 ‚
755 359 781 383 ὃ(
793 354 891 393 Hispa-

104 408 155 427 nos
163 407 223 426 orta
234 397 285 426 fuit
296 396 412 435 quaestio
422 397 456 424 de
467 406 529 423 vei-a
539 395 584 424 die
594 393 702 424 Paschae
714 415 721 422 .
746 396 889 424 Caeterum

102 449 161 478 quo
169 439 203 468 ad
213 438 343 474 mysteria
352 435 432 472 hujus
452 436 616 465 sacramenti
625 457 633 468 ,
652 435 840 464 Tertullianus
850 436 888 464 ba.

106 480 225 517 ptizatos
235 480 325 516 Pisces
337 477 485 515 appellavit
497 498 505 509 ,
528 476 562 504 de
580 485 635 514 quo
646 476 776 503 vocabulo
788 475 889 504 diserte

102 521 148 558 Jo.
168 521 282 549 Corona
292 541 299 551 ,
322 518 379 546 five
399 516 551 556 Stephanus
570 514 730 544 Menocliius
740 537 747 548 ,
771 525 838 544 tom.
866 527 887 544 i.

102 571 126 588 c.
139 570 185 598 23·
196 561 255 599 egit
266 579 274 588 .
298 559 350 588 Sed
372 558 500 586 existimo
519 554 630 585 diverso
641 556 772 592 mysterio
781 558 888 585 Tertul-

102 601 206 630 lianum
215 601 268 629 hoc
281 599 414 627 vocabulo
423 597 499 627 usuni
515 595 605 626 muse,-
619 606 680 624 nam
690 595 869 635 ετκεεῖχθύς
880 618 888 629 ,

103 642 227 680 quamvis
237 640 338 679 piscem
350 637 494 677 fignificet,
506 637 605 666 codem
617 647 707 665 tamen
718 637 830 665 nomine
840 637 886 665 hic

103 683 214 712 DoCtor
224 680 367 710 Christum
379 687 510 711 vocavit,¹
531 677 561 705 hi
573 679 648 705 enim
667 677 831 706 ‹lisirastetes
849 677 888 705 sc-

101 722 217 758 junctim
227 721 367 760 sequentia
378 719 505 747 vocabula
515 718 746 757 sormaiit‚nempe
756 719 781 751 I,
796 717 887 753 Γπσές,

103 762 180 800 Jesus
190 776 197 791 .·
212 764 236 790 X
246 783 254 795 ‚
275 757 375 794 Χαςᾰς
385 781 392 792 ,
412 758 540 787 Christus
553 770 558 785 2
584 759 617 791 Θ
637 780 646 792 ‚
657 758 718 791 Θεέ
726 781 734 792 ,
745 759 801 787 Dei
815 770 821 789 5
840 761 870 789 ³1·
879 780 886 791 ,

101 802 181 838 Υιός,
206 802 306 830 Filius.-
330 800 354 829 Σ
364 821 371 832 ,
382 795 472 837 Σωννῖρ
483 821 490 832 ‚
512 799 636 828 Salvator
647 820 653 827 .
674 799 810 837 B2ptizati
823 810 885 827 can-

99 842 168 872 dido
177 843 236 871 lino
246 841 427 870 induebantur
437 841 472 868 ob
482 839 674 878 figmficarum,
688 850 718 868 ut
727 849 763 868 ait
775 841 886 869 D.Hie-

98 892 247 919 ronymus:
271 888 283 917 [
297 879 445 918 Praeceptis
454 881 511 908 Dei
522 881 630 909 lavandi
652 879 759 913 summ,
779 885 808 910 ὃ(
825 890 885 908 cum

100 924 187 964 parati
198 920 437 952 ad'indumentum
449 919 556 950 Christi
579 922 682 950 tunicas
706 921 832 961 pelliceas
842 921 888 949 de-

92 964 265 1004 posuerimus
276 985 283 997 ,
307 973 373 992 tunc
386 962 531 990 induemur
551 962 624 990 veste
635 963 716 996 linea,
727 962 801 991 nihil
814 963 845 989 in
856 961 885 990 se

98 1006 197 1033 mortis
215 1005 332 1033 habente
343 1026 351 1037 ‚
369 1001 418 1030 sed
436 1012 494 1030 toto.
513 1002 625 1031 candida
634 1026 642 1036 ,
662 1013 690 1030 ut
708 1004 743 1031 de
752 1001 883 1041 baptismo

98 1045 298 1083 consurgentes
314 1045 455 1081 cingamus
474 1043 578 1070 lumbos
593 1043 714 1071 veritatis
727 1065 734 1071 .
755 1047 803 1081 Ep.
821 1047 884 1071 128.

27 1103 85 1125 .-
98 1086 132 1114 ad
154 1085 342 1115 Fabiol.]Per
361 1084 465 1121 septem
484 1083 541 1110 dies
562 1082 696 1112 serebatur
708 1105 715 1116 ‚
739 1084 772 1111 ad
784 1082 888 1121 fignifi-

98 1126 184 1155 canda
195 1125 301 1163 septem
313 1126 428 1162 Spiritus
440 1124 530 1152 Sancti
552 1123 624 1152 dona
634 1145 641 1151 .
665 1126 777 1152 Fortun.
799 1123 844 1151 lib.
860 1135 886 1158 4.

97 1168 133 1196 de
144 1165 244 1196 Eccles.
257 1165 314 1195 Off.
327 1175 384 1203 cap.
398 1175 444 1198 24.
454 1164 500 1201 qui
511 1174 534 1190 c.
549 1172 595 1198 ις.
606 1165 684 1192 addit
695 1186 702 1197 ‚
725 1164 800 1203 quod
813 1174 888 1202 pera-

96 1208 148 1236 ftis
166 1206 209 1235 his
225 1205 328 1244 septem
347 1207 439 1234 diebus
459 1202 615 1241 hujusmodi
634 1204 719 1233 vestes
739 1215 824 1243 prope
845 1206 888 1232 ba-

98 1248 242 1288 ptisterum
253 1247 463 1285 deponebantur
473 1268 480 1278 ,
504 1246 538 1274 fic
550 1243 679 1283 inquiens
692 1266 698 1273 .
725 1252 737 1281 [
749 1249 783 1275 Et
802 1244 888 1273 hodie

97 1298 278 1318 revertuntur
288 1288 322 1316 ad
332 1286 422 1315 fontes
432 1308 439 1319 ‚
463 1296 492 1314 ut
502 1297 603 1315 exuant
613 1285 640 1314 se
654 1287 719 1315 albis
731 1308 737 1314 .
761 1288 772 1317 ]
786 1286 888 1315 Velum

97 1329 181 1357 etiam
191 1329 344 1368 ponebatur
356 1328 386 1355 in
395 1327 484 1366 capite
497 1349 505 1360 ‚
523 1327 557 1357 de
568 1338 622 1367 quo
635 1328 768 1356 Alcuinus
780 1347 787 1354 .
801 1329 891 1362 [My.
904 1326 917 1339 '¹

95 1369 167 1398 stico
187 1370 290 1408 iegitur
309 1369 468 1401 velamine,
491 1378 521 1397 ut
534 1369 677 1408 intelligat
689 1390 697 1401 ,
720 1367 747 1396 se
765 1367 889 1397 diadema

96 1411 178 1449 regni
189 1433 198 1444 ,
221 1414 248 1439 ἃ
258 1409 410 1439 sacerdotii
420 1410 589 1448 dignitatem
601 1420 710 1448 portare
722 1430 729 1441 ,
752 1409 786 1436 de
797 1408 887 1438 divin.

97 1449 156 1479 Off.
169 1453 181 1482 ]
193 1454 228 1480 In
237 1462 293 1490 quo
304 1450 368 1479 velo
380 1460 437 1479 erat
447 1451 523 1478 filum
535 1461 698 1489 purpureum
712 1471 719 1483 ‚
729 1449 888 1478 Dominicae

98 1490 230 1527 pastionis
240 1491 496 1529 hyerogliphicuin.
507 1492 632 1520 Durand.
645 1492 689 1519 lib.
702 1498 729 1520 6.
740 1491 774 1519 de
787 1489 888 1519 Divin.

97 1529 157 1558 Off.
170 1532 232 1559 Hoc
243 1532 336 1560 velum
348 1533 506 1568 Chrismale
517 1532 676 1561 dicebatur.
701 1531 777 1560 Vide
789 1529 838 1559 suo
849 1532 889 1557 lo-

1237 50 1272 92 B
1303 49 1344 92 A
1613 63 1684 92 101

945 110 991 139 De
1013 107 1163 137 consecrat.
1180 105 1245 136 dist.
1263 119 1291 143 4.
1301 117 1360 136 can·
1375 112 1421 139 67·
1435 108 1447 139 ]
1473 107 1601 137 Solebam
1612 102 1745 137 Gentile⁵

945 150 990 179 die
1002 149 1104 189 quinto
1116 159 1130 177 a
1140 148 1290 177 nativitate
1300 148 1451 176 infantibus
1469 148 1568 177 curlim
1587 148 1689 176 circuni
1701 143 1743 171 fo-

944 200 1006 219 cum
1018 199 1121 218 nomen
1131 189 1276 226 imponere
1287 210 1295 222 ‚
1317 189 1365 227 qui
1378 188 1435 217 dies
1446 189 1677 228 Amphidromius
1699 187 1741 216 di—

945 232 1072 263 cebatur,
1095 238 1156 269 quae
1167 228 1326 268 superstitio
1336 228 1424 258 adhuc
1444 230 1518 258 inter
1536 229 1642 268 aliquos
1664 228 1742 256 rudes

944 269 1104 301 Melitenses
1115 269 1195 309 viget
1207 287 1216 301 >
1240 268 1333 299 solent
1342 269 1459 299 enimin
1478 271 1523 299 die
1537 269 1705 299 Nativitatis
1715 269 1741 296 S.

946 311 1064 351 Joannis
1081 321 1162 350 agere
1181 311 1335 349 crepundia
1353 321 1386 339 ex
1398 311 1545 339 cucurbitis
1567 309 1717 339 verrucosis
1732 329 1740 340 ,

945 362 1005 391 quae
1015 353 1047 382 ab
1058 351 1136 381 Italis
1148 351 1258 380 Cedroli
1271 372 1278 384 ‚
1302 351 1358 380 live
1370 352 1497 380 Cedruoli
1508 352 1638 380 dicuntur
1648 371 1655 377 .
1669 350 1742 387 Quas

945 392 1029 422 etiam
1038 392 1102 422 Cic.
1111 392 1146 421 de
1158 392 1235 420 Clar.
1249 393 1374 420 Cetrulos
1386 392 1507 430 appellat
1517 412 1524 419 .
1542 393 1594 420 Hae
1606 391 1741 429 liquidem

944 433 1035 471 pomis
1043 433 1185 463 adornatae
1196 443 1210 461 a
1222 433 1312 471 pueris
1323 432 1510 462 Melitensibus
1522 454 1529 465 ,
1540 436 1567 462 ὅ(
1578 431 1672 460 sericis
1684 431 1740 458 sru-

947 474 1028 502 stillis
1039 474 1174 502 involutae
1188 483 1316 511 tanquam
1327 472 1459 502 infantuli
1472 495 1479 506 ‚
1494 483 1542 511 per
1553 473 1674 501 flammas
1682 481 1741 499 cur-

946 515 994 543 sim
1016 514 1050 542 ad
1060 524 1153 543 manus
1170 514 1356 552 projiciuntur
1368 535 1375 546 ,
1398 518 1425 543 ει
1437 514 1505 543 dant
1519 523 1623 542 noiiien
1633 513 1678 550 Jo.
1689 514 1739 540 Ba-

945 554 1034 592 Ptistae
1045 575 1053 582 .
1076 555 1305 589 :1¹:Patrinorum
1328 554 1396 583 ritus
1404 554 1532 583 censetur
1552 554 1582 583 ab
1596 552 1740 592 Apostol'is

944 595 1116 634 introduR'us
1128 617 1135 627 ,
1159 605 1223 623 nain
1233 595 1386 630 Dionylius
1396 595 1568 644 Areopagita
1578 617 1586 628 ‚
1598 595 1648 634 qui
1660 596 1738 631 Apo-

945 636 1077 664 stolorum
1086 635 1232 673 discipulus
1251 636 1383 665 extiterat
1393 657 1402 669 ,
1422 646 1468 664 eos
1478 657 1485 668 ,
1497 632 1632 674 αναδόχκς
1646 656 1654 668 ‚
1666 633 1741 673 quast

943 676 1119 713 Fidajtcffores
1131 698 1138 708 ,
1151 676 1272 714 Justiiius
1284 678 1429 715 Offerentes
1440 698 1448 710 ‚
1461 676 1648 706 Tertullianus
1659 682 1740 713 spon-

937 718 1011 754 sores
1024 738 1031 749 ‚
1054 716 1225 755 Augustinus
1242 717 1322 745 Fidec
1341 719 1465 746 Doc'i‘ores
1477 722 1489 751 (
1500 727 1563 745 nam
1583 715 1740 754 spirituales

943 756 1015 785 filios
1036 756 1197 785 Christiana
1215 757 1341 786 doctrina
1362 757 1495 786 instruere
1516 760 1669 788 tenentur)
1681 757 1739 784 Na<

944 797 1074 826 ziazeiius
1087 800 1250 826 Initiatores
1264 818 1272 830 ,
1295 797 1377 826 Orat.
1398 809 1444 832 40.
1468 798 1601 827 Concilia
1622 802 1736 833 Campa*

943 846 999 866 tres
1010 859 1018 870 ,
1042 847 1124 876 atque
1137 839 1268 876 Hyginus
1280 839 1353 876 Papa
1364 842 1492 867 Patrinos
1513 848 1615 867 vocant
1625 859 1633 870 ,
1657 841 1684 866 &
1705 838 1734 864 in

944 878 1063 917 quodam
1082 878 1224 907 Paril‘ienli
1243 879 1379 907 Concilio
1389 900 1397 911 ‚
1421 883 1448 908 δ(
1472 879 1537 908 alibi
1549 881 1666 908 Patroni
1689 878 1731 906 di-

943 928 1058 951 cuntur,
1078 919 1146 947 idest
1156 940 1164 951 ,
1185 917 1360 948 defensores.
1379 920 1510 948 I’arabant
1523 920 1626 948 lautum
1636 928 1735 947 convi-

942 960 1019 987 vium
1030 960 1137 988 Patrini
1148 958 1228 987 sacris
1240 961 1378 990 Ministris
1388 981 1397 993 ,
1409 961 1484 998 quod
1497 959 1678 999 prohibitum,
1691 959 1737 987 seu

944 1000 1038 1037 potius
1051 1000 1201 1028 limitatum
1213 999 1263 1028 suit
1274 1001 1376 1029 deinde
1387 1001 1417 1028 in
1435 1002 1570 1030 Concilio
1590 1001 1737 1039 mogunti-

944 1051 982 1067 no
994 1042 1035 1069 11.
1048 1051 1107 1069 can.
1122 1047 1166 1069 16.
1180 1041 1226 1069 De
1239 1041 1297 1069 aliis
1305 1041 1449 1069 nonnullis
1469 1041 1547 1078 hujus
1569 1041 1737 1071 sacramenti

944 1081 1118 1110 ceremoniis
1127 1101 1137 1109 .
1161 1081 1236 1109 Vide
1255 1086 1357 1110 Vertex.
1379 1082 1509 1120 Chrisma
1518 1103 1525 1110 .
1555 1084 1716 1120 Consecutto
1725 1101 1733 1107 .

945 1123 1137 1150 Illumjnatio.
1161 1121 1292 1151 Pontifex
1313 1122 1466 1160 antiquitus
1491 1133 1544 1150 tres
1562 1122 1680 1151 infantes
1689 1122 1736 1150 ba-

943 1161 1066 1200 ptizabat
1077 1162 1107 1189 in
1118 1162 1231 1190 sabbato
1243 1163 1343 1191 Sansto
1354 1183 1361 1190 .
1386 1163 1458 1192 Vide
1479 1164 1643 1192 Brachialza
1653 1183 1660 1190 .
1682 1168 1735 1191 Te—

940 1202 1030 1240 lejofis
1043 1223 1049 1230 .
1073 1202 1186 1231 Adultis
1204 1212 1268 1231 ante
1290 1202 1453 1241 baptismum
1463 1226 1470 1237 ,
1491 1204 1625 1240 jejunium
1647 1204 1734 1232 triiiin

944 1243 1051 1271 dierum
1062 1242 1117 1271 line
1127 1243 1185 1271 ullo
1197 1244 1257 1272 cibo
1268 1265 1276 1276 ,
1300 1244 1345 1272 vel
1364 1255 1430 1283 potu
1450 1244 1643 1284 imponebatur
1653 1264 1661 1272 .
1683 1247 1734 1273 Vi-

945 1284 979 1311 de
990 1284 1152 1312 Blduanum
1164 1305 1170 1312 .

940 1327 1111 1353 BAprisMus
1125 1346 1131 1352 .
1156 1324 1200 1354 Ab
1209 1324 1311 1365 insigni
1323 1326 1372 1354 suo
1389 1326 1484 1356 effectu
1505 1337 1617 1356 vocatus
1638 1326 1735 1354 Indul-

940 1369 1040 1403 gentia
1051 1369 1078 1393 ὃ(
1088 1366 1222 1404 absolutio
1234 1370 1401 1404 regeneratio
1410 1389 1418 1401 ,
1438 1372 1465 1397 &
1478 1371 1569 1396 unc't‘jo
1582 1389 1589 1395 .
1608 1370 1732 1405 Gregor.

944 1408 1017 1435 Niz.
1030 1415 1151 1442 orat-40.
1165 1407 1199 1435 de
1209 1410 1286 1446 Bapt.
1297 1409 1473 1437 illuminatio
1487 1428 1493 1436 .
1508 1408 1607 1446 Jui'tin.
1620 1409 1693 1446 apol.
1706 1419 1733 1436 ι.

939 1447 1021 1484 salus
1032 1467 1038 1474 .
1062 1448 1179 1486 August.
1201 1448 1235 1477 de
1254 1459 1320 1487 pace
1339 1449 1421 1477 verit.
1435 1449 1451 1476 l.
1469 1460 1492 1477 i.
1502 1459 1515 1476 a
1528 1458 1625 1476 natura
1635 1453 1662 1477 ὅ(
1672 1447 1732 1476 sub-

945 1487 1044 1515 stantia
1052 1486 1097 1516 sua
1109 1488 1196 1517 dietus
1208 1491 1370 1526 Mysterium
1383 1511 1391 1522 ‚
1403 1496 1613 1518 Sacramentum
1622 1488 1732 1527 ,figna-

946 1528 1041 1557 culum
1062 1533 1194 1558 Domini.
1216 1526 1291 1560 Naz.
1314 1530 1366 1559 loc.
1389 1541 1437 1558 cit.

99 1580 134 1597 co
144 1591 152 1602 ,
176 1572 240 1609 quia
250 1571 382 1609 baptizati
392 1581 472 1610 caput
493 1574 602 1611 tegebat
614 1594 621 1605 ,
645 1572 720 1611 quod
740 1570 1130 1599 chrismateissaprisumum
1141 1591 1148 1597 .
1160 1572 1231 1599 Fons
1244 1593 1252 1604 ,
1263 1572 1294 1600 in
1305 1582 1358 1610 quo
1371 1571 1525 1608 baptizztur
1536 1592 1542 1603 ,
1553 1580 1567 1598 a
1579 1572 1603 1599 S⁴
1617 1570 1733 1604 Diony-

98 1611 212 1639 unc'tum
222 1621 302 1640 erata.
312 1611 456 1640 Sacerdote
468 1633 475 1640 .
498 1614 626 1642 Ulterius
639 1623 732 1648 myrto
744 1634 752 1645 ‚
772 1611 821 1639 seu
834 1612 890 1649 pril-

98 1650 152 1678 mis
162 1653 361 1680 coronabantur
371 1673 379 1685 ‚
389 1661 419 1681 ut
428 1663 461 1681 ex
471 1652 644 1692 AEthiopico
656 1653 763 1683 Rituali
775 1673 782 1685 ,
805 1656 832 1681 δε
844 1655 890 1681 Se-

100 1701 171 1720 vero
182 1693 377 1722 Alexandrino
387 1694 530 1733 colligitur
540 1714 547 1721 .
571 1697 645 1723 Item
665 1693 788 1723 accensus
798 1703 889 1721 cereus

99 1733 241 1770 baptizato
253 1733 363 1762 dabatur
376 1756 383 1766 ,
406 1744 436 1762 ut
448 1734 646 1773 significaretur
656 1756 663 1767 ,
686 1735 760 1763 illius
771 1733 890 1763 animam

101 1772 210 1802 Christi
226 1774 353 1813 sponsam
363 1776 436 1803 effici
447 1796 454 1802 .
478 1779 537 1811 [Et
545 1774 682 1814 sponsales
694 1775 830 1813 lampades
839 1786 889 1804 iio-

103 1813 142 1841 bis
160 1814 260 1844 donate
271 1837 277 1843 .
300 1817 406 1852 Cyrill.
430 1815 541 1845 Hieros.
563 1817 680 1846 Patriar.
702 1817 736 1844 ad
753 1815 886 1854 Baptiz.]

104 1854 196 1889 Quem
208 1856 347 1894 gestabant
365 1856 508 1885 accensum
526 1866 574 1895 per
594 1858 670 1886 illam
691 1867 779 1886 totam
788 1856 889 1885 hebdo—

103 1895 212 1923 madam
223 1896 251 1923 in
262 1896 367 1926 divinis
376 1898 478 1926 officiis
487 1917 494 1925 .
519 1898 686 1938 [Angelicae
700 1897 832 1926 castitatis
841 1896 888 1925 ha-

104 1935 163 1963 bitu
174 1958 180 1968 ‚
204 1937 388 1967 &luminibus
398 1937 530 1968 claritatis
540 1937 637 1968 sanein
647 1937 767 1967 assistere
787 1937 888 1966 sacrifi-

103 1975 152 2003 ciis
162 1974 252 2006 solent
262 1998 269 2005 .
282 1979 393 2009 Alcuin.
404 1979 434 2008 in
444 1979 529 2018 Epist.
540 1980 574 2008 ad
584 1980 716 2008 Carolum
730 1981 886 2018 Magnum]

104 2017 363 2047 calceamentorum
380 2020 411 2047 in
423 2020 522 2048 adultis
540 2020 686 2059 baptizatis
707 2020 889 2059 significatum

105 2060 222 2097 exponit
232 2063 372 2096 Rupertus
392 2060 518 2099 inquiens
529 2072 535 2088 :
559 2067 572 2097 t
583 2061 766 2090 Proculdubio
788 2060 889 2089 calcea-

105 2106 198 2128 menta
208 2099 306 2138 accipit
327 2101 356 2128 in
366 2100 476 2138 pedibus
488 2123 496 2135 ,
519 2102 701 2131 calceamenta
718 2111 837 2140 namque
855 2102 888 2129 de

105 2141 221 2168 mortuis
229 2141 389 2170 animalibus
398 2141 485 2175 fiunt,
506 2145 535 2170 δέ
553 2141 612 2171 haec
624 2142 767 2171 manifeste
787 2143 889 2171 Domi-

104 2179 176 2208 ,ulcae
188 2182 285 2210 mortis
297 2182 415 2220 iniignia
425 2181 495 2211 sunt.
507 2182 554 2211 lib.
565 2190 592 2212 6.
602 2194 691 2223 cap.7.
701 2185 714 2215 ]
726 2184 783 2212 PR.
795 2183 890 2219 Quan-

107 2219 146 2247 do
164 2222 284 2260 baPtizat
302 2221 454 2260 Episcopus
464 2244 473 2256 ,
496 2233 553 2252 non
563 2224 642 2252 debet
670 2223 757 2252 saliva
773 2234 888 2262 tangere

106 2259 267 2298 baptizandi
279 2263 348 2291 labia
360 2285 368 2295 ‚
391 2273 421 2291 ut
438 2264 566 2293 Parochis
583 2265 698 2294 Rituale
716 2263 867 2302 praescribit
881 2277 888 2296 ἡ

106 2298 155 2329 sed
166 2311 272 2332 tantum
283 2314 360 2332 nares
370 2303 442 2332 illius
451 2324 458 2331 .
471 2310 484 2340 [
495 2305 742 2345 Propterssgloriam
752 2306 872 2333 muneris
881 2327 889 2338 ,

108 2345 138 2370 ὅ(
148 2344 240 2382 operis
249 2355 307 2373 non
316 2355 346 2373 os
356 2344 448 2383 tangit
458 2345 607 2384 Episcopus
615 2367 624 2380 ,
646 2345 693 2375 sed
716 2355 822 2374 tantum
843 2356 889 2374 na-

108 2392 149 2411 res
158 2405 166 2417 ,
190 2394 220 2413 ut
232 2385 336 2414 bonum
354 2386 471 2414 odorem
489 2385 625 2426 accipiant
642 2387 752 2427 pietatis
762 2396 870 2417 aeteriiae
882 2409 888 2415 .

143 2427 340 2461 Hierolexicon
360 2429 454 2457 Macri
465 2446 472 2454 .

946 1609 984 1637 fio
993 1609 1096 1639 dicitur
1105 1616 1200 1640 Mater
1211 1613 1364 1650 adoptioms
1376 1632 1382 1639 .
1405 1614 1440 1640 In
1452 1611 1571 1648 cqenim
1585 1620 1732 1649 regenera-

946 1660 990 1678 tur
1000 1649 1232 1680 Christianus.Ab
1241 1653 1301 1680 aliis
1312 1658 1380 1680 Fons
1389 1655 1507 1683 sacen&
1517 1654 1679 1680 Samarium
1690 1661 1731 1679 re-

940 1695 1127 1728 generationis
1141 1702 1254 1721 vocatur
1265 1713 1272 1720 .
1283 1692 1357 1721 Vide
1367 1693 1449 1720 etism
1462 1693 1571 1720 Concha
1583 1713 1590 1724 ‚
1610 1695 1731 1733 Antity-

940 1741 993 1769 pon
1004 1752 1011 1759 .
1024 1733 1080 1761 FR.
1090 1733 1282 1762 Manifestavit
1294 1742 1384 1761 autem
1397 1734 1472 1762 Deus
1481 1733 1578 1760 divina
1591 1731 1636 1760 sua
1646 1732 1728 1761 ultio-

945 1782 981 1799 ne
992 1793 1000 1805 ,
1012 1782 1093 1810 quam
1106 1773 1270 1802 venerabilis
1281 1774 1313 1802 fit
1327 1773 1386 1801 fons
1396 1773 1445 1801 isse
1455 1772 1581 1810 baptismi
1597 1784 1602 1803 ;
1625 1783 1688 1801 nam
1698 1783 1730 1802 ut

946 1813 976 1841 in
988 1813 1013 1841 S.
1024 1815 1148 1842 Marcelli
1159 1817 1238 1853 Papae
1250 1815 1315 1842 aftis
1336 1824 1418 1852 pents
1430 1814 1546 1846 Surium,
1560 1823 1627 1841 tom.
1646 1824 1667 1841 i.
1686 1821 1728 1843 16.

944 1856 1054 1892 Januar.
1067 1856 1183 1894 legitur,
1195 1855 1338 1893 cai-pastus
1352 1855 1508 1893 imperialis
1520 1854 1657 1886 Viennam,
1668 1864 1730 1882 cuin

944 1894 1094 1933 exequiss‘et
1115 1898 1275 1926 Sanc'torum
1296 1906 1390 1924 necem
1408 1896 1439 1923 iii
1457 1896 1542 1923 domo
1555 1896 1579 1923 S.
1591 1895 1707 1930 cyriaci
1721 1917 1728 1928 ,

945 1945 1026 1974 quam
1042 1937 1073 1965 ab
1092 1939 1266 1976 Imperatore
1282 1937 1478 1974 impetraverat
1491 1957 1497 1967 ,
1516 1939 1543 1964 ὅ(
1557 1935 1663 1963 sontem
1684 1935 1730 1963 ba-

945 1976 1042 2014 ptismi
1063 1988 1078 2005 a
1090 1978 1115 2006 S.
1128 1978 1260 2006 Marcello
1271 1979 1342 2014 Papa
1361 1975 1549 2004 consecratum
1559 1976 1588 2004 in
1599 1976 1728 2005 balneum

946 2017 1085 2049 vertiss'et5
1098 2019 1193 2047 exiens
1204 2018 1238 2046 de
1250 2018 1347 2046 balneo
1356 2027 1418 2045 cum
1429 2015 1508 2045 sociis
1522 2016 1611 2045 statim
1622 2017 1728 2045 corruit

945 2059 1082 2087 extinfius
1090 2080 1098 2087 .
1109 2057 1364 2096 :11:Antiquitusin
1375 2058 1494 2096 qualibet
1504 2057 1620 2086 civitate
1633 2058 1727 2093 majori

945 2099 1072 2128 Ecclesiae
1092 2100 1245 2138 propinqua
1263 2107 1321 2127 erat
1340 2099 1462 2136 cappella
1473 2097 1629 2136 Baptisterii
1642 2119 1648 2125 .
1671 2101 1727 2127 FR.

946 2146 960 2176 [
973 2140 1094 2169 Bafihcae
1104 2140 1244 2178 appendix
1257 2138 1360 2177 piscina
1370 2137 1522 2167 forinsecus
1535 2161 1542 2171 ‚
1560 2139 1615 2167 five
1627 2139 1644 2166 fi
1655 2149 1726 2178 grst-

946 2181 1097 2210 carimavi's
1108 2179 1303 2218 Baptisterium
1314 2180 1345 2208 ab
1357 2180 1465 2208 oriente
1474 2180 1665 2208 connectitur.
1685 2179 1728 2208 Si-

946 2220 1047 2250 donius
1058 2219 1259 2260 Appollinaris.
1270 2220 1317 2248 lib.
1329 2232 1355 2249 2.
1366 2221 1449 2259 Epist.
1462 2222 1510 2251 2.]
1524 2222 1560 2255 ³ll³
1572 2220 1615 2249 Sic
1626 2222 1725 2249 Romae

946 2272 1031 2301 prope
1048 2260 1259 2291 Lateranensem
1280 2261 1426 2290 Ecclesiam
1445 2260 1533 2289 adliuc
1552 2270 1627 2289 extat
1657 2260 1728 2288 :inti-

946 2312 1030 2342 quum
1049 2300 1363 2341 Baptisteriisacellum,
1381 2302 1411 2330 in
1431 2312 1487 2340 quo
1496 2303 1629 2340 Magnum
1648 2302 1727 2330 Con-

945 2343 1096 2373 stantinum
1106 2343 1273 2381 baptizatum
1283 2341 1358 2372 fuiss'e
1369 2343 1495 2372 traditur.
1509 2341 1657 2371 Florentiae
1666 2344 1728 2376 jux-

946 2395 972 2414 ta
994 2384 1193 2414 cathedralem
1211 2383 1359 2413 Ecclesiam
1390 2383 1429 2412 est
1452 2383 1537 2412 fontis
1565 2379 1730 2420 baptismalis

1351 2425 1381 2455 G
1423 2433 1437 2462 3
1623 2432 1685 2463 cap-
