<?xml version="1.0" encoding="UTF-8"?>
<!DOCTYPE html PUBLIC "-//W3C//DTD XHTML 1.0 Transitional//EN"
    "http://www.w3.org/TR/xhtml1/DTD/xhtml1-transitional.dtd">
<html xmlns="http://www.w3.org/1999/xhtml" xml:lang="en" lang="en">
 <head>
  <title>
</title>
<meta http-equiv="Content-Type" content="text/html;charset=utf-8" />
  <meta name='ocr-system' content='tesseract 3.04.00' />
  <meta name='ocr-capabilities' content='ocr_page ocr_carea ocr_par ocr_line ocrx_word'/>
</head>
<body>
  <div class='ocr_page' id='page_1' title='image "./dominicimacrimel00magr/dominicimacrimel00magr_0642.png"; bbox 0 0 1866 2526; ppageno 0'>
   <div class='ocr_carea' id='block_1_1' title="bbox 139 48 575 103">
    <p class='ocr_par' dir='ltr' id='par_1_1' title="bbox 139 48 575 103">
     <span class='ocr_line' id='line_1_1' title="bbox 139 48 575 103; baseline -0.007 -10"><span class='ocrx_word' id='word_1_1' title='bbox 139 56 219 103; x_wconf 71' lang='lat'>614</span> <span class='ocrx_word' id='word_1_2' title='bbox 478 49 506 91; x_wconf 88' lang='lat' dir='ltr'>S</span> <span class='ocrx_word' id='word_1_3' title='bbox 541 48 575 90; x_wconf 88' lang='lat' dir='ltr'>E</span> 
     </span>
    </p>
   </div>
   <div class='ocr_carea' id='block_1_2' title="bbox 86 102 930 594">
    <p class='ocr_par' dir='ltr' id='par_1_2' title="bbox 86 102 930 594">
     <span class='ocr_line' id='line_1_2' title="bbox 127 102 921 146; baseline -0.013 -9"><span class='ocrx_word' id='word_1_4' title='bbox 127 109 227 137; x_wconf 85' lang='lat' dir='ltr'>donius</span> <span class='ocrx_word' id='word_1_5' title='bbox 237 129 245 141; x_wconf 94' lang='lat'><em>‚</em></span> <span class='ocrx_word' id='word_1_6' title='bbox 265 106 310 137; x_wconf 83' lang='lat' dir='ltr'>lib.</span> <span class='ocrx_word' id='word_1_7' title='bbox 322 118 348 140; x_wconf 87' lang='lat'>7.</span> <span class='ocrx_word' id='word_1_8' title='bbox 359 117 403 146; x_wconf 88' lang='lat' dir='ltr'>ep.</span> <span class='ocrx_word' id='word_1_9' title='bbox 419 117 440 135; x_wconf 83' lang='lat' dir='ltr'>i.</span> <span class='ocrx_word' id='word_1_10' title='bbox 454 109 466 138; x_wconf 94' lang='lat'>]</span> <span class='ocrx_word' id='word_1_11' title='bbox 480 107 553 136; x_wconf 84' lang='lat' dir='ltr'><strong>Vide</strong></span> <span class='ocrx_word' id='word_1_12' title='bbox 564 103 738 144; x_wconf 72' lang='lat' dir='ltr'>Pedtffiquus</span> <span class='ocrx_word' id='word_1_13' title='bbox 749 126 756 133; x_wconf 89' lang='lat'><strong>.</strong></span> <span class='ocrx_word' id='word_1_14' title='bbox 777 102 902 141; x_wconf 80' lang='lat' dir='ltr'><em>sequipes</em></span> <span class='ocrx_word' id='word_1_15' title='bbox 915 119 921 127; x_wconf 93' lang='lat'><strong>.</strong></span> 
     </span>
     <span class='ocr_line' id='line_1_3' title="bbox 86 145 921 186; baseline -0.013 -7"><span class='ocrx_word' id='word_1_16' title='bbox 86 149 257 184; x_wconf 71' lang='lat' dir='ltr'>SEQJENTIA</span> <span class='ocrx_word' id='word_1_17' title='bbox 267 168 276 176; x_wconf 83' lang='grc'><strong>.</strong></span> <span class='ocrx_word' id='word_1_18' title='bbox 299 148 518 184; x_wconf 70' lang='lat' dir='ltr'>VideJubilatio</span> <span class='ocrx_word' id='word_1_19' title='bbox 528 168 536 176; x_wconf 87' lang='lat'><strong>.</strong></span> <span class='ocrx_word' id='word_1_20' title='bbox 556 145 639 181; x_wconf 69' lang='lat' dir='ltr'>Profa</span> <span class='ocrx_word' id='word_1_21' title='bbox 648 167 655 174; x_wconf 88' lang='lat'><strong>.</strong></span> <span class='ocrx_word' id='word_1_22' title='bbox 675 148 767 185; x_wconf 71' lang='lat' dir='ltr'>Versus</span> <span class='ocrx_word' id='word_1_23' title='bbox 778 146 902 186; x_wconf 51' lang='lat' dir='ltr'>leoninus}</span> <span class='ocrx_word' id='word_1_24' title='bbox 915 161 921 167; x_wconf 95' lang='lat'>.</span> 
     </span>
     <span class='ocr_line' id='line_1_4' title="bbox 89 182 922 226; baseline -0.013 -7"><span class='ocrx_word' id='word_1_25' title='bbox 89 192 260 224; x_wconf 60' lang='lat' dir='ltr'>§marsna</span> <span class='ocrx_word' id='word_1_26' title='bbox 273 210 281 222; x_wconf 85' lang='lat'><em>‚</em></span> <span class='ocrx_word' id='word_1_27' title='bbox 300 189 368 218; x_wconf 89' lang='lat' dir='ltr'>idest</span> <span class='ocrx_word' id='word_1_28' title='bbox 382 211 389 224; x_wconf 90' lang='lat'>,</span> <span class='ocrx_word' id='word_1_29' title='bbox 408 188 560 217; x_wconf 75' lang='lat' dir='ltr'>mediator:</span> <span class='ocrx_word' id='word_1_30' title='bbox 582 189 616 218; x_wconf 82' lang='lat' dir='ltr'>fic</span> <span class='ocrx_word' id='word_1_31' title='bbox 626 187 701 215; x_wconf 79' lang='lat' dir='ltr'>enim</span> <span class='ocrx_word' id='word_1_32' title='bbox 710 198 723 215; x_wconf 81' lang='lat' dir='ltr'>a</span> <span class='ocrx_word' id='word_1_33' title='bbox 736 188 761 215; x_wconf 90' lang='lat' dir='ltr'>S.</span> <span class='ocrx_word' id='word_1_34' title='bbox 771 182 922 226; x_wconf 85' lang='lat' dir='ltr'>Methodio</span> 
     </span>
     <span class='ocr_line' id='line_1_5' title="bbox 132 226 923 269; baseline -0.011 -10"><span class='ocrx_word' id='word_1_35' title='bbox 132 230 283 269; x_wconf 80' lang='lat' dir='ltr'>appellatus</span> <span class='ocrx_word' id='word_1_36' title='bbox 302 228 353 258; x_wconf 87' lang='lat' dir='ltr'>fuit</span> <span class='ocrx_word' id='word_1_37' title='bbox 363 230 490 258; x_wconf 81' lang='lat' dir='ltr'>Salvator</span> <span class='ocrx_word' id='word_1_38' title='bbox 501 229 628 259; x_wconf 84' lang='lat' dir='ltr'>Christus</span> <span class='ocrx_word' id='word_1_39' title='bbox 640 239 646 256; x_wconf 89' lang='lat'>:</span> <span class='ocrx_word' id='word_1_40' title='bbox 670 226 861 267; x_wconf 74' lang='lat' dir='ltr'>[Ineffabilcm</span> <span class='ocrx_word' id='word_1_41' title='bbox 880 232 923 266; x_wconf 82' lang='lat' dir='ltr'>in-</span> 
     </span>
     <span class='ocr_line' id='line_1_6' title="bbox 131 264 925 309; baseline -0.011 -10"><span class='ocrx_word' id='word_1_42' title='bbox 131 271 245 300; x_wconf 85' lang='lat' dir='ltr'>visibilis</span> <span class='ocrx_word' id='word_1_43' title='bbox 255 270 342 300; x_wconf 82' lang='lat' dir='ltr'>Patris</span> <span class='ocrx_word' id='word_1_44' title='bbox 352 270 451 298; x_wconf 84' lang='lat' dir='ltr'>Filium</span> <span class='ocrx_word' id='word_1_45' title='bbox 464 290 472 302; x_wconf 88' lang='lat'><strong><em>‚</em></strong></span> <span class='ocrx_word' id='word_1_46' title='bbox 480 270 551 308; x_wconf 81' lang='lat' dir='ltr'>pacis</span> <span class='ocrx_word' id='word_1_47' title='bbox 559 268 737 309; x_wconf 89' lang='lat' dir='ltr'>sequestrum,</span> <span class='ocrx_word' id='word_1_48' title='bbox 746 271 773 296; x_wconf 72' lang='grc' dir='ltr'>δ(</span> <span class='ocrx_word' id='word_1_49' title='bbox 784 264 925 294; x_wconf 76' lang='lat' dir='ltr'>admirabi-</span> 
     </span>
     <span class='ocr_line' id='line_1_7' title="bbox 131 305 925 349; baseline -0.01 -10"><span class='ocrx_word' id='word_1_50' title='bbox 131 311 153 339; x_wconf 88' lang='lat' dir='ltr'>li</span> <span class='ocrx_word' id='word_1_51' title='bbox 165 310 368 349; x_wconf 88' lang='lat' dir='ltr'>quodammodo</span> <span class='ocrx_word' id='word_1_52' title='bbox 380 311 458 339; x_wconf 90' lang='lat' dir='ltr'>omni</span> <span class='ocrx_word' id='word_1_53' title='bbox 468 310 604 340; x_wconf 76' lang='lat' dir='ltr'>brevitate</span> <span class='ocrx_word' id='word_1_54' title='bbox 615 309 751 338; x_wconf 81' lang='lat' dir='ltr'>minorem</span> <span class='ocrx_word' id='word_1_55' title='bbox 763 307 861 335; x_wconf 70' lang='lat' dir='ltr'>sactum</span> <span class='ocrx_word' id='word_1_56' title='bbox 870 325 877 332; x_wconf 88' lang='lat'><strong>.</strong></span> <span class='ocrx_word' id='word_1_57' title='bbox 891 305 925 332; x_wconf 89' lang='lat' dir='ltr'>In</span> 
     </span>
     <span class='ocr_line' id='line_1_8' title="bbox 131 345 926 387; baseline -0.011 -6"><span class='ocrx_word' id='word_1_58' title='bbox 131 353 256 381; x_wconf 86' lang='lat' dir='ltr'>Sermon-</span> <span class='ocrx_word' id='word_1_59' title='bbox 266 352 300 379; x_wconf 88' lang='lat' dir='ltr'>de</span> <span class='ocrx_word' id='word_1_60' title='bbox 311 352 422 381; x_wconf 78' lang='lat' dir='ltr'>Simone</span> <span class='ocrx_word' id='word_1_61' title='bbox 432 373 440 384; x_wconf 88' lang='lat'><em>‚</em></span> <span class='ocrx_word' id='word_1_62' title='bbox 450 355 477 380; x_wconf 72' lang='grc' dir='ltr'>δε</span> <span class='ocrx_word' id='word_1_63' title='bbox 489 353 572 380; x_wconf 81' lang='lat' dir='ltr'>Arina</span> <span class='ocrx_word' id='word_1_64' title='bbox 583 354 613 382; x_wconf 88' lang='lat'>.]</span> <span class='ocrx_word' id='word_1_65' title='bbox 635 351 708 378; x_wconf 81' lang='lat' dir='ltr'>Item</span> <span class='ocrx_word' id='word_1_66' title='bbox 719 347 852 387; x_wconf 81' lang='lat' dir='ltr'>fignificat</span> <span class='ocrx_word' id='word_1_67' title='bbox 862 345 926 373; x_wconf 84' lang='lat' dir='ltr'>offi-</span> 
     </span>
     <span class='ocr_line' id='line_1_9' title="bbox 132 386 926 430; baseline -0.01 -9"><span class='ocrx_word' id='word_1_68' title='bbox 132 394 207 421; x_wconf 84' lang='lat' dir='ltr'>cium</span> <span class='ocrx_word' id='word_1_69' title='bbox 218 392 298 421; x_wconf 82' lang='lat' dir='ltr'>valde</span> <span class='ocrx_word' id='word_1_70' title='bbox 317 392 462 430; x_wconf 63' lang='lat' dir='ltr'>speetab&#39;iie</span> <span class='ocrx_word' id='word_1_71' title='bbox 479 392 511 420; x_wconf 89' lang='lat' dir='ltr'>in</span> <span class='ocrx_word' id='word_1_72' title='bbox 530 392 589 419; x_wconf 77' lang='lat' dir='ltr'>auia</span> <span class='ocrx_word' id='word_1_73' title='bbox 599 390 818 426; x_wconf 80' lang='lat' dir='ltr'>Coiistantinop.</span> <span class='ocrx_word' id='word_1_74' title='bbox 829 386 902 426; x_wconf 89' lang='lat' dir='ltr'>quod</span> <span class='ocrx_word' id='word_1_75' title='bbox 912 396 926 413; x_wconf 78' lang='lat' dir='ltr'>a</span> 
     </span>
     <span class='ocr_line' id='line_1_10' title="bbox 133 428 927 471; baseline -0.014 -7"><span class='ocrx_word' id='word_1_76' title='bbox 133 432 238 463; x_wconf 70' lang='lat' dir='ltr'>Graecis</span> <span class='ocrx_word' id='word_1_77' title='bbox 255 431 378 471; x_wconf 67' lang='grc' dir='ltr'>μεσάζων</span> <span class='ocrx_word' id='word_1_78' title='bbox 400 432 519 462; x_wconf 72' lang='lat' dir='ltr'>dicitur5</span> <span class='ocrx_word' id='word_1_79' title='bbox 538 431 610 460; x_wconf 85' lang='lat' dir='ltr'>unde</span> <span class='ocrx_word' id='word_1_80' title='bbox 620 432 738 468; x_wconf 83' lang='lat' dir='ltr'>Joannes</span> <span class='ocrx_word' id='word_1_81' title='bbox 756 428 927 465; x_wconf 72' lang='lat' dir='ltr'>Palaeologus</span> 
     </span>
     <span class='ocr_line' id='line_1_11' title="bbox 133 469 928 513; baseline -0.01 -11"><span class='ocrx_word' id='word_1_82' title='bbox 133 473 192 513; x_wconf 86' lang='lat' dir='ltr'>post</span> <span class='ocrx_word' id='word_1_83' title='bbox 203 475 259 509; x_wconf 85' lang='lat' dir='ltr'>ejus</span> <span class='ocrx_word' id='word_1_84' title='bbox 278 474 394 502; x_wconf 88' lang='lat' dir='ltr'>reditum</span> <span class='ocrx_word' id='word_1_85' title='bbox 406 483 419 500; x_wconf 80' lang='grc' dir='ltr'>α</span> <span class='ocrx_word' id='word_1_86' title='bbox 430 472 594 500; x_wconf 77' lang='lat' dir='ltr'>Florentino</span> <span class='ocrx_word' id='word_1_87' title='bbox 604 471 740 500; x_wconf 78' lang='lat' dir='ltr'>Concilio</span> <span class='ocrx_word' id='word_1_88' title='bbox 760 469 845 498; x_wconf 89' lang='lat' dir='ltr'>tertio</span> <span class='ocrx_word' id='word_1_89' title='bbox 863 478 928 495; x_wconf 89' lang='lat' dir='ltr'>uxo-</span> 
     </span>
     <span class='ocr_line' id='line_1_12' title="bbox 133 507 930 551; baseline -0.01 -8"><span class='ocrx_word' id='word_1_90' title='bbox 133 525 191 543; x_wconf 87' lang='lat' dir='ltr'>rem</span> <span class='ocrx_word' id='word_1_91' title='bbox 202 514 318 542; x_wconf 78' lang='lat' dir='ltr'>duxerat</span> <span class='ocrx_word' id='word_1_92' title='bbox 329 513 441 541; x_wconf 76' lang='lat' dir='ltr'>Mariam</span> <span class='ocrx_word' id='word_1_93' title='bbox 452 512 644 541; x_wconf 69' lang='lat' dir='ltr'>Cantsicuzeni</span> <span class='ocrx_word' id='word_1_94' title='bbox 655 534 662 546; x_wconf 88' lang='lat'><em>,</em></span> <span class='ocrx_word' id='word_1_95' title='bbox 683 512 731 550; x_wconf 89' lang='lat' dir='ltr'>qui</span> <span class='ocrx_word' id='word_1_96' title='bbox 741 510 879 549; x_wconf 80' lang='lat' dir='ltr'>dignitate</span> <span class='ocrx_word' id='word_1_97' title='bbox 889 507 930 551; x_wconf 54' lang='lat' dir='ltr'>sc?</span> 
     </span>
     <span class='ocr_line' id='line_1_13' title="bbox 133 550 930 594; baseline -0.011 -10"><span class='ocrx_word' id='word_1_98' title='bbox 133 555 236 594; x_wconf 89' lang='lat' dir='ltr'>questri</span> <span class='ocrx_word' id='word_1_99' title='bbox 246 554 405 593; x_wconf 80' lang='lat' dir='ltr'>fungebatur</span> <span class='ocrx_word' id='word_1_100' title='bbox 415 575 422 586; x_wconf 93' lang='lat'><em>,</em></span> <span class='ocrx_word' id='word_1_101' title='bbox 432 552 556 582; x_wconf 83' lang='lat' dir='ltr'>sororem</span> <span class='ocrx_word' id='word_1_102' title='bbox 568 564 575 585; x_wconf 80' lang='lat'>5</span> <span class='ocrx_word' id='word_1_103' title='bbox 585 552 716 591; x_wconf 83' lang='lat' dir='ltr'>sequestri</span> <span class='ocrx_word' id='word_1_104' title='bbox 725 552 800 580; x_wconf 85' lang='lat' dir='ltr'>enim</span> <span class='ocrx_word' id='word_1_105' title='bbox 810 550 930 578; x_wconf 85' lang='lat' dir='ltr'>instituti</span> 
     </span>
    </p>
   </div>
   <div class='ocr_carea' id='block_1_3' title="bbox 927 211 939 560">
    <p class='ocr_par' dir='ltr' id='par_1_3' title="bbox 927 211 939 560">
     <span class='ocr_line' id='line_1_14' title="bbox 927 211 939 560; baseline 0 0"><span class='ocrx_word' id='word_1_106' title='bbox 927 211 939 560; x_wconf 95' lang='lat' dir='ltr'>   </span> 
     </span>
    </p>
   </div>
   <div class='ocr_carea' id='block_1_4' title="bbox 1289 39 1385 85">
    <p class='ocr_par' dir='ltr' id='par_1_4' title="bbox 1289 39 1385 85">
     <span class='ocr_line' id='line_1_15' title="bbox 1289 39 1385 85; baseline -0.031 0"><span class='ocrx_word' id='word_1_107' title='bbox 1289 39 1385 85; x_wconf 88' lang='lat' dir='ltr'>SE</span> 
     </span>
    </p>
   </div>
   <div class='ocr_carea' id='block_1_5' title="bbox 977 96 1775 464">
    <p class='ocr_par' dir='ltr' id='par_1_5' title="bbox 977 96 1775 464">
     <span class='ocr_line' id='line_1_16' title="bbox 977 96 1774 138; baseline 0.004 -11"><span class='ocrx_word' id='word_1_108' title='bbox 977 98 1024 127; x_wconf 85' lang='lat' dir='ltr'>lib.</span> <span class='ocrx_word' id='word_1_109' title='bbox 1039 101 1064 126; x_wconf 80' lang='lat'>8.</span> <span class='ocrx_word' id='word_1_110' title='bbox 1084 107 1141 136; x_wconf 80' lang='lat' dir='ltr'>cap.</span> <span class='ocrx_word' id='word_1_111' title='bbox 1159 107 1168 125; x_wconf 84' lang='lat' dir='ltr'>i</span> <span class='ocrx_word' id='word_1_112' title='bbox 1178 101 1202 126; x_wconf 81' lang='grc'>8.</span> <span class='ocrx_word' id='word_1_113' title='bbox 1213 99 1225 129; x_wconf 91' lang='grc'>]</span> <span class='ocrx_word' id='word_1_114' title='bbox 1237 99 1351 138; x_wconf 82' lang='lat' dir='ltr'>Serapiu</span> <span class='ocrx_word' id='word_1_115' title='bbox 1360 97 1498 127; x_wconf 75' lang='lat' dir='ltr'>calathum</span> <span class='ocrx_word' id='word_1_116' title='bbox 1507 96 1536 126; x_wconf 88' lang='lat' dir='ltr'>in</span> <span class='ocrx_word' id='word_1_117' title='bbox 1546 96 1634 136; x_wconf 77' lang='lat' dir='ltr'>capite</span> <span class='ocrx_word' id='word_1_118' title='bbox 1644 103 1698 135; x_wconf 85' lang='lat' dir='ltr'>ejus</span> <span class='ocrx_word' id='word_1_119' title='bbox 1710 100 1774 130; x_wconf 80' lang='lat' dir='ltr'>infi-</span> 
     </span>
     <span class='ocr_line' id='line_1_17' title="bbox 980 138 1774 178; baseline 0.005 -12"><span class='ocrx_word' id='word_1_120' title='bbox 980 147 1050 178; x_wconf 87' lang='lat' dir='ltr'>gunt</span> <span class='ocrx_word' id='word_1_121' title='bbox 1062 159 1069 170; x_wconf 94' lang='lat'><em>,</em></span> <span class='ocrx_word' id='word_1_122' title='bbox 1082 139 1127 166; x_wconf 93' lang='lat' dir='ltr'>vel</span> <span class='ocrx_word' id='word_1_123' title='bbox 1143 138 1208 166; x_wconf 85' lang='lat' dir='ltr'>dum</span> <span class='ocrx_word' id='word_1_124' title='bbox 1220 138 1360 168; x_wconf 77' lang='lat' dir='ltr'>fimulacro</span> <span class='ocrx_word' id='word_1_125' title='bbox 1371 140 1476 178; x_wconf 79' lang='lat' dir='ltr'>signum</span> <span class='ocrx_word' id='word_1_126' title='bbox 1486 138 1616 176; x_wconf 85' lang='lat' dir='ltr'>tricipitis</span> <span class='ocrx_word' id='word_1_127' title='bbox 1627 141 1774 170; x_wconf 76' lang='lat' dir='ltr'>animantis</span> 
     </span>
     <span class='ocr_line' id='line_1_18' title="bbox 980 178 1773 220; baseline 0.004 -12"><span class='ocrx_word' id='word_1_128' title='bbox 980 180 1136 218; x_wconf 82' lang='lat' dir='ltr'>adjungunt</span> <span class='ocrx_word' id='word_1_129' title='bbox 1148 199 1155 211; x_wconf 94' lang='lat'>,</span> <span class='ocrx_word' id='word_1_130' title='bbox 1168 178 1242 216; x_wconf 80' lang='lat' dir='ltr'>quod</span> <span class='ocrx_word' id='word_1_131' title='bbox 1253 180 1385 218; x_wconf 81' lang='lat' dir='ltr'>exprimit</span> <span class='ocrx_word' id='word_1_132' title='bbox 1396 179 1489 208; x_wconf 87' lang='lat' dir='ltr'>medio</span> <span class='ocrx_word' id='word_1_133' title='bbox 1502 202 1510 213; x_wconf 89' lang='lat'><em>,</em></span> <span class='ocrx_word' id='word_1_134' title='bbox 1520 180 1673 220; x_wconf 87' lang='lat' dir='ltr'>eodemque</span> <span class='ocrx_word' id='word_1_135' title='bbox 1682 183 1773 220; x_wconf 83' lang='lat' dir='ltr'>capite</span> 
     </span>
     <span class='ocr_line' id='line_1_19' title="bbox 981 218 1771 257; baseline 0.004 -8"><span class='ocrx_word' id='word_1_136' title='bbox 981 220 1069 249; x_wconf 88' lang='lat' dir='ltr'>leonis</span> <span class='ocrx_word' id='word_1_137' title='bbox 1078 218 1200 257; x_wconf 81' lang='lat' dir='ltr'>effigiem</span> <span class='ocrx_word' id='word_1_138' title='bbox 1209 222 1261 247; x_wconf 84' lang='lat' dir='ltr'>&amp;c.</span> <span class='ocrx_word' id='word_1_139' title='bbox 1273 220 1432 253; x_wconf 81' lang='lat' dir='ltr'>Macrobius,</span> <span class='ocrx_word' id='word_1_140' title='bbox 1446 221 1489 249; x_wconf 89' lang='lat' dir='ltr'>lib.</span> <span class='ocrx_word' id='word_1_141' title='bbox 1505 232 1526 249; x_wconf 86' lang='lat' dir='ltr'>i.</span> <span class='ocrx_word' id='word_1_142' title='bbox 1538 222 1671 251; x_wconf 73' lang='lat' dir='ltr'>saturnal.</span> <span class='ocrx_word' id='word_1_143' title='bbox 1681 226 1771 255; x_wconf 85' lang='lat' dir='ltr'>c.20.]</span> 
     </span>
     <span class='ocr_line' id='line_1_20' title="bbox 980 258 1775 302; baseline 0.003 -13"><span class='ocrx_word' id='word_1_144' title='bbox 980 264 1013 289; x_wconf 90' lang='lat' dir='ltr'>Et</span> <span class='ocrx_word' id='word_1_145' title='bbox 1024 261 1086 299; x_wconf 82' lang='lat' dir='ltr'>quia</span> <span class='ocrx_word' id='word_1_146' title='bbox 1098 269 1166 288; x_wconf 83' lang='lat' dir='ltr'>unus</span> <span class='ocrx_word' id='word_1_147' title='bbox 1177 279 1183 286; x_wconf 83' lang='lat'>-</span> <span class='ocrx_word' id='word_1_148' title='bbox 1196 258 1337 298; x_wconf 82' lang='lat' dir='ltr'>Seraphim</span> <span class='ocrx_word' id='word_1_149' title='bbox 1346 261 1449 290; x_wconf 84' lang='lat' dir='ltr'>calculo</span> <span class='ocrx_word' id='word_1_150' title='bbox 1458 272 1486 289; x_wconf 87' lang='lat' dir='ltr'>os</span> <span class='ocrx_word' id='word_1_151' title='bbox 1497 261 1572 290; x_wconf 79' lang='lat' dir='ltr'>Isaiae</span> <span class='ocrx_word' id='word_1_152' title='bbox 1584 263 1712 302; x_wconf 77' lang='lat' dir='ltr'>tetigerat</span> <span class='ocrx_word' id='word_1_153' title='bbox 1725 285 1732 297; x_wconf 91' lang='lat'><em>‚</em></span> <span class='ocrx_word' id='word_1_154' title='bbox 1744 272 1775 292; x_wconf 87' lang='lat' dir='ltr'>ut</span> 
     </span>
     <span class='ocr_line' id='line_1_21' title="bbox 982 300 1773 342; baseline 0.004 -13"><span class='ocrx_word' id='word_1_155' title='bbox 982 302 1056 329; x_wconf 89' lang='lat' dir='ltr'>idem</span> <span class='ocrx_word' id='word_1_156' title='bbox 1066 312 1088 329; x_wconf 88' lang='lat' dir='ltr'>c.</span> <span class='ocrx_word' id='word_1_157' title='bbox 1102 309 1127 335; x_wconf 85' lang='lat'>5.</span> <span class='ocrx_word' id='word_1_158' title='bbox 1137 300 1231 338; x_wconf 87' lang='lat' dir='ltr'>inquit</span> <span class='ocrx_word' id='word_1_159' title='bbox 1240 322 1248 333; x_wconf 95' lang='lat'><em>,</em></span> <span class='ocrx_word' id='word_1_160' title='bbox 1259 300 1325 329; x_wconf 86' lang='lat' dir='ltr'>hinc</span> <span class='ocrx_word' id='word_1_161' title='bbox 1335 301 1418 329; x_wconf 77' lang='lat' dir='ltr'>etiam</span> <span class='ocrx_word' id='word_1_162' title='bbox 1428 302 1554 331; x_wconf 83' lang='lat' dir='ltr'>Gentiles</span> <span class='ocrx_word' id='word_1_163' title='bbox 1564 304 1688 341; x_wconf 75' lang='lat' dir='ltr'>Serapim</span> <span class='ocrx_word' id='word_1_164' title='bbox 1710 303 1773 342; x_wconf 86' lang='lat' dir='ltr'>pin-</span> 
     </span>
     <span class='ocr_line' id='line_1_22' title="bbox 982 341 1774 380; baseline 0.004 -10"><span class='ocrx_word' id='word_1_165' title='bbox 982 350 1081 370; x_wconf 87' lang='lat' dir='ltr'>xerunt</span> <span class='ocrx_word' id='word_1_166' title='bbox 1091 341 1170 370; x_wconf 87' lang='lat' dir='ltr'>fimul</span> <span class='ocrx_word' id='word_1_167' title='bbox 1188 351 1250 370; x_wconf 89' lang='lat' dir='ltr'>cum</span> <span class='ocrx_word' id='word_1_168' title='bbox 1261 341 1437 380; x_wconf 78' lang='lat' dir='ltr'>Harpocratis</span> <span class='ocrx_word' id='word_1_169' title='bbox 1445 342 1584 372; x_wconf 78' lang='lat' dir='ltr'>simulacro</span> <span class='ocrx_word' id='word_1_170' title='bbox 1597 366 1602 376; x_wconf 87' lang='lat'>‚</span> <span class='ocrx_word' id='word_1_171' title='bbox 1621 345 1774 373; x_wconf 77' lang='lat' dir='ltr'>obturantis</span> 
     </span>
     <span class='ocr_line' id='line_1_23' title="bbox 982 383 1773 424; baseline 0.005 -14"><span class='ocrx_word' id='word_1_172' title='bbox 982 383 1074 421; x_wconf 80' lang='lat' dir='ltr'>digito</span> <span class='ocrx_word' id='word_1_173' title='bbox 1084 392 1114 409; x_wconf 91' lang='lat' dir='ltr'>os</span> <span class='ocrx_word' id='word_1_174' title='bbox 1123 391 1186 418; x_wconf 70' lang='lat' dir='ltr'>ejus.</span> <span class='ocrx_word' id='word_1_175' title='bbox 1198 383 1241 410; x_wconf 81' lang='lat' dir='ltr'>Ita</span> <span class='ocrx_word' id='word_1_176' title='bbox 1251 383 1288 410; x_wconf 92' lang='lat' dir='ltr'>D.</span> <span class='ocrx_word' id='word_1_177' title='bbox 1303 385 1373 421; x_wconf 85' lang='lat' dir='ltr'><strong>Aug.</strong></span> <span class='ocrx_word' id='word_1_178' title='bbox 1383 393 1417 411; x_wconf 87' lang='lat' dir='ltr'>ex</span> <span class='ocrx_word' id='word_1_179' title='bbox 1432 384 1563 411; x_wconf 86' lang='lat' dir='ltr'>Varrone.</span> <span class='ocrx_word' id='word_1_180' title='bbox 1575 391 1588 420; x_wconf 90' lang='lat'><strong>[</strong></span> <span class='ocrx_word' id='word_1_181' title='bbox 1598 390 1632 415; x_wconf 84' lang='lat' dir='ltr'>Et</span> <span class='ocrx_word' id='word_1_182' title='bbox 1642 385 1773 424; x_wconf 81' lang='lat' dir='ltr'>quoniam</span> 
     </span>
     <span class='ocr_line' id='line_1_24' title="bbox 983 422 1772 464; baseline 0.003 -12"><span class='ocrx_word' id='word_1_183' title='bbox 983 423 1039 452; x_wconf 85' lang='lat' dir='ltr'>fere</span> <span class='ocrx_word' id='word_1_184' title='bbox 1050 424 1079 452; x_wconf 89' lang='lat' dir='ltr'>in</span> <span class='ocrx_word' id='word_1_185' title='bbox 1089 422 1215 451; x_wconf 81' lang='lat' dir='ltr'>omnibus</span> <span class='ocrx_word' id='word_1_186' title='bbox 1227 423 1337 460; x_wconf 86' lang='lat' dir='ltr'>templis</span> <span class='ocrx_word' id='word_1_187' title='bbox 1355 424 1493 451; x_wconf 82' lang='lat' dir='ltr'>colebatur</span> <span class='ocrx_word' id='word_1_188' title='bbox 1503 443 1510 455; x_wconf 88' lang='lat'><em>,</em></span> <span class='ocrx_word' id='word_1_189' title='bbox 1531 424 1578 452; x_wconf 84' lang='lat' dir='ltr'>Isis</span> <span class='ocrx_word' id='word_1_190' title='bbox 1588 447 1595 457; x_wconf 88' lang='lat'><em>,</em></span> <span class='ocrx_word' id='word_1_191' title='bbox 1612 430 1640 455; x_wconf 74' lang='lat'>8&lt;</span> <span class='ocrx_word' id='word_1_192' title='bbox 1649 426 1754 464; x_wconf 74' lang='lat' dir='ltr'>Serapis</span> <span class='ocrx_word' id='word_1_193' title='bbox 1767 439 1772 456; x_wconf 56' lang='lat'>¹,</span> 
     </span>
    </p>
   </div>
   <div class='ocr_carea' id='block_1_6' title="bbox 977 463 1774 505">
    <p class='ocr_par' dir='ltr' id='par_1_6' title="bbox 977 463 1774 505">
     <span class='ocr_line' id='line_1_25' title="bbox 977 463 1774 505; baseline 0.004 -13"><span class='ocrx_word' id='word_1_194' title='bbox 977 473 1040 493; x_wconf 73' lang='lat' dir='ltr'>erat</span> <span class='ocrx_word' id='word_1_195' title='bbox 1050 465 1135 492; x_wconf 82' lang='lat' dir='ltr'>etiam</span> <span class='ocrx_word' id='word_1_196' title='bbox 1145 463 1332 497; x_wconf 69' lang='lat' dir='ltr'>simulacrum,</span> <span class='ocrx_word' id='word_1_197' title='bbox 1353 464 1426 502; x_wconf 89' lang='lat' dir='ltr'>quod</span> <span class='ocrx_word' id='word_1_198' title='bbox 1444 463 1536 502; x_wconf 86' lang='lat' dir='ltr'>digito</span> <span class='ocrx_word' id='word_1_199' title='bbox 1556 464 1629 494; x_wconf 79' lang='lat' dir='ltr'>labiis</span> <span class='ocrx_word' id='word_1_200' title='bbox 1649 467 1774 505; x_wconf 78' lang='lat' dir='ltr'>impresso</span> 
     </span>
    </p>
   </div>
   <div class='ocr_carea' id='block_1_7' title="bbox 983 503 1774 580">
    <p class='ocr_par' dir='ltr' id='par_1_7' title="bbox 983 503 1774 580">
     <span class='ocr_line' id='line_1_26' title="bbox 983 503 1774 540; baseline 0.001 -6"><span class='ocrx_word' id='word_1_201' title='bbox 983 505 1135 534; x_wconf 81' lang='lat' dir='ltr'>admonere</span> <span class='ocrx_word' id='word_1_202' title='bbox 1157 503 1314 537; x_wconf 86' lang='lat' dir='ltr'>videretur,</span> <span class='ocrx_word' id='word_1_203' title='bbox 1333 514 1363 533; x_wconf 92' lang='lat' dir='ltr'>ut</span> <span class='ocrx_word' id='word_1_204' title='bbox 1385 504 1525 533; x_wconf 80' lang='lat' dir='ltr'>filentium</span> <span class='ocrx_word' id='word_1_205' title='bbox 1545 505 1639 540; x_wconf 85' lang='lat' dir='ltr'>fieret,</span> <span class='ocrx_word' id='word_1_206' title='bbox 1661 508 1705 537; x_wconf 89' lang='lat' dir='ltr'>lib.</span> <span class='ocrx_word' id='word_1_207' title='bbox 1732 513 1774 536; x_wconf 82' lang='lat'>18.</span> 
     </span>
     <span class='ocr_line' id='line_1_27' title="bbox 984 544 1352 580; baseline -0.005 -5"><span class='ocrx_word' id='word_1_208' title='bbox 984 546 1018 575; x_wconf 90' lang='lat' dir='ltr'>de</span> <span class='ocrx_word' id='word_1_209' title='bbox 1036 546 1163 574; x_wconf 85' lang='lat' dir='ltr'>Civitate</span> <span class='ocrx_word' id='word_1_210' title='bbox 1184 544 1256 577; x_wconf 88' lang='lat' dir='ltr'>Dei,</span> <span class='ocrx_word' id='word_1_211' title='bbox 1279 555 1302 573; x_wconf 87' lang='lat' dir='ltr'>c.</span> <span class='ocrx_word' id='word_1_212' title='bbox 1327 554 1352 580; x_wconf 83' lang='lat'>5.</span> 
     </span>
    </p>
   </div>
   <div class='ocr_carea' id='block_1_8' title="bbox 133 584 1781 756">
    <p class='ocr_par' dir='ltr' id='par_1_8' title="bbox 134 584 1553 632">
     <span class='ocr_line' id='line_1_28' title="bbox 134 584 1553 632; baseline -0.007 -8"><span class='ocrx_word' id='word_1_213' title='bbox 134 605 212 624; x_wconf 82' lang='lat' dir='ltr'>erant</span> <span class='ocrx_word' id='word_1_214' title='bbox 221 595 254 623; x_wconf 90' lang='lat' dir='ltr'>ad</span> <span class='ocrx_word' id='word_1_215' title='bbox 264 595 467 632; x_wconf 82' lang='lat' dir='ltr'>componendas</span> <span class='ocrx_word' id='word_1_216' title='bbox 478 595 550 627; x_wconf 80' lang='lat' dir='ltr'>lites,</span> <span class='ocrx_word' id='word_1_217' title='bbox 560 598 587 622; x_wconf 77' lang='grc' dir='ltr'>δ(</span> <span class='ocrx_word' id='word_1_218' title='bbox 597 593 763 622; x_wconf 85' lang='lat' dir='ltr'>differentias</span> <span class='ocrx_word' id='word_1_219' title='bbox 775 592 831 620; x_wconf 81' lang='lat' dir='ltr'>fine</span> <span class='ocrx_word' id='word_1_220' title='bbox 845 590 931 628; x_wconf 73' lang='lat' dir='ltr'>figura</span> <span class='ocrx_word' id='word_1_221' title='bbox 944 586 1063 615; x_wconf 70' lang='lat' dir='ltr'>SERAPIS</span> <span class='ocrx_word' id='word_1_222' title='bbox 1077 606 1083 613; x_wconf 95' lang='lat'>.</span> <span class='ocrx_word' id='word_1_223' title='bbox 1107 584 1182 614; x_wconf 86' lang='lat' dir='ltr'>Vide</span> <span class='ocrx_word' id='word_1_224' title='bbox 1203 586 1342 623; x_wconf 72' lang='lat' dir='ltr'>Seraphim</span> <span class='ocrx_word' id='word_1_225' title='bbox 1353 608 1361 619; x_wconf 92' lang='lat'><em>,</em></span> <span class='ocrx_word' id='word_1_226' title='bbox 1385 587 1536 624; x_wconf 69' lang='lat' dir='ltr'>Sporteolus</span> <span class='ocrx_word' id='word_1_227' title='bbox 1547 607 1553 614; x_wconf 94' lang='lat'>.</span> 
     </span>
    </p>

    <p class='ocr_par' dir='ltr' id='par_1_9' title="bbox 133 624 1778 715">
     <span class='ocr_line' id='line_1_29' title="bbox 133 624 1778 674; baseline -0.004 -10"><span class='ocrx_word' id='word_1_228' title='bbox 133 636 249 672; x_wconf 76' lang='lat' dir='ltr'>judicii;</span> <span class='ocrx_word' id='word_1_229' title='bbox 270 646 352 674; x_wconf 87' lang='lat' dir='ltr'>quare</span> <span class='ocrx_word' id='word_1_230' title='bbox 371 636 399 662; x_wconf 87' lang='lat' dir='ltr'>in</span> <span class='ocrx_word' id='word_1_231' title='bbox 412 635 487 664; x_wconf 64' lang='lat' dir='ltr'>Astis</span> <span class='ocrx_word' id='word_1_232' title='bbox 505 634 628 670; x_wconf 82' lang='lat' dir='ltr'>ejusdem</span> <span class='ocrx_word' id='word_1_233' title='bbox 639 633 766 664; x_wconf 88' lang='lat' dir='ltr'>Concilii</span> <span class='ocrx_word' id='word_1_234' title='bbox 776 629 931 660; x_wconf 83' lang='lat' dir='ltr'>Florentini</span> <span class='ocrx_word' id='word_1_235' title='bbox 946 627 1068 656; x_wconf 74' lang='lat' dir='ltr'>SERGluS</span> <span class='ocrx_word' id='word_1_236' title='bbox 1080 648 1087 659; x_wconf 92' lang='lat'>‚</span> <span class='ocrx_word' id='word_1_237' title='bbox 1099 629 1127 654; x_wconf 70' lang='grc' dir='ltr'>ὃ(</span> <span class='ocrx_word' id='word_1_238' title='bbox 1139 624 1258 670; x_wconf 64' lang='lat' dir='ltr'>Bucchus</span> <span class='ocrx_word' id='word_1_239' title='bbox 1269 627 1356 654; x_wconf 66' lang='lat' dir='ltr'>saneti</span> <span class='ocrx_word' id='word_1_240' title='bbox 1369 629 1505 662; x_wconf 83' lang='lat' dir='ltr'>Martyres</span> <span class='ocrx_word' id='word_1_241' title='bbox 1517 647 1523 654; x_wconf 91' lang='lat'>.</span> <span class='ocrx_word' id='word_1_242' title='bbox 1535 630 1570 656; x_wconf 80' lang='lat' dir='ltr'>V.</span> <span class='ocrx_word' id='word_1_243' title='bbox 1581 630 1759 658; x_wconf 77' lang='lat' dir='ltr'>Primicerius</span> <span class='ocrx_word' id='word_1_244' title='bbox 1771 650 1778 657; x_wconf 91' lang='lat'>.</span> 
     </span>
     <span class='ocr_line' id='line_1_30' title="bbox 134 666 1427 715; baseline -0.006 -11"><span class='ocrx_word' id='word_1_245' title='bbox 134 677 255 715; x_wconf 86' lang='lat' dir='ltr'>legitur,</span> <span class='ocrx_word' id='word_1_246' title='bbox 277 676 352 715; x_wconf 88' lang='lat' dir='ltr'>quod</span> <span class='ocrx_word' id='word_1_247' title='bbox 369 675 398 704; x_wconf 87' lang='lat' dir='ltr'>hi</span> <span class='ocrx_word' id='word_1_248' title='bbox 409 675 540 714; x_wconf 86' lang='lat' dir='ltr'>sequestri</span> <span class='ocrx_word' id='word_1_249' title='bbox 552 686 653 714; x_wconf 84' lang='lat' dir='ltr'>magno</span> <span class='ocrx_word' id='word_1_250' title='bbox 672 682 773 703; x_wconf 82' lang='lat' dir='ltr'>conatu</span> <span class='ocrx_word' id='word_1_251' title='bbox 782 671 808 701; x_wconf 90' lang='lat' dir='ltr'>se</span> <span class='ocrx_word' id='word_1_252' title='bbox 818 670 931 710; x_wconf 75' lang='lat' dir='ltr'>ingefl&#39;e-</span> <span class='ocrx_word' id='word_1_253' title='bbox 945 667 1093 696; x_wconf 76' lang='lat' dir='ltr'>SERiATIM</span> <span class='ocrx_word' id='word_1_254' title='bbox 1103 687 1110 694; x_wconf 88' lang='lat'>-</span> <span class='ocrx_word' id='word_1_255' title='bbox 1134 666 1207 711; x_wconf 73' lang='lat' dir='ltr'>Vide</span> <span class='ocrx_word' id='word_1_256' title='bbox 1227 667 1409 695; x_wconf 71' lang='lat' dir='ltr'>Libellasmm</span> <span class='ocrx_word' id='word_1_257' title='bbox 1421 689 1427 695; x_wconf 91' lang='lat'><em>.</em></span> 
     </span>
    </p>

    <p class='ocr_par' dir='ltr' id='par_1_10' title="bbox 135 708 1781 756">
     <span class='ocr_line' id='line_1_31' title="bbox 135 708 1781 756; baseline -0.004 -11"><span class='ocrx_word' id='word_1_258' title='bbox 135 726 197 745; x_wconf 78' lang='lat' dir='ltr'>rant</span> <span class='ocrx_word' id='word_1_259' title='bbox 217 717 251 745; x_wconf 80' lang='lat' dir='ltr'>ad</span> <span class='ocrx_word' id='word_1_260' title='bbox 262 716 460 756; x_wconf 71' lang='lat' dir='ltr'>persuadendos</span> <span class='ocrx_word' id='word_1_261' title='bbox 480 715 647 745; x_wconf 82' lang='lat' dir='ltr'>Michaelem</span> <span class='ocrx_word' id='word_1_262' title='bbox 664 714 853 744; x_wconf 76' lang='lat' dir='ltr'>Balsamonem</span> <span class='ocrx_word' id='word_1_263' title='bbox 868 711 931 739; x_wconf 79' lang='lat' dir='ltr'>i&#39;cri-</span> <span class='ocrx_word' id='word_1_264' title='bbox 945 708 1092 737; x_wconf 77' lang='lat' dir='ltr'><strong>SERICUM·</strong></span> <span class='ocrx_word' id='word_1_265' title='bbox 1116 708 1188 736; x_wconf 82' lang='lat' dir='ltr'>Vide</span> <span class='ocrx_word' id='word_1_266' title='bbox 1210 708 1367 744; x_wconf 56' lang='lat' dir='ltr'>Rufinum,</span> <span class='ocrx_word' id='word_1_267' title='bbox 1390 708 1625 747; x_wconf 62' lang='lat' dir='ltr'>Chryfhdavum,</span> <span class='ocrx_word' id='word_1_268' title='bbox 1650 710 1781 747; x_wconf 72' lang='lat' dir='ltr'>Holoferi-</span> 
     </span>
    </p>
   </div>
   <div class='ocr_carea' id='block_1_9' title="bbox 99 1084 557 1117">
    <p class='ocr_par' dir='ltr' id='par_1_11' title="bbox 99 1084 557 1117">
     <span class='ocr_line' id='line_1_32' title="bbox 99 1084 557 1117; baseline -0.002 -3"><span class='ocrx_word' id='word_1_269' title='bbox 99 1085 292 1117; x_wconf 71' lang='lat' dir='ltr'>SEQUESTRUM</span> <span class='ocrx_word' id='word_1_270' title='bbox 303 1104 309 1111; x_wconf 85' lang='lat'><strong><em>.</em></strong></span> <span class='ocrx_word' id='word_1_271' title='bbox 334 1084 407 1113; x_wconf 89' lang='lat' dir='ltr'>Vide</span> <span class='ocrx_word' id='word_1_272' title='bbox 424 1088 541 1113; x_wconf 79' lang='lat' dir='ltr'>Intertio</span> <span class='ocrx_word' id='word_1_273' title='bbox 551 1106 557 1112; x_wconf 88' lang='lat'>.</span> 
     </span>
    </p>
   </div>
   <div class='ocr_carea' id='block_1_10' title="bbox 99 755 931 1082">
    <p class='ocr_par' dir='ltr' id='par_1_12' title="bbox 99 755 931 1082">
     <span class='ocr_line' id='line_1_33' title="bbox 135 755 931 796; baseline -0.008 -10"><span class='ocrx_word' id='word_1_274' title='bbox 135 757 256 786; x_wconf 83' lang='lat' dir='ltr'>niarium</span> <span class='ocrx_word' id='word_1_275' title='bbox 268 779 275 791; x_wconf 87' lang='lat'><em>‚</em></span> <span class='ocrx_word' id='word_1_276' title='bbox 286 758 341 786; x_wconf 83' lang='lat' dir='ltr'>five</span> <span class='ocrx_word' id='word_1_277' title='bbox 350 757 584 796; x_wconf 81' lang='lat' dir='ltr'>Cartophylacem</span> <span class='ocrx_word' id='word_1_278' title='bbox 598 779 606 790; x_wconf 86' lang='lat'><em>‚</em></span> <span class='ocrx_word' id='word_1_279' title='bbox 616 761 644 786; x_wconf 72' lang='grc' dir='ltr'>ὃς</span> <span class='ocrx_word' id='word_1_280' title='bbox 652 755 822 791; x_wconf 85' lang='lat' dir='ltr'>Sylvestrum</span> <span class='ocrx_word' id='word_1_281' title='bbox 831 755 931 796; x_wconf 85' lang='lat' dir='ltr'>Sguro-</span> 
     </span>
     <span class='ocr_line' id='line_1_34' title="bbox 135 793 930 833; baseline -0.006 -7"><span class='ocrx_word' id='word_1_282' title='bbox 135 798 230 827; x_wconf 87' lang='lat' dir='ltr'>bolum</span> <span class='ocrx_word' id='word_1_283' title='bbox 252 798 462 827; x_wconf 77' lang='lat' dir='ltr'>Ecclefiarcham</span> <span class='ocrx_word' id='word_1_284' title='bbox 482 798 515 827; x_wconf 85' lang='lat' dir='ltr'>ad</span> <span class='ocrx_word' id='word_1_285' title='bbox 534 798 642 826; x_wconf 81' lang='lat' dir='ltr'>decreta</span> <span class='ocrx_word' id='word_1_286' title='bbox 662 795 784 833; x_wconf 87' lang='lat' dir='ltr'>ejusdem</span> <span class='ocrx_word' id='word_1_287' title='bbox 805 793 930 824; x_wconf 85' lang='lat' dir='ltr'>Concilii</span> 
     </span>
     <span class='ocr_line' id='line_1_35' title="bbox 138 838 909 878; baseline -0.003 -11"><span class='ocrx_word' id='word_1_288' title='bbox 138 839 304 877; x_wconf 74' lang='lat' dir='ltr'>accepmiida</span> <span class='ocrx_word' id='word_1_289' title='bbox 316 861 324 872; x_wconf 87' lang='lat'><em>‚</em></span> <span class='ocrx_word' id='word_1_290' title='bbox 347 849 406 877; x_wconf 72' lang='lat' dir='ltr'>qna:</span> <span class='ocrx_word' id='word_1_291' title='bbox 426 839 559 868; x_wconf 82' lang='lat' dir='ltr'>tenaciter</span> <span class='ocrx_word' id='word_1_292' title='bbox 581 838 743 874; x_wconf 82' lang='lat' dir='ltr'>rejiciebant</span> <span class='ocrx_word' id='word_1_293' title='bbox 762 857 769 865; x_wconf 90' lang='lat'><strong>.</strong></span> <span class='ocrx_word' id='word_1_294' title='bbox 905 874 909 878; x_wconf 82' lang='lat'>.</span> 
     </span>
     <span class='ocr_line' id='line_1_36' title="bbox 99 875 931 919; baseline -0.007 -11"><span class='ocrx_word' id='word_1_295' title='bbox 99 880 331 914; x_wconf 56' lang='lat' dir='ltr'>Seduni-sirm</span> <span class='ocrx_word' id='word_1_296' title='bbox 341 899 348 907; x_wconf 84' lang='lat'><strong>.</strong></span> <span class='ocrx_word' id='word_1_297' title='bbox 362 882 418 909; x_wconf 82' lang='lat' dir='ltr'>FR.</span> <span class='ocrx_word' id='word_1_298' title='bbox 429 879 571 919; x_wconf 71' lang='lat' dir='ltr'>separatim</span> <span class='ocrx_word' id='word_1_299' title='bbox 584 891 589 907; x_wconf 91' lang='lat'>:</span> <span class='ocrx_word' id='word_1_300' title='bbox 605 878 787 914; x_wconf 73' lang='lat' dir='ltr'>[1³ontifices,</span> <span class='ocrx_word' id='word_1_301' title='bbox 796 875 892 915; x_wconf 86' lang='lat' dir='ltr'>quibus</span> <span class='ocrx_word' id='word_1_302' title='bbox 903 885 931 902; x_wconf 91' lang='lat' dir='ltr'>in</span> 
     </span>
     <span class='ocr_line' id='line_1_37' title="bbox 137 916 930 955; baseline -0.008 -6"><span class='ocrx_word' id='word_1_303' title='bbox 137 921 250 949; x_wconf 87' lang='lat' dir='ltr'>Summo</span> <span class='ocrx_word' id='word_1_304' title='bbox 262 921 419 949; x_wconf 76' lang='lat' dir='ltr'>Sacerdotio</span> <span class='ocrx_word' id='word_1_305' title='bbox 429 920 588 949; x_wconf 86' lang='lat' dir='ltr'>constitutis</span> <span class='ocrx_word' id='word_1_306' title='bbox 609 920 638 948; x_wconf 79' lang='lat' dir='ltr'>ab</span> <span class='ocrx_word' id='word_1_307' title='bbox 649 919 787 948; x_wconf 73' lang='lat' dir='ltr'>extraneis</span> <span class='ocrx_word' id='word_1_308' title='bbox 806 916 912 955; x_wconf 83' lang='lat' dir='ltr'>aliquid</span> <span class='ocrx_word' id='word_1_309' title='bbox 923 936 930 947; x_wconf 91' lang='lat'><em>,</em></span> 
     </span>
     <span class='ocr_line' id='line_1_38' title="bbox 137 958 931 999; baseline -0.009 -9"><span class='ocrx_word' id='word_1_310' title='bbox 137 970 182 990; x_wconf 83' lang='lat' dir='ltr'>aut</span> <span class='ocrx_word' id='word_1_311' title='bbox 198 971 259 989; x_wconf 89' lang='lat' dir='ltr'>cum</span> <span class='ocrx_word' id='word_1_312' title='bbox 268 962 384 990; x_wconf 73' lang='lat' dir='ltr'>Ecclesia</span> <span class='ocrx_word' id='word_1_313' title='bbox 396 984 403 995; x_wconf 88' lang='lat'><em>,</em></span> <span class='ocrx_word' id='word_1_314' title='bbox 424 972 468 990; x_wconf 85' lang='lat' dir='ltr'>aut</span> <span class='ocrx_word' id='word_1_315' title='bbox 488 960 676 999; x_wconf 75' lang='lat' dir='ltr'>sequestratim</span> <span class='ocrx_word' id='word_1_316' title='bbox 696 958 865 990; x_wconf 84' lang='lat' dir='ltr'>dimittitur,</span> <span class='ocrx_word' id='word_1_317' title='bbox 888 965 931 985; x_wconf 79' lang='lat' dir='ltr'>aut</span> 
     </span>
     <span class='ocr_line' id='line_1_39' title="bbox 138 997 930 1040; baseline -0.008 -10"><span class='ocrx_word' id='word_1_318' title='bbox 138 1003 258 1031; x_wconf 85' lang='lat' dir='ltr'>donatur</span> <span class='ocrx_word' id='word_1_319' title='bbox 267 1023 275 1035; x_wconf 95' lang='lat'><em>,</em></span> <span class='ocrx_word' id='word_1_320' title='bbox 287 1013 345 1030; x_wconf 83' lang='lat' dir='ltr'>can.</span> <span class='ocrx_word' id='word_1_321' title='bbox 356 1002 506 1032; x_wconf 82' lang='lat' dir='ltr'>Pontifices</span> <span class='ocrx_word' id='word_1_322' title='bbox 516 1024 523 1035; x_wconf 89' lang='lat'><em>,</em></span> <span class='ocrx_word' id='word_1_323' title='bbox 539 1013 581 1030; x_wconf 63' lang='grc' dir='ltr'>ιε..</span> <span class='ocrx_word' id='word_1_324' title='bbox 592 1001 687 1040; x_wconf 75' lang='lat' dir='ltr'>quaest.</span> <span class='ocrx_word' id='word_1_325' title='bbox 701 1012 727 1039; x_wconf 83' lang='lat'>3.</span> <span class='ocrx_word' id='word_1_326' title='bbox 741 1003 752 1032; x_wconf 94' lang='lat'><em>]</em></span> <span class='ocrx_word' id='word_1_327' title='bbox 765 999 817 1028; x_wconf 85' lang='lat' dir='ltr'>Sed</span> <span class='ocrx_word' id='word_1_328' title='bbox 827 1008 892 1026; x_wconf 86' lang='lat' dir='ltr'>vere</span> <span class='ocrx_word' id='word_1_329' title='bbox 903 997 930 1024; x_wconf 87' lang='lat' dir='ltr'>in</span> 
     </span>
     <span class='ocr_line' id='line_1_40' title="bbox 138 1042 849 1082; baseline -0.007 -11"><span class='ocrx_word' id='word_1_330' title='bbox 138 1043 266 1071; x_wconf 86' lang='lat' dir='ltr'>hocloco</span> <span class='ocrx_word' id='word_1_331' title='bbox 285 1044 425 1072; x_wconf 74' lang='lat' dir='ltr'>mediatim</span> <span class='ocrx_word' id='word_1_332' title='bbox 436 1043 570 1082; x_wconf 83' lang='lat' dir='ltr'>fignificat</span> <span class='ocrx_word' id='word_1_333' title='bbox 582 1062 589 1070; x_wconf 90' lang='lat'><strong>.</strong></span> <span class='ocrx_word' id='word_1_334' title='bbox 613 1042 686 1070; x_wconf 91' lang='lat' dir='ltr'>Vide</span> <span class='ocrx_word' id='word_1_335' title='bbox 696 1042 830 1080; x_wconf 78' lang='lat' dir='ltr'>sequester</span> <span class='ocrx_word' id='word_1_336' title='bbox 842 1058 849 1066; x_wconf 92' lang='lat'><strong><em>.</em></strong></span> 
     </span>
    </p>
   </div>
   <div class='ocr_carea' id='block_1_11' title="bbox 933 780 946 1089">
    <p class='ocr_par' dir='ltr' id='par_1_13' title="bbox 933 780 946 1089">
     <span class='ocr_line' id='line_1_41' title="bbox 933 780 946 1089; baseline 0 -243"><span class='ocrx_word' id='word_1_337' title='bbox 933 780 946 1089; x_wconf 95' lang='lat' dir='ltr'>    </span> 
     </span>
    </p>
   </div>
   <div class='ocr_carea' id='block_1_12' title="bbox 986 747 1780 787">
    <p class='ocr_par' dir='ltr' id='par_1_14' title="bbox 986 747 1780 787">
     <span class='ocr_line' id='line_1_42' title="bbox 986 747 1780 787; baseline 0 -9"><span class='ocrx_word' id='word_1_338' title='bbox 986 760 1048 778; x_wconf 87' lang='lat' dir='ltr'>cum</span> <span class='ocrx_word' id='word_1_339' title='bbox 1058 770 1067 782; x_wconf 88' lang='lat'><em>‚</em></span> <span class='ocrx_word' id='word_1_340' title='bbox 1089 747 1238 785; x_wconf 79' lang='lat' dir='ltr'>Imisilium</span> <span class='ocrx_word' id='word_1_341' title='bbox 1247 769 1255 780; x_wconf 96' lang='lat'><em>,</em></span> <span class='ocrx_word' id='word_1_342' title='bbox 1278 750 1491 785; x_wconf 77' lang='lat' dir='ltr'>Seranthasmus</span> <span class='ocrx_word' id='word_1_343' title='bbox 1504 771 1511 782; x_wconf 91' lang='lat'><em>,</em></span> <span class='ocrx_word' id='word_1_344' title='bbox 1535 752 1761 787; x_wconf 78' lang='lat' dir='ltr'>Tramosericum</span> <span class='ocrx_word' id='word_1_345' title='bbox 1773 771 1780 777; x_wconf 92' lang='lat'><strong><em>.</em></strong></span> 
     </span>
    </p>
   </div>
   <div class='ocr_carea' id='block_1_13' title="bbox 946 788 1779 827">
    <p class='ocr_par' dir='ltr' id='par_1_15' title="bbox 946 788 1779 827">
     <span class='ocr_line' id='line_1_43' title="bbox 946 788 1779 827; baseline 0 -9"><span class='ocrx_word' id='word_1_346' title='bbox 946 789 1118 821; x_wconf 71' lang='lat' dir='ltr'>SEMOSIUS,</span> <span class='ocrx_word' id='word_1_347' title='bbox 1137 788 1247 817; x_wconf 82' lang='lat' dir='ltr'>adverb.</span> <span class='ocrx_word' id='word_1_348' title='bbox 1267 788 1354 822; x_wconf 85' lang='lat' dir='ltr'>idest,</span> <span class='ocrx_word' id='word_1_349' title='bbox 1373 789 1457 827; x_wconf 83' lang='lat' dir='ltr'>magis</span> <span class='ocrx_word' id='word_1_350' title='bbox 1475 789 1559 818; x_wconf 87' lang='lat' dir='ltr'>serie.</span> <span class='ocrx_word' id='word_1_351' title='bbox 1583 791 1699 824; x_wconf 81' lang='lat' dir='ltr'>[Latori</span> <span class='ocrx_word' id='word_1_352' title='bbox 1711 801 1779 819; x_wconf 88' lang='lat' dir='ltr'>vero</span> 
     </span>
    </p>
   </div>
   <div class='ocr_carea' id='block_1_14' title="bbox 985 827 1781 949">
    <p class='ocr_par' dir='ltr' id='par_1_16' title="bbox 985 827 1781 949">
     <span class='ocr_line' id='line_1_44' title="bbox 986 827 1777 869; baseline 0.004 -13"><span class='ocrx_word' id='word_1_353' title='bbox 986 828 1162 867; x_wconf 82' lang='lat' dir='ltr'>praesentium</span> <span class='ocrx_word' id='word_1_354' title='bbox 1172 827 1316 858; x_wconf 80' lang='lat' dir='ltr'>Bonifacio</span> <span class='ocrx_word' id='word_1_355' title='bbox 1325 828 1463 858; x_wconf 85' lang='lat' dir='ltr'>defensori</span> <span class='ocrx_word' id='word_1_356' title='bbox 1474 831 1562 868; x_wconf 78' lang='lat' dir='ltr'>aliqua</span> <span class='ocrx_word' id='word_1_357' title='bbox 1573 830 1680 865; x_wconf 82' lang='lat' dir='ltr'>injunxi</span> <span class='ocrx_word' id='word_1_358' title='bbox 1692 852 1699 863; x_wconf 95' lang='lat'><em>,</em></span> <span class='ocrx_word' id='word_1_359' title='bbox 1717 841 1777 869; x_wconf 69' lang='lat' dir='ltr'>quae</span> 
     </span>
     <span class='ocr_line' id='line_1_45' title="bbox 985 868 1779 900; baseline 0.003 -2"><span class='ocrx_word' id='word_1_360' title='bbox 985 868 1124 898; x_wconf 68' lang='lat' dir='ltr'>sanetitati</span> <span class='ocrx_word' id='word_1_361' title='bbox 1135 869 1230 897; x_wconf 66' lang='lat' dir='ltr'>vestrae</span> <span class='ocrx_word' id='word_1_362' title='bbox 1240 869 1335 897; x_wconf 82' lang='lat' dir='ltr'>debeat</span> <span class='ocrx_word' id='word_1_363' title='bbox 1353 869 1477 899; x_wconf 77' lang='lat' dir='ltr'>seriosius</span> <span class='ocrx_word' id='word_1_364' title='bbox 1496 871 1623 899; x_wconf 73' lang='lat' dir='ltr'>intimare</span> <span class='ocrx_word' id='word_1_365' title='bbox 1633 891 1639 898; x_wconf 88' lang='lat'><strong>.</strong></span> <span class='ocrx_word' id='word_1_366' title='bbox 1658 872 1695 900; x_wconf 93' lang='lat' dir='ltr'>D.</span> <span class='ocrx_word' id='word_1_367' title='bbox 1706 874 1779 900; x_wconf 85' lang='lat' dir='ltr'>Gre-</span> 
     </span>
     <span class='ocr_line' id='line_1_46' title="bbox 986 910 1781 949; baseline 0.001 -10"><span class='ocrx_word' id='word_1_368' title='bbox 986 922 1047 949; x_wconf 88' lang='lat' dir='ltr'>gor.</span> <span class='ocrx_word' id='word_1_369' title='bbox 1059 910 1087 938; x_wconf 91' lang='lat' dir='ltr'>in</span> <span class='ocrx_word' id='word_1_370' title='bbox 1097 910 1202 948; x_wconf 77' lang='lat' dir='ltr'>Regist.</span> <span class='ocrx_word' id='word_1_371' title='bbox 1222 910 1270 938; x_wconf 82' lang='lat' dir='ltr'>lib.</span> <span class='ocrx_word' id='word_1_372' title='bbox 1288 920 1342 938; x_wconf 82' lang='lat' dir='ltr'>i.c.</span> <span class='ocrx_word' id='word_1_373' title='bbox 1358 913 1427 942; x_wconf 74' lang='lat'>26.]</span> <span class='ocrx_word' id='word_1_374' title='bbox 1452 913 1510 941; x_wconf 77' lang='lat' dir='ltr'>PR.</span> <span class='ocrx_word' id='word_1_375' title='bbox 1532 911 1629 939; x_wconf 87' lang='lat' dir='ltr'>eodem</span> <span class='ocrx_word' id='word_1_376' title='bbox 1649 913 1781 941; x_wconf 77' lang='lat' dir='ltr'>vocabulo</span> 
     </span>
    </p>
   </div>
   <div class='ocr_carea' id='block_1_15' title="bbox 986 950 1783 1031">
    <p class='ocr_par' dir='ltr' id='par_1_17' title="bbox 986 950 1783 1031">
     <span class='ocr_line' id='line_1_47' title="bbox 986 950 1783 988; baseline -0.001 -7"><span class='ocrx_word' id='word_1_377' title='bbox 986 951 1046 981; x_wconf 83' lang='lat' dir='ltr'>usus</span> <span class='ocrx_word' id='word_1_378' title='bbox 1055 950 1092 979; x_wconf 89' lang='lat' dir='ltr'>est</span> <span class='ocrx_word' id='word_1_379' title='bbox 1103 952 1225 988; x_wconf 75' lang='lat' dir='ltr'>Joannes</span> <span class='ocrx_word' id='word_1_380' title='bbox 1236 951 1328 980; x_wconf 90' lang='lat' dir='ltr'>XXII.</span> <span class='ocrx_word' id='word_1_381' title='bbox 1350 951 1379 979; x_wconf 86' lang='lat' dir='ltr'>in</span> <span class='ocrx_word' id='word_1_382' title='bbox 1387 955 1443 988; x_wconf 86' lang='lat' dir='ltr'>ejus</span> <span class='ocrx_word' id='word_1_383' title='bbox 1462 961 1569 981; x_wconf 75' lang='lat' dir='ltr'>extrav.</span> <span class='ocrx_word' id='word_1_384' title='bbox 1580 952 1615 981; x_wconf 87' lang='lat' dir='ltr'>de</span> <span class='ocrx_word' id='word_1_385' title='bbox 1637 953 1783 981; x_wconf 85' lang='lat' dir='ltr'>verborum</span> 
     </span>
     <span class='ocr_line' id='line_1_48' title="bbox 987 991 1207 1031; baseline 0 -12"><span class='ocrx_word' id='word_1_386' title='bbox 987 991 1078 1031; x_wconf 78' lang='lat' dir='ltr'>signif.</span> <span class='ocrx_word' id='word_1_387' title='bbox 1101 1002 1158 1029; x_wconf 78' lang='lat' dir='ltr'>cap.</span> <span class='ocrx_word' id='word_1_388' title='bbox 1185 1003 1207 1019; x_wconf 89' lang='lat' dir='ltr'>i.</span> 
     </span>
    </p>
   </div>
   <div class='ocr_carea' id='block_1_16' title="bbox 951 1031 1783 1067">
    <p class='ocr_par' dir='ltr' id='par_1_18' title="bbox 951 1031 1783 1067">
     <span class='ocr_line' id='line_1_49' title="bbox 951 1031 1783 1067; baseline -0.001 -5"><span class='ocrx_word' id='word_1_389' title='bbox 951 1034 1075 1062; x_wconf 62' lang='lat' dir='ltr'>Seui‘hns</span> <span class='ocrx_word' id='word_1_390' title='bbox 1099 1032 1219 1061; x_wconf 64' lang='lat' dir='ltr'>AEneus</span> <span class='ocrx_word' id='word_1_391' title='bbox 1231 1032 1333 1067; x_wconf 77' lang='lat' dir='ltr'>Moyfis</span> <span class='ocrx_word' id='word_1_392' title='bbox 1356 1031 1531 1062; x_wconf 82' lang='lat' dir='ltr'>conservatur</span> <span class='ocrx_word' id='word_1_393' title='bbox 1555 1033 1783 1063; x_wconf 82' lang='lat' dir='ltr'>inMediolaneri.</span> 
     </span>
    </p>
   </div>
   <div class='ocr_carea' id='block_1_17' title="bbox 989 1072 1604 1113">
    <p class='ocr_par' dir='ltr' id='par_1_19' title="bbox 989 1072 1604 1113">
     <span class='ocr_line' id='line_1_50' title="bbox 989 1072 1604 1113; baseline 0.002 -11"><span class='ocrx_word' id='word_1_394' title='bbox 989 1072 1207 1110; x_wconf 67' lang='lat' dir='ltr'>Metropolitum</span> <span class='ocrx_word' id='word_1_395' title='bbox 1229 1074 1361 1102; x_wconf 81' lang='lat' dir='ltr'>Ecciefia.</span> <span class='ocrx_word' id='word_1_396' title='bbox 1385 1074 1458 1103; x_wconf 83' lang='lat' dir='ltr'>Vide</span> <span class='ocrx_word' id='word_1_397' title='bbox 1480 1075 1604 1113; x_wconf 65' lang='lat' dir='ltr'>Vespera.</span> 
     </span>
    </p>
   </div>
   <div class='ocr_carea' id='block_1_18' title="bbox 98 1114 1420 1164">
    <p class='ocr_par' dir='ltr' id='par_1_20' title="bbox 98 1114 1420 1164">
     <span class='ocr_line' id='line_1_51' title="bbox 98 1114 1420 1164; baseline -0.011 -9"><span class='ocrx_word' id='word_1_398' title='bbox 98 1127 238 1160; x_wconf 68' lang='lat' dir='ltr'>SEQUiPEs</span> <span class='ocrx_word' id='word_1_399' title='bbox 253 1145 260 1157; x_wconf 87' lang='lat'><em>,</em></span> <span class='ocrx_word' id='word_1_400' title='bbox 271 1124 448 1164; x_wconf 83' lang='lat' dir='ltr'>vestigiorum</span> <span class='ocrx_word' id='word_1_401' title='bbox 460 1124 575 1153; x_wconf 72' lang='lat' dir='ltr'>seftator</span> <span class='ocrx_word' id='word_1_402' title='bbox 588 1146 595 1157; x_wconf 92' lang='lat'>‚</span> <span class='ocrx_word' id='word_1_403' title='bbox 615 1123 779 1153; x_wconf 81' lang='lat' dir='ltr'>&amp;imitator</span> <span class='ocrx_word' id='word_1_404' title='bbox 789 1142 795 1149; x_wconf 96' lang='lat'>.</span> <span class='ocrx_word' id='word_1_405' title='bbox 807 1127 819 1157; x_wconf 87' lang='lat'>[</span> <span class='ocrx_word' id='word_1_406' title='bbox 831 1121 876 1149; x_wconf 92' lang='lat' dir='ltr'>Ut</span> <span class='ocrx_word' id='word_1_407' title='bbox 886 1129 932 1157; x_wconf 89' lang='lat' dir='ltr'>per</span> <span class='ocrx_word' id='word_1_408' title='bbox 954 1117 1164 1145; x_wconf 67' lang='lat' dir='ltr'>SERPEN&#39;i&#39;ARIA</span> <span class='ocrx_word' id='word_1_409' title='bbox 1178 1134 1185 1141; x_wconf 94' lang='lat'>.</span> <span class='ocrx_word' id='word_1_410' title='bbox 1207 1114 1281 1143; x_wconf 89' lang='lat' dir='ltr'>Vidc</span> <span class='ocrx_word' id='word_1_411' title='bbox 1302 1116 1403 1152; x_wconf 72' lang='lat' dir='ltr'>Dipsas</span> <span class='ocrx_word' id='word_1_412' title='bbox 1414 1136 1420 1142; x_wconf 91' lang='lat'>.</span> 
     </span>
    </p>
   </div>
   <div class='ocr_carea' id='block_1_19' title="bbox 139 1159 934 1204">
    <p class='ocr_par' dir='ltr' id='par_1_21' title="bbox 139 1159 934 1204">
     <span class='ocr_line' id='line_1_52' title="bbox 139 1159 934 1204; baseline -0.009 -10"><span class='ocrx_word' id='word_1_413' title='bbox 139 1164 280 1204; x_wconf 70' lang='lat' dir='ltr'>angustam</span> <span class='ocrx_word' id='word_1_414' title='bbox 297 1167 368 1194; x_wconf 78' lang='lat' dir='ltr'>viam</span> <span class='ocrx_word' id='word_1_415' title='bbox 388 1166 547 1195; x_wconf 89' lang='lat' dir='ltr'>eorumdem</span> <span class='ocrx_word' id='word_1_416' title='bbox 566 1166 727 1194; x_wconf 59' lang='lat' dir='ltr'>Sanctorum</span> <span class='ocrx_word' id='word_1_417' title='bbox 747 1163 882 1192; x_wconf 71' lang='lat' dir='ltr'>valcamus</span> <span class='ocrx_word' id='word_1_418' title='bbox 893 1159 934 1188; x_wconf 78' lang='lat' dir='ltr'>se·</span> 
     </span>
    </p>
   </div>
   <div class='ocr_carea' id='block_1_20' title="bbox 141 1241 931 1287">
    <p class='ocr_par' dir='ltr' id='par_1_22' title="bbox 141 1241 931 1287">
     <span class='ocr_line' id='line_1_53' title="bbox 141 1241 931 1287; baseline -0.008 -13"><span class='ocrx_word' id='word_1_419' title='bbox 141 1257 218 1287; x_wconf 84' lang='lat' dir='ltr'>gitur</span> <span class='ocrx_word' id='word_1_420' title='bbox 230 1248 313 1275; x_wconf 74' lang='lat' dir='ltr'>etiam</span> <span class='ocrx_word' id='word_1_421' title='bbox 325 1249 476 1286; x_wconf 77' lang='lat' dir='ltr'>Sequipeda</span> <span class='ocrx_word' id='word_1_422' title='bbox 486 1258 567 1286; x_wconf 83' lang='lat' dir='ltr'>penes</span> <span class='ocrx_word' id='word_1_423' title='bbox 578 1249 697 1276; x_wconf 81' lang='lat' dir='ltr'>Ivonem</span> <span class='ocrx_word' id='word_1_424' title='bbox 708 1241 911 1274; x_wconf 80' lang='lat' dir='ltr'>Carnotensem</span> <span class='ocrx_word' id='word_1_425' title='bbox 924 1264 931 1275; x_wconf 92' lang='lat'><em>‚</em></span> 
     </span>
    </p>
   </div>
   <div class='ocr_carea' id='block_1_21' title="bbox 141 1154 1784 1250">
    <p class='ocr_par' dir='ltr' id='par_1_23' title="bbox 141 1154 1784 1250">
     <span class='ocr_line' id='line_1_54' title="bbox 950 1154 1784 1193; baseline -0.001 -8"><span class='ocrx_word' id='word_1_426' title='bbox 950 1158 1126 1185; x_wconf 66' lang='lat' dir='ltr'>Srurenruni</span> <span class='ocrx_word' id='word_1_427' title='bbox 1137 1154 1210 1193; x_wconf 81' lang='lat' dir='ltr'>signa</span> <span class='ocrx_word' id='word_1_428' title='bbox 1220 1154 1249 1183; x_wconf 88' lang='lat' dir='ltr'>in</span> <span class='ocrx_word' id='word_1_429' title='bbox 1258 1155 1472 1193; x_wconf 82' lang='lat' dir='ltr'>process&#39;ionibus</span> <span class='ocrx_word' id='word_1_430' title='bbox 1482 1177 1488 1184; x_wconf 93' lang='lat'>.</span> <span class='ocrx_word' id='word_1_431' title='bbox 1501 1155 1574 1185; x_wconf 83' lang='lat' dir='ltr'>Vide</span> <span class='ocrx_word' id='word_1_432' title='bbox 1585 1159 1784 1186; x_wconf 73' lang='lat' dir='ltr'>Draconam&#39;us.</span> 
     </span>
     <span class='ocr_line' id='line_1_55' title="bbox 141 1198 983 1250; baseline -0.008 -17"><span class='ocrx_word' id='word_1_433' title='bbox 141 1206 272 1250; x_wconf 83' lang='lat' dir='ltr'>quipedes</span> <span class='ocrx_word' id='word_1_434' title='bbox 282 1205 341 1235; x_wconf 82' lang='lat' dir='ltr'>effe.</span> <span class='ocrx_word' id='word_1_435' title='bbox 352 1208 387 1235; x_wconf 87' lang='lat' dir='ltr'>In</span> <span class='ocrx_word' id='word_1_436' title='bbox 398 1207 455 1236; x_wconf 76' lang='lat' dir='ltr'>vita</span> <span class='ocrx_word' id='word_1_437' title='bbox 466 1208 508 1236; x_wconf 88' lang='lat' dir='ltr'>SS.</span> <span class='ocrx_word' id='word_1_438' title='bbox 519 1206 633 1245; x_wconf 75' lang='lat' dir='ltr'>Jiiliani,</span> <span class='ocrx_word' id='word_1_439' title='bbox 645 1209 672 1234; x_wconf 67' lang='grc' dir='ltr'>δε</span> <span class='ocrx_word' id='word_1_440' title='bbox 683 1204 802 1234; x_wconf 90' lang='lat' dir='ltr'>socior.]</span> <span class='ocrx_word' id='word_1_441' title='bbox 817 1205 873 1231; x_wconf 75' lang='lat' dir='ltr'>PR.</span> <span class='ocrx_word' id='word_1_442' title='bbox 885 1203 933 1229; x_wconf 88' lang='lat' dir='ltr'>Lc-</span> <span class='ocrx_word' id='word_1_443' title='bbox 950 1198 983 1226; x_wconf 64' lang='lat' dir='ltr'>SE</span> 
     </span>
    </p>
   </div>
   <div class='ocr_carea' id='block_1_22' title="bbox 987 1195 1785 1274">
    <p class='ocr_par' dir='ltr' id='par_1_24' title="bbox 987 1195 1785 1274">
     <span class='ocr_line' id='line_1_56' title="bbox 987 1195 1785 1236; baseline -0.001 -11"><span class='ocrx_word' id='word_1_444' title='bbox 987 1206 1022 1225; x_wconf 74' lang='lat' dir='ltr'>uA</span> <span class='ocrx_word' id='word_1_445' title='bbox 1035 1215 1042 1223; x_wconf 92' lang='lat'><strong>.</strong></span> <span class='ocrx_word' id='word_1_446' title='bbox 1064 1197 1121 1224; x_wconf 75' lang='lat' dir='ltr'>FR.</span> <span class='ocrx_word' id='word_1_447' title='bbox 1141 1196 1277 1224; x_wconf 83' lang='lat' dir='ltr'>montium</span> <span class='ocrx_word' id='word_1_448' title='bbox 1300 1195 1396 1231; x_wconf 79' lang='lat' dir='ltr'>dorsa,</span> <span class='ocrx_word' id='word_1_449' title='bbox 1415 1198 1461 1225; x_wconf 88' lang='lat' dir='ltr'>vel</span> <span class='ocrx_word' id='word_1_450' title='bbox 1479 1199 1559 1236; x_wconf 76' lang='lat' dir='ltr'>juga.</span> <span class='ocrx_word' id='word_1_451' title='bbox 1584 1197 1683 1226; x_wconf 79' lang='lat' dir='ltr'>Bussar.</span> <span class='ocrx_word' id='word_1_452' title='bbox 1692 1197 1785 1227; x_wconf 80' lang='lat' dir='ltr'>Calin.</span> 
     </span>
     <span class='ocr_line' id='line_1_57' title="bbox 994 1236 1363 1274; baseline -0.003 -9"><span class='ocrx_word' id='word_1_453' title='bbox 994 1246 1063 1265; x_wconf 84' lang='lat' dir='ltr'>tom.</span> <span class='ocrx_word' id='word_1_454' title='bbox 1077 1247 1103 1264; x_wconf 87' lang='lat'>2.</span> <span class='ocrx_word' id='word_1_455' title='bbox 1116 1236 1227 1264; x_wconf 88' lang='lat' dir='ltr'>constit.</span> <span class='ocrx_word' id='word_1_456' title='bbox 1238 1247 1251 1274; x_wconf 83' lang='lat'><em>3</em></span> <span class='ocrx_word' id='word_1_457' title='bbox 1261 1242 1284 1265; x_wconf 88' lang='lat'>8.</span> <span class='ocrx_word' id='word_1_458' title='bbox 1297 1247 1322 1264; x_wconf 86' lang='lat' dir='ltr'>n.</span> <span class='ocrx_word' id='word_1_459' title='bbox 1336 1244 1363 1265; x_wconf 84' lang='lat'>6.</span> 
     </span>
    </p>
   </div>
   <div class='ocr_carea' id='block_1_23' title="bbox 142 1278 1784 1327">
    <p class='ocr_par' dir='ltr' id='par_1_25' title="bbox 142 1278 1784 1327">
     <span class='ocr_line' id='line_1_58' title="bbox 142 1278 1784 1327; baseline -0.006 -10"><span class='ocrx_word' id='word_1_460' title='bbox 142 1299 173 1317; x_wconf 92' lang='lat' dir='ltr'>in</span> <span class='ocrx_word' id='word_1_461' title='bbox 185 1287 261 1325; x_wconf 87' lang='lat' dir='ltr'>epist.</span> <span class='ocrx_word' id='word_1_462' title='bbox 274 1295 321 1323; x_wconf 84' lang='lat'>65.</span> <span class='ocrx_word' id='word_1_463' title='bbox 332 1289 375 1316; x_wconf 82' lang='lat' dir='ltr'>ubi</span> <span class='ocrx_word' id='word_1_464' title='bbox 385 1299 467 1327; x_wconf 78' lang='lat' dir='ltr'>agens</span> <span class='ocrx_word' id='word_1_465' title='bbox 478 1289 511 1317; x_wconf 88' lang='lat' dir='ltr'>de</span> <span class='ocrx_word' id='word_1_466' title='bbox 521 1291 676 1323; x_wconf 79' lang='lat' dir='ltr'>juramento</span> <span class='ocrx_word' id='word_1_467' title='bbox 690 1287 759 1314; x_wconf 90' lang='lat' dir='ltr'>novi</span> <span class='ocrx_word' id='word_1_468' title='bbox 770 1283 913 1314; x_wconf 80' lang='lat' dir='ltr'>Pontificis</span> <span class='ocrx_word' id='word_1_469' title='bbox 927 1304 934 1315; x_wconf 82' lang='lat'><em>‚</em></span> <span class='ocrx_word' id='word_1_470' title='bbox 950 1279 1108 1306; x_wconf 47' lang='lat' dir='ltr'>Servis-rm&lt;</span> <span class='ocrx_word' id='word_1_471' title='bbox 1120 1298 1128 1309; x_wconf 84' lang='lat'><em>,</em></span> <span class='ocrx_word' id='word_1_472' title='bbox 1140 1278 1195 1305; x_wconf 86' lang='lat' dir='ltr'>FR.</span> <span class='ocrx_word' id='word_1_473' title='bbox 1207 1278 1307 1305; x_wconf 87' lang='lat' dir='ltr'>Locum</span> <span class='ocrx_word' id='word_1_474' title='bbox 1319 1286 1415 1306; x_wconf 83' lang='lat' dir='ltr'>tenens</span> <span class='ocrx_word' id='word_1_475' title='bbox 1424 1299 1431 1310; x_wconf 91' lang='lat'><em>,</em></span> <span class='ocrx_word' id='word_1_476' title='bbox 1448 1278 1571 1307; x_wconf 87' lang='lat' dir='ltr'>Vicarius</span> <span class='ocrx_word' id='word_1_477' title='bbox 1584 1304 1589 1313; x_wconf 78' lang='grc'><strong>,</strong></span> <span class='ocrx_word' id='word_1_478' title='bbox 1601 1279 1765 1307; x_wconf 85' lang='lat' dir='ltr'>Substitutus</span> <span class='ocrx_word' id='word_1_479' title='bbox 1776 1300 1784 1310; x_wconf 84' lang='lat'><em>,</em></span> 
     </span>
    </p>
   </div>
   <div class='ocr_carea' id='block_1_24' title="bbox 103 1323 939 1734">
    <p class='ocr_par' dir='ltr' id='par_1_26' title="bbox 103 1323 939 1734">
     <span class='ocr_line' id='line_1_59' title="bbox 143 1323 936 1364; baseline -0.01 -6"><span class='ocrx_word' id='word_1_480' title='bbox 143 1330 217 1358; x_wconf 84' lang='lat' dir='ltr'>inter</span> <span class='ocrx_word' id='word_1_481' title='bbox 225 1328 275 1356; x_wconf 82' lang='lat' dir='ltr'>alia</span> <span class='ocrx_word' id='word_1_482' title='bbox 286 1328 345 1356; x_wconf 73' lang='lat' dir='ltr'>haec</span> <span class='ocrx_word' id='word_1_483' title='bbox 364 1328 460 1357; x_wconf 80' lang='lat' dir='ltr'>habet:</span> <span class='ocrx_word' id='word_1_484' title='bbox 483 1335 495 1364; x_wconf 93' lang='lat'>[</span> <span class='ocrx_word' id='word_1_485' title='bbox 508 1329 561 1358; x_wconf 89' lang='lat' dir='ltr'>Sed</span> <span class='ocrx_word' id='word_1_486' title='bbox 572 1328 709 1356; x_wconf 85' lang='lat' dir='ltr'>ferventer</span> <span class='ocrx_word' id='word_1_487' title='bbox 720 1348 728 1359; x_wconf 92' lang='lat'><strong><em>,</em></strong></span> <span class='ocrx_word' id='word_1_488' title='bbox 748 1335 777 1354; x_wconf 90' lang='lat' dir='ltr'>ut</span> <span class='ocrx_word' id='word_1_489' title='bbox 790 1333 884 1353; x_wconf 90' lang='lat' dir='ltr'>eorum</span> <span class='ocrx_word' id='word_1_490' title='bbox 895 1323 936 1351; x_wconf 76' lang='lat' dir='ltr'>di-</span> 
     </span>
     <span class='ocr_line' id='line_1_60' title="bbox 143 1364 935 1408; baseline -0.011 -9"><span class='ocrx_word' id='word_1_491' title='bbox 143 1369 280 1407; x_wconf 74' lang='lat' dir='ltr'>scipuluS,</span> <span class='ocrx_word' id='word_1_492' title='bbox 302 1373 329 1398; x_wconf 74' lang='grc' dir='ltr'>δ(</span> <span class='ocrx_word' id='word_1_493' title='bbox 340 1368 486 1408; x_wconf 78' lang='lat' dir='ltr'>sequipeda</span> <span class='ocrx_word' id='word_1_494' title='bbox 504 1370 570 1398; x_wconf 85' lang='lat' dir='ltr'>totis</span> <span class='ocrx_word' id='word_1_495' title='bbox 580 1368 679 1397; x_wconf 80' lang='lat' dir='ltr'>mentis</span> <span class='ocrx_word' id='word_1_496' title='bbox 695 1377 760 1395; x_wconf 84' lang='lat' dir='ltr'>meae</span> <span class='ocrx_word' id='word_1_497' title='bbox 771 1364 912 1393; x_wconf 82' lang='lat' dir='ltr'>conatibus</span> <span class='ocrx_word' id='word_1_498' title='bbox 928 1385 935 1395; x_wconf 90' lang='lat'><em>,</em></span> 
     </span>
     <span class='ocr_line' id='line_1_61' title="bbox 143 1407 936 1450; baseline -0.009 -12"><span class='ocrx_word' id='word_1_499' title='bbox 143 1420 204 1449; x_wconf 70' lang='lat' dir='ltr'>qnae</span> <span class='ocrx_word' id='word_1_500' title='bbox 217 1409 316 1438; x_wconf 78' lang='lat' dir='ltr'>tradita</span> <span class='ocrx_word' id='word_1_501' title='bbox 327 1420 457 1439; x_wconf 86' lang='lat' dir='ltr'>canonice</span> <span class='ocrx_word' id='word_1_502' title='bbox 466 1410 609 1450; x_wconf 70' lang='lat' dir='ltr'>comperio</span> <span class='ocrx_word' id='word_1_503' title='bbox 618 1431 627 1442; x_wconf 90' lang='lat'><em>,</em></span> <span class='ocrx_word' id='word_1_504' title='bbox 645 1407 785 1436; x_wconf 81' lang='lat' dir='ltr'>observare</span> <span class='ocrx_word' id='word_1_505' title='bbox 796 1428 803 1439; x_wconf 91' lang='lat'><em>,</em></span> <span class='ocrx_word' id='word_1_506' title='bbox 814 1410 840 1434; x_wconf 73' lang='grc' dir='ltr'>δε</span> <span class='ocrx_word' id='word_1_507' title='bbox 853 1414 936 1433; x_wconf 84' lang='lat' dir='ltr'>vene-</span> 
     </span>
     <span class='ocr_line' id='line_1_62' title="bbox 144 1447 936 1491; baseline -0.009 -12"><span class='ocrx_word' id='word_1_508' title='bbox 144 1450 340 1489; x_wconf 84' lang='lat' dir='ltr'>rariprofiteor</span> <span class='ocrx_word' id='word_1_509' title='bbox 350 1453 379 1482; x_wconf 92' lang='lat'>.]</span> <span class='ocrx_word' id='word_1_510' title='bbox 401 1452 519 1491; x_wconf 82' lang='lat' dir='ltr'>Reliqua</span> <span class='ocrx_word' id='word_1_511' title='bbox 538 1451 618 1486; x_wconf 82' lang='lat' dir='ltr'>hujus</span> <span class='ocrx_word' id='word_1_512' title='bbox 630 1448 752 1477; x_wconf 88' lang='lat' dir='ltr'>nominis</span> <span class='ocrx_word' id='word_1_513' title='bbox 763 1447 919 1483; x_wconf 76' lang='lat' dir='ltr'>synonyma</span> <span class='ocrx_word' id='word_1_514' title='bbox 929 1465 936 1472; x_wconf 90' lang='lat'><strong>.</strong></span> 
     </span>
     <span class='ocr_line' id='line_1_63' title="bbox 144 1492 894 1531; baseline -0.001 -11"><span class='ocrx_word' id='word_1_515' title='bbox 144 1492 219 1520; x_wconf 85' lang='lat' dir='ltr'>Vide</span> <span class='ocrx_word' id='word_1_516' title='bbox 241 1492 433 1530; x_wconf 76' lang='lat' dir='ltr'>Pedcffequus.</span> <span class='ocrx_word' id='word_1_517' title='bbox 455 1498 582 1531; x_wconf 70' lang='lat' dir='ltr'>Sequax,</span> <span class='ocrx_word' id='word_1_518' title='bbox 890 1526 894 1531; x_wconf 93' lang='lat'>.</span> 
     </span>
     <span class='ocr_line' id='line_1_64' title="bbox 103 1527 938 1570; baseline -0.01 -9"><span class='ocrx_word' id='word_1_519' title='bbox 103 1533 263 1567; x_wconf 66' lang='lat' dir='ltr'>Stouurox</span> <span class='ocrx_word' id='word_1_520' title='bbox 276 1553 283 1565; x_wconf 95' lang='lat'><em>‚</em></span> <span class='ocrx_word' id='word_1_521' title='bbox 295 1532 451 1570; x_wconf 81' lang='lat' dir='ltr'>persecutor</span> <span class='ocrx_word' id='word_1_522' title='bbox 461 1553 467 1560; x_wconf 86' lang='lat'><strong>.</strong></span> <span class='ocrx_word' id='word_1_523' title='bbox 482 1539 493 1567; x_wconf 92' lang='lat'>[</span> <span class='ocrx_word' id='word_1_524' title='bbox 507 1532 600 1562; x_wconf 82' lang='lat' dir='ltr'>Altius</span> <span class='ocrx_word' id='word_1_525' title='bbox 610 1530 737 1569; x_wconf 86' lang='lat' dir='ltr'>impresso</span> <span class='ocrx_word' id='word_1_526' title='bbox 748 1529 813 1558; x_wconf 88' lang='lat' dir='ltr'>dum</span> <span class='ocrx_word' id='word_1_527' title='bbox 824 1527 938 1566; x_wconf 76' lang='lat' dir='ltr'>palpitas</span> 
     </span>
     <span class='ocr_line' id='line_1_65' title="bbox 146 1570 923 1611; baseline -0.008 -9"><span class='ocrx_word' id='word_1_528' title='bbox 146 1573 209 1602; x_wconf 86' lang='lat' dir='ltr'>ense</span> <span class='ocrx_word' id='word_1_529' title='bbox 220 1572 348 1611; x_wconf 87' lang='lat' dir='ltr'>sequutor</span> <span class='ocrx_word' id='word_1_530' title='bbox 359 1593 366 1599; x_wconf 86' lang='lat'><em>-</em></span> <span class='ocrx_word' id='word_1_531' title='bbox 387 1573 551 1602; x_wconf 86' lang='lat' dir='ltr'>Prudentius</span> <span class='ocrx_word' id='word_1_532' title='bbox 563 1593 570 1600; x_wconf 93' lang='lat'><strong><em>.</em></strong></span> <span class='ocrx_word' id='word_1_533' title='bbox 589 1572 663 1601; x_wconf 88' lang='lat' dir='ltr'>Vide</span> <span class='ocrx_word' id='word_1_534' title='bbox 671 1570 828 1608; x_wconf 80' lang='lat' dir='ltr'>Subcistvus</span> <span class='ocrx_word' id='word_1_535' title='bbox 840 1589 847 1596; x_wconf 92' lang='lat'>.</span> <span class='ocrx_word' id='word_1_536' title='bbox 920 1606 923 1610; x_wconf 16' lang='grc' dir='ltr'><strong>ἡ</strong></span> 
     </span>
     <span class='ocr_line' id='line_1_66' title="bbox 104 1613 938 1646; baseline -0.01 -3"><span class='ocrx_word' id='word_1_537' title='bbox 104 1615 343 1644; x_wconf 74' lang='lat' dir='ltr'>SEKANTHASMUS</span> <span class='ocrx_word' id='word_1_538' title='bbox 356 1635 362 1646; x_wconf 93' lang='lat'><em>,</em></span> <span class='ocrx_word' id='word_1_539' title='bbox 372 1613 487 1642; x_wconf 88' lang='lat' dir='ltr'>sericum</span> <span class='ocrx_word' id='word_1_540' title='bbox 498 1614 607 1642; x_wconf 89' lang='lat' dir='ltr'>floribus</span> <span class='ocrx_word' id='word_1_541' title='bbox 617 1621 780 1641; x_wconf 86' lang='lat' dir='ltr'>contextum</span> <span class='ocrx_word' id='word_1_542' title='bbox 792 1632 799 1642; x_wconf 87' lang='lat'><em>,</em></span> <span class='ocrx_word' id='word_1_543' title='bbox 812 1619 867 1638; x_wconf 82' lang='lat' dir='ltr'>vox</span> <span class='ocrx_word' id='word_1_544' title='bbox 879 1617 938 1646; x_wconf 88' lang='lat' dir='ltr'>qui-</span> 
     </span>
     <span class='ocr_line' id='line_1_67' title="bbox 145 1649 938 1694; baseline -0.014 -8"><span class='ocrx_word' id='word_1_545' title='bbox 145 1656 209 1684; x_wconf 78' lang='lat' dir='ltr'>dem</span> <span class='ocrx_word' id='word_1_546' title='bbox 220 1664 307 1694; x_wconf 69' lang='lat' dir='ltr'>graeca</span> <span class='ocrx_word' id='word_1_547' title='bbox 316 1653 502 1693; x_wconf 69' lang='grc' dir='ltr'>σννρανθασμᾶς</span> <span class='ocrx_word' id='word_1_548' title='bbox 514 1675 524 1691; x_wconf 82' lang='grc'>,</span> <span class='ocrx_word' id='word_1_549' title='bbox 539 1666 553 1683; x_wconf 79' lang='lat' dir='ltr'>a</span> <span class='ocrx_word' id='word_1_550' title='bbox 563 1655 647 1683; x_wconf 86' lang='lat' dir='ltr'>verbo</span> <span class='ocrx_word' id='word_1_551' title='bbox 657 1649 753 1691; x_wconf 64' lang='grc' dir='ltr'><em>ουίθίζω</em></span> <span class='ocrx_word' id='word_1_552' title='bbox 763 1673 770 1684; x_wconf 84' lang='grc'><strong><em>,</em></strong></span> <span class='ocrx_word' id='word_1_553' title='bbox 780 1649 854 1689; x_wconf 86' lang='lat' dir='ltr'>quod</span> <span class='ocrx_word' id='word_1_554' title='bbox 863 1650 938 1677; x_wconf 89' lang='lat' dir='ltr'>flori-</span> 
     </span>
     <span class='ocr_line' id='line_1_68' title="bbox 146 1689 939 1734; baseline -0.011 -9"><span class='ocrx_word' id='word_1_555' title='bbox 146 1699 191 1726; x_wconf 86' lang='lat' dir='ltr'>bus</span> <span class='ocrx_word' id='word_1_556' title='bbox 200 1706 298 1724; x_wconf 82' lang='lat' dir='ltr'>omare</span> <span class='ocrx_word' id='word_1_557' title='bbox 309 1695 443 1734; x_wconf 81' lang='lat' dir='ltr'>fignificat</span> <span class='ocrx_word' id='word_1_558' title='bbox 455 1716 461 1723; x_wconf 92' lang='lat'><em>.</em></span> <span class='ocrx_word' id='word_1_559' title='bbox 485 1696 563 1731; x_wconf 88' lang='lat' dir='ltr'>[Hic</span> <span class='ocrx_word' id='word_1_560' title='bbox 576 1692 758 1723; x_wconf 72' lang='lat' dir='ltr'>Sanffiffimus</span> <span class='ocrx_word' id='word_1_561' title='bbox 767 1689 869 1721; x_wconf 82' lang='lat' dir='ltr'>Praesul</span> <span class='ocrx_word' id='word_1_562' title='bbox 888 1692 939 1717; x_wconf 88' lang='lat' dir='ltr'>Eu-</span> 
     </span>
    </p>
   </div>
   <div class='ocr_carea' id='block_1_25' title="bbox 144 1725 987 1777">
    <p class='ocr_par' dir='ltr' id='par_1_27' title="bbox 144 1725 987 1777">
     <span class='ocr_line' id='line_1_69' title="bbox 144 1725 987 1777; baseline -0.013 -11"><span class='ocrx_word' id='word_1_563' title='bbox 144 1737 243 1777; x_wconf 84' lang='lat' dir='ltr'>genius</span> <span class='ocrx_word' id='word_1_564' title='bbox 253 1738 310 1765; x_wconf 89' lang='lat'>111.</span> <span class='ocrx_word' id='word_1_565' title='bbox 330 1737 442 1774; x_wconf 79' lang='lat' dir='ltr'>quando</span> <span class='ocrx_word' id='word_1_566' title='bbox 458 1736 605 1765; x_wconf 83' lang='lat' dir='ltr'>celebravit</span> <span class='ocrx_word' id='word_1_567' title='bbox 625 1734 740 1773; x_wconf 79' lang='lat' dir='ltr'>primam</span> <span class='ocrx_word' id='word_1_568' title='bbox 750 1731 857 1761; x_wconf 74' lang='lat' dir='ltr'>Miss&#39;am</span> <span class='ocrx_word' id='word_1_569' title='bbox 869 1730 899 1757; x_wconf 89' lang='lat' dir='ltr'>in</span> <span class='ocrx_word' id='word_1_570' title='bbox 909 1731 938 1757; x_wconf 86' lang='lat' dir='ltr'>B.</span> <span class='ocrx_word' id='word_1_571' title='bbox 953 1725 987 1753; x_wconf 74' lang='lat' dir='ltr'>SE</span> 
     </span>
    </p>
   </div>
   <div class='ocr_carea' id='block_1_26' title="bbox 109 1772 948 2420">
    <p class='ocr_par' dir='ltr' id='par_1_28' title="bbox 146 1772 939 1897">
     <span class='ocr_line' id='line_1_70' title="bbox 146 1772 939 1815; baseline -0.013 -8"><span class='ocrx_word' id='word_1_572' title='bbox 146 1778 224 1809; x_wconf 84' lang='lat' dir='ltr'>Petri</span> <span class='ocrx_word' id='word_1_573' title='bbox 235 1777 353 1807; x_wconf 76' lang='lat' dir='ltr'>Ecclesia</span> <span class='ocrx_word' id='word_1_574' title='bbox 364 1799 372 1809; x_wconf 90' lang='lat'><em>,</em></span> <span class='ocrx_word' id='word_1_575' title='bbox 392 1778 495 1805; x_wconf 85' lang='lat' dir='ltr'>obtulit</span> <span class='ocrx_word' id='word_1_576' title='bbox 505 1777 587 1815; x_wconf 81' lang='lat' dir='ltr'>super</span> <span class='ocrx_word' id='word_1_577' title='bbox 599 1775 756 1805; x_wconf 76' lang='lat' dir='ltr'>venerabile</span> <span class='ocrx_word' id='word_1_578' title='bbox 769 1773 864 1802; x_wconf 82' lang='lat' dir='ltr'>Altare</span> <span class='ocrx_word' id='word_1_579' title='bbox 882 1772 939 1805; x_wconf 80' lang='lat' dir='ltr'>ejus</span> 
     </span>
     <span class='ocr_line' id='line_1_71' title="bbox 148 1815 939 1858; baseline -0.011 -11"><span class='ocrx_word' id='word_1_580' title='bbox 148 1819 287 1858; x_wconf 88' lang='lat' dir='ltr'>optimum</span> <span class='ocrx_word' id='word_1_581' title='bbox 297 1817 513 1846; x_wconf 78' lang='lat' dir='ltr'>seranthasmum</span> <span class='ocrx_word' id='word_1_582' title='bbox 524 1819 557 1846; x_wconf 84' lang='lat' dir='ltr'>ad</span> <span class='ocrx_word' id='word_1_583' title='bbox 569 1816 672 1846; x_wconf 71' lang='lat' dir='ltr'>Altaris</span> <span class='ocrx_word' id='word_1_584' title='bbox 682 1824 809 1843; x_wconf 84' lang='lat' dir='ltr'>ornatum</span> <span class='ocrx_word' id='word_1_585' title='bbox 820 1833 826 1840; x_wconf 87' lang='lat'><em>.</em></span> <span class='ocrx_word' id='word_1_586' title='bbox 837 1815 939 1841; x_wconf 61' lang='lat' dir='ltr'>Roma&gt;</span> 
     </span>
     <span class='ocr_line' id='line_1_72' title="bbox 148 1857 841 1897; baseline -0.01 -9"><span class='ocrx_word' id='word_1_587' title='bbox 148 1871 196 1889; x_wconf 85' lang='lat' dir='ltr'>nus</span> <span class='ocrx_word' id='word_1_588' title='bbox 208 1859 365 1889; x_wconf 79' lang='lat' dir='ltr'>canonicus</span> <span class='ocrx_word' id='word_1_589' title='bbox 376 1859 405 1886; x_wconf 89' lang='lat' dir='ltr'>iri</span> <span class='ocrx_word' id='word_1_590' title='bbox 413 1858 543 1897; x_wconf 84' lang='lat' dir='ltr'>descript.</span> <span class='ocrx_word' id='word_1_591' title='bbox 557 1858 635 1887; x_wconf 77' lang='lat' dir='ltr'>Bafil.</span> <span class='ocrx_word' id='word_1_592' title='bbox 646 1857 736 1885; x_wconf 80' lang='lat' dir='ltr'>Vatic.</span> <span class='ocrx_word' id='word_1_593' title='bbox 747 1864 804 1892; x_wconf 75' lang='lat' dir='ltr'>cap.</span> <span class='ocrx_word' id='word_1_594' title='bbox 817 1858 841 1882; x_wconf 81' lang='lat'>8.</span> 
     </span>
    </p>

    <p class='ocr_par' dir='ltr' id='par_1_29' title="bbox 109 1896 948 2420">
     <span class='ocr_line' id='line_1_73' title="bbox 109 1896 942 1937; baseline -0.016 -5"><span class='ocrx_word' id='word_1_595' title='bbox 109 1904 280 1932; x_wconf 61' lang='lat' dir='ltr'>Semnum:</span> <span class='ocrx_word' id='word_1_596' title='bbox 303 1909 405 1928; x_wconf 85' lang='lat' dir='ltr'>nomen</span> <span class='ocrx_word' id='word_1_597' title='bbox 424 1900 530 1928; x_wconf 82' lang='lat' dir='ltr'>ordinis</span> <span class='ocrx_word' id='word_1_598' title='bbox 548 1902 691 1937; x_wconf 71' lang='lat' dir='ltr'>Beatorum</span> <span class='ocrx_word' id='word_1_599' title='bbox 713 1896 865 1934; x_wconf 88' lang='lat' dir='ltr'>Spirituum</span> <span class='ocrx_word' id='word_1_600' title='bbox 879 1914 886 1925; x_wconf 84' lang='lat'><em>,</em></span> <span class='ocrx_word' id='word_1_601' title='bbox 909 1903 942 1920; x_wconf 90' lang='lat' dir='ltr'>ex</span> 
     </span>
     <span class='ocr_line' id='line_1_74' title="bbox 148 1937 942 1979; baseline -0.013 -9"><span class='ocrx_word' id='word_1_602' title='bbox 148 1942 273 1971; x_wconf 82' lang='lat' dir='ltr'>hebraica</span> <span class='ocrx_word' id='word_1_603' title='bbox 282 1951 350 1969; x_wconf 88' lang='lat' dir='ltr'>voce</span> <span class='ocrx_word' id='word_1_604' title='bbox 358 1942 459 1978; x_wconf 72' lang='lat' dir='ltr'>seraph</span> <span class='ocrx_word' id='word_1_605' title='bbox 468 1962 476 1973; x_wconf 93' lang='lat'><em>‚</em></span> <span class='ocrx_word' id='word_1_606' title='bbox 488 1951 547 1979; x_wconf 75' lang='lat' dir='ltr'>quae</span> <span class='ocrx_word' id='word_1_607' title='bbox 559 1949 684 1978; x_wconf 79' lang='lat' dir='ltr'>prunam,</span> <span class='ocrx_word' id='word_1_608' title='bbox 697 1942 725 1966; x_wconf 75' lang='grc' dir='ltr'>δε</span> <span class='ocrx_word' id='word_1_609' title='bbox 734 1937 876 1965; x_wconf 83' lang='lat' dir='ltr'>ardentem</span> <span class='ocrx_word' id='word_1_610' title='bbox 886 1944 942 1961; x_wconf 79' lang='lat' dir='ltr'>cai·-</span> 
     </span>
     <span class='ocr_line' id='line_1_75' title="bbox 146 1979 944 2020; baseline -0.014 -8"><span class='ocrx_word' id='word_1_611' title='bbox 146 1985 248 2012; x_wconf 84' lang='lat' dir='ltr'>bonein</span> <span class='ocrx_word' id='word_1_612' title='bbox 258 1981 402 2020; x_wconf 76' lang='lat' dir='ltr'>fignificat5</span> <span class='ocrx_word' id='word_1_613' title='bbox 415 1982 504 2019; x_wconf 87' lang='lat' dir='ltr'>itaque</span> <span class='ocrx_word' id='word_1_614' title='bbox 514 1980 655 2019; x_wconf 74' lang='lat' dir='ltr'>Seraphim</span> <span class='ocrx_word' id='word_1_615' title='bbox 664 1979 818 2007; x_wconf 79' lang='lat' dir='ltr'>ardentem,</span> <span class='ocrx_word' id='word_1_616' title='bbox 831 1979 858 2004; x_wconf 73' lang='grc' dir='ltr'>ὅ(</span> <span class='ocrx_word' id='word_1_617' title='bbox 871 1984 944 2002; x_wconf 85' lang='lat' dir='ltr'>amo-</span> 
     </span>
     <span class='ocr_line' id='line_1_76' title="bbox 150 2017 945 2061; baseline -0.013 -9"><span class='ocrx_word' id='word_1_618' title='bbox 150 2035 177 2052; x_wconf 83' lang='lat' dir='ltr'>re</span> <span class='ocrx_word' id='word_1_619' title='bbox 187 2023 287 2052; x_wconf 87' lang='lat' dir='ltr'>divino</span> <span class='ocrx_word' id='word_1_620' title='bbox 308 2023 429 2061; x_wconf 85' lang='lat' dir='ltr'>ignitum</span> <span class='ocrx_word' id='word_1_621' title='bbox 451 2023 584 2051; x_wconf 79' lang='lat' dir='ltr'>denotat.</span> <span class='ocrx_word' id='word_1_622' title='bbox 610 2021 683 2050; x_wconf 90' lang='lat' dir='ltr'>Vide</span> <span class='ocrx_word' id='word_1_623' title='bbox 701 2018 849 2047; x_wconf 76' lang='lat' dir='ltr'>Cherubim</span> <span class='ocrx_word' id='word_1_624' title='bbox 861 2035 868 2042; x_wconf 84' lang='lat'><strong>·</strong></span> <span class='ocrx_word' id='word_1_625' title='bbox 889 2017 945 2043; x_wconf 69' lang='lat' dir='ltr'>PR.</span> 
     </span>
     <span class='ocr_line' id='line_1_77' title="bbox 150 2056 945 2102; baseline -0.013 -9"><span class='ocrx_word' id='word_1_626' title='bbox 150 2065 248 2093; x_wconf 86' lang='lat' dir='ltr'>codem</span> <span class='ocrx_word' id='word_1_627' title='bbox 258 2064 343 2092; x_wconf 87' lang='lat' dir='ltr'>niodo</span> <span class='ocrx_word' id='word_1_628' title='bbox 353 2085 361 2096; x_wconf 92' lang='lat'>‚</span> <span class='ocrx_word' id='word_1_629' title='bbox 373 2073 427 2102; x_wconf 91' lang='lat' dir='ltr'>quo</span> <span class='ocrx_word' id='word_1_630' title='bbox 438 2064 466 2091; x_wconf 91' lang='lat' dir='ltr'>in</span> <span class='ocrx_word' id='word_1_631' title='bbox 478 2063 543 2091; x_wconf 71' lang='lat' dir='ltr'>dict.</span> <span class='ocrx_word' id='word_1_632' title='bbox 553 2061 705 2090; x_wconf 87' lang='lat' dir='ltr'>Cherubim</span> <span class='ocrx_word' id='word_1_633' title='bbox 715 2059 794 2091; x_wconf 85' lang='lat' dir='ltr'>dixi,</span> <span class='ocrx_word' id='word_1_634' title='bbox 814 2056 888 2100; x_wconf 84' lang='lat' dir='ltr'>quod</span> <span class='ocrx_word' id='word_1_635' title='bbox 900 2059 945 2083; x_wconf 89' lang='lat' dir='ltr'>Et-</span> 
     </span>
     <span class='ocr_line' id='line_1_78' title="bbox 152 2100 945 2142; baseline -0.013 -9"><span class='ocrx_word' id='word_1_636' title='bbox 152 2105 248 2137; x_wconf 88' lang='lat' dir='ltr'>hnici‚</span> <span class='ocrx_word' id='word_1_637' title='bbox 267 2109 293 2133; x_wconf 67' lang='grc' dir='ltr'>ὃ(</span> <span class='ocrx_word' id='word_1_638' title='bbox 312 2106 403 2142; x_wconf 88' lang='lat' dir='ltr'>primo</span> <span class='ocrx_word' id='word_1_639' title='bbox 425 2103 582 2142; x_wconf 83' lang='lat' dir='ltr'>AEgyptii,</span> <span class='ocrx_word' id='word_1_640' title='bbox 601 2103 648 2141; x_wconf 91' lang='lat' dir='ltr'>qui</span> <span class='ocrx_word' id='word_1_641' title='bbox 666 2101 766 2129; x_wconf 83' lang='lat' dir='ltr'>sacram</span> <span class='ocrx_word' id='word_1_642' title='bbox 778 2100 945 2135; x_wconf 85' lang='lat' dir='ltr'>Scripturam</span> 
     </span>
     <span class='ocr_line' id='line_1_79' title="bbox 148 2137 947 2183; baseline -0.013 -9"><span class='ocrx_word' id='word_1_643' title='bbox 148 2146 222 2174; x_wconf 77' lang='lat' dir='ltr'>sorte</span> <span class='ocrx_word' id='word_1_644' title='bbox 240 2155 294 2183; x_wconf 65' lang='lat' dir='ltr'>prse</span> <span class='ocrx_word' id='word_1_645' title='bbox 315 2145 435 2173; x_wconf 78' lang='lat' dir='ltr'>manibus</span> <span class='ocrx_word' id='word_1_646' title='bbox 447 2144 598 2172; x_wconf 77' lang='lat' dir='ltr'>habuerunt</span> <span class='ocrx_word' id='word_1_647' title='bbox 609 2168 616 2177; x_wconf 75' lang='grc'>,</span> <span class='ocrx_word' id='word_1_648' title='bbox 636 2141 748 2180; x_wconf 79' lang='lat' dir='ltr'>Serapin</span> <span class='ocrx_word' id='word_1_649' title='bbox 757 2141 847 2183; x_wconf 75' lang='lat' dir='ltr'>Deum</span> <span class='ocrx_word' id='word_1_650' title='bbox 856 2137 947 2181; x_wconf 81' lang='lat' dir='ltr'>colue-</span> 
     </span>
     <span class='ocr_line' id='line_1_80' title="bbox 151 2179 947 2221; baseline -0.013 -7"><span class='ocrx_word' id='word_1_651' title='bbox 151 2197 179 2215; x_wconf 90' lang='lat' dir='ltr'>re</span> <span class='ocrx_word' id='word_1_652' title='bbox 192 2208 199 2219; x_wconf 89' lang='lat'><em>,</em></span> <span class='ocrx_word' id='word_1_653' title='bbox 218 2186 335 2214; x_wconf 57' lang='lat' dir='ltr'>detineto</span> <span class='ocrx_word' id='word_1_654' title='bbox 345 2186 476 2214; x_wconf 73' lang='lat' dir='ltr'>vocabulo</span> <span class='ocrx_word' id='word_1_655' title='bbox 488 2195 521 2212; x_wconf 89' lang='lat' dir='ltr'>ex</span> <span class='ocrx_word' id='word_1_656' title='bbox 536 2183 695 2221; x_wconf 73' lang='lat' dir='ltr'>Seraphim5</span> <span class='ocrx_word' id='word_1_657' title='bbox 716 2185 744 2209; x_wconf 74' lang='grc' dir='ltr'>ὅ(</span> <span class='ocrx_word' id='word_1_658' title='bbox 755 2189 817 2218; x_wconf 82' lang='lat' dir='ltr'>quia</span> <span class='ocrx_word' id='word_1_659' title='bbox 831 2179 947 2216; x_wconf 86' lang='lat' dir='ltr'>Angeli-</span> 
     </span>
     <span class='ocr_line' id='line_1_81' title="bbox 151 2219 948 2263; baseline -0.013 -8"><span class='ocrx_word' id='word_1_660' title='bbox 151 2238 196 2256; x_wconf 85' lang='lat' dir='ltr'>cus</span> <span class='ocrx_word' id='word_1_661' title='bbox 206 2225 361 2263; x_wconf 83' lang='lat' dir='ltr'>hujusmodi</span> <span class='ocrx_word' id='word_1_662' title='bbox 374 2227 488 2263; x_wconf 81' lang='lat' dir='ltr'>Spiritus</span> <span class='ocrx_word' id='word_1_663' title='bbox 498 2226 528 2253; x_wconf 79' lang='lat' dir='ltr'>ab</span> <span class='ocrx_word' id='word_1_664' title='bbox 540 2223 686 2253; x_wconf 88' lang='lat' dir='ltr'>Ezechiele</span> <span class='ocrx_word' id='word_1_665' title='bbox 697 2244 704 2255; x_wconf 88' lang='lat'><em>,</em></span> <span class='ocrx_word' id='word_1_666' title='bbox 717 2233 739 2250; x_wconf 85' lang='lat' dir='ltr'>c.</span> <span class='ocrx_word' id='word_1_667' title='bbox 755 2232 777 2249; x_wconf 90' lang='lat' dir='ltr'>i.</span> <span class='ocrx_word' id='word_1_668' title='bbox 789 2219 948 2262; x_wconf 81' lang='lat' dir='ltr'>describitur</span> 
     </span>
     <span class='ocr_line' id='line_1_82' title="bbox 153 2260 947 2307; baseline -0.014 -11"><span class='ocrx_word' id='word_1_669' title='bbox 153 2267 294 2307; x_wconf 80' lang='lat' dir='ltr'>quaternis</span> <span class='ocrx_word' id='word_1_670' title='bbox 307 2266 419 2294; x_wconf 81' lang='lat' dir='ltr'>faciebus</span> <span class='ocrx_word' id='word_1_671' title='bbox 430 2288 437 2298; x_wconf 84' lang='lat'><em>,</em></span> <span class='ocrx_word' id='word_1_672' title='bbox 459 2266 541 2294; x_wconf 87' lang='lat' dir='ltr'>Bovis</span> <span class='ocrx_word' id='word_1_673' title='bbox 552 2274 651 2302; x_wconf 88' lang='lat' dir='ltr'>nempe</span> <span class='ocrx_word' id='word_1_674' title='bbox 664 2285 671 2297; x_wconf 92' lang='lat'><em>‚</em></span> <span class='ocrx_word' id='word_1_675' title='bbox 685 2262 784 2292; x_wconf 77' lang='lat' dir='ltr'>Leonis</span> <span class='ocrx_word' id='word_1_676' title='bbox 797 2282 804 2293; x_wconf 91' lang='lat'>‚</span> <span class='ocrx_word' id='word_1_677' title='bbox 818 2260 928 2303; x_wconf 72' lang='lat' dir='ltr'>Aquilae</span> <span class='ocrx_word' id='word_1_678' title='bbox 941 2281 947 2291; x_wconf 84' lang='lat'><em>,</em></span> 
     </span>
     <span class='ocr_line' id='line_1_83' title="bbox 153 2300 948 2345; baseline -0.014 -8"><span class='ocrx_word' id='word_1_679' title='bbox 153 2320 182 2337; x_wconf 82' lang='lat' dir='ltr'>ac</span> <span class='ocrx_word' id='word_1_680' title='bbox 195 2307 343 2338; x_wconf 79' lang='lat' dir='ltr'>Hominis5</span> <span class='ocrx_word' id='word_1_681' title='bbox 356 2307 390 2335; x_wconf 87' lang='lat' dir='ltr'>fic</span> <span class='ocrx_word' id='word_1_682' title='bbox 400 2306 530 2345; x_wconf 80' lang='lat' dir='ltr'>AEgyptii</span> <span class='ocrx_word' id='word_1_683' title='bbox 541 2306 654 2343; x_wconf 79' lang='lat' dir='ltr'>Serapin</span> <span class='ocrx_word' id='word_1_684' title='bbox 663 2312 777 2343; x_wconf 81' lang='lat' dir='ltr'>quatuor</span> <span class='ocrx_word' id='word_1_685' title='bbox 789 2300 948 2329; x_wconf 82' lang='lat' dir='ltr'>animalium</span> 
     </span>
     <span class='ocr_line' id='line_1_84' title="bbox 154 2342 947 2388; baseline -0.014 -10"><span class='ocrx_word' id='word_1_686' title='bbox 154 2349 248 2388; x_wconf 84' lang='lat' dir='ltr'>figuris</span> <span class='ocrx_word' id='word_1_687' title='bbox 259 2350 412 2376; x_wconf 80' lang='lat' dir='ltr'>formavere</span> <span class='ocrx_word' id='word_1_688' title='bbox 424 2369 431 2379; x_wconf 90' lang='lat'><em>,</em></span> <span class='ocrx_word' id='word_1_689' title='bbox 444 2346 547 2374; x_wconf 87' lang='lat' dir='ltr'>scilicet</span> <span class='ocrx_word' id='word_1_690' title='bbox 560 2367 566 2378; x_wconf 92' lang='lat'><em>‚</em></span> <span class='ocrx_word' id='word_1_691' title='bbox 578 2349 662 2374; x_wconf 85' lang='lat' dir='ltr'>Bovis</span> <span class='ocrx_word' id='word_1_692' title='bbox 675 2367 682 2377; x_wconf 88' lang='lat'><em>,</em></span> <span class='ocrx_word' id='word_1_693' title='bbox 695 2355 723 2372; x_wconf 77' lang='lat' dir='ltr'>:ic</span> <span class='ocrx_word' id='word_1_694' title='bbox 736 2343 819 2371; x_wconf 85' lang='lat' dir='ltr'>trium</span> <span class='ocrx_word' id='word_1_695' title='bbox 831 2342 947 2369; x_wconf 84' lang='lat' dir='ltr'>aliorum</span> 
     </span>
     <span class='ocr_line' id='line_1_85' title="bbox 153 2382 948 2420; baseline -0.009 -2"><span class='ocrx_word' id='word_1_696' title='bbox 153 2389 331 2419; x_wconf 76' lang='lat' dir='ltr'>animalium.</span> <span class='ocrx_word' id='word_1_697' title='bbox 351 2388 458 2419; x_wconf 76' lang='lat' dir='ltr'>Natalis</span> <span class='ocrx_word' id='word_1_698' title='bbox 476 2387 560 2416; x_wconf 86' lang='lat' dir='ltr'>Com.</span> <span class='ocrx_word' id='word_1_699' title='bbox 583 2387 629 2416; x_wconf 87' lang='lat' dir='ltr'>lib.</span> <span class='ocrx_word' id='word_1_700' title='bbox 644 2392 669 2415; x_wconf 82' lang='lat'>6.</span> <span class='ocrx_word' id='word_1_701' title='bbox 681 2382 807 2420; x_wconf 85' lang='lat' dir='ltr'>Mythol.</span> <span class='ocrx_word' id='word_1_702' title='bbox 818 2392 840 2411; x_wconf 84' lang='lat' dir='ltr'>c.</span> <span class='ocrx_word' id='word_1_703' title='bbox 857 2391 900 2419; x_wconf 85' lang='lat'>¹3·</span> <span class='ocrx_word' id='word_1_704' title='bbox 921 2384 948 2411; x_wconf 73' lang='grc' dir='ltr'>ὃ(</span> 
     </span>
    </p>
   </div>
   <div class='ocr_carea' id='block_1_27' title="bbox 941 1351 953 1965">
    <p class='ocr_par' dir='ltr' id='par_1_30' title="bbox 941 1351 953 1965">
     <span class='ocr_line' id='line_1_86' title="bbox 941 1351 953 1965; baseline 0 0"><span class='ocrx_word' id='word_1_705' title='bbox 941 1351 953 1965; x_wconf 95' lang='lat' dir='ltr'>  </span> 
     </span>
    </p>
   </div>
   <div class='ocr_carea' id='block_1_28' title="bbox 990 1317 1789 1718">
    <p class='ocr_par' dir='ltr' id='par_1_31' title="bbox 990 1317 1789 1718">
     <span class='ocr_line' id='line_1_87' title="bbox 990 1317 1786 1356; baseline -0.001 -9"><span class='ocrx_word' id='word_1_706' title='bbox 990 1317 1158 1355; x_wconf 81' lang='lat' dir='ltr'>Delegatus:</span> <span class='ocrx_word' id='word_1_707' title='bbox 1172 1323 1183 1351; x_wconf 94' lang='lat'>[</span> <span class='ocrx_word' id='word_1_708' title='bbox 1196 1319 1228 1345; x_wconf 86' lang='lat' dir='ltr'>In</span> <span class='ocrx_word' id='word_1_709' title='bbox 1241 1318 1435 1346; x_wconf 74' lang='lat' dir='ltr'>Panormitam</span> <span class='ocrx_word' id='word_1_710' title='bbox 1445 1328 1534 1347; x_wconf 76' lang='lat' dir='ltr'>:tutem</span> <span class='ocrx_word' id='word_1_711' title='bbox 1546 1329 1621 1356; x_wconf 75' lang='lat' dir='ltr'>parte</span> <span class='ocrx_word' id='word_1_712' title='bbox 1632 1319 1686 1347; x_wconf 83' lang='lat' dir='ltr'>loci</span> <span class='ocrx_word' id='word_1_713' title='bbox 1695 1318 1786 1347; x_wconf 84' lang='lat' dir='ltr'>serva-</span> 
     </span>
     <span class='ocr_line' id='line_1_88' title="bbox 991 1357 1786 1397; baseline 0 -11"><span class='ocrx_word' id='word_1_714' title='bbox 991 1367 1082 1386; x_wconf 86' lang='lat' dir='ltr'>torem</span> <span class='ocrx_word' id='word_1_715' title='bbox 1099 1358 1140 1384; x_wconf 87' lang='lat' dir='ltr'>tui</span> <span class='ocrx_word' id='word_1_716' title='bbox 1160 1367 1203 1384; x_wconf 84' lang='lat' dir='ltr'>nie</span> <span class='ocrx_word' id='word_1_717' title='bbox 1214 1357 1315 1385; x_wconf 81' lang='lat' dir='ltr'>sufficit</span> <span class='ocrx_word' id='word_1_718' title='bbox 1325 1357 1434 1396; x_wconf 80' lang='lat' dir='ltr'>elegifle</span> <span class='ocrx_word' id='word_1_719' title='bbox 1444 1380 1450 1386; x_wconf 92' lang='lat'><em>.</em></span> <span class='ocrx_word' id='word_1_720' title='bbox 1470 1360 1494 1387; x_wconf 82' lang='lat' dir='ltr'>S.</span> <span class='ocrx_word' id='word_1_721' title='bbox 1506 1362 1626 1397; x_wconf 84' lang='lat' dir='ltr'>Gregor.</span> <span class='ocrx_word' id='word_1_722' title='bbox 1638 1359 1667 1387; x_wconf 89' lang='lat' dir='ltr'>in</span> <span class='ocrx_word' id='word_1_723' title='bbox 1679 1359 1786 1397; x_wconf 81' lang='lat' dir='ltr'>Regist.</span> 
     </span>
     <span class='ocr_line' id='line_1_89' title="bbox 990 1398 1786 1437; baseline 0.003 -11"><span class='ocrx_word' id='word_1_724' title='bbox 990 1398 1038 1427; x_wconf 86' lang='lat' dir='ltr'>lib.</span> <span class='ocrx_word' id='word_1_725' title='bbox 1053 1409 1095 1426; x_wconf 74' lang='lat' dir='ltr'>iz.</span> <span class='ocrx_word' id='word_1_726' title='bbox 1107 1408 1150 1435; x_wconf 87' lang='lat' dir='ltr'>ep.</span> <span class='ocrx_word' id='word_1_727' title='bbox 1161 1400 1211 1435; x_wconf 81' lang='lat'>3.]</span> <span class='ocrx_word' id='word_1_728' title='bbox 1232 1398 1312 1426; x_wconf 83' lang='lat' dir='ltr'>Idem</span> <span class='ocrx_word' id='word_1_729' title='bbox 1322 1399 1404 1427; x_wconf 76' lang='lat' dir='ltr'>etiam</span> <span class='ocrx_word' id='word_1_730' title='bbox 1416 1398 1527 1428; x_wconf 83' lang='lat' dir='ltr'>habetur</span> <span class='ocrx_word' id='word_1_731' title='bbox 1538 1421 1545 1432; x_wconf 86' lang='lat'><em>‚</em></span> <span class='ocrx_word' id='word_1_732' title='bbox 1568 1409 1597 1427; x_wconf 89' lang='lat' dir='ltr'>in</span> <span class='ocrx_word' id='word_1_733' title='bbox 1617 1401 1634 1428; x_wconf 90' lang='lat' dir='ltr'>l.</span> <span class='ocrx_word' id='word_1_734' title='bbox 1648 1400 1667 1428; x_wconf 85' lang='lat' dir='ltr'>si</span> <span class='ocrx_word' id='word_1_735' title='bbox 1677 1400 1736 1437; x_wconf 85' lang='lat' dir='ltr'>quis</span> <span class='ocrx_word' id='word_1_736' title='bbox 1747 1400 1786 1428; x_wconf 85' lang='lat' dir='ltr'>fu-</span> 
     </span>
     <span class='ocr_line' id='line_1_90' title="bbox 992 1438 1785 1475; baseline 0 -8"><span class='ocrx_word' id='word_1_737' title='bbox 992 1449 1049 1467; x_wconf 87' lang='lat' dir='ltr'>rem</span> <span class='ocrx_word' id='word_1_738' title='bbox 1060 1461 1067 1471; x_wconf 90' lang='lat'><em>,</em></span> <span class='ocrx_word' id='word_1_739' title='bbox 1087 1439 1120 1466; x_wconf 88' lang='lat' dir='ltr'>de</span> <span class='ocrx_word' id='word_1_740' title='bbox 1130 1438 1225 1468; x_wconf 53' lang='lat' dir='ltr'>furtin</span> <span class='ocrx_word' id='word_1_741' title='bbox 1246 1449 1259 1466; x_wconf 81' lang='lat' dir='ltr'>a</span> <span class='ocrx_word' id='word_1_742' title='bbox 1270 1439 1377 1468; x_wconf 76' lang='lat' dir='ltr'>Graecis</span> <span class='ocrx_word' id='word_1_743' title='bbox 1398 1449 1465 1467; x_wconf 89' lang='lat' dir='ltr'>vero</span> <span class='ocrx_word' id='word_1_744' title='bbox 1483 1438 1657 1475; x_wconf 57' lang='grc' dir='ltr'>πποτνιειτῖς</span> <span class='ocrx_word' id='word_1_745' title='bbox 1667 1440 1767 1468; x_wconf 85' lang='lat' dir='ltr'>dicitur</span> <span class='ocrx_word' id='word_1_746' title='bbox 1778 1462 1785 1472; x_wconf 94' lang='lat'><em>,</em></span> 
     </span>
     <span class='ocr_line' id='line_1_91' title="bbox 992 1478 1785 1518; baseline 0 -10"><span class='ocrx_word' id='word_1_747' title='bbox 992 1489 1021 1508; x_wconf 87' lang='lat' dir='ltr'>ut</span> <span class='ocrx_word' id='word_1_748' title='bbox 1032 1478 1175 1508; x_wconf 78' lang='lat' dir='ltr'>Balsamon</span> <span class='ocrx_word' id='word_1_749' title='bbox 1193 1488 1271 1506; x_wconf 77' lang='lat' dir='ltr'>notat</span> <span class='ocrx_word' id='word_1_750' title='bbox 1290 1479 1318 1506; x_wconf 84' lang='lat' dir='ltr'>in</span> <span class='ocrx_word' id='word_1_751' title='bbox 1332 1480 1471 1516; x_wconf 85' lang='lat' dir='ltr'>prooemio</span> <span class='ocrx_word' id='word_1_752' title='bbox 1491 1479 1618 1508; x_wconf 89' lang='lat' dir='ltr'>Concilii</span> <span class='ocrx_word' id='word_1_753' title='bbox 1639 1479 1785 1518; x_wconf 80' lang='lat' dir='ltr'>Carthagi-</span> 
     </span>
     <span class='ocr_line' id='line_1_92' title="bbox 994 1519 1788 1557; baseline 0 -10"><span class='ocrx_word' id='word_1_754' title='bbox 994 1520 1082 1548; x_wconf 76' lang='lat' dir='ltr'>neniis</span> <span class='ocrx_word' id='word_1_755' title='bbox 1093 1541 1101 1552; x_wconf 87' lang='lat'><em>,</em></span> <span class='ocrx_word' id='word_1_756' title='bbox 1111 1522 1184 1554; x_wconf 83' lang='lat' dir='ltr'>cujus</span> <span class='ocrx_word' id='word_1_757' title='bbox 1194 1519 1273 1548; x_wconf 84' lang='lat' dir='ltr'>verba</span> <span class='ocrx_word' id='word_1_758' title='bbox 1284 1520 1367 1547; x_wconf 80' lang='lat' dir='ltr'>latine</span> <span class='ocrx_word' id='word_1_759' title='bbox 1377 1520 1410 1548; x_wconf 82' lang='lat' dir='ltr'>fic</span> <span class='ocrx_word' id='word_1_760' title='bbox 1421 1519 1518 1548; x_wconf 75' lang='lat' dir='ltr'>sonarit</span> <span class='ocrx_word' id='word_1_761' title='bbox 1530 1541 1536 1552; x_wconf 89' lang='lat'><em>‚</em></span> <span class='ocrx_word' id='word_1_762' title='bbox 1552 1521 1659 1555; x_wconf 76' lang='lat' dir='ltr'>[Locos</span> <span class='ocrx_word' id='word_1_763' title='bbox 1670 1519 1788 1557; x_wconf 63' lang='lat' dir='ltr'>implen&lt;</span> 
     </span>
     <span class='ocr_line' id='line_1_93' title="bbox 993 1560 1786 1598; baseline -0.001 -10"><span class='ocrx_word' id='word_1_764' title='bbox 993 1570 1032 1589; x_wconf 88' lang='lat' dir='ltr'>tes</span> <span class='ocrx_word' id='word_1_765' title='bbox 1043 1569 1138 1588; x_wconf 85' lang='lat' dir='ltr'>eorum</span> <span class='ocrx_word' id='word_1_766' title='bbox 1149 1581 1156 1592; x_wconf 93' lang='lat'><em>,</em></span> <span class='ocrx_word' id='word_1_767' title='bbox 1169 1560 1216 1598; x_wconf 88' lang='lat' dir='ltr'>qui</span> <span class='ocrx_word' id='word_1_768' title='bbox 1227 1571 1284 1588; x_wconf 83' lang='lat' dir='ltr'>tion</span> <span class='ocrx_word' id='word_1_769' title='bbox 1293 1569 1420 1598; x_wconf 82' lang='lat' dir='ltr'>poterant</span> <span class='ocrx_word' id='word_1_770' title='bbox 1432 1562 1461 1588; x_wconf 88' lang='lat' dir='ltr'>in</span> <span class='ocrx_word' id='word_1_771' title='bbox 1471 1560 1583 1595; x_wconf 87' lang='lat' dir='ltr'>Synodo</span> <span class='ocrx_word' id='word_1_772' title='bbox 1594 1561 1745 1589; x_wconf 87' lang='lat' dir='ltr'>convenire</span> <span class='ocrx_word' id='word_1_773' title='bbox 1756 1581 1762 1587; x_wconf 86' lang='lat'>.</span> <span class='ocrx_word' id='word_1_774' title='bbox 1775 1563 1786 1591; x_wconf 95' lang='lat'>]</span> 
     </span>
     <span class='ocr_line' id='line_1_94' title="bbox 994 1600 1789 1639; baseline -0.003 -9"><span class='ocrx_word' id='word_1_775' title='bbox 994 1603 1061 1630; x_wconf 75' lang='lat' dir='ltr'>Puta</span> <span class='ocrx_word' id='word_1_776' title='bbox 1072 1601 1199 1630; x_wconf 81' lang='lat' dir='ltr'>Praelatos</span> <span class='ocrx_word' id='word_1_777' title='bbox 1211 1600 1337 1639; x_wconf 77' lang='lat' dir='ltr'>legitime</span> <span class='ocrx_word' id='word_1_778' title='bbox 1348 1601 1495 1639; x_wconf 83' lang='lat' dir='ltr'>impeditos</span> <span class='ocrx_word' id='word_1_779' title='bbox 1509 1622 1516 1633; x_wconf 89' lang='lat'><em>,</em></span> <span class='ocrx_word' id='word_1_780' title='bbox 1539 1611 1636 1629; x_wconf 89' lang='lat' dir='ltr'>eorum</span> <span class='ocrx_word' id='word_1_781' title='bbox 1657 1601 1716 1629; x_wconf 90' lang='lat' dir='ltr'>vicc</span> <span class='ocrx_word' id='word_1_782' title='bbox 1726 1600 1789 1629; x_wconf 85' lang='lat' dir='ltr'>mis-</span> 
     </span>
     <span class='ocr_line' id='line_1_95' title="bbox 993 1641 1788 1677; baseline -0.001 -7"><span class='ocrx_word' id='word_1_783' title='bbox 993 1642 1036 1670; x_wconf 85' lang='lat' dir='ltr'>sos</span> <span class='ocrx_word' id='word_1_784' title='bbox 1047 1664 1054 1675; x_wconf 84' lang='lat'><em>‚</em></span> <span class='ocrx_word' id='word_1_785' title='bbox 1077 1653 1105 1671; x_wconf 82' lang='lat' dir='ltr'>ac</span> <span class='ocrx_word' id='word_1_786' title='bbox 1116 1641 1271 1670; x_wconf 76' lang='lat' dir='ltr'>substitutos</span> <span class='ocrx_word' id='word_1_787' title='bbox 1283 1641 1407 1670; x_wconf 80' lang='lat' dir='ltr'>direxifl&#39;e</span> <span class='ocrx_word' id='word_1_788' title='bbox 1418 1644 1446 1670; x_wconf 88' lang='lat' dir='ltr'>in</span> <span class='ocrx_word' id='word_1_789' title='bbox 1457 1641 1601 1677; x_wconf 87' lang='lat' dir='ltr'>Synodum</span> <span class='ocrx_word' id='word_1_790' title='bbox 1611 1661 1618 1669; x_wconf 88' lang='lat'><em>.</em></span> <span class='ocrx_word' id='word_1_791' title='bbox 1638 1643 1727 1677; x_wconf 84' lang='lat' dir='ltr'>Hujus</span> <span class='ocrx_word' id='word_1_792' title='bbox 1740 1651 1788 1669; x_wconf 87' lang='lat' dir='ltr'>vo—</span> 
     </span>
     <span class='ocr_line' id='line_1_96' title="bbox 994 1682 1530 1718; baseline -0.004 -7"><span class='ocrx_word' id='word_1_793' title='bbox 994 1684 1080 1711; x_wconf 80' lang='lat' dir='ltr'>cabuli</span> <span class='ocrx_word' id='word_1_794' title='bbox 1101 1682 1277 1718; x_wconf 81' lang='lat' dir='ltr'>synonyma.</span> <span class='ocrx_word' id='word_1_795' title='bbox 1302 1683 1376 1711; x_wconf 89' lang='lat' dir='ltr'>Vide</span> <span class='ocrx_word' id='word_1_796' title='bbox 1386 1686 1509 1712; x_wconf 69' lang='lat' dir='ltr'>Wcarius</span> <span class='ocrx_word' id='word_1_797' title='bbox 1523 1702 1530 1709; x_wconf 93' lang='lat'>.</span> 
     </span>
    </p>
   </div>
   <div class='ocr_carea' id='block_1_29' title="bbox 989 1721 1790 1762">
    <p class='ocr_par' dir='ltr' id='par_1_32' title="bbox 989 1721 1790 1762">
     <span class='ocr_line' id='line_1_97' title="bbox 989 1721 1790 1762; baseline -0.006 -9"><span class='ocrx_word' id='word_1_798' title='bbox 989 1734 1108 1754; x_wconf 78' lang='lat' dir='ltr'>RviFICO</span> <span class='ocrx_word' id='word_1_799' title='bbox 1121 1746 1127 1755; x_wconf 90' lang='lat'><em>,</em></span> <span class='ocrx_word' id='word_1_800' title='bbox 1156 1723 1185 1750; x_wconf 89' lang='lat' dir='ltr'>in</span> <span class='ocrx_word' id='word_1_801' title='bbox 1202 1722 1366 1751; x_wconf 83' lang='lat' dir='ltr'>servitutem</span> <span class='ocrx_word' id='word_1_802' title='bbox 1395 1723 1511 1762; x_wconf 87' lang='lat' dir='ltr'>redigo.</span> <span class='ocrx_word' id='word_1_803' title='bbox 1535 1728 1547 1758; x_wconf 90' lang='lat'>[</span> <span class='ocrx_word' id='word_1_804' title='bbox 1566 1723 1610 1750; x_wconf 86' lang='lat' dir='ltr'>Ut</span> <span class='ocrx_word' id='word_1_805' title='bbox 1631 1721 1790 1750; x_wconf 86' lang='lat' dir='ltr'>servificerit</span> 
     </span>
    </p>
   </div>
   <div class='ocr_carea' id='block_1_30' title="bbox 994 1762 1789 1834">
    <p class='ocr_par' dir='ltr' id='par_1_33' title="bbox 994 1762 1789 1834">
     <span class='ocr_line' id='line_1_98' title="bbox 994 1762 1789 1833; baseline -0.005 -40"><span class='ocrx_word' id='word_1_806' title='bbox 994 1775 1040 1793; x_wconf 85' lang='lat' dir='ltr'>eos</span> <span class='ocrx_word' id='word_1_807' title='bbox 1050 1787 1058 1797; x_wconf 90' lang='lat'><em>,</em></span> <span class='ocrx_word' id='word_1_808' title='bbox 1068 1768 1108 1833; x_wconf 73' lang='lat' dir='ltr'>h&amp;</span> <span class='ocrx_word' id='word_1_809' title='bbox 1119 1763 1240 1803; x_wconf 88' lang='lat' dir='ltr'>spolient</span> <span class='ocrx_word' id='word_1_810' title='bbox 1253 1774 1297 1792; x_wconf 85' lang='lat' dir='ltr'>eos</span> <span class='ocrx_word' id='word_1_811' title='bbox 1307 1784 1314 1790; x_wconf 85' lang='lat'>.</span> <span class='ocrx_word' id='word_1_812' title='bbox 1337 1763 1482 1800; x_wconf 79' lang='lat' dir='ltr'>Chrysost.</span> <span class='ocrx_word' id='word_1_813' title='bbox 1495 1762 1570 1790; x_wconf 90' lang='lat' dir='ltr'>liom.</span> <span class='ocrx_word' id='word_1_814' title='bbox 1583 1772 1630 1800; x_wconf 82' lang='lat'>35.</span> <span class='ocrx_word' id='word_1_815' title='bbox 1658 1762 1689 1790; x_wconf 83' lang='lat' dir='ltr'>in</span> <span class='ocrx_word' id='word_1_816' title='bbox 1708 1773 1731 1789; x_wconf 91' lang='lat' dir='ltr'>c.</span> <span class='ocrx_word' id='word_1_817' title='bbox 1744 1772 1789 1790; x_wconf 84' lang='lat'>20.</span> 
     </span>
     <span class='ocr_line' id='line_1_99' title="bbox 994 1808 1095 1834; baseline -0.01 0"><span class='ocrx_word' id='word_1_818' title='bbox 994 1808 1064 1834; x_wconf 77' lang='lat' dir='ltr'>Matt</span> <span class='ocrx_word' id='word_1_819' title='bbox 1089 1826 1095 1833; x_wconf 95' lang='lat'><strong>.</strong></span> 
     </span>
    </p>
   </div>
   <div class='ocr_carea' id='block_1_31' title="bbox 955 1841 1791 1880">
    <p class='ocr_par' dir='ltr' id='par_1_34' title="bbox 955 1841 1791 1880">
     <span class='ocr_line' id='line_1_100' title="bbox 955 1841 1791 1880; baseline -0.011 -3"><span class='ocrx_word' id='word_1_820' title='bbox 955 1849 1104 1877; x_wconf 67' lang='lat' dir='ltr'>Seitviron</span> <span class='ocrx_word' id='word_1_821' title='bbox 1118 1868 1125 1879; x_wconf 94' lang='lat'>‚</span> <span class='ocrx_word' id='word_1_822' title='bbox 1143 1847 1200 1875; x_wconf 79' lang='lat' dir='ltr'>FR.</span> <span class='ocrx_word' id='word_1_823' title='bbox 1212 1844 1339 1873; x_wconf 82' lang='lat' dir='ltr'>Minister</span> <span class='ocrx_word' id='word_1_824' title='bbox 1350 1867 1358 1878; x_wconf 90' lang='lat'><em>,</em></span> <span class='ocrx_word' id='word_1_825' title='bbox 1378 1844 1500 1874; x_wconf 85' lang='lat' dir='ltr'>serviens</span> <span class='ocrx_word' id='word_1_826' title='bbox 1511 1865 1517 1871; x_wconf 90' lang='lat'><strong>.</strong></span> <span class='ocrx_word' id='word_1_827' title='bbox 1539 1850 1549 1878; x_wconf 89' lang='lat'>[</span> <span class='ocrx_word' id='word_1_828' title='bbox 1564 1845 1631 1872; x_wconf 88' lang='lat' dir='ltr'>Non</span> <span class='ocrx_word' id='word_1_829' title='bbox 1642 1841 1791 1880; x_wconf 82' lang='lat' dir='ltr'>Episcopus</span> 
     </span>
    </p>
   </div>
   <div class='ocr_carea' id='block_1_32' title="bbox 995 1882 1797 2434">
    <p class='ocr_par' dir='ltr' id='par_1_35' title="bbox 995 1882 1797 2434">
     <span class='ocr_line' id='line_1_101' title="bbox 995 1882 1789 1921; baseline -0.01 -4"><span class='ocrx_word' id='word_1_830' title='bbox 995 1887 1139 1917; x_wconf 87' lang='lat' dir='ltr'>Clericum</span> <span class='ocrx_word' id='word_1_831' title='bbox 1151 1908 1158 1919; x_wconf 92' lang='lat'><em>,</em></span> <span class='ocrx_word' id='word_1_832' title='bbox 1172 1887 1216 1914; x_wconf 83' lang='lat' dir='ltr'>vel</span> <span class='ocrx_word' id='word_1_833' title='bbox 1226 1885 1392 1915; x_wconf 85' lang='lat' dir='ltr'>servitorem</span> <span class='ocrx_word' id='word_1_834' title='bbox 1404 1886 1528 1915; x_wconf 77' lang='lat' dir='ltr'>Ecclefiae</span> <span class='ocrx_word' id='word_1_835' title='bbox 1538 1885 1570 1912; x_wconf 80' lang='lat' dir='ltr'>ad</span> <span class='ocrx_word' id='word_1_836' title='bbox 1579 1883 1681 1912; x_wconf 80' lang='lat' dir='ltr'>caedem</span> <span class='ocrx_word' id='word_1_837' title='bbox 1693 1882 1789 1921; x_wconf 87' lang='lat' dir='ltr'>perdu-</span> 
     </span>
     <span class='ocr_line' id='line_1_102' title="bbox 998 1921 1793 1962; baseline -0.01 -5"><span class='ocrx_word' id='word_1_838' title='bbox 998 1939 1040 1957; x_wconf 81' lang='lat' dir='ltr'>cat</span> <span class='ocrx_word' id='word_1_839' title='bbox 1052 1950 1059 1961; x_wconf 92' lang='lat'><em>,</em></span> <span class='ocrx_word' id='word_1_840' title='bbox 1078 1939 1135 1956; x_wconf 83' lang='lat' dir='ltr'>can.</span> <span class='ocrx_word' id='word_1_841' title='bbox 1148 1927 1288 1955; x_wconf 87' lang='lat' dir='ltr'>neminem</span> <span class='ocrx_word' id='word_1_842' title='bbox 1300 1948 1308 1959; x_wconf 96' lang='lat'><em>,</em></span> <span class='ocrx_word' id='word_1_843' title='bbox 1327 1927 1389 1956; x_wconf 88' lang='lat' dir='ltr'>dist.</span> <span class='ocrx_word' id='word_1_844' title='bbox 1402 1936 1448 1962; x_wconf 83' lang='lat'>45.</span> <span class='ocrx_word' id='word_1_845' title='bbox 1462 1929 1473 1958; x_wconf 91' lang='lat'>]</span> <span class='ocrx_word' id='word_1_846' title='bbox 1496 1930 1529 1954; x_wconf 88' lang='lat' dir='ltr'>Et</span> <span class='ocrx_word' id='word_1_847' title='bbox 1541 1924 1638 1953; x_wconf 82' lang='lat' dir='ltr'>clarius</span> <span class='ocrx_word' id='word_1_848' title='bbox 1648 1924 1676 1951; x_wconf 91' lang='lat' dir='ltr'>in</span> <span class='ocrx_word' id='word_1_849' title='bbox 1688 1921 1793 1962; x_wconf 84' lang='lat' dir='ltr'>fignifi-</span> 
     </span>
     <span class='ocr_line' id='line_1_103' title="bbox 1000 1964 1792 2002; baseline -0.011 -4"><span class='ocrx_word' id='word_1_850' title='bbox 1000 1969 1107 1998; x_wconf 81' lang='lat' dir='ltr'>catione</span> <span class='ocrx_word' id='word_1_851' title='bbox 1125 1968 1268 1998; x_wconf 85' lang='lat' dir='ltr'>Ministri:</span> <span class='ocrx_word' id='word_1_852' title='bbox 1294 1968 1434 2002; x_wconf 79' lang='lat' dir='ltr'>[Ecclesia</span> <span class='ocrx_word' id='word_1_853' title='bbox 1454 1965 1631 1996; x_wconf 84' lang='lat' dir='ltr'>Antiochena</span> <span class='ocrx_word' id='word_1_854' title='bbox 1648 1964 1741 1992; x_wconf 89' lang='lat' dir='ltr'>multis</span> <span class='ocrx_word' id='word_1_855' title='bbox 1759 1972 1792 1989; x_wconf 84' lang='lat' dir='ltr'>ex</span> 
     </span>
     <span class='ocr_line' id='line_1_104' title="bbox 999 2002 1792 2039; baseline -0.011 -1"><span class='ocrx_word' id='word_1_856' title='bbox 999 2010 1177 2039; x_wconf 83' lang='lat' dir='ltr'>servitoribus</span> <span class='ocrx_word' id='word_1_857' title='bbox 1194 2008 1231 2037; x_wconf 83' lang='lat' dir='ltr'>est</span> <span class='ocrx_word' id='word_1_858' title='bbox 1244 2008 1299 2036; x_wconf 78' lang='lat' dir='ltr'>fere</span> <span class='ocrx_word' id='word_1_859' title='bbox 1317 2008 1447 2036; x_wconf 75' lang='lat' dir='ltr'>destituta</span> <span class='ocrx_word' id='word_1_860' title='bbox 1467 2006 1598 2035; x_wconf 86' lang='lat' dir='ltr'>ministris</span> <span class='ocrx_word' id='word_1_861' title='bbox 1610 2025 1617 2033; x_wconf 95' lang='lat'>.</span> <span class='ocrx_word' id='word_1_862' title='bbox 1635 2005 1679 2033; x_wconf 91' lang='lat' dir='ltr'>De</span> <span class='ocrx_word' id='word_1_863' title='bbox 1688 2002 1792 2032; x_wconf 82' lang='lat' dir='ltr'>Cleric.</span> 
     </span>
     <span class='ocr_line' id='line_1_105' title="bbox 1002 2042 1794 2080; baseline -0.014 0"><span class='ocrx_word' id='word_1_864' title='bbox 1002 2062 1060 2080; x_wconf 85' lang='lat' dir='ltr'>non</span> <span class='ocrx_word' id='word_1_865' title='bbox 1073 2051 1190 2079; x_wconf 83' lang='lat' dir='ltr'>resident</span> <span class='ocrx_word' id='word_1_866' title='bbox 1201 2070 1208 2077; x_wconf 73' lang='lat'><strong>.</strong></span> <span class='ocrx_word' id='word_1_867' title='bbox 1221 2060 1244 2077; x_wconf 88' lang='lat' dir='ltr'>c.</span> <span class='ocrx_word' id='word_1_868' title='bbox 1261 2055 1304 2077; x_wconf 85' lang='lat'>16.</span> <span class='ocrx_word' id='word_1_869' title='bbox 1314 2049 1452 2077; x_wconf 73' lang='lat' dir='ltr'>Deci-etal.</span> <span class='ocrx_word' id='word_1_870' title='bbox 1464 2050 1475 2080; x_wconf 96' lang='lat'>]</span> <span class='ocrx_word' id='word_1_871' title='bbox 1498 2049 1570 2076; x_wconf 87' lang='lat' dir='ltr'>Item</span> <span class='ocrx_word' id='word_1_872' title='bbox 1583 2056 1641 2075; x_wconf 86' lang='lat' dir='ltr'>non</span> <span class='ocrx_word' id='word_1_873' title='bbox 1651 2055 1709 2074; x_wconf 75' lang='lat' dir='ltr'>raro</span> <span class='ocrx_word' id='word_1_874' title='bbox 1720 2042 1794 2072; x_wconf 80' lang='lat' dir='ltr'>usur-</span> 
     </span>
     <span class='ocr_line' id='line_1_106' title="bbox 1001 2083 1795 2131; baseline -0.014 -10"><span class='ocrx_word' id='word_1_875' title='bbox 1001 2102 1081 2131; x_wconf 74' lang='lat' dir='ltr'>patur</span> <span class='ocrx_word' id='word_1_876' title='bbox 1093 2102 1142 2130; x_wconf 86' lang='lat' dir='ltr'>pro</span> <span class='ocrx_word' id='word_1_877' title='bbox 1154 2089 1294 2118; x_wconf 86' lang='lat' dir='ltr'>Monacho</span> <span class='ocrx_word' id='word_1_878' title='bbox 1305 2111 1312 2122; x_wconf 93' lang='lat'><em>‚</em></span> <span class='ocrx_word' id='word_1_879' title='bbox 1323 2088 1368 2118; x_wconf 86' lang='lat' dir='ltr'>seu</span> <span class='ocrx_word' id='word_1_880' title='bbox 1379 2087 1526 2127; x_wconf 83' lang='lat' dir='ltr'>Religioso</span> <span class='ocrx_word' id='word_1_881' title='bbox 1535 2109 1543 2120; x_wconf 90' lang='lat'><em>‚</em></span> <span class='ocrx_word' id='word_1_882' title='bbox 1555 2087 1601 2126; x_wconf 86' lang='lat' dir='ltr'>qui</span> <span class='ocrx_word' id='word_1_883' title='bbox 1610 2086 1672 2113; x_wconf 87' lang='lat' dir='ltr'>Deo</span> <span class='ocrx_word' id='word_1_884' title='bbox 1686 2083 1795 2125; x_wconf 55' lang='lat' dir='ltr'>famule-</span> 
     </span>
     <span class='ocr_line' id='line_1_107' title="bbox 1002 2123 1794 2168; baseline -0.01 -6"><span class='ocrx_word' id='word_1_885' title='bbox 1002 2144 1047 2162; x_wconf 89' lang='lat' dir='ltr'>tur</span> <span class='ocrx_word' id='word_1_886' title='bbox 1058 2154 1064 2160; x_wconf 93' lang='lat'>.</span> <span class='ocrx_word' id='word_1_887' title='bbox 1080 2139 1091 2168; x_wconf 89' lang='lat'>[</span> <span class='ocrx_word' id='word_1_888' title='bbox 1103 2131 1248 2162; x_wconf 83' lang='lat' dir='ltr'>Renuntio</span> <span class='ocrx_word' id='word_1_889' title='bbox 1257 2135 1309 2160; x_wconf 90' lang='lat' dir='ltr'>&amp;c.</span> <span class='ocrx_word' id='word_1_890' title='bbox 1324 2129 1483 2160; x_wconf 82' lang='lat' dir='ltr'>Venerabili</span> <span class='ocrx_word' id='word_1_891' title='bbox 1495 2126 1664 2156; x_wconf 86' lang='lat' dir='ltr'>Monasterio</span> <span class='ocrx_word' id='word_1_892' title='bbox 1674 2126 1697 2153; x_wconf 84' lang='lat' dir='ltr'>S.</span> <span class='ocrx_word' id='word_1_893' title='bbox 1707 2123 1794 2165; x_wconf 69' lang='lat' dir='ltr'>Pauh,</span> 
     </span>
     <span class='ocr_line' id='line_1_108' title="bbox 1001 2163 1796 2206; baseline -0.015 -4"><span class='ocrx_word' id='word_1_894' title='bbox 1001 2173 1115 2203; x_wconf 82' lang='lat' dir='ltr'>vclsiios</span> <span class='ocrx_word' id='word_1_895' title='bbox 1124 2172 1272 2202; x_wconf 82' lang='lat' dir='ltr'>servitores</span> <span class='ocrx_word' id='word_1_896' title='bbox 1281 2194 1289 2205; x_wconf 96' lang='lat'><em>,</em></span> <span class='ocrx_word' id='word_1_897' title='bbox 1302 2174 1314 2202; x_wconf 94' lang='lat'>]</span> <span class='ocrx_word' id='word_1_898' title='bbox 1325 2175 1351 2199; x_wconf 75' lang='grc' dir='ltr'>ὅ(</span> <span class='ocrx_word' id='word_1_899' title='bbox 1362 2171 1441 2199; x_wconf 82' lang='lat' dir='ltr'>infra:</span> <span class='ocrx_word' id='word_1_900' title='bbox 1455 2175 1466 2205; x_wconf 99' lang='lat'>[</span> <span class='ocrx_word' id='word_1_901' title='bbox 1482 2173 1514 2198; x_wconf 87' lang='lat' dir='ltr'>Et</span> <span class='ocrx_word' id='word_1_902' title='bbox 1525 2168 1621 2206; x_wconf 81' lang='lat' dir='ltr'>obligo</span> <span class='ocrx_word' id='word_1_903' title='bbox 1630 2175 1673 2193; x_wconf 85' lang='lat' dir='ltr'>me</span> <span class='ocrx_word' id='word_1_904' title='bbox 1683 2163 1796 2206; x_wconf 80' lang='lat' dir='ltr'>quidem</span> 
     </span>
     <span class='ocr_line' id='line_1_109' title="bbox 1002 2204 1796 2254; baseline -0.014 -10"><span class='ocrx_word' id='word_1_905' title='bbox 1002 2219 1112 2254; x_wconf 75' lang='lat' dir='ltr'>Rogata</span> <span class='ocrx_word' id='word_1_906' title='bbox 1123 2235 1130 2246; x_wconf 85' lang='lat'>,</span> <span class='ocrx_word' id='word_1_907' title='bbox 1148 2217 1176 2242; x_wconf 75' lang='grc' dir='ltr'>ὅ(</span> <span class='ocrx_word' id='word_1_908' title='bbox 1187 2223 1261 2242; x_wconf 87' lang='lat' dir='ltr'>meos</span> <span class='ocrx_word' id='word_1_909' title='bbox 1270 2212 1391 2241; x_wconf 59' lang='lat' dir='ltr'>haeredes</span> <span class='ocrx_word' id='word_1_910' title='bbox 1412 2211 1441 2239; x_wconf 87' lang='lat' dir='ltr'>in</span> <span class='ocrx_word' id='word_1_911' title='bbox 1462 2208 1576 2248; x_wconf 81' lang='lat' dir='ltr'>praefato</span> <span class='ocrx_word' id='word_1_912' title='bbox 1586 2204 1754 2237; x_wconf 68' lang='lat' dir='ltr'>Monasterio</span> <span class='ocrx_word' id='word_1_913' title='bbox 1764 2205 1796 2232; x_wconf 78' lang='lat' dir='ltr'>B-</span> 
     </span>
     <span class='ocr_line' id='line_1_110' title="bbox 1003 2243 1792 2293; baseline -0.02 -8"><span class='ocrx_word' id='word_1_914' title='bbox 1003 2257 1088 2285; x_wconf 70' lang='lat' dir='ltr'>Paulo</span> <span class='ocrx_word' id='word_1_915' title='bbox 1099 2254 1236 2293; x_wconf 85' lang='lat' dir='ltr'>Apostolo</span> <span class='ocrx_word' id='word_1_916' title='bbox 1246 2276 1255 2286; x_wconf 88' lang='lat'><em>,</em></span> <span class='ocrx_word' id='word_1_917' title='bbox 1277 2252 1392 2290; x_wconf 86' lang='lat' dir='ltr'>suosque</span> <span class='ocrx_word' id='word_1_918' title='bbox 1409 2250 1555 2281; x_wconf 75' lang='lat' dir='ltr'>servitores</span> <span class='ocrx_word' id='word_1_919' title='bbox 1565 2268 1571 2276; x_wconf 93' lang='lat'><em>.</em></span> <span class='ocrx_word' id='word_1_920' title='bbox 1591 2245 1690 2275; x_wconf 77' lang='lat' dir='ltr'>Bullar.</span> <span class='ocrx_word' id='word_1_921' title='bbox 1700 2243 1792 2285; x_wconf 76' lang='lat' dir='ltr'>Calin.</span> 
     </span>
     <span class='ocr_line' id='line_1_111' title="bbox 1004 2285 1796 2329; baseline -0.01 -4"><span class='ocrx_word' id='word_1_922' title='bbox 1004 2307 1071 2325; x_wconf 88' lang='lat' dir='ltr'>torn.</span> <span class='ocrx_word' id='word_1_923' title='bbox 1084 2309 1109 2325; x_wconf 81' lang='lat' dir='ltr'>z.</span> <span class='ocrx_word' id='word_1_924' title='bbox 1120 2295 1205 2324; x_wconf 83' lang='lat' dir='ltr'>const.</span> <span class='ocrx_word' id='word_1_925' title='bbox 1219 2305 1265 2323; x_wconf 84' lang='lat'>21.</span> <span class='ocrx_word' id='word_1_926' title='bbox 1281 2300 1292 2329; x_wconf 98' lang='lat'>[</span> <span class='ocrx_word' id='word_1_927' title='bbox 1306 2293 1365 2323; x_wconf 91' lang='lat' dir='ltr'>Ubi</span> <span class='ocrx_word' id='word_1_928' title='bbox 1374 2292 1518 2321; x_wconf 88' lang='lat' dir='ltr'>evidenter</span> <span class='ocrx_word' id='word_1_929' title='bbox 1526 2296 1600 2328; x_wconf 79' lang='lat' dir='ltr'>patet</span> <span class='ocrx_word' id='word_1_930' title='bbox 1610 2308 1619 2319; x_wconf 81' lang='lat'><em>›</em></span> <span class='ocrx_word' id='word_1_931' title='bbox 1629 2285 1703 2324; x_wconf 74' lang='lat' dir='ltr'>quod</span> <span class='ocrx_word' id='word_1_932' title='bbox 1715 2292 1796 2322; x_wconf 53' lang='lat' dir='ltr'>Pam*</span> 
     </span>
     <span class='ocr_line' id='line_1_112' title="bbox 1004 2324 1797 2374; baseline -0.021 -8"><span class='ocrx_word' id='word_1_933' title='bbox 1004 2339 1063 2366; x_wconf 69' lang='lat' dir='ltr'>cula</span> <span class='ocrx_word' id='word_1_934' title='bbox 1073 2337 1114 2366; x_wconf 82' lang='lat' dir='ltr'>Vel</span> <span class='ocrx_word' id='word_1_935' title='bbox 1125 2337 1175 2365; x_wconf 83' lang='lat' dir='ltr'>stet</span> <span class='ocrx_word' id='word_1_936' title='bbox 1187 2346 1238 2374; x_wconf 88' lang='lat' dir='ltr'>pro</span> <span class='ocrx_word' id='word_1_937' title='bbox 1250 2341 1286 2363; x_wconf 79' lang='lat' dir='ltr'>Et</span> <span class='ocrx_word' id='word_1_938' title='bbox 1296 2356 1304 2367; x_wconf 90' lang='lat'><em>,</em></span> <span class='ocrx_word' id='word_1_939' title='bbox 1315 2334 1380 2362; x_wconf 87' lang='lat' dir='ltr'>dum</span> <span class='ocrx_word' id='word_1_940' title='bbox 1389 2342 1468 2361; x_wconf 83' lang='lat' dir='ltr'>antea</span> <span class='ocrx_word' id='word_1_941' title='bbox 1477 2331 1585 2372; x_wconf 58' lang='lat' dir='ltr'>dixerut</span> <span class='ocrx_word' id='word_1_942' title='bbox 1596 2348 1603 2359; x_wconf 78' lang='lat'><em>,</em></span> <span class='ocrx_word' id='word_1_943' title='bbox 1616 2326 1729 2363; x_wconf 82' lang='lat' dir='ltr'>velsuos</span> <span class='ocrx_word' id='word_1_944' title='bbox 1737 2324 1797 2368; x_wconf 57' lang='lat' dir='ltr'>sfr-</span> 
     </span>
     <span class='ocr_line' id='line_1_113' title="bbox 1002 2366 1797 2433; baseline -0.016 -26"><span class='ocrx_word' id='word_1_945' title='bbox 1002 2382 1105 2408; x_wconf 71' lang='lat' dir='ltr'>vitores</span> <span class='ocrx_word' id='word_1_946' title='bbox 1117 2389 1128 2412; x_wconf 70' lang='lat'>,2</span> <span class='ocrx_word' id='word_1_947' title='bbox 1141 2376 1242 2406; x_wconf 82' lang='lat' dir='ltr'>deinde</span> <span class='ocrx_word' id='word_1_948' title='bbox 1250 2376 1279 2404; x_wconf 85' lang='lat' dir='ltr'>in</span> <span class='ocrx_word' id='word_1_949' title='bbox 1291 2375 1388 2404; x_wconf 87' lang='lat' dir='ltr'>codem</span> <span class='ocrx_word' id='word_1_950' title='bbox 1397 2371 1474 2402; x_wconf 85' lang='lat' dir='ltr'>sensu</span> <span class='ocrx_word' id='word_1_951' title='bbox 1484 2378 1585 2409; x_wconf 81' lang='lat' dir='ltr'>repetit</span> <span class='ocrx_word' id='word_1_952' title='bbox 1597 2389 1605 2402; x_wconf 80' lang='lat'><em>,</em></span> <span class='ocrx_word' id='word_1_953' title='bbox 1615 2366 1732 2433; x_wconf 50' lang='lat' dir='ltr'>smsquj</span> <span class='ocrx_word' id='word_1_954' title='bbox 1736 2366 1751 2399; x_wconf 89' lang='lat' dir='ltr'><em>J</em></span> <span class='ocrx_word' id='word_1_955' title='bbox 1756 2374 1797 2391; x_wconf 56' lang='lat' dir='ltr'>era</span> 
     </span>
     <span class='ocr_line' id='line_1_114' title="bbox 1681 2415 1756 2434; baseline -0.04 0"><span class='ocrx_word' id='word_1_956' title='bbox 1681 2415 1713 2434; x_wconf 74' lang='lat' dir='ltr'>vi</span> <span class='ocrx_word' id='word_1_957' title='bbox 1731 2415 1756 2431; x_wconf 76' lang='lat' dir='ltr'>a·</span> 
     </span>
    </p>
   </div>
   <div class='ocr_carea' id='block_1_33' title="bbox 1492 2469 1500 2483">
    <p class='ocr_par' dir='ltr' id='par_1_36' title="bbox 1492 2469 1500 2483">
     <span class='ocr_line' id='line_1_115' title="bbox 1492 2469 1500 2483; baseline 0 0"><span class='ocrx_word' id='word_1_958' title='bbox 1492 2469 1500 2483; x_wconf 76' lang='grc' dir='ltr'>Ι</span> 
     </span>
    </p>
   </div>
  </div>
 </body>
</html>
