1866 2526
120 155 233 188 endo,
254 151 330 191 quod
346 151 378 179 in
395 148 473 179 Missii
491 149 594 179 dicitur
605 170 613 182 ‚
632 149 851 178 non-contineat
862 147 911 176 ilia

122 197 202 228 verba
213 216 222 228 ,
241 201 303 232 quae
323 190 354 218 in
371 191 506 225 Symbolo
524 189 688 230 Apostolico
716 190 892 228 reperiuntur
902 209 909 221 ‚

119 245 218 275 nempe
227 256 235 268 ,
255 232 406 269 Descendit
415 233 453 260 ad
460 231 560 270 inferos
571 251 579 259 .
600 230 795 270 Respondetur
806 252 814 263 ,
836 228 911 268 quod

117 280 153 308 de
162 276 215 306 boc
232 272 349 303 articulo
365 281 449 300 nenio
465 282 586 311 unquam
604 272 763 315 ἀιὼιῑεινίτ,ι
781 280 832 300 nec
841 269 910 314 ullus

117 317 323 349 Haereticorum
332 313 360 341 id
371 322 517 352 negaverat
527 334 535 346 ‚
554 313 618 342 ideo
637 323 696 342 non
707 312 848 355 indigebat
858 310 909 355 alia

115 355 328 388 confirmatione
338 375 346 386 ‚
366 363 410 382 aut
421 353 604 383 declaratione
613 353 643 381 in
651 353 744 391 aliquo
752 354 799 382 Co
809 351 886 395 icilio
899 372 907 383 ‚

117 399 182 428 sicut
191 398 226 426 de
233 396 291 426 aliis
307 393 430 422 articulis
447 394 580 422 acciderat
589 415 596 422 .
615 395 641 422 S.
651 395 708 422 Leo
717 396 787 432 Papa
797 394 857 436 1115
877 401 908 419 in

116 437 286 468 confessione
303 436 334 464 B.
344 435 418 463 Petri
427 444 477 473 pro
486 434 696 474 opportunitate
714 433 907 479 profitentium

116 480 203 509 fidem
229 478 294 506 duas
319 475 429 504 tabellas
449 485 590 514 argenteas
619 474 748 513 ponderis
777 473 904 517 libratum

116 521 225 550 XCIV.
235 515 402 556 posuerat‚in
414 525 526 554 quarum
534 527 586 544 una
594 514 904 556 characieribuggraecis,

113 565 142 590 &
153 558 245 588 latinis
252 558 284 586 in
293 557 345 585 alia
357 557 494 595 legebatur
501 556 566 585 fidei
576 555 740 591 symbolum.
752 554 847 599 Anast:
855 555 904 597 ‘Bi-

116 600 216 630 blioth.
227 599 256 628 in
267 598 363 626 eodem
374 596 679 632 Pontifice.Symboluni
689 594 860 624 &Athanasii
869 593 903 621 de

114 653 157 670 an.
167 651 234 679 340.
243 639 274 668 ab
285 648 318 666 eo
328 639 426 666 Romae
436 637 616 674 compositum
636 635 686 664 fuit
696 657 704 669 ,
726 646 754 664 :ic
764 635 864 664 ibidem
873 636 902 662 ab

113 681 213 710 eodem
222 688 314 709 coram
322 677 445 705 omnibus
464 678 606 705 recitatum
617 687 625 707 ς
644 677 674 704 in
682 677 797 715 quadam
810 685 901 720 tamen

114 722 318 752 Pedemontana
333 718 408 746 M.s.
419 717 543 745 Historia
553 717 689 746 Gulielmi
708 715 851 746 Baldasani
868 726 899 761 in

112 763 259 792 Taurinen.
268 756 437 788 Bibliotheca
447 758 533 785 Ducis
552 758 685 787 Sabaudiae
694 757 822 786 asservata
832 779 840 790 ,
857 757 899 785 di-

109 802 183 830 citur
199 802 238 829 D.
249 797 391 827 Eusebium
400 797 606 826 vercellensem
626 798 791 836 Episcopum
813 797 899 827 Atha-

110 841 176 870 nafii
185 841 316 868 comitem
327 837 402 866 fiiisle
412 837 441 866 in
454 839 627 867 traduftione
636 840 733 867 Latina
743 839 817 867 istius
825 837 898 874 sym-

109 881 176 916 boli,
186 881 262 920 quod
270 878 422 917 antiquitus
434 879 560 916 quotidie
572 880 605 908 :id
616 880 736 908 Primam
746 880 893 911 dicebatur,

108 932 139 950 ut
149 921 234 951 adhuc
243 919 420 951 Carthusiani
439 918 584 948 observant
596 940 603 948 .
624 921 841 958 Relinquebatur
851 929 895 963 et-

109 962 163 990 iam
171 962 322 1000 antiquitus
340 960 370 987 in
379 960 535 988 Dominicis
551 961 682 1000 temporis
690 959 825 990 Pasclmlis
837 982 844 993 ‚
867 970 896 988 in

107 1002 201 1040 quibus
228 1011 330 1030 aeterna
349 1000 487 1028 beatitudo
509 1000 640 1040 figuratur
651 1023 660 1035 ,
683 1002 727 1030 ubi
756 1001 821 1030 fides
838 1010 895 1044 noun

107 1043 160 1070 erit
185 1042 300 1082 amplius
321 1061 328 1068 .
351 1040 447 1068 Hodie
469 1051 561 1069 tamen
582 1044 659 1077 juxta
677 1045 835 1071 Roimnum
858 1050 894 1069 ri-

107 1093 166 1111 tum
185 1082 292 1120 semper
308 1080 409 1110 dicitur
419 1102 427 1113 ,
449 1082 560 1119 quando
578 1082 608 1110 sit
619 1083 742 1111 officium
754 1083 788 1110 dc
797 1082 896 1110 Domi-

108 1134 168 1151 nica
179 1145 186 1155 ,
218 1123 340 1160 exceptis
366 1121 500 1160 aliquabus
515 1121 732 1151 solemnitatibus
759 1122 797 1151 ibi
818 1131 895 1165 nota-

107 1164 142 1192 tis
151 1184 159 1190 .
184 1165 251 1192 Haec
273 1164 340 1191 item
362 1171 417 1189 vox
436 1163 590 1200 Symbolum
608 1163 721 1192 denotat
732 1164 837 1202 signnm
846 1164 895 1191 ali—

105 1204 181 1242 quod
191 1225 199 1237 ,
210 1214 266 1243 quo
274 1202 427 1241 antiquitus
437 1203 544 1230 dabatur
552 1204 656 1242 signum
670 1204 842 1232 recitationis
853 1203 894 1231 di-

106 1254 235 1273 vinorum
245 1244 401 1273 officiorum
412 1264 419 1275 ‚
433 1253 462 1270 ut
474 1244 545 1281 plebs
554 1255 783 1283 congregaretur:
798 1249 810 1278 [
821 1245 895 1273 Cum

105 1285 249 1314 advenerit
259 1294 364 1322 tempus
375 1282 477 1320 vesperi·
487 1304 496 1315 ‚
508 1283 616 1320 pulsato
624 1284 751 1320 symbolo
761 1307 768 1318 ,
778 1294 894 1322 congre-

103 1335 200 1364 gamur
212 1325 242 1353 in
253 1323 409 1357 Ecclesium
422 1324 522 1361 Typic.
534 1327 622 1359 c.40.]
636 1327 691 1355 PR?
704 1325 896 1363 Pulfiztosym-

103 1366 168 1398 bolo,
180 1365 220 1393 m'l
229 1365 302 1394 :iliud
313 1363 465 1403 significare
476 1374 554 1402 puto,
563 1375 643 1403 quatri
653 1367 718 1394 dato
729 1367 824 1405 signos
835 1376 896 1394 narn

103 1405 257 1442 symbolum
265 1415 365 1445 graece,
377 1404 464 1436 latine
474 1405 580 1443 signum
590 1405 709 1439 sonat,ut
719 1406 797 1445 supra
808 1405 896 1435 visum
919 1421 922 1424 ·

104 1446 144 1474 est
154 1457 162 1476 ‚-
186 1446 250 1475 idco
269 1446 354 1485 gratis
373 1444 429 1472 diti
441 1445 587 1478 existimo,
605 1448 680 1484 quod
688 1447 842 1482 symbolum
861 1448 894 1475 li-

104 1495 207 1523 gneum
216 1486 425 1514 instrumentum
433 1483 515 1512 fuerit
527 1496 533 1512 :
554 1485 589 1513 iic
598 1487 680 1515 etiam
691 1486 802 1515 habetur
812 1487 840 1515 in
850 1489 895 1517 Sa-

103 1535 149 1553 cra
158 1526 312 1562 Scriptura:
325 1524 418 1561 [Noli
429 1523 479 1551 eise
488 1523 518 1552 in
527 1526 662 1555 convivio
673 1537 894 1565 potatorum,nec

104 1564 135 1594 in
145 1565 379 1594 comessationibus
388 1573 483 1593 eorum
494 1585 502 1596 ,
522 1566 570 1603 qui
579 1576 670 1596 carnes
686 1568 720 1596 ad
733 1567 894 1597 vescendum

104 1606 267 1637 conseruut5
280 1607 343 1645 quia
354 1614 477 1634 vacantes
484 1607 593 1642 potibus
604 1628 610 1639 ,
630 1611 658 1636 δ(
667 1608 762 1636 dantes
770 1607 894 1644 symbola

104 1646 301 1675 consumentur
311 1668 318 1679 ‚
329 1651 357 1675 ὃς
367 1644 494 1674 vestietur
504 1647 601 1683 pannis
611 1649 774 1677 dormitatio
783 1669 790 1676 .
811 1652 893 1679 Prot.

102 1697 160 1726 cap.
174 1689 242 1725 23.]
264 1687 322 1716 Ubi
332 1685 424 1716 Gloss'a
433 1685 572 1715 ordinaria
581 1687 671 1727 inquit
683 1701 689 1717 :
712 1695 723 1724 [
735 1691 893 1724 Symbolum

101 1727 166 1757 dare
177 1730 215 1758 est
226 1728 255 1757 in
264 1726 485 1756 confabulatione
496 1727 575 1756 verba
585 1729 718 1758 conferre.
730 1733 742 1762 ]
755 1731 808 1759 Sed
820 1741 894 1759 rete—

101 1778 143 1797 res
152 1768 440 1804 Symbolacomeffalia
456 1767 547 1796 dicere
562 1769 764 1799 consueverunt
775 1793 783 1803 ‚
806 1772 874 1799 idest
885 1793 892 1804 ‚

101 1809 309 1849 corrogationes
321 1829 329 1840 ,
349 1808 404 1836 sive
414 1806 571 1837 munuscula
581 1830 589 1841 ,
611 1821 671 1849 quae
680 1810 804 1845 symbola
822 1813 893 1840 dice-

101 1850 198 1877 bantur
208 1872 216 1883 ,
237 1849 327 1884 idest,
338 1848 414 1887 signa
425 1847 530 1877 affectus
541 1869 549 1881 ‚
569 1853 596 1878 ἀ
608 1852 803 1889 gratitudinis:
826 1852 892 1880 hinc

102 1890 210 1918 Plautus
220 1889 312 1928 inquit
323 1899 329 1916 :
343 1889 558 1924 [symbolorum
567 1892 712 1920 collatores
723 1893 793 1929 apud
804 1892 891 1921 sorum

101 1929 247 1959 piscarium
257 1951 265 1957 .
274 1932 311 1959 In
320 1930 461 1961 Curcul.]
482 1931 557 1958 Item
567 1931 704 1960 dicebatur
714 1933 773 1969 Effe
782 1934 891 1971 desym-

100 1971 166 1998 bolis
176 1992 184 2003 ,
196 1970 282 2003 idest,
291 1971 325 1999 de
334 1970 498 2000 munificatis
510 1993 518 2004 ‚
531 1971 586 2000 five
595 1972 628 2000 dc
640 1973 768 2001 invitatis
778 1993 786 2000 .
799 1979 810 2007 [
822 1975 891 2002 Heri

99 2012 205 2049 aliquot
226 2010 424 2040 adolescentuli
451 2011 586 2041 coivimus
603 2013 634 2040 in
653 2015 752 2048 Pyraeo
771 2013 801 2041 in
819 2015 889 2042 hunc

100 2052 175 2079 diem
186 2073 194 2084 ,
213 2061 242 2080 ut
251 2052 284 2080 de
295 2051 426 2086 symbolis
436 2052 546 2082 essemus
555 2073 562 2080 .
586 2053 664 2082 Idem
675 2054 705 2082 in
717 2053 866 2082 Eunucho.
877 2057 888 2086 ]

100 2092 249 2120 Dicebatur
258 2091 341 2120 etiam
350 2093 503 2127 Symbolum
517 2094 610 2130 portio
618 2094 769 2123 comestiva
778 2115 786 2127 ‚
809 2105 889 2133 quam

97 2131 186 2160 secum
197 2132 328 2161 invitatus
339 2133 439 2161 serebat
448 2133 478 2161 in
488 2130 724 2163 comessationibus
734 2154 742 2161 .
753 2137 816 2169 [Eo
824 2146 889 2164 con-

96 2173 206 2200 dustum
216 2173 370 2208 symbolum
381 2173 414 2201 ad
422 2183 539 2206 coenarn,
549 2185 577 2202 ac
587 2178 644 2210 ejus
653 2175 814 2203 conservum
824 2176 886 2204 San-

95 2212 201 2250 garium
211 2213 305 2248 syrum
314 2234 322 2241 .
334 2214 413 2243 Idem
422 2214 454 2242 in
465 2213 575 2243 Sticho.
587 2226 613 2246 7.
628 2217 639 2246 ]
654 2215 712 2244 Ubi
720 2215 803 2253 aliqui
813 2222 887 2255 Sym-

95 2254 185 2281 bolam
193 2254 309 2293 legunt,
332 2265 388 2294 quo
397 2255 526 2292 exemplo
535 2254 632 2284 Celsus
654 2256 699 2283 lib.
713 2266 759 2291 ις.
769 2267 827 2295 cap.
841 2269 884 2287 20.

92 2293 181 2332 plagas
190 2294 384 2333 interpretatus
393 2296 448 2327 est÷
470 2295 517 2324 sed
535 2295 632 2325 melius
650 2295 758 2326 fortasse
775 2297 882 2327 dixiss'ei

95 2334 235 2373 plagarum
245 2335 328 2375 signa.
342 2337 416 2366 Item
424 2337 547 2373 Symbola
555 2337 698 2365 militaria
707 2359 716 2367 .
725 2337 883 2368 Plutarchus

91 2374 122 2403 in
132 2376 170 2404 M.
182 2378 312 2406 Antonio
322 2399 329 2406 .
348 2381 382 2407 Et
400 2377 523 2416 Justinus
538 2376 684 2407 historicus
694 2398 702 2412 ‚
723 2378 768 2408 lib.
781 2390 807 2408 ι..
827 2379 880 2409 ait:

1067 46 1084 53 ’
1277 49 1306 90 S
1340 51 1379 91 Y
1634 61 1713 110 655

965 111 980 141 1
991 102 1201 135 Atheniensium
1210 105 1317 134 Ducem
1325 105 1542 140 Themistoclem
1550 110 1689 148 symbolos
1699 125 1763 154 pro-

964 144 1080 185 posuisse
1090 167 1100 179 ‚
1111 148 1124 178 J
1146 145 1216 175 idest
1226 166 1236 179 ‚
1254 146 1329 185 signa
1348 146 1478 178 militaria
1487 170 1496 177 -
1518 153 1615 191 Itaque
1625 151 1760 194 reperitur

962 186 1100 225 symbolus
1112 207 1121 219 ,
1139 187 1261 225 Symbola
1271 208 1280 220 ‚
1301 188 1474 225 Symbolum.
1503 194 1544 221 Ac
1564 196 1708 226 Terentius
1726 197 1762 226 in·

963 227 1054 258 Andr.
1065 232 1078 262 [
1089 227 1250 263 Symbolum
1259 227 1337 257 dedit
1347 249 1355 262 ,
1366 229 1489 259 coenavit
1498 252 1506 260 .
1517 234 1530 264 1
1551 235 1613 262 Hoc
1623 235 1759 266 insinuare

964 268 1076 298 videtur
1087 269 1225 297 Salomon.
1237 269 1297 298 loco
1307 269 1354 298 cit.
1366 270 1431 299 dum
1440 271 1498 301 ait:
1515 279 1527 308 [
1542 275 1674 304 Vacantes
1683 279 1758 316 poti-

964 309 1010 337 bus
1021 312 1073 338 &c-
1084 311 1096 341 ]
1108 309 1194 342 idest,
1205 310 1313 347 potibus
1322 311 1507 346 attendentes,
1520 324 1549 343 ac
1559 314 1755 347 incumbentes:

966 356 978 385 [
989 351 1095 379 Dantes
1103 348 1226 386 symbola
1233 349 1437 384 consumentur,
1448 355 1461 384 ]
1477 364 1586 393 nempe,
1595 356 1630 385 ad
1639 367 1755 397 pauper-

964 400 1049 419 tatem
1058 390 1220 430 redigentur
1228 390 1304 420 hisce
1313 394 1551 432 corrogationibus
1561 416 1569 423 .
1581 398 1655 427 Nam
1665 411 1671 426 :
1695 405 1709 436 [
1721 403 1756 429 Et

962 430 1094 460 vestietur
1105 431 1200 469 pannis
1208 430 1372 461 dormitatio
1380 453 1388 462 .
1400 435 1412 465 ]
1423 434 1504 463 LXX.
1516 436 1622 474 legunt:
1635 445 1648 474 [
1659 442 1694 468 Et
1706 451 1755 470 ve-

959 471 1054 500 stietur
1073 470 1203 511 disruptis
1212 493 1220 505 ,
1241 472 1390 511 lacerisque
1411 476 1503 504 omnis
1520 475 1711 509 somnolentus
1721 503 1728 514 ,
1740 485 1754 514 ]

960 511 1045 545 idest,
1055 512 1142 541 ebrius
1149 512 1256 542 ratione
1265 514 1476 553 prodigalitatis.
1487 517 1556 546 Haec
1566 518 1635 548 item
1643 518 1755 556 symbo-

960 553 984 580 la
994 552 1178 590 prohibentur
1188 553 1218 582 in
1226 554 1340 583 concil.
1352 555 1516 587 Laodicense
1526 579 1535 592 ,
1545 569 1568 587 c.
1583 567 1629 596 55.
1638 559 1681 590 his
1693 573 1754 591 vei·-

957 593 997 621 bis
1010 604 1016 620 :
1038 596 1130 628 [Non
1139 604 1250 632 oportet
1259 595 1401 624 Ministros
1412 598 1532 633 Aharis,
1551 600 1598 628 vel
1617 603 1753 640 quoslibet

956 633 1083 663 Clericos
1095 656 1104 668 ,
1115 635 1162 663 vel
1171 635 1255 664 etiam
1264 636 1358 665 Laicos
1369 636 1543 669 Christianos
1560 651 1595 670 ex
1603 640 1753 678 symbolis,

956 684 1016 713 quae
1028 676 1126 713 vulgus
1133 674 1285 705 comessalia
1296 678 1416 715 appellat
1428 700 1434 711 ,
1445 681 1577 710 convivia
1587 683 1749 718 celebrare.]

956 714 1040 751 Quod
1049 716 1162 745 habetur
1183 716 1213 744 in
1222 718 1335 746 decreto
1344 720 1472 748 Gratiani
1483 742 1492 754 ,
1510 732 1570 750 can.
1582 733 1609 756 7.
1627 723 1690 753 dist.
1701 735 1750 761 44.

953 756 998 785 ubi
1007 755 1100 785 Gloss'a
1108 757 1176 785 bene
1187 757 1292 797 inquit:
1305 765 1318 795 [
1327 760 1489 794 Symbolum
1499 762 1538 791 est
1551 784 1558 795 ,
1569 765 1680 802 quando
1690 767 1752 804 plu—

954 807 996 826 res
1005 797 1151 826 conscrunt
1169 798 1203 827 ad
1212 799 1341 829 convxvia
1351 800 1471 830 facienda
1482 824 1490 836 ‚
1510 805 1538 831 δ(
1558 804 1630 833 idern
1640 805 1677 834 est
1688 828 1696 838 ‚
1719 817 1748 835 ac

952 837 1124 870 confertim]
1139 840 1225 869 Restc
1235 840 1367 879 siquidem
1381 843 1554 872 Vocabularii
1571 846 1750 876 Ecclesiastici

952 879 1059 908 Auctor
1068 900 1077 912 ,
1085 881 1285 920 etymologiam
1296 883 1420 917 Syinboli
1430 894 1443 911 a
1452 882 1497 914 σὼ
1507 888 1534 914 &
1545 882 1631 922 βᾶλος
1641 886 1752 916 derisu-¹

950 919 975 948 ri
985 920 1070 949 tradit
1079 941 1088 952 ,
1098 921 1174 959 quod
1184 931 1268 951 etiam
1279 922 1410 952 Thesauri
1422 924 1522 963 linguae
1535 926 1628 955 latinae
1640 929 1747 957 Aue‘tor

948 959 1068 990 senserat
1077 981 1084 988 .
1106 961 1269 993 Athanasius
1282 973 1310 992 in
1321 964 1430 1002 epistol.
1449 966 1482 994 :id
1493 966 1600 995 Solitar.
1611 967 1697 997 refert
1707 970 1750 998 O.

949 1002 1016 1030 sium
1035 1000 1200 1041 Episcopum
1223 1006 1357 1043 Legatum
1378 1005 1454 1034 Sedis
1470 1007 1570 1044 Apost.
1591 1008 1620 1036 in
1630 1009 1750 1039 Nicaena

951 1042 1068 1076 Synodo
1079 1042 1258 1081 composuisse
1268 1044 1422 1080 symbolum
1433 1067 1440 1079 ,
1452 1047 1498 1085 qui
1509 1057 1600 1077 tamen
1611 1059 1671 1077 cum
1681 1049 1745 1084 esset

949 1082 1135 1112 invictissimae
1146 1085 1309 1114 constantiz
1318 1085 1474 1124 speciinen;
1496 1098 1558 1116 nani
1577 1099 1625 1126 pei·
1639 1099 1683 1118 tot
1700 1101 1748 1119 an-

949 1133 1047 1152 norum
1056 1123 1171 1161 spatium
1185 1125 1351 1154 Arianorum
1363 1126 1505 1156 insultibus
1524 1129 1614 1158 valide
1626 1131 1726 1160 restitit
1737 1154 1746 1165 ,

948 1164 1020 1192 unde
1030 1165 1205 1199 Synodorum
1217 1168 1298 1196 Pater
1306 1168 1454 1205 appellatus
1465 1169 1502 1196 cst
1513 1191 1520 1202 ‚
1532 1170 1595 1207 quia
1612 1170 1642 1199 in
1654 1172 1747 1200 Nica:-

949 1215 981 1232 m
991 1226 999 1237 ,
1020 1215 1048 1233 ac
1068 1206 1224 1235 Sardicense
1244 1208 1364 1242 Synodis
1381 1209 1420 1236 uti
1439 1209 1614 1247 Apostolicus
1625 1213 1741 1250 Legatus

949 1244 1091 1283 praefuerat
1100 1268 1108 1279 ‚
1119 1251 1146 1275 6<
1158 1247 1189 1275 in
1197 1248 1244 1275 Co
1250 1248 1340 1276 nciliis
1352 1248 1521 1279 Eliberitano
1532 1272 1539 1283 ,
1563 1252 1725 1282 Arelatensi:
1736 1275 1745 1286 ,

949 1285 1182 1320 Neocaesariense,
1191 1288 1384 1317 Alexandrino
1395 1311 1402 1322 ,
1411 1293 1440 1318 δε
1448 1291 1610 1330 Gangrense
1618 1293 1742 1323 interve—

948 1336 1022 1355 nerat
1033 1338 1040 1356 ς
1051 1327 1132 1356 Oiius
1142 1350 1151 1360 ,
1163 1328 1274 1366 inquam
1287 1351 1294 1362 ‚
1304 1330 1351 1368 qui
1362 1333 1416 1366 ejus
1426 1330 1550 1361 doctrina
1560 1343 1689 1372 tunquam
1701 1336 1742 1364 lu-

948 1367 1052 1395 minare
1063 1371 1144 1403 majus
1154 1379 1243 1398 totum
1253 1371 1406 1399 Orientem
1417 1392 1426 1404 ,
1445 1376 1472 1401 &
1481 1373 1669 1404 Occidentem
1681 1375 1745 1404 illu-

950 1407 1090 1441 sstaverat,
1102 1410 1149 1447 qui
1158 1409 1315 1440 Catechista
1326 1413 1422 1450 Magni
1433 1414 1616 1442 Constantini
1626 1415 1678 1445 esse
1686 1426 1744 1445 me-

947 1448 1002 1476 ruit
1013 1469 1021 1481 ‚
1031 1452 1058 1477 &
1071 1459 1204 1487 tamquam
1214 1454 1270 1486 ejus
1279 1453 1358 1480 Patei-
1367 1453 1398 1480 ab
1407 1453 1506 1481 eodem
1517 1455 1690 1493 Imperatore
1699 1456 1746 1486 ha.

946 1489 1027 1522 bitus,
1038 1490 1160 1524 Symboli
1171 1492 1284 1524 Au&or‚
1295 1496 1322 1520 &
1332 1502 1388 1527 Jam
1397 1494 1568 1523 centenarius
1579 1505 1669 1526 aetate;
1682 1498 1744 1536 post

948 1538 991 1557 tot
1000 1528 1212 1559 sustentamenta
1222 1532 1344 1560 laborum
1353 1555 1360 1566 ,
1371 1534 1525 1566 verberum.
1537 1535 1686 1567 exiliorum
1694 1560 1702 1571 ,
1713 1542 1743 1568 ὅ(

948 1568 1167 1608 persecutionum
1177 1582 1227 1610 pro
1238 1572 1303 1601 fidei
1315 1573 1474 1602 defensione
1486 1586 1493 1605 ς
1504 1574 1551 1604 sed
1560 1581 1573 1610 (
1582 1588 1600 1605 o
1611 1578 1680 1607 mira
1691 1579 1744 1608 fra—

947 1611 1064 1648 gilitatis
1076 1612 1323 1650 metamorphosis)
1344 1614 1403 1643 im:
1413 1614 1578 1645 orthodoxae
1590 1617 1741 1648 fideicolu-

948 1661 1020 1683 mna,
1032 1651 1086 1680 hoc
1098 1653 1223 1681 Ecclesiae
1235 1653 1377 1683 catholicae
1389 1654 1607 1691 sustentaculum,
1618 1659 1691 1698 quasi
1702 1661 1742 1689 al-

949 1701 990 1719 tei·
1000 1693 1130 1721 Salomon
1148 1693 1287 1733 delapsum
1296 1695 1333 1724 est
1344 1696 1457 1725 tandein
1469 1696 1498 1724 in
1507 1698 1614 1728 ruinam
1623 1721 1631 1733 ‚
1643 1703 1671 1728 ὅ(
1681 1710 1742 1739 per·

948 1732 1008 1760 fidae
1020 1733 1081 1762 Arii
1091 1734 1223 1763 doctrinae
1234 1735 1314 1764 fastus
1334 1736 1371 1765 est
1381 1747 1572 1775 propugnator
1582 1761 1589 1772 ‚
1606 1749 1636 1768 ut
1647 1742 1742 1770 Socra-

949 1782 989 1800 tes
1000 1794 1008 1805 ,
1018 1778 1046 1803 ὅ(
1056 1775 1225 1803 Sozomeuus
1236 1776 1386 1808 testriiitur5
1399 1778 1463 1806 licet
1473 1778 1510 1806 D.
1523 1779 1686 1810 Athanasius
1707 1782 1738 1810 in

946 1813 1005 1842 cad.
1013 1814 1091 1852 epist.
1102 1815 1135 1843 :id
1145 1816 1254 1844 Solitar.
1263 1817 1335 1845 dicat
1346 1839 1353 1850 ,
1364 1817 1439 1855 quod
1455 1818 1483 1846 in
1496 1829 1618 1849 extremo
1628 1825 1686 1858 ejus
1696 1822 1740 1850 vi-

946 1863 981 1881 ta·
994 1856 1160 1892 poenitentia
1176 1857 1270 1884 dustus
1281 1856 1465 1886 Arianismum
1475 1859 1621 1890 damnasse:
1631 1883 1638 1890 .
1662 1865 1740 1892 Errat

947 1895 1076 1933 Magister
1086 1894 1293 1929 sententiarum,
1305 1898 1350 1925 lib.
1367 1908 1389 1925 i.
1400 1899 1462 1926 dist.
1478 1910 1486 1926 ι
1499 1912 1520 1928 ι.
1531 1900 1654 1935 asserens,
1662 1903 1740 1941 quod

947 1936 1003 1963 Leo
1015 1937 1083 1973 Papa
1095 1938 1152 1964 ΙΙΙ.
1174 1938 1203 1965 in
1213 1938 1321 1966 Basilica
1331 1939 1420 1966 Sancti
1436 1941 1509 1968 Pauli
1526 1939 1688 1979 supradictas
1699 1953 1740 1972 ta-

944 1975 1026 2004 belias
1036 1975 1155 2010 symboli
1166 1976 1231 2006 fidei
1240 1976 1411 2015 apposuisset:
1423 1989 1485 2007 nam
1497 1981 1525 2009 in
1539 1983 1649 2012 Basilica
1659 1984 1738 2013 S.Pe-

947 2016 983 2043 tri
1000 2017 1096 2053 positas
1118 2016 1192 2045 fuiss'e
1209 2028 1241 2046 ex
1254 2018 1470 2048 Bibliothecario
1481 2021 1568 2051 visum
1581 2023 1619 2052 est
1630 2045 1637 2052 .
1661 2028 1737 2054 Eri-at

946 2056 1029 2084 etiam
1042 2057 1212 2085 Vocabiilarii'
1227 2058 1377 2086 Ecclesiasti
1389 2061 1549 2094 Auctonseu
1559 2067 1613 2099 eJus
1624 2065 1738 2094 ultimus

945 2098 1110 2135 compilator
1123 2098 1282 2127 indictione
1291 2098 1451 2134 Symbolum
1462 2123 1469 2134 ,
1480 2103 1526 2142 qui
1537 2103 1573 2132 ibi
1583 2105 1617 2133 fic
1628 2106 1734 2135 asterit:

946 2143 958 2172 [
970 2139 1021 2166 Sed
1032 2148 1148 2175 quatuor
1157 2138 1284 2167 dicuntur
1294 2140 1421 2175 Symbola
1429 2162 1438 2174 ‚
1449 2140 1555 2172 scilicet
1566 2166 1574 2177 ,
1586 2147 1737 2183 Apostolo—

945 2188 1004 2206 rum
1015 2182 1068 2207 ἃς.
1080 2178 1229 2206 Nicaenuin
1241 2200 1248 2211 ,
1261 2180 1335 2218 quod
1346 2181 1504 2212 Dominicis
1514 2184 1606 2213 dicbus
1617 2186 1645 2214 in
1657 2186 1735 2215 Missa

943 2219 1002 2256 post
1022 2219 1206 2257 Evangelium
1225 2220 1328 2248 dicitur
1338 2241 1346 2253 ‚
1365 2219 1470 2252 scilicet
1479 2246 1486 2256 ,
1508 2226 1604 2254 Credo
1613 2225 1641 2252 in
1654 2236 1738 2256 unum

943 2260 1035 2287 Deum
1046 2280 1052 2286 .
1064 2261 1137 2287 Item
1149 2259 1291 2290 Athanasii
1302 2264 1354 2289 &a
1375 2262 1509 2297 Quartum
1518 2266 1677 2300 Symbolum
1693 2267 1736 2296 di-

939 2299 1010 2328 citur
1017 2301 1094 2335 juris,
1110 2298 1330 2339 scilicet‚primus
1339 2302 1434 2333 titulus
1443 2305 1477 2333 dc
1488 2304 1733 2340 suin.'1‘rinit.&c.]

939 2341 1014 2369 Nam
1023 2339 1180 2375 symbolum
1190 2362 1198 2374 ,
1207 2342 1281 2380 quod
1291 2341 1393 2372 dicitur
1414 2346 1443 2372 in
1454 2345 1528 2374 Miffi
1538 2367 1546 2379 ‚
1562 2357 1620 2375 non
1630 2347 1668 2376 est
1679 2349 1735 2377 Ni-

937 2391 1042 2411 caenum
1055 2403 1062 2415 ,
1081 2380 1129 2411 sed
1140 2382 1484 2422 Constantinopolitaniini
1494 2407 1504 2420 ,
1526 2396 1556 2416 ut
1567 2387 1651 2417 frater
1659 2398 1734 2419 meus

1651 2427 1694 2459 su-
