1866 2526
110 108 164 137 hoc
174 110 308 136 annorum
329 107 434 146 {empus
448 106 613 146 praescripsit
627 108 659 136 ad
677 106 810 146 agendam
822 105 914 145 poeni-

112 149 228 178 tentiam
240 158 304 177 ante
315 149 464 177 adventum
475 148 575 177 diluvii
588 171 595 181 ,
609 153 634 177 ὃ(
646 149 681 177 fic
692 158 820 187 tanquam
831 148 912 175 indu-

112 190 165 218 cias
173 189 226 218 hoc
237 189 354 229 spatium
365 189 478 218 indulsit
490 210 497 216 .

74 230 145 267 Cap.
156 241 181 264 7.
195 241 221 258 v.
237 242 245 259 1
258 242 280 259 ι.
305 234 416 265 [Anno
427 229 624 258 sexcentesimo
636 230 702 258 vitae
715 232 779 259 Noe
790 251 798 262 ‚
820 227 911 256 mense

110 270 230 300 secundo
240 294 247 304 ,
258 271 486 308 septimodecimo
497 270 541 299 die
551 271 648 299 mensis
658 271 732 308 rupti
743 269 806 297 sunt
818 279 912 297 omnes

113 311 203 341 fontes
213 311 295 347 abyssi
307 313 382 342 &c.]
407 311 505 348 Coepit
518 311 604 350 igitur
614 311 750 339 diluvium
770 309 861 338 mense
872 308 899 336 se

557 48 927 92 Contradifflones
956 59 1204 104 apparentes

972 113 984 142 [
999 106 1140 144 Quoniam
1151 105 1171 134 si
1190 113 1285 134 contra
1293 104 1383 142 Deum
1393 107 1470 138 fortis
1481 107 1552 137 fuisti
1564 131 1571 142 ,
1594 112 1698 148 quanto
1711 113 1770 141 ma:

967 149 1009 187 gis
1020 157 1116 176 contra
1127 146 1256 175 homines
1268 146 1426 183 praevalebis
1435 151 1466 180 ?]
1490 148 1657 188 Respondeo
1670 173 1678 185 ,
1703 163 1769 182 vere

969 189 1019 217 fuit
1031 188 1171 227 Angelu35
1185 186 1286 216 dicitur
1298 186 1477 217 nihilominus
1488 191 1570 227 Jacob
1581 191 1659 220 fortis
1670 203 1768 222 contra

967 231 1057 258 Deum
1069 251 1076 262 ,
1100 240 1133 257 eo
1144 228 1219 266 quod
1237 229 1361 265 Angelus
1383 228 1431 256 ille
1449 230 1654 266 repraesentabat
1674 232 1770 271 perso-

968 280 1029 298 nam
1039 270 1111 298 Dei.
1137 271 1258 297 Vocatur
1268 276 1358 296 autem
1371 269 1415 297 vir
1424 291 1432 302 ‚
1447 270 1510 307 quia
1521 280 1576 299 eam
1588 272 1703 302 formam
1725 273 1771 302 vi-

970 311 1072 340 sibilem
1083 309 1255 347 assumpserat
1266 330 1273 336 .

114 354 206 382 cundo
215 352 327 390 delapsis
347 352 474 380 imbribus
484 363 531 390 per
540 352 596 380 dies
607 352 785 390 quadraginta
796 374 803 384 ,
819 350 913 389 quibus
930 351 1037 380 Ibidem
1049 361 1076 379 v.
1090 362 1135 388 30.
1161 357 1172 385 [
1185 350 1250 379 Vidi
1261 350 1351 377 Deum
1362 350 1430 378 facie
1439 351 1471 379 ad
1485 350 1581 379 faciem
1592 372 1600 384 ‚
1610 353 1714 383 &salva
1728 353 1768 382 fa-

115 394 134 422 si
144 393 252 429 adjicias
261 402 372 421 centum
384 393 584 431 quinquaginta
596 392 653 420 dies
663 414 671 425 ‚
695 393 789 430 qulbus
799 392 911 420 durave-

117 444 181 462 runt
192 444 265 472 aqtzae
277 433 465 474 superterram
476 456 482 466 ,
505 442 601 461 omnes
612 433 762 461 conficient
773 432 830 460 dies
851 442 912 459 cen—

116 484 176 503 tum
196 474 349 513 nonaginta
362 496 368 507 ,
391 474 520 501 nimirum
531 496 538 506 ,
561 473 608 501 sex
619 473 740 502 menseS.
764 472 913 509 Quomodo

113 516 200 554 igitur
221 526 278 553 cap.
292 520 315 543 8.
326 526 353 543 v.
367 525 393 548 4.
414 515 585 543 contrarium
600 514 723 543 asseritur
741 514 793 541 his*
805 513 891 541 verbis
907 525 911 539 ;

119 562 131 591 [
145 556 352 595 Requievitque
373 565 431 583 arca
441 555 534 584 mense
546 554 664 593 septimo
685 555 817 593 vigesimo
826 553 916 593 primo

115 597 161 625 die
172 598 269 626 mensis
282 596 362 634 super
381 607 488 626 montes
509 596 650 625 Armeniae
663 598 693 627 :]
718 606 779 623 nam
793 616 800 627 ‚
821 595 839 622 st
851 595 917 622 bene

115 647 310 675 computantur
318 637 433 670 menses,
444 638 552 666 deberet
566 635 615 665 csse
626 638 744 664 oblavus.
756 634 916 673 Respondet

117 681 152 707 R.
166 678 296 707 Elihezer
315 679 435 707 mensem
448 678 593 715 septimum
614 687 672 705 non
689 676 741 704 esse
759 684 917 713 computan-

116 719 181 747 dum
194 720 225 748 ab
234 718 513 758 annip1·incipio5sed
525 729 538 746 a
549 719 604 749 die,
615 729 670 756 quo
680 716 846 745 cess'averunt
860 717 918 755 plu-

118 760 171 788 viie
185 781 191 786 .
205 761 255 788 Sed
268 760 365 788 melius
375 763 411 789 R.
421 759 608 789 Gerundensis
618 759 654 786 ait
666 758 728 786 illos
740 757 928 796 quadraginta!

114 801 172 829 dies
182 802 321 829 contineri
336 802 364 829 in
375 802 434 829 aliis
444 811 556 829 centum
568 800 767 838 quinquaginta
777 819 783 830 ,
796 797 843 836 qui
853 808 917 825 con-

116 842 211 870 ficiunt
222 842 325 870 menses
334 842 497 880 quinquffi&
510 842 543 869 sic
554 850 647 869 verr-in
659 839 798 877 erit,quod
810 849 868 866 arca
879 849 919 866 re-

116 882 256 920 quieverit
267 882 359 911 mense
370 882 654 920 septimovnutnerfido
665 881 695 908 ab
706 880 755 907 fini
769 879 917 916 principio.

74 923 147 960 Cap.
163 933 205 958 15.
219 934 246 951 v.
262 931 305 952 16.
324 924 538 958 [Generatione
548 931 635 950 autem
648 931 739 959 quarta
749 929 920 948 revertentur

970 394 1009 421 &a
1021 392 1058 420 est
1069 392 1158 420 anima
1170 401 1228 419 mea
1239 411 1246 418 .
1260 392 1271 421 ]
1295 391 1364 418 Sunt
1375 391 1456 420 verba
1469 392 1552 429 Jacob
1563 414 1570 424 ,
1581 392 1673 430 quibus
1683 394 1769 422 mani-

972 433 1037 462 feste
1047 432 1240 461 contradicunt
1261 430 1307 458 alii
1321 441 1411 459 textus
1423 443 1429 462 ς
1454 442 1514 460 nam
1526 433 1616 468 Moysi
1626 433 1700 462 dixit
1709 435 1766 463 De-

972 485 1001 502 us
1012 474 1101 502 Exod.
1114 483 1160 511 33.
1173 483 1198 501 v.
1211 484 1256 501 20.
1282 473 1373 506 [Non
1385 473 1487 510 poteris
1498 473 1593 501 videre
1610 473 1705 502 faciem
1715 483 1768 503 me<

972 525 1029 544 anu
1055 525 1112 543 non
1124 514 1200 541 enim
1212 512 1317 542 videbit
1330 522 1372 540 me
1385 513 1469 542 homo
1481 536 1487 546 ,
1509 518 1536 543 δε
1549 515 1627 543 vivet
1638 517 1668 546 .]
1693 518 1727 543 Et
1739 515 1767 544 in

972 555 1127 595 Evangelio
1137 556 1216 591 Joan.
1231 565 1253 581 ι.
1265 552 1334 581 vers.
1350 564 1359 581 i
1369 558 1393 581 8.
1417 556 1531 589 [Deum
1543 565 1625 584 nemo
1638 555 1713 584 vidit
1723 564 1772 582 un-

972 606 1052 635 quam
1065 599 1095 628 .]
1115 594 1254 633 Theologi
1266 592 1360 631 passim
1370 604 1456 632 agunt
1466 595 1500 624 dc
1511 595 1637 634 praesenti
1648 596 1769 625 difficul-

973 648 1029 665 tate
1042 659 1048 669 ‚
1067 647 1100 665 an
1109 635 1214 663 scilicet
1235 635 1326 664 viator
1336 635 1419 672 possit
1441 636 1537 664 videre
1546 636 1670 665 divmam
1688 635 1776 665 ess'en-

974 678 1056 706 tiam:
1081 676 1127 705 sed
1137 675 1241 704 omissis
1260 674 1468 713 Theologorum
1479 677 1674 714 quaestionibus
1686 699 1693 710 ‚
1717 675 1774 706 res-

977 719 1089 757 pondeo
1099 727 1158 745 cuin
1170 718 1195 745 5.
1206 715 1351 748 Eucherio,
1363 718 1446 754 Jacob
1460 728 1515 745 non
1529 717 1624 746 vidisse
1635 717 1776 746 essentiam

977 759 1029 787 Dei
1042 771 1052 792 ,-
1076 758 1121 786 sed
1139 756 1255 795 speciem
1275 756 1393 794 aliquam
1412 758 1526 786 visibilis
1545 768 1674 787 creatur-:e
1684 780 1692 791 ,
1713 769 1776 797 quse

977 799 1104 828 humanis
1115 806 1222 835 poterat
1235 807 1363 835 apparere
1372 798 1559 835 conspeftibus
1569 821 1577 832 ‚
1596 798 1710 834 subjefta
1720 799 1776 827 Di-

975 841 1047 869 vinx
1060 839 1185 878 potestati
1197 860 1204 866 .
1229 848 1257 866 ac
1266 839 1356 866 Deum
1379 837 1466 876 ipsum
1477 839 1691 876 repraesentans5
1717 839 1775 868 imo

976 881 1092 910 Rabbini
1104 879 1264 918 intelligunt
1275 878 1402 916 praedit‘h
1412 880 1491 907 verba
1503 880 1537 907 de
1548 880 1665 918 Angelo
1674 881 1776 909 luftau.

977 931 1004 949 te
1014 943 1021 954 ,
1045 921 1091 960 qui
1103 930 1215 949 vocatur
1227 920 1317 948 Eloim
1330 919 1360 947 in
1369 929 1441 947 text.
1457 920 1542 948 chr.

116 963 169 991 huc
182 985 188 991 .
202 966 215 995 ]
240 964 288 993 Isti
301 963 472 1002 promiss'toni
484 963 589 991 divinar
602 962 676 990 fafftae
689 960 846 990 Abrahamo
855 971 919 988 con>
935 964 1005 1000 Cap.
1017 973 1063 1000 34,
1085 972 1113 989 v.
1124 972 1171 998 30.
1198 960 1303 997 [Jacob
1315 960 1388 988 dixit
1409 961 1442 988 ad
1452 961 1609 989 Simeonem
1621 982 1628 994 ‚
1650 965 1676 989 δ(
1688 960 1775 989 Levi:

118 1004 227 1032 tradicit
240 1004 340 1032 veritas
350 1003 472 1032 historiae
487 1025 494 1036 ,
505 1004 567 1041 quia
577 1003 671 1042 quinta
685 1010 866 1040 generatione
877 1011 917 1029 re-

119 1044 227 1072 versum
247 1047 284 1073 est
296 1045 388 1073 semen
410 1044 587 1073 Abrahamin
605 1053 704 1072 terram
716 1041 919 1080 promissionis.

116 1084 406 1124 Resp.ge11ei·ati011es
426 1086 455 1114 in
473 1085 525 1113 hoc
539 1083 630 1122 capite
650 1082 829 1111 numerandas
847 1082 920 1110 essea

116 1135 244 1164 tempore
256 1149 263 1159 ,
287 1138 341 1165 quo
355 1126 436 1154 Israel
453 1126 502 1154 suit
519 1136 548 1153 in
560 1125 741 1162 captivitat&
768 1133 830 1151 nam
839 1124 920 1161 Judas

120 1167 172 1194 suit
185 1169 289 1205 primus
302 1190 309 1199 ,
323 1167 423 1195 deinde
434 1165 534 1196 Phares
544 1187 551 1198 ,
574 1165 658 1193 tertio
669 1164 783 1193 Hcsron
795 1185 802 1196 ,
825 1173 921 1202 quarto

118 1208 206 1236 Caleb
217 1230 225 1241 ‚
249 1209 295 1247 qui
307 1207 437 1246 ingr-essim
447 1208 484 1236 est
496 1216 595 1235 terrain
607 1204 793 1244 promissionis
803 1226 811 1238 ,
834 1206 872 1232 ita
883 1207 920 1233 R.

117 1249 245 1277 Salomon
260 1271 267 1282 ‚
291 1253 317 1277 δε
330 1252 366 1277 R.
379 1248 451 1277 Isaac
461 1248 633 1277 Abravanel.

77 1290 149 1327 Cap.
164 1302 209 1318 22.
222 1300 249 1317 v.
263 1299 287 1325 5.
300 1289 459 1326 [Dixitque
469 1289 503 1317 :td
515 1298 611 1326 pueros
624 1287 683 1315 suos
693 1309 700 1320 ‚
719 1288 861 1324 expestate
871 1285 917 1313 hic

119 1341 180 1358 cum
192 1330 277 1359 Asino
292 1352 297 1360 ‚
318 1340 370 1367 ego
384 1351 390 1361 ,
415 1333 440 1357 ἃ
454 1340 519 1367 puer
536 1329 603 1356 illuc
623 1326 706 1365 usquc
726 1336 902 1365 properantes
913 1348 920 1358 ‚

120 1371 263 1408 postquam
282 1370 482 1398 adoraverimus
495 1392 501 1402 ‚
526 1378 695 1397 revertemur
706 1369 737 1395 ad
751 1370 839 1399 vos.]
865 1368 920 1395 Hic

120 1422 210 1439 textus
222 1410 388 1439 contradicit
399 1410 486 1438 verbis
497 1410 573 1448 supra
585 1409 673 1437 allatis
686 1408 754 1436 vers.
767 1420 792 1436 2.
802 1409 845 1436 ubi
854 1408 923 1436 clare

121 1453 223 1480 dicitur
233 1451 305 1479 Isaac
316 1451 517 1478 immolandum
527 1472 534 1483 ‚
556 1449 697 1488 quomodo
709 1449 792 1487 igitur
803 1449 880 1477 ambo
895 1459 921 1476 e—

121 1503 180 1521 rant
192 1492 348 1521 reversuri?
368 1491 538 1529 Respondeo
549 1502 581 1519 ex
594 1499 688 1518 mente
699 1491 723 1518 S.
735 1490 810 1517 Pauli
822 1490 854 1518 ad
866 1491 922 1517 He-

123 1535 162 1562 br.
179 1544 221 1561 11.
242 1532 440 1561 Abrahnmfibi
461 1531 631 1570 persuadebat
643 1530 714 1558 istac
728 1541 739 1558 a
759 1531 873 1558 mortuis
883 1540 922 1557 re-

124 1575 277 1602 vocandum
289 1573 340 1602 effe
353 1584 365 1601 a
378 1573 451 1604 Deo,
464 1574 509 1600 vel
520 1582 591 1600 certe
604 1581 661 1599 non
671 1571 858 1609 permislitruni
870 1571 922 1598 D:-

122 1626 167 1642 uin
179 1614 249 1643 Isaac
262 1613 419 1642 immolari.
433 1620 444 1648 [
456 1614 612 1645 Arbitrans,
625 1613 685 1650 quia.
696 1615 723 1639 ὅ(
734 1622 746 1639 a
758 1613 871 1640 mortuis
882 1610 924 1638 su-

116 1655 218 1684 scitare
231 1666 329 1693 potens
339 1654 375 1682 est
386 1655 462 1682 Deus
473 1675 479 1680 .
494 1656 504 1685 ]
530 1654 632 1681 Sciebat
645 1654 718 1680 enim
729 1663 784 1681 non
798 1652 869 1691 poste
878 1652 924 1679 de-

119 1697 175 1734 cipi
186 1697 216 1724 ab
227 1707 269 1729 eo,
282 1696 329 1735 qui
339 1693 502 1733 promiserat
513 1705 545 1722 ex
557 1693 627 1722 Isaac
639 1692 778 1721 nascituri]
791 1693 923 1725 Mediam,

121 1738 193 1765 unde
204 1747 292 1766 certus
303 1745 359 1765 erat
371 1735 398 1763 se
407 1734 579 1763 reversurum
590 1744 650 1762 cum
662 1734 721 1761 filio
733 1735 765 1762 ad
776 1733 867 1762 sci-ros
878 1755 884 1760 .

81 1780 150 1816 Cap.
164 1788 211 1813 25·
223 1789 250 1807 v.
261 1785 287 1806 6.
314 1784 324 1812 [
339 1777 416 1805 Filiis
427 1785 515 1804 autem
528 1775 740 1803 concubinarum
753 1775 865 1813 largitus
888 1774 924 1801 est

121 1829 235 1847 munera
245 1840 253 1851 ,
276 1823 303 1847 &
322 1817 455 1855 separavit
467 1828 510 1845 eos
529 1815 644 1844 abisaac
666 1815 725 1843 filio
734 1814 782 1843 suo
793 1818 823 1846 .]
848 1816 926 1843 Con<

127 1859 283 1888 ‹ubimrum
303 1867 419 1887 nomine
430 1858 627 1895 intelliguntur
648 1857 751 1884 Cetura
762 1879 768 1887 ‚
792 1860 820 1884 δε
832 1858 907 1894 Agar
918 1878 925 1887 ‚

121 1910 181 1937 ‹111ae
196 1911 287 1928 tamen
297 1900 356 1927 aliis
368 1899 398 1927 in
409 1899 477 1926 locis
488 1907 623 1926 vocantur
635 1907 731 1924 uxores
741 1919 748 1929 ‚
768 1897 805 1924 ita
816 1905 927 1925 vocatur

126 1942 230 1970 Cenum
240 1940 293 1969 hoc
305 1941 401 1969 eodem
415 1949 504 1977 capite
515 1961 522 1972 ,
537 1949 563 1968 v.
579 1950 602 1966 1.
613 1942 639 1966 δε
650 1941 725 1976 Agar
738 1959 744 1969 ‚
764 1947 819 1975 cap.
836 1944 878 1965 16.
899 1947 925 1965 v.

127 1993 156 2019 13
164 2003 170 2008 .
181 1981 251 2010 infra
262 2003 270 2014 ,
292 1981 311 2009 si
323 1991 390 2020 ergo
400 1990 477 2009 erant
486 1990 584 2008 uxores
593 1999 601 2010 ,
621 1989 667 2006 cur
679 1979 851 2016 appellantur
861 1988 927 2005 con-

125 2022 252 2051 cubiuae?
275 2022 445 2059 Respondeo
456 2043 463 2053 ‚
484 2031 556 2048 verae
570 2041 577 2051 ,
596 2030 624 2047 ac
637 2020 769 2057 legitima:
788 2029 886 2047 uxores
898 2029 925 2046 e—

124 2073 186 2090 rant
198 2084 205 2094 ‚
226 2063 287 2100 quis.
300 2072 392 2090 tamen
402 2061 582 2100 ignobiliores
595 2082 602 2092 ,
626 2062 653 2087 ac
665 2060 749 2087 servse
762 2082 769 2092 ‚
792 2069 926 2088 vocantur

125 2104 285 2131 concubina:
298 2125 305 2135 ,
330 2103 403 2141 quasi
413 2102 593 2130 concubantes
604 2122 611 2133 ,
623 2110 734 2139 quarum
749 2101 799 2128 filii
810 2111 867 2128 non
878 2099 925 2128 ha—

124 2145 218 2172 bebant
236 2146 277 2179 jus
289 2143 322 2172 ad
345 2153 485 2181 paternam
504 2141 698 2169 haereditatem
710 2163 716 2173 ,
739 2140 785 2169 sed
797 2142 925 2178 primaria

125 2195 196 2213 uxor
205 2193 261 2212 erat
281 2184 405 2212 Domina
418 2205 425 2215 ‚
447 2182 556 2220 ejusque
577 2182 642 2210 filiis
654 2192 761 2219 integra
780 2182 926 2209 debebatur

121 2225 267 2253 haereditas
278 2246 287 2257 ‚
309 2224 415 2253 caeteris
428 2234 494 2250 vero
513 2224 584 2250 dona
597 2233 646 2260 pro
657 2224 742 2250 Patris
759 2222 873 2250 arbitrio
883 2223 924 2249 da.

124 2266 221 2293 bantur
231 2286 237 2292 .
264 2267 321 2294 FR.
332 2267 367 2293 V.
390 2264 551 2292 Concltbma
563 2274 590 2290 in
602 2264 712 2291 Hierol.

83 2306 155 2342 Cap.
170 2316 216 2342 32.
238 2316 265 2333 v.
279 2317 324 2341 24.
350 2312 360 2341 [
374 2309 408 2333 Et
430 2314 490 2332 ecce
500 2313 543 2332 vir
561 2305 707 2332 luctabatur
726 2314 787 2332 cum
799 2314 832 2332 eo
844 2301 925 2341 usque

125 2355 204 2373 mane
214 2365 220 2371 .
232 2348 244 2377 ]
258 2347 311 2373 Hic
324 2355 416 2374 tamen
430 2355 472 2373 vii·
483 2354 598 2372 vocatur
609 2345 732 2383 Angelus
742 2365 749 2371 .
759 2344 833 2373 Osee
844 2354 866 2371 c.
881 2354 923 2372 η.

124 2386 179 2415 imo
189 2385 259 2413 infra
271 2406 278 2418 ,
302 2396 328 2414 v.
340 2391 386 2416 28.
411 2385 581 2416 Deinomen
600 2385 646 2416 sibi
665 2385 791 2424 usurpat,
813 2385 923 2415 dicens:

975 1002 1108 1031 Turbastis
1119 1012 1161 1029 me
1169 1023 1177 1034 ,
1202 1005 1229 1029 ὃ(
1239 999 1366 1028 odiosum
1378 1000 1478 1029 fecistis
1486 1012 1529 1029 me
1539 1022 1545 1028 .
1559 1004 1570 1032 ]
1597 1002 1700 1038 Quibus
1710 1012 1773 1030 ver-

974 1043 1013 1071 bis
1024 1043 1106 1080 Jacob
1127 1040 1305 1079 reprehendit
1316 1040 1366 1069 hos
1383 1042 1450 1071 duos
1462 1042 1534 1070 filios
1555 1043 1663 1077 injustae
1684 1042 1778 1070 vindi-

979 1085 1026 1112 ὅτε
1038 1093 1133 1112 contra
1141 1082 1243 1111 sororis
1251 1090 1376 1120 raptores
1388 1104 1396 1115 ,
1418 1083 1448 1110 in
1459 1092 1509 1120 qua
1521 1083 1644 1112 vindicta
1655 1083 1779 1121 graviter

975 1125 1153 1162 deliquerunt
1172 1123 1321 1160 multiplici
1333 1134 1364 1151 ex
1387 1124 1476 1161 capite
1485 1145 1494 1156 ,
1516 1124 1607 1162 primo
1617 1123 1777 1161 impruden-

977 1166 1023 1193 tiae
1036 1177 1046 1197 ,-
1066 1164 1155 1192 inscio
1165 1164 1328 1192 eniumrc
1347 1163 1400 1191 hoc
1410 1174 1553 1202 patrarunt
1565 1185 1573 1193 .
1597 1165 1721 1193 Secundo
1735 1163 1777 1191 in-

975 1206 1089 1242 justitiae
1102 1227 1109 1237 ,
1128 1214 1271 1232 moventes
1290 1205 1392 1233 bellum
1411 1205 1572 1239 auitos-itate
1593 1205 1698 1244 privata
1719 1215 1778 1233 non

975 1246 1103 1274 consulto
1113 1245 1306 1274 Patresnmilias
1318 1267 1325 1277 ,
1336 1246 1406 1283 apud
1419 1256 1499 1284 quem
1510 1257 1566 1274 crat
1573 1249 1615 1282 jus
1625 1245 1754 1275 vindictas
1768 1265 1778 1272 .

973 1287 1070 1316 Tertio
1089 1286 1259 1324 proditionis
1270 1296 1277 1315 3
1300 1285 1468 1314 ulciscuntur
1487 1286 1561 1314 enim
1583 1286 1711 1321 injuriam
1721 1288 1778 1320 jam

976 1327 1158 1356 condonatam
1168 1347 1175 1354 .
1201 1327 1308 1361 Quarto
1318 1325 1454 1364 sacrilegii
1466 1337 1473 1356 5
1486 1337 1546 1354 nam
1556 1326 1651 1354 dolose
1661 1327 1776 1354 abutun-

977 1378 1019 1396 tur
1030 1367 1235 1395 circumcisione
1265 1365 1375 1401 Quinto
1385 1367 1553 1395 trudelitatis
1566 1388 1573 1398 ‚
1583 1367 1644 1404 quia
1654 1365 1779 1404 graviter

976 1407 1063 1440 laesos,
1075 1412 1102 1436 ὅ(
1113 1407 1228 1436 ειίἩίξὶος
1239 1417 1271 1436 ex
1284 1407 1386 1434 recenti
1398 1407 1512 1434 vulnere
1521 1407 1682 1434 occiderunt
1692 1427 1699 1434 .
1711 1407 1778 1434 Sex-

977 1459 1008 1477 to
1018 1448 1201 1486 oppressionis
1214 1447 1395 1475 innocentum
1407 1458 1414 1477 3
1435 1457 1492 1475 non
1504 1456 1577 1474 enim
1588 1446 1676 1474 solum
1688 1456 1779 1484 rapto-

978 1499 1034 1518 rem
1043 1512 1049 1522 ,
1063 1488 1108 1517 scd
1120 1498 1214 1517 omnes
1226 1488 1355 1516 masculos
1365 1489 1533 1526 jugularunt.
1546 1488 1614 1516 Ideo
1626 1488 1709 1524 Jacob
1719 1497 1777 1514 mo-

978 1532 1051 1559 riens
1060 1530 1203 1559 maledixit
1214 1528 1256 1556 his
1265 1528 1496 1565 filiis.Gen.49.v.
1504 1538 1527 1562 5.
1539 1529 1677 1563 [Simeom
1685 1532 1712 1556 δε
1721 1529 1772 1557 Le-

981 1572 1008 1599 vi
1022 1572 1113 1599 fram-es
1126 1570 1185 1599 vasa
1195 1569 1352 1608 iniquitatis
1361 1569 1503 1600 bellantia]
1518 1570 1569 1597 His
1582 1580 1637 1597 non
1648 1569 1782 1597 obstanti-

980 1613 1025 1641 bus
1035 1613 1062 1639 in
1074 1612 1171 1649 Judith
1183 1623 1212 1648 9.
1225 1621 1252 1639 v.
1266 1622 1291 1638 2.
1302 1611 1510 1638 commendatur
1518 1609 1574 1638 haec
1584 1610 1654 1638 ac‘tio
1664 1609 1707 1637 his
1718 1620 1780 1639 ver·

980 1654 1029 1682 bis:
1044 1654 1130 1687 [Deus
1141 1652 1229 1681 Patris
1240 1651 1294 1679 mei
1307 1652 1479 1689 Simcon‚qui
1490 1650 1588 1679 dedisti
1600 1651 1643 1679 illi
1653 1650 1778 1688 gladium

981 1696 1010 1722 in
1020 1693 1209 1721 defensionem
1221 1692 1446 1730 alienigenarum,
1457 1692 1505 1730 qui
1518 1692 1666 1720 violatores
1676 1692 1777 1719 extite—

982 1744 1047 1763 runt
1068 1734 1099 1762 in
1108 1734 1336 1772 coinquinatione
1346 1732 1391 1761 sua
1403 1754 1411 1765 ,
1431 1736 1457 1761 δε
1469 1732 1677 1761 denudaverunt
1690 1732 1779 1759 femur

982 1775 1102 1813 virginis
1116 1774 1146 1802 in
1157 1774 1346 1803 confusionem
1357 1795 1364 1806 ,
1376 1778 1402 1802 ὃ(
1415 1773 1516 1802 dedisti
1528 1774 1655 1801 mulieres
1667 1771 1779 1801 illorum

982 1817 1011 1844 in
1024 1816 1143 1853 praedam
1155 1837 1162 1848 ,
1174 1820 1200 1845 ὃ(
1211 1815 1280 1844 filias
1289 1815 1402 1843 illorum
1412 1815 1441 1842 in
1454 1814 1644 1852 caPtivitatem
1657 1835 1665 1846 ‚
1685 1817 1780 1842 &om-

982 1867 1046 1884 nem
1058 1857 1177 1894 praedam
1188 1858 1215 1885 in
1226 1855 1393 1884 divisionem
1405 1855 1490 1883 servis
1499 1856 1552 1883 tuis
1566 1856 1610 1893 qui
1621 1854 1782 1884 zelaverunt

983 1898 1073 1926 zelum
1085 1907 1170 1925 tuum.
1183 1899 1194 1928 ]
1208 1897 1374 1935 Respondeo
1385 1919 1392 1930 ,
1404 1897 1479 1924 Deus
1489 1896 1517 1924 in
1527 1894 1580 1924 hoc
1591 1895 1650 1924 casu
1661 1894 1688 1923 se
1698 1895 1780 1934 geffit

983 1938 1048 1966 sicut
1059 1948 1120 1966 cum
1131 1937 1413 1971 Nabuchodonosore,
1423 1937 1464 1965 cui
1478 1947 1643 1975 pra-’ceperat
1653 1937 1721 1971 Tyri
1733 1947 1781 1964 ex-

983 1980 1189 2017 pugnationem3
1205 1979 1272 2007 item
1282 1979 1328 2007 dat
1339 1989 1445 2016 opes,ac
1456 1988 1528 2006 vires
1538 1977 1678 2013 Tyrannis
1687 1977 1720 2005 ad
1730 1987 1780 2015 pu-

983 2020 1099 2047 niendos
1109 2020 1232 2052 rebelles,
1244 2021 1290 2058 qui
1299 2020 1394 2056 justam
1406 2019 1558 2047 vindictam
1570 2018 1712 2056 promeriti
1724 2018 1781 2046 fue—

982 2070 1043 2087 rant
1055 2083 1062 2092 ,
1080 2061 1145 2088 litet
1156 2061 1202 2089 ille
1211 2061 1282 2088 astus
1294 2083 1300 2093 ,
1324 2071 1378 2099 quo
1391 2069 1506 2088 utuntur
1527 2059 1655 2093 Tyranni
1674 2058 1708 2086 ad
1717 2068 1781 2086 exe-

982 2101 1116 2138 quendam
1127 2101 1252 2129 dirinam
1264 2102 1437 2130 voluntatem
1449 2121 1456 2132 ‚
1476 2098 1622 2137 displiceat
1631 2099 1683 2137 ipsi
1700 2100 1763 2127 Deo
1774 2119 1781 2126 .

982 2142 1055 2169 Sicut
1066 2142 1093 2168 in
1105 2141 1234 2179 praesenti
1246 2141 1306 2170 casu
1318 2163 1324 2169 .
1349 2142 1466 2170 Volebat
1475 2142 1550 2168 Deus
1561 2139 1655 2168 ulcisci
1668 2139 1782 2177 probro-

981 2181 1039 2210 sum
1052 2192 1159 2220 raptum
1170 2183 1253 2211 Dmae
1265 2204 1273 2215 ‚
1291 2182 1350 2210 usus
1361 2183 1398 2210 est
1410 2183 1472 2210 zelo
1481 2182 1617 2209 Simeonis
1628 2203 1636 2213 ,
1654 2185 1681 2209 ὅ(
1693 2180 1782 2212 Levi,

981 2223 1027 2260 qui
1041 2224 1102 2251 zelo
1119 2222 1258 2260 pudicitiae
1270 2224 1302 2251 ad
1313 2223 1450 2251 ultionem
1461 2222 1644 2250 movebantur
1654 2243 1661 2254 ,
1685 2229 1781 2257 exiquo

982 2273 1070 2301 capite
1089 2264 1170 2302 digni
1182 2274 1258 2291 erant
1269 2264 1384 2302 praemio
1394 2285 1401 2296 ‚
1421 2267 1447 2291 ὃς
1460 2262 1538 2291 laude
1548 2283 1557 2290 .
1575 2265 1614 2291 At
1627 2262 1688 2300 quia
1704 2260 1780 2288 zelus

982 2304 1030 2332 iste
1042 2304 1093 2332 suit
1105 2305 1264 2342 imprudens
1275 2326 1284 2338 ,
1301 2304 1417 2340 injustus
1429 2326 1436 2336 ,
1457 2303 1577 2331 crudelis
1588 2323 1595 2334 ,
1605 2313 1634 2330 ac
1645 2301 1781 2328 virtutum

982 2344 1084 2373 limites
1094 2346 1230 2374 excedens
1241 2367 1249 2378 ‚
1262 2344 1419 2384 gravissime
1429 2352 1583 2382 peccarunt,
1594 2345 1622 2370 ὅ(
1632 2339 1782 2368 secundum

983 2384 1053 2414 hanc
1071 2386 1321 2418 considerationem
1349 2396 1408 2414 non
1425 2384 1580 2414 servierunt
1604 2380 1710 2450 divinlae
1730 2390 1782 2408 vo-

1690 2430 1742 2451 un*

1802 0 1848 119 i

1823 128 1850 176 ³³2

1827 196 1849 209 ,Α

1832 200 1851 310 i

1849 314 1852 325 i

1848 338 1853 347 t
