1866 2526
0 2207 3 2299 ῑ

52 1320 211 1350 ORGANuM
223 1340 231 1352 ,
250 1316 355 1357 c'v'pyuiov
364 1338 370 1344 -
397 1318 566 1356 [Organum
578 1319 740 1347 vocabulum
759 1320 796 1348 est
808 1330 891 1358 gene-

387 16 390 19 .
418 2 433 31 g
443 0 497 24 πε,
525 32 527 35 ¹
559 7 570 15 -

103 107 222 148 quenti:
231 101 275 134 illi
280 100 406 134 Dic-etesi
413 93 544 139 subiectus
556 113 565 134 ί
587 112 613 132 :it
622 99 742 132 {Rullus
755 101 902 143 Episcopus

103 149 163 178 fine
177 142 396 178 diambi-infilius
412 141 512 172 litteris
528 142 686 172 Dioecesani
703 146 792 183 potest
811 143 901 183 perso-

104 196 171 219 nam
187 185 296 216 alterius
313 178 514 221 jffisdiffionis
533 183 567 212 ad
586 184 698 213 ordines
718 194 882 223 promovere
893 197 900 215 ς

101 237 207 269 quanto
225 224 311 265 magis
321 224 503 254 subdiaconus
521 227 657 254 Romame
678 226 804 255 Ecclesiae
817 225 898 261 subje-

101 271 161 299 &ns
170 267 332 306 nequiverat
341 264 466 294 ordinari
475 266 506 294 ab
514 264 650 304 Episcopo
660 267 832 296 Bononiensi
842 287 850 299 ‚
868 266 900 310 si—

102 305 260 340 ne¹licentia
278 308 413 336 Romanae
435 305 559 335 Ecclesiae
580 305 710 344 Episcopi
722 317 731 337 ς
749 310 842 347 Atque
851 316 896 334 mi-

101 360 150 379 ror
157 347 279 378 Gloss'am
297 346 456 383 juxmituli
468 344 576 375 sensum
595 356 702 375 textum
711 357 897 376 commentan-

100 401 158 420 tem
179 389 330 429 ponderare
340 407 351 423 ,
367 387 442 426 quod
462 387 553 424 potius
571 387 604 416 sit
612 397 680 415 onus
692 410 699 420 ,
719 397 797 426 quain
808 387 900 432 honor

99 431 270 461 subdiacono
278 428 403 458 Ecclesiae
416 430 548 457 Romanae
558 438 568 458 ς
589 427 655 456 dum
666 427 724 456 haec
736 430 829 473 regula
839 439 899 457 uni-

100 471 213 501 versalis
223 471 280 504 est,
300 480 330 498 ut
340 468 400 497 dixi
411 479 419 498 ;
439 477 536 497 omnes
555 467 688 506 siquidem
707 468 815 497 Clerici
833 479 898 497 curi-

99 513 201 541 &arum
210 510 379 541 Dioecefiurn
389 530 399 542 ‚
419 508 467 547 qui
477 507 587 537 nonnisi
597 519 610 537 :i
619 508 734 547 proprio
741 508 879 553 *Episcopo
891 531 898 542 ‚

100 554 147 582 vel
157 554 192 581 de
213 562 268 587 eius
279 549 394 579 licentia
401 550 434 578 ab
442 549 496 578 alio
505 547 643 587 Episcopo
665 549 700 577 ad
710 548 778 577 :ilios
788 549 900 578 ordines

99 592 259 632 promoveri
278 590 388 632 possunt
399 612 407 623 ‚
426 589 459 618 :id
470 589 523 618 hoc
532 599 602 617 onus
619 589 702 617 etiam
712 588 821 625 subjefti
835 589 898 618 sunt

99 635 195 672 procul
205 633 298 662 dubio.
307 633 352 661 De
362 629 543 659 ecclesiasticis
552 629 692 658 ordinibus
701 631 792 668 agitur
804 631 897 669 fingii·

98 674 179 703 latim
192 674 222 702 in
230 684 289 702 caii.
302 671 426 711 perleftis
435 691 443 702 ,
463 669 526 698 dist.
541 682 554 698 2
562 679 587 705 ς.
597 673 624 698 &
632 669 680 698 liic
692 671 723 698 in
733 670 897 699 dictionibus

98 715 237 744 Acolurus
248 734 256 741 .
266 712 424 749 Anagnqssa
432 731 439 738 .
453 710 642 748 Ceroferavius
653 731 660 738 .
671 711 796 740 Clericus
808 732 814 738 .
826 715 897 740 Dia-

99 765 180 783 conus
191 773 199 781 .
229 754 372 789 Exorcista
390 771 397 778 .
424 753 515 779 Lestor
525 771 532 778 .
555 753 693 788 ostiarius
705 773 712 780 .
738 753 896 796 Presbyter.

103 795 258 831 Psalmista
267 814 273 821 .
292 792 420 821 Sacerdos
430 811 438 818 -
455 792 644 820 Subdiaconus
656 812 663 820 .
675 793 800 828 Tonsura
810 813 816 819 .
840 793 896 828 Qui

97 834 220 863 ordinari
241 842 377 872 nequeant
387 852 394 859 .
423 832 497 860 Vide
516 837 726 868 Energumenus
737 852 752 876 .,
763 836 896 861 Promotio

90 874 210 913 furtiva
220 894 227 902 .
240 876 440 904 Rate‘ocinium.
449 872 572 902 Ordines
582 872 754 902 ecclesiastici
764 874 896 902 Heln-xo-

96 925 156 944 rum
167 934 175 942 .
186 915 259 944 Vide
268 914 455 943 subdiaconus
466 912 551 941 initio
562 933 569 940 .

57 955 148 984 Oitno
159 957 321 984 Nicnoxmt
332 975 339 981 .
363 953 437 982 Vide
447 959 592 990 Nigrorum
602 955 673 982 Ordo
683 975 691 983 .

55 996 146 1024 Oeno
157 997 279 1026 Officii
291 1017 300 1028 ‚
311 994 382 1032 saepe
392 1003 462 1022 errat
473 1014 480 1021 .
507 993 580 1022 Vide
591 996 700 1024 Oc'bava
708 1016 714 1023 .
725 995 876 1034 Symbolum
887 1016 894 1022 .

55 1036 147 1064 0⁸00
159 1038 283 1066 Pineum
293 1056 300 1063 .
322 1034 396 1063 Vide
415 1038 511 1063 Canon
522 1035 605 1072 Miffae
616 1055 623 1062 .
855 1076 860 1080 .

55 1076 198 1105 OREBITAE
211 1098 218 1109 ,
239 1080 265 1104 ὅ(
278 1076 407 1104 Horebita
421 1095 428 1107 ,
447 1073 640 1103 haereticorum
649 1074 718 1104 secta
729 1098 736 1108 ‚
755 1087 789 1105 ex
802 1076 893 1105 sastio

96 1127 132 1146 ne
145 1116 314 1145 Huffitarum
327 1138 334 1150 ‚
354 1116 390 1145 sic
399 1115 529 1154 appellati
539 1126 553 1143 a
562 1116 689 1144 castello
699 1119 786 1146 Horeb
797 1140 804 1150 ,
822 1127 851 1145 ut
860 1117 893 1145 ad

96 1167 222 1186 montem
241 1155 318 1192 hujus
331 1156 450 1185 nominis
461 1177 469 1188 ,
489 1157 519 1184 in
537 1166 592 1194 quo
601 1157 676 1185 Deus
695 1158 784 1192 Moysi
803 1158 892 1196 legem

95 1198 246 1226 tradiderat
257 1219 264 1229 ‚
275 1198 439 1227 alluderent;
450 1197 580 1231 jastantes
591 1195 619 1224 se
629 1197 659 1225 in
667 1198 763 1226 eodem
775 1200 836 1226 loco
847 1209 892 1226 eo-

95 1249 156 1267 rum
171 1237 233 1266 falsa
242 1238 368 1276 dogmata
378 1235 503 1275 recepisse
513 1257 521 1269 ‚
532 1237 579 1275 qui
589 1237 773 1275 implacabiles
784 1238 888 1267 Catho.

95 1279 212 1308 litorum
221 1277 368 1307 adversarii
377 1278 497 1305 extitere
507 1297 514 1304 .
528 1277 602 1306 Vide
610 1280 760 1308 Thaborita
772 1300 779 1307 .

94 1362 151 1389 rale
160 1359 285 1388 vasorum
296 1360 458 1388 muiicomm
470 1381 477 1391 ‚
500 1357 553 1386 hoc
562 1369 652 1386 autem
663 1360 712 1388 cui'
720 1359 798 1389 folles
810 1359 886 1388 adhir

93 1401 190 1430 bentur
202 1422 209 1433 ,
222 1400 396 1434 Hydrauluni
406 1400 500 1428 Graeci
509 1399 653 1428 nominant
664 1421 670 1427 .
691 1400 735 1429 Ut
744 1411 835 1430 autem
846 1411 898 1449 or-¹

94 1451 196 1480 ganum
207 1442 321 1474 dicatur,
334 1440 419 1478 magis
428 1450 458 1467 ea
469 1440 762 1478 vulgaris‘consuetudo
772 1462 779 1468 .
790 1442 889 1470 Isidor-

95 1483 141 1509 lib.
152 1492 179 1518 3.
189 1491 276 1516 etym.
287 1491 344 1518 cap.
359 1485 403 1509 28.
416 1482 427 1510 ]
439 1480 473 1507 de
483 1490 537 1518 quo
547 1480 650 1508 cecinit
662 1482 782 1510 Venant.
794 1475 898 1510 Fortu-¹

99 1530 177 1549 natus
188 1521 217 1548 in
225 1521 415 1558 descriptione
427 1520 507 1548 Cleri
521 1520 546 1548 S.
556 1521 690 1548 Germani
701 1521 830 1564 Episcopi
841 1542 849 1550 .

136 1561 212 1589 Hinc
222 1571 288 1598 puer
296 1560 401 1598 exiguis
413 1569 575 1598 attemperat
586 1571 688 1599 organa
699 1572 791 1589 cannis
801 1583 810 1596 ,

178 1602 249 1630 Inde
259 1599 342 1629 senex
355 1601 456 1637 largam
467 1601 553 1628 rue’tat
563 1601 593 1628 ab
603 1612 651 1630 ore
661 1601 752 1630 tubam
762 1622 769 1630 .

134 1642 306 1676 Cymbalicae
318 1651 397 1669 voces
408 1641 515 1669 calamis
527 1640 676 1670 miscentur
687 1642 771 1671 acutis
781 1664 789 1676 ‚

173 1681 383 1720 Dispaiubusque
392 1682 479 1719 tropis
490 1680 576 1710 fistula
583 1682 663 1710 dulce
673 1681 751 1711 sonat
763 1704 770 1712 .

138 1724 282 1759 Tympana
292 1733 351 1750 rau(
358 1733 370 1750 a
381 1721 475 1749 senum
486 1722 597 1759 puerilis
606 1721 693 1750 fistula
701 1724 804 1752 mulcet
813 1746 821 1757 ‚

175 1766 270 1801 Atque
285 1762 432 1791 hominum
441 1771 567 1800 reparant
586 1763 666 1791 verba
675 1765 869 1801 canoralyrsm
883 1785 890 1791 .

94 1805 189 1840 Atque
199 1804 236 1831 D.
250 1804 427 1842 Augustinus,
439 1803 468 1830 in
480 1801 577 1831 Psalm.
588 1807 637 1839 98.
647 1804 754 1842 inquit:
769 1810 781 1839 [
795 1808 888 1844 Roga-

94 1853 151 1870 mus
163 1853 214 1880 pro
227 1843 283 1871 illis
295 1865 302 1876 ‚
313 1853 342 1871 ut
354 1843 401 1881 qui
411 1843 608 1871 delectabiliter
616 1844 729 1872 audiunt
737 1855 869 1883 organum
880 1868 888 1879 ,

93 1883 278 1911 delefftabilius
296 1884 408 1912 audiant
423 1893 520 1911 vocem
539 1883 611 1911 Dei.
625 1887 636 1916 ]
663 1886 719 1914 PR.
730 1886 775 1914 De
784 1896 890 1925 organo

93 1923 208 1961 aliisque
227 1923 417 1952 instrumentis
439 1923 604 1952 musicalibus
617 1946 624 1957 ‚
645 1934 705 1963 quae
724 1926 754 1953 in
773 1928 889 1956 Ecclesia

92 1964 293 2002 permittuntur
302 1986 309 1997 ‚
330 1968 358 1993 δς
371 1964 480 2003 quando
491 1974 521 1992 ea
541 1964 697 1993 introducta
719 1965 792 1995 suere
804 1979 811 1999 ς
831 1969 888 2006 agit

94 2005 227 2032 Batonius
239 2015 280 2032 an.
294 2011 340 2033 60.
355 2015 429 2033 num.
441 2011 488 2042 36.
510 2005 554 2032 De
563 2015 668 2044 organo
677 2006 820 2035 musicalia
830 2009 886 2037 Co>

93 2055 232 2083 pronynio
254 2046 323 2083 Imp.
343 2045 444 2083 Pipino
463 2045 617 2074 Galliarum
634 2047 707 2085 Regi
727 2046 886 2076 mislbidem

90 2088 191 2115 Bai-on.
211 2096 284 2114 anno
295 2094 361 2118 770.
383 2095 456 2114 num.
477 2095 522 2114 ιο.
540 2085 638 2114 refert.
660 2088 732 2115 Item
752 2088 888 2117 Cantores

90 2126 214 2155 Romani
235 2126 387 2154 docuerunt
407 2126 501 2154 Gallos
511 2136 644 2164 organum
667 2125 789 2165 pulsare.
808 2129 885 2158 Idem

87 2169 188 2195 Baron.
201 2177 263 2194 ann.
275 2178 289 2199 7
298 2171 342 2198 87.
353 2175 426 2194 num.
436 2173 484 2203 69.
494 2169 521 2195 ὅ(
531 2177 576 2199 70.
591 2167 664 2195 Vide
674 2171 784 2196 Cantus
794 2188 802 2196 .
820 2174 886 2199 Fia-

89 2207 119 2234 t'a
129 2226 136 2233 .
148 2208 309 2245 Hydraulus
320 2227 328 2234 .

51 2246 207 2275 Ouoaxun
220 2250 423 2280 Amnestum,
440 2246 475 2276 de
484 2247 578 2291 quoin
598 2259 623 2276 2.
633 2250 706 2287 Reg.
725 2258 748 2277 c.
761 2255 788 2279 6.
808 2249 885 2280 habe-

87 2295 132 2315 tur
141 2289 175 2320 ss]
199 2290 232 2316 Et
242 2287 336 2316 David
347 2289 513 2325 percutieoit
534 2298 562 2316 in
572 2289 684 2327 organis
702 2291 840 2329 armigatis
850 2294 883 2325 ‚]

84 2328 200 2365 exponit
211 2329 245 2356 ibi
258 2326 378 2362 Dionys.
389 2327 518 2357 carthus.
532 2335 544 2364 [
556 2329 629 2357 Idest
640 2351 648 2362 ,
658 2330 691 2358 ad
702 2340 804 2359 armum
815 2353 823 2365 ,
834 2331 882 2361 hu-

85 2375 229 2397 merunive
241 2369 332 2408 ligati»
344 2390 353 2401 ‚
371 2378 400 2397 ut
413 2368 473 2398 fieri
483 2369 514 2400 in
530 2370 642 2409 organis
659 2371 831 2410 portatilibus
840 2372 881 2401 so-

126 2410 320 2440 ,ridentes-icon
338 2412 432 2439 Macri
443 2429 451 2438 .

1243 13 1285 90 Ο
1321 48 1364 90 R
1626 50 1702 102 481

957 101 995 132 let
1008 123 1015 132 .
1025 102 1080 133 vel
1090 101 1240 133 secundum
1249 106 1401 135 nonnullos
1409 115 1494 144 genus
1503 106 1540 135 est
1550 110 1646 146 organi
1660 131 1668 143 ‚
1681 108 1756 148 quod

957 142 990 172 fit
999 153 1061 173 cum
1073 155 1151 184 aqua,
1162 144 1226 184 quia
1236 156 1293 175 non
1303 145 1383 175 sonat
1391 166 1401 179 ,
1412 147 1461 175 nisi
1473 147 1567 175 habeat
1579 159 1674 186 aquam
1683 162 1691 178 :
1703 151 1752 180 ita-

956 194 1009 223 que
1017 195 1084 224 aqua
1096 185 1210 224 ponitur
1220 187 1251 214 in
1259 187 1432 216 concavitate
1443 209 1450 219 ,
1465 196 1494 215 ut
1508 186 1604 216 sonum
1618 191 1713 220 reddat
1724 193 1754 223 .]

954 225 1007 254 Sed
1017 225 1035 254 si
1047 231 1180 265 organum
1197 227 1342 265 quodlibet
1353 227 1477 256 musicale
1502 228 1712 260 instrumentum
1723 232 1756 261 si-

954 264 1066 304 gnificat
1076 287 1085 300 ,
1107 275 1137 294 ut
1148 258 1227 306 supra
1238 267 1327 296 visum
1340 267 1391 296 suit
1402 289 1410 300 ,
1431 269 1527 298 melius
1537 274 1549 304 <
1559 271 1733 305 meoiudicio
1743 277 1756 304 )

956 316 1160 344 exponeretur,
1171 307 1246 346 quod
1257 307 1366 337 fuiss'ent
1377 319 1433 337 tion
1443 320 1547 349 organa
1557 333 1566 344 ‚
1577 309 1623 339 sed
1633 311 1684 340 :ilia
1697 323 1756 341 mu-

954 345 1043 375 sicalia
1061 347 1242 376 instrumenta
1261 348 1292 378 in
1303 348 1442 383 humeris,
1462 350 1510 380 sen
1523 352 1554 380 ab
1571 351 1693 381 humeris
1708 352 1752 382 su-

955 386 1069 416 stentata
1077 407 1085 415 .

918 426 928 439 “
937 426 1070 457 ΟκῡΑκΑ
1080 449 1088 456 .
1108 428 1210 458 Musica
1223 429 1250 458 in
1261 430 1388 461 Ecclesiis
1397 442 1474 471 :eque
1493 433 1606 472 antiqua
1616 434 1653 462 est
1671 446 1751 474 atque

955 465 1019 496 sunt
1032 469 1157 506 Apostoli
1170 491 1178 502 ,
1200 469 1246 499 sed
1258 472 1357 501 Musica
1369 472 1583 502 instrumentalis
1594 476 1732 504 nonitem
1746 496 1754 504 .

956 509 1028 536 Nam
1038 509 1091 537 viri
1101 510 1204 539 eruditi
1214 521 1286 540 nunc
1296 512 1408 551 quidem
1416 514 1571 552 generatim
1582 515 1613 543 in
1623 514 1676 544 hoc
1685 527 1752 545 con-

952 546 1078 577 sentiunt
1088 571 1097 583 ‚
1109 549 1186 578 usum
1197 561 1365 590 organorum
1376 554 1405 581 in
1418 555 1563 585 Ecclesiam
1576 556 1635 594 post
1645 557 1750 587 Thema

954 592 1113 627 Aquinatis
1123 591 1233 620 demum
1243 603 1366 632 tempora
1377 594 1565 624 introdustum
1577 595 1628 625 esth
1640 617 1647 625 .
1659 599 1695 626 In
1703 597 1735 626 si]
1744 616 1753 620 -
1768 630 1772 632 v

953 638 996 656 ma
1007 630 1083 657 enim
1095 630 1258 670 Tlieologiae
1269 633 1329 662 liaec
1340 635 1420 663 verba
1430 635 1509 665 habet
1519 657 1526 665 .
1542 658 1561 670 „
1577 638 1697 676 Ecclefia
1705 650 1751 667 no-

954 670 1040 706 „stra
1051 681 1102 698 non
1113 673 1242 709 adsumit
1252 676 1438 710 instrumenta
1447 677 1556 714 Musica
1564 677 1650 715 ,ficut
1661 680 1739 708 citha
1749 695 1755 699 ·

953 730 973 742 „
984 720 1029 738 ras
1042 710 1219 748 &psalteria
1228 716 1259 742 in
1268 715 1386 744 divinas
1397 718 1494 745 laudes
1507 717 1565 751 (γε.
1578 739 1597 751 ,‚
1619 729 1649 747 ut
1669 724 1751 756 Cajae-

953 758 1039 778 tanus
1050 772 1058 784 ,
1069 755 1096 780 δε
1106 758 1254 782 Navarrus
1264 776 1272 787 ‚
1282 755 1316 784 de
1326 766 1396 784 orat.
1406 760 1433 785 S<
1443 756 1519 785 horis
1528 759 1666 788 canonicis
1679 781 1686 792 ,
1704 760 1748 789 iri-

952 791 1078 829 telligei·c
1091 792 1220 822 videntur
1231 814 1238 821 .
1251 795 1266 829 Η
1278 815 1285 822 .
1297 797 1374 825 Cum
1384 807 1451 825 vero
1460 796 1518 826 ὴὲ(
1532 799 1566 827 de
1575 800 1684 838 organis
1695 800 1750 829 dis-

954 830 1068 868 quisitio
1078 854 1085 865 ‚
1095 843 1184 872 neque
1195 834 1228 863 ad
1237 836 1436 866 credendorum
1448 859 1456 871 ‚
1476 849 1564 877 neque
1584 841 1618 868 ad
1630 842 1749 879 agendo.

952 880 1011 898 rum
1023 871 1197 911 disciplinam
1207 873 1310 914 speciet
1321 899 1329 911 ‚
1339 881 1367 907 ὅ(
1377 888 1436 907 tota
1447 879 1613 908 eruditionis
1626 891 1685 909 area
1694 881 1727 910 sit
1741 903 1749 914 ,

951 921 1033 949 pauca
1052 923 1066 941 a
1086 914 1163 942 nobis
1182 916 1212 944 in
1231 914 1285 945 hoc
1304 928 1497 957 argumentum
1515 921 1633 958 proferri
1651 923 1749 951 testor

951 962 1010 980 non
1028 953 1223 993 dedignabitur
1234 978 1239 983 .
1260 959 1347 986 Vetus
1359 960 1466 989 Muficae
1489 962 1560 990 ratio
1578 972 1636 990 tum
1645 962 1749 1001 simpli-

956 993 1014 1021 cior
1023 993 1076 1022 fiiit
1085 1015 1093 1026 ,
1104 1005 1162 1023 tum
1172 997 1288 1035 gravior
1298 1020 1306 1031 ‚
1324 999 1373 1028 etsi
1386 1000 1485 1029 nostris
1496 1000 1570 1030 hisce
1581 1003 1748 1041 temporibus

947 1031 1104 1064 suaviori&
1116 1037 1228 1066 cultiori
1237 1048 1294 1067 arte
1305 1040 1410 1068 constat
1421 1063 1429 1074 ‚
1439 1045 1465 1070 δι
1479 1042 1571 1071 musici
1581 1042 1751 1073 instrumen-

949 1073 970 1101 ti
982 1075 1115 1104 varietate
1155 1078 1274 1117 antique
1288 1080 1321 1108 fit
1331 1080 1515 1119 praeferenda.
1534 1081 1631 1112 Priscis
1641 1093 1749 1124 tempo-

947 1115 1018 1143 ribus
1028 1116 1102 1144 nulla
1113 1116 1221 1146 fuerunt
1233 1130 1334 1159 organa
1343 1142 1351 1154 ,
1374 1132 1434 1159 quae
1455 1133 1505 1151 nec
1517 1123 1611 1161 primis
1622 1125 1747 1154 Ecclesiae

948 1153 1052 1184 seculis
1071 1157 1254 1188 innotuerunt
1266 1172 1273 1188 ε
1286 1162 1329 1190 De
1338 1164 1447 1200 organis
1458 1173 1524 1192 vero
1535 1186 1544 1198 ,
1564 1175 1646 1203 prout
1657 1166 1748 1194 nostra

948 1205 1031 1224 astate
1040 1195 1105 1226 sunt
1121 1222 1126 1230 ,
1140 1199 1324 1239 intelligimus
1335 1222 1342 1229 .
1365 1204 1487 1232 Primum
1500 1205 1570 1242 apud
1581 1208 1693 1234 Graetos
1703 1207 1747 1235 in-

949 1246 1031 1265 venta
1040 1236 1113 1271 sunt,
1124 1238 1190 1268 hinc
1202 1241 1235 1268 ad
1245 1243 1356 1270 Latinos
1367 1244 1539 1278 transierant,
1550 1256 1601 1283 qna
1607 1247 1662 1275 ndo
1674 1251 1746 1276 Con-

939 1278 1087 1313 stantinus
1097 1283 1280 1319 Copronymus
1292 1285 1447 1321 Imperator
1457 1288 1568 1314 Graecus
1580 1309 1587 1319 ,
1607 1297 1637 1315 ea
1648 1291 1744 1325 Pipino

947 1318 1111 1347 Francorum
1124 1321 1195 1359 Regi
1208 1324 1355 1354 transmisit
1365 1344 1371 1351 .
1390 1326 1450 1363 jam
1461 1336 1528 1354 vero
1544 1327 1572 1354 in
1583 1329 1746 1366 Principum

946 1358 1014 1386 aulis
1024 1358 1221 1390 adhibebantur
1231 1385 1238 1395 ‚
1259 1364 1383 1393 nondum
1401 1376 1430 1394 in
1442 1367 1559 1397 Ecclesia
1570 1368 1726 1397 introduc'ta
1735 1389 1743 1397 .

946 1399 1060 1437 Organa
1078 1399 1124 1429 hic
1145 1401 1342 1442 intelliguntur
1354 1408 1494 1443 praustica
1506 1429 1514 1440 ‚
1545 1419 1604 1446 qux
1627 1409 1747 1437 maxime

946 1438 1074 1468 differunt
1093 1441 1123 1469 ab
1143 1443 1320 1478 Hydraulicis
1332 1468 1338 1477 ,
1356 1456 1416 1483 qux
1437 1457 1511 1485 aquae
1524 1470 1532 1481 ‚
1549 1449 1745 1478 concitatione

945 1480 1040 1508 flatum
1049 1481 1188 1520 accipiunt
1199 1506 1208 1517 ‚
1229 1483 1381 1524 sonumque
1393 1487 1479 1515 edunt
1490 1509 1496 1519 ,
1517 1499 1632 1527 quorum
1645 1490 1746 1518 inven-

949 1529 994 1547 tor
1006 1520 1058 1548 'r‘uit
1069 1522 1204 1559 Ctesthz'us
1217 1525 1421 1555 Alexandrinus
1431 1550 1438 1560 ‚
1453 1529 1590 1557 Ptolemae
1601 1533 1743 1569 Evergete

946 1560 1090 1599 σύγχρονος
1101 1582 1107 1588 .
1117 1563 1197 1591 Idem
1209 1567 1375 1602 pneumatica
1388 1578 1500 1606 repetit,
1513 1572 1584 1605 cujus
1598 1580 1744 1608 argumen-

947 1601 970 1628 ti
982 1600 1054 1634 sunt,
1069 1612 1127 1640 quae
1139 1602 1244 1642 scripiit
1259 1612 1329 1635 Hero
1340 1608 1552 1637 Alexandrinus:
1565 1611 1618 1638 Sed
1629 1611 1745 1639 illorum

947 1641 1019 1669 ratio
1031 1641 1085 1670 fere
1094 1643 1237 1681 deperdita
1248 1646 1284 1674 est
1297 1669 1304 1680 ‚
1324 1648 1370 1676 etii
1382 1649 1485 1687 aliquid
1498 1650 1582 1678 limile
1606 1651 1634 1678 in
1652 1650 1743 1680 hortis

951 1683 1088 1711 Romanis
1096 1687 1125 1712 ἃ
1136 1685 1286 1719 Tiburtinis
1297 1688 1383 1716 exstet
1396 1709 1402 1716 .
1416 1693 1498 1718 Erant
1509 1694 1535 1719 δε
1546 1701 1648 1729 organa
1657 1690 1744 1720 scani-

946 1733 975 1750 ca
988 1744 996 1755 ,
1007 1724 1099 1761 quibus
1113 1735 1218 1753 veteres
1229 1725 1407 1765 spectatorum
1419 1740 1495 1758 :uires
1504 1731 1694 1760 demulcebant
1712 1741 1745 1761 ut

946 1764 1061 1801 exponit
1071 1766 1220 1794 Sabellicus
1231 1787 1238 1794 .
1257 1769 1357 1797 Nostra
1380 1780 1445 1799 vero
1456 1770 1592 1800 hodierna
1610 1773 1681 1801 reete
1699 1773 1742 1800 di-

945 1807 1189 1842 cuiiturpneusttca
1200 1828 1208 1839 ‚
1228 1818 1287 1846 qua:
1307 1809 1406 1847 spiritu
1429 1810 1500 1839 fellis
1513 1813 1628 1840 incitato
1644 1811 1743 1841 sonora

946 1843 1015 1872 fiunt
1027 1856 1035 1875 5
1046 1846 1103 1873 hate
1116 1856 1233 1884 primum
1247 1859 1259 1877 a
1271 1851 1375 1878 Ori-<is
1388 1861 1491 1889 reperta
1500 1874 1507 1884 ,
1526 1862 1606 1890 atque
1616 1853 1646 1881 in
1656 1854 1742 1882 Occi-

946 1884 1057 1913 dentem
1070 1887 1219 1916 transmisla
1230 1909 1238 1920 ,
1261 1890 1422 1919 celebriores
1433 1902 1466 1919 ex
1479 1894 1584 1921 francis
1594 1894 1744 1931 scriptori-

947 1924 992 1952 bus
1005 1926 1146 1955 testantur.
1164 1931 1268 1961 Annus,
1281 1940 1335 1967 quo
1346 1942 1451 1959 noxum
1463 1932 1516 1960 hoc
1528 1933 1632 1962 donum
1643 1934 1672 1962 in
1682 1935 1743 1964 Oc-

944 1966 1084 1994 cidentem
1093 1967 1236 1996 advectum
1248 1970 1284 1998 cst
1299 1970 1488 2000 dinumeratur
1498 1983 1557 2008 757
1570 1996 1578 2006 ‚
1599 1985 1654 2012 quo
1666 1976 1744 2012 Pipi-

945 2017 993 2034 iius
1005 2028 1012 2039 ,
1027 2008 1124 2036 Caroli
1135 2009 1174 2036 M.
1185 2010 1265 2037 Patei-
1275 2011 1380 2048 publiea
1389 2014 1485 2051 Regni
1505 2014 1618 2043 comitia
1638 2014 1742 2044 habuit.

945 2048 1074 2085 Plerique
1092 2048 1175 2076 altius
1193 2050 1324 2080 arcellinit
1335 2073 1344 2084 ‚
1366 2056 1393 2081 &
1413 2054 1447 2081 :id
1465 2054 1598 2083 Vitaliani
1620 2056 1741 2085 Romani

944 2088 1090 2116 Pontificis
1109 2099 1231 2127 tempora
1243 2091 1383 2130 originem
1393 2104 1563 2133 organorum
1582 2096 1720 2125 revehunt
1731 2118 1740 2130 ‚

945 2137 1027 2165 quem
1038 2132 1065 2157 δ(
1079 2128 1212 2167 insignem
1228 2131 1301 2160 siiisle
1313 2133 1446 2162 Musicum
1456 2157 1464 2168 ,
1476 2139 1503 2164 ὃ(
1514 2135 1651 2165 invenisse
1659 2147 1739 2176 orga-

947 2179 982 2197 na
993 2190 999 2201 ,
1009 2170 1150 2197 affirmant
1161 2171 1299 2200 Martinus
1309 2174 1430 2203 Polonus
1441 2197 1449 2208 ,
1472 2176 1583 2205 Platina
1593 2197 1602 2209 ,
1626 2180 1654 2205 ὃ(
1664 2179 1740 2216 Βαρι.

946 2210 1114 2238 Mantuanus
1123 2230 1130 2237 .
1153 2211 1204 2239 Sed
1214 2221 1299 2250 magis
1317 2224 1350 2242 ex
1361 2214 1478 2244 aliorum
1486 2217 1622 2255 opinione
1632 2239 1639 2249 ‚
1658 2227 1740 2255 quam

945 2249 1093 2279 loculentis
1104 2253 1293 2281 monumentis
1303 2253 1332 2282 id
1343 2265 1453 2284 narrant
1462 2267 1542 2295 atque
1555 2257 1723 2286 confirmant
1732 2278 1740 2285 .

944 2291 1004 2319 Alii
1015 2301 1082 2319 vero
1096 2301 1191 2329 putant
1200 2293 1305 2328 jamdiu
1315 2304 1378 2323 ante
1388 2297 1560 2325 Vitalianum
1571 2307 1738 2336 organorum

945 2329 1022 2360 suiss'c
1040 2331 1116 2359 usum
1126 2354 1133 2365 ‚
1169 2333 1251 2371 idque
1271 2335 1418 2364 I’rudentii
1440 2338 1602 2366 auftoritate
1624 2337 1698 2366 stabi!

943 2372 1121 2402 contendunt
1131 2393 1139 2406 ,
1152 2374 1198 2412 qui
1210 2383 1238 2402 in
1247 2374 1386 2414 apetheoli
1397 2386 1424 2404 v.
1436 2388 1450 2406 2
1461 2388 1502 2417 ¹3.
1514 2382 1539 2407 &-
1555 2386 1622 2414 4⁶0·
1634 2389 1688 2417 org

1400 2417 1429 2447 H
1439 2416 1460 2448 h
1623 2428 1683 2447 com
