1866 2526
129 50 211 91 600
467 51 497 92 S
526 53 565 93 C

72 103 250 138 semitiora
264 128 272 137 .
293 105 367 138 Vide
375 108 528 148 Ischarioth
537 128 545 136 .

73 146 223 178 Sciiitirus
233 170 242 178 .
262 151 320 179 FR.
329 148 360 177 in
370 150 460 189 aliqua
477 147 579 178 militia
588 146 765 187 stipendiatus
774 167 782 180 ,
805 149 834 175 δι
843 156 908 174 con—

112 185 229 228 scriptus
239 209 247 218 .
272 196 284 225 [
294 190 368 219 Cum
377 190 487 220 Scan-itis
498 189 591 220 veniat
599 188 631 217 in
640 187 745 218 statutis
756 207 764 215 .
774 188 810 216 In
819 187 910 221 Syno—

116 228 154 257 do
161 230 288 260 Ticinen.
300 232 313 262 ]
335 230 408 260 Vide
415 237 501 260 scara
510 250 517 258 .

76 269 112 298 Sc
118 280 205 300 Attius
217 292 225 299 .
235 271 309 300 Vide
317 272 461 308 Scudafius
471 292 479 299 .

75 310 174 339 ScAito
185 331 192 340 .
211 313 270 340 PR.
279 312 390 349 publico
400 334 408 345 ,
420 310 525 341 stabilio
536 332 544 344 ,
563 309 608 340 seu
618 310 709 348 potius
719 308 824 337 milites
833 306 911 335 colli-

117 361 156 389 go
164 372 172 384 ‚
182 355 209 380 ὃ(
222 351 373 380 exercitum
383 354 475 381 conflo
486 374 493 384 ,
506 352 572 380 sicut
583 351 612 379 in
622 350 687 379 did.
695 355 779 378 scara
789 369 800 385 ‚
812 352 840 378 ὃ(
850 353 911 377 Sca-

117 394 192 420 ritus
201 391 324 420 diximus
333 392 412 430 supra
422 404 428 421 :
450 393 518 428 [Ut
527 391 690 420 fidelitatem
707 390 784 418 nobis
794 389 912 427 promit-

117 440 177 459 tant
188 453 196 465 ,
216 432 282 461 sicut
295 442 359 462 tunc
369 432 526 462 scarivimus
538 452 545 460 .
569 432 604 460 In
615 431 725 460 constit.
745 429 843 459 Caroli
853 432 914 459 Ma—

116 472 185 510 gni,
197 471 242 502 tit.
254 484 304 511 39.

75 512 209 542 Scrinium
219 534 227 546 ‚
239 513 385 551 Apotheca
396 519 408 548 [
420 511 511 542 Miss'us
521 511 550 540 in
560 510 784 550 socellum,quod
794 509 914 539 scebruin

117 552 240 582 chartule
250 555 385 583 vocitatur
396 574 403 581 .
415 554 509 582 Anast.
520 553 548 581 in
558 553 654 592 Sergio
665 573 672 580 .
685 555 696 584 ]
711 556 750 581 Ex
762 550 916 590 germanica

116 592 184 622 dist.
201 595 320 625 Schema
342 593 409 623 hinc
427 594 456 623 ab
479 594 612 632 aliquibus
641 599 771 622 Sceurum
792 592 894 620 dicitur
903 611 909 618 .

118 634 201 669 Quod
220 635 381 663 vocabulum
401 634 496 663 melius
517 633 621 663 fortasse
631 645 663 662 ex
680 644 769 672 graeca
791 633 915 662 dictione

115 670 240 710 σκῖβειον
250 674 430 704 deduceretur
441 696 447 703 .
460 675 583 711 [Credit
594 697 601 707 ,
622 675 758 713 largiente
771 673 895 702 Domino
905 692 915 708 ‚

118 714 198 742 bonis
207 716 333 744 omnibus
343 716 487 748 abundare,
499 725 529 744 ut
540 717 633 744 tamin
646 714 830 751 thesauris,ac
841 712 915 741 scev-

115 753 152 783 ris
191 755 346 786 ostmodum
366 756 483 794 duplicia
503 757 685 784 redderentur
695 777 701 783 .
730 753 863 793 Ingulph.
885 754 914 781 in

116 795 169 823 His
184 798 215 827 ·]
231 798 288 826 FR.
300 802 359 836 Ego
370 808 436 826 vcro
448 797 538 835 porius
548 795 695 834 suspicarer
704 795 756 824 hoc
769 805 871 825 nomen
883 794 914 822 si-

118 836 250 873 gnificare
270 842 431 872 Scrinium5
451 847 513 867 nam
531 837 655 866 chartule
668 837 796 874 scebrum
817 847 850 863 ex
871 835 915 864 Bi-

119 875 208 904 bloth.
218 876 306 916 supra,
319 877 458 910 scrinium,
470 878 500 907 in
510 889 565 916 quo
574 877 674 906 chartae
688 878 780 916 magni
791 886 915 905 momen-

119 917 162 949 ti,
173 920 199 945 &
210 918 243 947 de
255 917 426 947 intereffibus
438 929 547 958 agentes
560 941 567 951 ‚
577 918 778 947 conservantur
789 940 796 950 ,
811 917 914 945 intelli-

115 958 146 995 gi
158 959 246 995 porest
256 971 265 990 5
276 959 313 988 ita
325 961 409 988 etiam
419 970 451 987 ex
463 959 605 997 Ingulpho
616 959 703 987 relato
713 958 757 987 ubi
768 958 807 986 ait
827 959 913 993 [Tam

118 1007 149 1025 in
162 997 293 1027 thesauris
305 1022 311 1032 ,
329 1011 357 1029 ac
370 1000 471 1029 scevris
488 1000 608 1038 duplicia
618 999 767 1028 reddantur
779 1020 786 1031 ,
800 1000 812 1030 ]
836 999 898 1036 quia
908 1020 914 1030 ‚

117 1037 233 1072 scilicet,
246 1039 374 1074 thesauri,
390 1045 417 1070 ὃς
430 1041 551 1078 pecuniae
564 1041 594 1068 in
605 1039 712 1068 scriniis
724 1039 915 1067 obcluduntur.

77 1077 211 1108 Servium
222 1100 228 1107 -
244 1081 339 1110 *Navis
350 1082 454 1110 riiditer
464 1082 601 1119 compasta
610 1102 617 1113 ‚
627 1084 656 1109 δε
666 1081 734 1109 male
744 1079 894 1118 composita
908 1100 914 1111 ,

117 1129 152 1147 ex
167 1121 250 1149 verbo
261 1132 352 1160 graeco
362 1119 497 1161 σκεδὶοὶζω
508 1144 516 1155 ‚
538 1121 607 1151 idest
619 1143 626 1154 ‚
638 1122 743 1149 ruditer
753 1142 761 1153 ,
781 1125 808 1149 ὃ(
818 1130 915 1158 prope—

118 1169 210 1188 ranter
221 1161 322 1191 fabrico
334 1186 341 1197 ,
364 1174 392 1191 ac
404 1163 564 1191 translative
586 1162 620 1190 de
641 1161 841 1200 compositione
856 1162 917 1189 lite-

117 1201 168 1229 rali
178 1202 257 1230 crassa
269 1205 396 1234 Minerva
408 1214 514 1232 exarata
525 1203 654 1232 Sidonius
667 1203 754 1230 dixit:
781 1207 793 1237 [
806 1202 917 1240 siquod

114 1239 236 1271 scedium
248 1253 350 1273 temere
359 1249 446 1281 jacens
455 1243 587 1273 chartulis
600 1243 720 1281 putribus
731 1264 738 1275 ,
749 1245 776 1270 ὃ(
788 1252 917 1270 veterno-

115 1280 151 1310 fis
158 1283 351 1313 continebatur
362 1308 369 1318 ,
381 1285 480 1323 raptim
491 1307 499 1318 ,
510 1285 679 1322 coaciimque
690 1283 836 1312 translator
846 1282 917 1312 festi-

118 1332 170 1351 nus
179 1323 309 1363 exscripsi
322 1347 329 1359 ‚
340 1326 386 1354 lib.
400 1337 426 1360 9.
437 1337 460 1353 c.
477 1332 522 1354 16.

77 1362 186 1392 Senius
202 1386 209 1397 ‚
231 1366 316 1394 Ssblla
326 1388 333 1399 ,
354 1370 381 1395 ὅ(
401 1366 504 1395 Schilla
514 1386 521 1392 .
543 1366 691 1403 Campanae
710 1374 796 1403 genus
807 1384 814 1391 .
838 1368 852 1398 t
875 1362 916 1392 Ibi

119 1405 257 1441 quondam
268 1407 400 1443 pendebat
410 1417 455 1435 vas
466 1406 543 1435 fusile
554 1427 562 1438 ‚
583 1406 727 1434 mediocris
739 1427 747 1438 ‚
767 1404 896 1433 videlicet
909 1426 915 1435 ,

119 1445 251 1482 ponderis
262 1468 270 1479 ,
293 1447 414 1485 vulgaris
424 1446 476 1475 hoc
489 1446 547 1474 usus
558 1444 667 1475 scellam
679 1446 804 1474 nominat
814 1466 822 1477 ,
844 1445 919 1482 quod

117 1484 194 1513 mirae
205 1485 362 1515 sonoritatis
374 1486 518 1516 dulcedine
530 1487 698 1516 audientiam
714 1485 806 1514 sensus
816 1486 917 1513 afficic-

118 1526 161 1554 bat
172 1547 179 1554 .
202 1528 237 1555 In
257 1528 369 1556 Astibus
391 1529 416 1557 S.
426 1527 557 1557 Priminii
577 1527 664 1566 Episc.
677 1530 689 1559 ]
714 1526 809 1555 Hodie
827 1534 916 1554 autem

1257 48 1360 91 SC

966 103 1073 134 deserto
1084 127 1093 139 ‚
1114 103 1236 137 habitare
1246 128 1255 140 ,
1276 117 1305 135 ac
1313 104 1434 136 dormire
1448 105 1540 136 solent
1559 113 1607 147 pei·
1627 106 1690 138 0610
1706 108 1764 139 dies

966 146 1116 184 quotannis
1134 145 1164 174 in
1176 147 1355 176 tabernaculis
1364 170 1373 181 ‚
1390 157 1449 187 quae
1470 149 1694 178 commemoratio
1705 151 1763 180 He-

966 186 1032 216 braei
1042 190 1122 215 Sakot
1133 187 1368 216 vocant-Testatus
1376 197 1465 217 autem
1477 188 1581 219 fallitur
1590 190 1620 218 in
1630 188 1762 228 assignan-

967 227 1005 255 do
1014 226 1095 263 hujus
1105 227 1228 256 vocabuli
1239 237 1371 262 etymom
1381 228 1418 257 ait
1429 229 1503 258 enim
1514 240 1527 258 a
1539 236 1632 260 scenos
1644 252 1652 264 ‚
1675 231 1744 260 idest
1753 250 1763 262 ‚

968 277 1144 296 communem
1154 289 1162 301 ,
1175 271 1203 297 δε
1211 268 1310 304 Phagis
1318 288 1329 304 ‚
1341 277 1438 306 nempe
1448 290 1457 302 ,
1475 271 1671 304 comestionem
1680 271 1763 310 signi-

968 306 1108 340 ficare5sed
1118 319 1210 338 veram
1222 309 1422 347 etymologiam
1432 320 1465 338 ex
1473 320 1564 348 graeco
1576 309 1708 343 vocabulo
1721 311 1764 341 su-

968 358 1016 387 pra
1026 347 1218 387 assignavimus
1229 369 1235 377 .
1247 351 1291 378 Ita
1304 348 1407 378 fallitur
1416 349 1493 378 etiam
1505 350 1534 379 in
1542 354 1704 382 caeremonia
1713 352 1764 381 hu-

969 391 1009 425 jus
1021 388 1079 418 festi
1092 390 1250 419 Plutarchus
1261 411 1269 422 ,
1292 390 1338 419 lib.
1349 400 1375 425 4.
1389 389 1514 427 Sympos.
1524 393 1617 429 quaest.
1633 405 1656 430 5.
1667 393 1711 422 ubi
1722 393 1767 421 in-

969 439 1010 457 ter
1020 430 1083 458 alias
1094 430 1211 469 ineptias
1224 453 1232 463 ,
1250 430 1288 460 ait
1299 430 1373 469 quod
1390 430 1419 458 in
1429 429 1566 471 honorem
1586 435 1682 463 Bacchi
1695 434 1764 462 cele.

970 470 1092 498 brabatur
1101 491 1109 498 .
1131 473 1188 500 FR.
1199 474 1268 503 Non
1277 472 1314 500 est
1323 471 1422 501 mirum
1434 495 1442 507 ,
1460 472 1535 513 quod
1554 474 1583 501 in
1594 473 1646 503 hoc
1654 476 1716 504 Plut
1727 484 1767 502 ar-

971 509 1036 539 chus
1045 513 1181 541 erraverit
1192 525 1201 544 5
1213 522 1275 541 nam
1285 512 1368 542 etiam
1379 513 1425 542 hic
1435 520 1512 543 error
1522 524 1602 552 penes
1611 514 1766 543 hebraicum

972 551 1086 590 vulgum
1105 554 1236 583 extiterat
1248 566 1256 586 ς
1278 551 1331 582 soli
1351 555 1425 583 enim
1436 555 1575 592 Sapientes
1599 555 1707 583 Hebraei
1717 554 1768 583 hu-

969 593 1011 627 jus
1023 592 1082 622 sesti
1093 593 1249 623 institutum
1259 594 1397 626 sciebant5
1412 595 1487 624 causa
1499 605 1588 624 autem
1602 595 1718 634 vulgaris
1728 605 1768 622 er-

953 665 957 668 *
972 632 1040 660 roris
1049 643 1108 662 erat
1120 656 1126 668 ,
1147 637 1209 673 quia
1219 635 1272 664 hoc
1286 635 1381 664 festum
1399 635 1570 671 jubilationis
1578 636 1700 664 cantibus
1709 634 1769 673 post

971 674 1124 703 vindemias
1135 676 1315 705 celebrabatur
1326 699 1334 709 ‚
1346 677 1377 705 in
1388 687 1442 715 quo
1453 675 1601 714 praesertim
1611 675 1770 704 canebantur

970 714 1065 753 psalmi
1079 715 1121 743 illi
1133 739 1141 749 ,
1164 728 1279 757 quoruin
1289 717 1382 746 titulus
1404 718 1443 745 est
1455 720 1510 746 Pro
1520 717 1696 746 torcularibus
1709 737 1716 748 ,
1739 724 1772 749 ut

971 755 1192 793 Theophylastus
1201 757 1341 797 scripserat
1353 780 1360 790 ,
1371 758 1433 796 quia
1445 759 1577 786 rusticana
1588 758 1769 786 Hebraeorum

971 806 1038 834 gens
1049 818 1056 829 ,
1067 807 1096 824 ac
1107 798 1193 827 idiota
1202 799 1316 828 clamare
1327 798 1429 827 solebat
1443 808 1499 835 pra:
1512 798 1612 837 gaudio
1625 819 1631 830 ,
1646 798 1768 835 strepen-

973 837 1009 864 do
1020 836 1108 875 potius
1120 859 1127 869 ,
1138 842 1165 867 ὅ(
1178 838 1509 875 inarticulatejubilando,
1520 848 1599 877 quam
1611 836 1764 876 psallendoi

971 877 1037 905 hinc
1050 878 1168 906 minatus
1179 888 1234 907 erat
1247 879 1378 918 populum
1390 879 1517 917 Jeremias
1527 901 1535 912 ,
1547 879 1674 917 inquiens
1687 889 1693 906 :
1706 883 1719 913 [
1731 879 1772 906 A·

973 919 1042 946 blm
1053 918 1089 946 est
1101 918 1198 947 laetitia
1211 941 1218 952 ‚
1228 924 1256 948 ὅ(
1267 920 1400 948 exultatio
1412 920 1446 948 de
1454 920 1586 948 Carmelo
1597 941 1606 952 ,
1616 923 1642 948 ἃ
1653 919 1686 947 de
1698 926 1770 946 terra

973 959 1053 986 Moab
1063 980 1070 991 ,
1093 963 1120 987 &
1132 961 1228 988 vinum
1238 961 1272 989 de
1284 960 1457 988 torcularibus
1468 959 1579 991 sustuli,
1603 966 1771 998 nequaquam

974 999 1091 1027 calcator
1110 1010 1171 1029 uvae
1184 999 1299 1029 solitum
1308 1001 1427 1028 celeuma
1437 1001 1554 1028 cantabit
1565 1021 1573 1032 ,
1596 1010 1618 1026 c.
1633 1004 1679 1034 48.
1691 1001 1703 1030 ]
1715 999 1770 1027 Ce-

973 1039 1061 1068 leuma
1082 1040 1215 1079 siquidem
1234 1042 1272 1070 est
1290 1041 1396 1069 laetitiae
1408 1041 1572 1069 vociferatio
1584 1061 1591 1072 ,
1610 1040 1643 1067 de
1663 1049 1717 1077 quo
1728 1038 1771 1066 di-

973 1082 1046 1108 c‘tum
1059 1080 1109 1109 fuit
1119 1082 1149 1109 in
1159 1081 1224 1110 dist.
1234 1082 1363 1117 Alleluja
1372 1103 1379 1110 .
1403 1082 1492 1117 Quam
1504 1091 1600 1111 vocem
1611 1079 1771 1109 Theodore-

974 1130 1016 1149 tus
1028 1121 1057 1149 in
1066 1123 1179 1160 praesato
1189 1123 1316 1160 Jcremiae
1327 1122 1416 1161 capite
1426 1125 1502 1158 juxta
1515 1121 1654 1157 Syriacum
1664 1128 1773 1148 textum

974 1167 1045 1203 ζμ,
1065 1168 1108 1199 eja
1118 1163 1186 1202 legit
1196 1185 1204 1196 ‚
1225 1173 1306 1202 atque
1321 1163 1402 1191 simili
1414 1163 1608 1199 interjectione
1621 1160 1774 1191 EdadHe—

973 1203 1074 1231 braicus
1087 1213 1175 1232 textus
1187 1202 1268 1233 habet
1280 1225 1286 1231 .
1300 1207 1337 1233 At
1347 1204 1366 1232 si
1376 1203 1436 1232 vim
1444 1204 1528 1242 graeci
1541 1202 1664 1231 vocabuli
1673 1199 1773 1238 inspici

976 1243 1091 1272 velimus
1103 1240 1150 1274 κε’)
1162 1242 1254 1281 (bena
1267 1265 1278 1282 ,
1288 1244 1436 1273 Celeusma
1444 1243 1522 1272 scribi
1532 1244 1612 1272 debet
1623 1263 1631 1275 ‚
1644 1241 1717 1280 quod
1725 1250 1772 1279 pe-

977 1294 1024 1312 nes
1037 1285 1067 1312 Sc
1073 1285 1186 1322 riptores
1197 1285 1307 1313 Latinos
1317 1295 1373 1312 non
1385 1295 1445 1312 raro
1457 1283 1613 1322 usurpatum
1625 1282 1772 1320 reperitur,

974 1326 1047 1359 cujus
1068 1324 1248 1363 significatum
1262 1324 1292 1352 in
1302 1324 1396 1353 eadem
1418 1324 1483 1352 di&-
1502 1324 1631 1359 Alleluja
1640 1320 1773 1360 expressis

974 1374 1032 1392 mus
1043 1385 1050 1391 .
1067 1366 1209 1394 Caeterum
1219 1364 1405 1393 eri-orTostati
1415 1365 1497 1392 etiam
1505 1373 1578 1401 patet
1588 1384 1596 1396 ,
1610 1374 1642 1391 ex
1655 1373 1712 1400 cap.
1727 1366 1771 1391 18.

972 1405 1105 1434 Afrorum
1115 1427 1122 1438 ,
1144 1405 1187 1433 ubi
1196 1404 1310 1433 habetur
1322 1426 1329 1437 ,
1350 1404 1423 1442 quod
1443 1405 1479 1432 D.
1491 1404 1586 1433 Paulus
1605 1403 1772 1440 Scenofizc'i‘o-

973 1449 1047 1474 riam
1057 1455 1144 1474 artem
1153 1446 1293 1473 exercebat
1305 1467 1311 1477 ,
1325 1444 1391 1473 idest
1402 1466 1410 1477 ,
1424 1445 1543 1472 tentoria
1558 1466 1565 1476 ,
1578 1448 1604 1472 ὅ(
1616 1444 1771 1471 tabernacu-

972 1486 997 1514 la
1007 1486 1168 1514 conficiebat
1177 1506 1188 1523 ,
1196 1496 1225 1514 ut
1236 1485 1404 1524 expositores
1413 1484 1550 1513 declarant
1559 1503 1566 1510 .
1577 1483 1650 1512 Vide
1661 1488 1752 1512 Doma
1763 1504 1770 1511 .

973 1527 1104 1564 Hosmma
1116 1547 1123 1554 .

115 1566 216 1604 squilla
237 1568 337 1596 dicitur
350 1591 356 1601 ,
375 1579 408 1597 ex
427 1579 496 1597 voce
514 1570 667 1606 germanica
685 1568 785 1596 Schelle
798 1577 810 1594 :i
832 1567 915 1594 verbo
933 1567 1110 1596 Scrrritireit
1123 1589 1130 1599 ,
1155 1567 1242 1596 ferens
1251 1564 1405 1605 scePtrum.
1428 1567 1452 1595 S.
1463 1565 1599 1594 Maximus
1611 1585 1619 1597 ‚
1640 1562 1721 1593 serm.
1737 1562 1772 1593 de

117 1608 244 1636 Sdmllen
256 1630 263 1641 ‚
283 1608 350 1637 idest
361 1632 368 1642 ‚
380 1606 484 1647 pulsare
495 1630 503 1637 .
517 1609 588 1637 Vide
600 1613 744 1646 Campana
754 1628 760 1634 .
773 1612 859 1635 Muta
870 1626 876 1633 .

975 1607 1137 1646 Virginibus
1148 1628 1155 1635 .

77 1648 233 1677 Seniano
243 1668 250 1675 .
275 1651 331 1678 PR.
344 1649 477 1678 detractio
487 1672 495 1682 ‚
515 1648 665 1678 diminutio
676 1671 684 1681 ,
699 1647 826 1677 resecatio
838 1668 846 1679 ,
867 1647 886 1675 l.
897 1646 915 1675 si
932 1648 1149 1677 Scrvorurinx
1162 1670 1170 1680 ,
1187 1645 1387 1685 Σκώοψύλαξ,
1410 1646 1530 1685 dignitas
1541 1645 1571 1673 in
1579 1655 1666 1683 graeca
1675 1644 1768 1674 Eccle-

118 1689 178 1726 quis
189 1690 296 1718 amodo
309 1712 317 1722 ,
337 1691 381 1718 tit.
395 1690 521 1724 Qualiter
532 1689 591 1727 quis
602 1689 629 1718 se
646 1688 793 1718 defendere
803 1687 915 1715 debeat.

88 1746 90 1749 .
118 1732 145 1757 A
157 1730 241 1758 verbo
254 1731 353 1759 Italico
362 1737 496 1760 Scemare.
512 1731 584 1758 Item
595 1730 726 1768 significat
737 1727 916 1761 dementiam,

118 1768 250 1798 insaniam
261 1791 269 1797 .
280 1772 344 1800 Itali
357 1771 430 1800 enim
442 1771 599 1799 dementem
610 1776 700 1799 Scemo
712 1778 811 1798 vocant
821 1788 828 1796 .

78 1810 261 1839 Scrnnaimi
274 1832 280 1838 .
302 1814 357 1842 PR.
367 1822 451 1840 omne
470 1811 585 1839 sericum
596 1811 695 1840 textile
707 1830 714 1837 .
734 1811 792 1845 [In
803 1808 918 1837 vestibus

94 1852 96 1854 ’
119 1849 277 1885 scendatum
298 1863 348 1891 pro
361 1852 523 1881 foderaturis
542 1862 597 1879 non
609 1860 720 1890 portent
731 1871 738 1877 .
760 1848 917 1878 Clementi-

119 1901 154 1919 na
165 1891 198 1919 de
210 1892 277 1920 statii
288 1892 451 1921 Monachor.
464 1904 486 1920 c.
505 1904 527 1920 i.
539 1894 550 1923 ]
564 1892 622 1920 Ubi
633 1893 666 1920 sic
678 1889 771 1920 Glossli
782 1890 916 1928 exponit:

117 1938 131 1967 s
143 1932 304 1961 Scendatuiii
313 1944 395 1962 omne
406 1933 521 1962 sericum
531 1932 743 1971 comprehendit
752 1951 760 1958 .
773 1931 845 1960 Vide
856 1930 918 1958 dist.

123 1983 131 1999 i
144 1983 166 1999 i.
180 1972 250 2001 infra
260 1995 268 2006 ‚
282 1985 304 2001 c.
323 1985 345 2002 i.
355 1973 434 2012 super
444 1974 528 2002 verbo
540 1973 636 2001 Sericis
647 1994 654 2000 .
667 1975 679 2004 ]
703 1971 816 2002 Rectius
827 1980 919 1999 tamen

119 2014 272 2041 sendamm
280 2013 405 2043 scribitur
418 2036 425 2047 ,
445 2018 472 2043 δ(
485 2014 577 2042 italice
587 2014 719 2042 Zendado
730 2034 738 2046 ‚
753 2021 798 2040 aut
808 2010 919 2049 Safeta-

118 2064 151 2081 720
160 2053 262 2082 dicitur
273 2075 280 2081 .
292 2055 366 2083 Vide
376 2056 543 2084 Zendadum
554 2075 561 2082 .

973 1688 1007 1716 sia
1018 1710 1025 1720 ‚
1046 1699 1126 1726 quam
1137 1699 1185 1716 nos
1201 1686 1411 1716 Thesaurarium
1422 1688 1536 1716 dicimus
1548 1707 1556 1718 ,
1575 1695 1635 1723 quae
1648 1684 1771 1723 dignitas

972 1728 1003 1756 in
1014 1729 1146 1767 aliquibus
1166 1729 1326 1757 Latinorum
1336 1727 1544 1757 cathedralibus
1554 1726 1639 1754 adhuc
1659 1723 1772 1753 conser-

975 1779 1053 1797 vatur
1066 1791 1073 1802 ‚
1083 1779 1112 1798 ut
1123 1769 1152 1797 in
1165 1770 1229 1798 dict.
1241 1770 1391 1797 Cimeli'um
1401 1769 1504 1797 dicium
1517 1766 1568 1795 fuit
1580 1788 1588 1799 ‚
1600 1767 1673 1801 cujus
1683 1763 1769 1799 syno-

973 1819 1057 1844 nyma
1077 1810 1107 1837 in
1126 1810 1191 1838 diet.
1213 1809 1417 1846 Thesaurarius
1437 1808 1555 1846 reperies
1567 1818 1573 1835 ε
1596 1805 1770 1845 8εεηορ19)1,ι-

975 1862 1050 1878 cium
1060 1850 1134 1878 enim
1142 1849 1263 1878 sacristia.
1273 1849 1375 1878 dicitur
1387 1870 1394 1877 .
1405 1847 1535 1878 Sacristiae
1546 1856 1636 1875 autem
1646 1844 1771 1881 synony-

973 1900 1015 1918 ma
1026 1911 1033 1917 .
1057 1891 1130 1919 Vide
1139 1890 1168 1918 in
1178 1890 1242 1918 dist.
1253 1891 1385 1926 Sacrtstia
1396 1909 1403 1916 .
1415 1891 1481 1918 Haec
1495 1899 1560 1918 vcro
1573 1887 1692 1925 dignitas
1701 1884 1769 1914 obti-

975 1932 1052 1959 nebat
1063 1932 1175 1959 tertium
1187 1931 1277 1959 locum
1287 1931 1315 1967 in
1325 1930 1444 1958 clericali
1457 1929 1547 1968 primo
1558 1927 1656 1956 ordine
1668 1947 1675 1959 ,
1689 1930 1717 1954 ὃ(
1727 1935 1772 1954 cu-

975 1981 1031 1999 ram
1041 1971 1153 2000 habebat
1163 1969 1293 1999 sacrarum
1304 1970 1534 2009 suppelleCiilium
1547 1990 1554 2002 ‚
1564 1978 1592 1997 ac
1603 1968 1632 1996 in
1641 1967 1709 1995 Sede
1719 1968 1770 1996 Va.

972 2021 1052 2040 cante
1074 2022 1129 2040 erat
1141 2012 1321 2041 Oeconomus
1334 2032 1342 2043 ,
1363 2020 1391 2038 ut
1401 2011 1433 2039 de
1454 2009 1663 2040 Archidiacono
1673 2029 1681 2041 ,
1699 2010 1726 2035 ὅ(
1738 2006 1773 2035 de

973 2053 1140 2081 oeconomo
1150 2051 1202 2080 suis
1214 2052 1279 2080 locis
1291 2052 1413 2080 diximus
1423 2071 1430 2079 .

78 2092 180 2122 Sciam
201 2094 346 2123 SUPERIOR
366 2098 440 2124 Pnits
455 2115 462 2122 .
485 2094 558 2123 Vide
576 2095 769 2132 Episcynium.
792 2093 919 2121 Caetera.
934 2095 1054 2123 Semina
1068 2114 1076 2120 .
1097 2094 1156 2121 FR-
1172 2092 1293 2131 σχῖιμκ,
1314 2091 1398 2130 figura
1410 2113 1417 2124 ,
1436 2091 1570 2129 accipitur
1591 2099 1640 2128 pro
1660 2087 1769 2116 habitu:

122 2132 195 2162 Vide
206 2133 352 2172 Scafaldus
363 2155 370 2163 .
392 2137 466 2164 Item
474 2134 561 2163 scenae
573 2144 632 2172 pars
643 2153 650 2161 .
663 2133 737 2162 Vide
747 2133 899 2170 Thymelici
914 2158 918 2161 .

79 2174 275 2240 Sceulmooiii,
288 2173 471 2214 σκῖωολογία.
483 2175 609 2205 Obscura
618 2174 753 2212 loquutio.
766 2173 837 2202 Vide
849 2177 922 2201 Pan-

78 2222 331 2285 Sciiisiooilsdronin
345 2257 403 2283 Aits
417 2276 423 2282 .
444 2256 518 2284 Vide
529 2257 703 2293 Scenopegia.

976 2132 1176 2171 [Clericusque
1187 2132 1294 2161 effestus
1304 2155 1310 2165 ,
1323 2132 1473 2160 monastico
1483 2132 1593 2160 indutus
1605 2129 1643 2158 est
1654 2127 1771 2156 schema-

974 2183 1002 2202 te
1013 2195 1021 2206 ,
1032 2173 1209 2211 Heremperti
1219 2173 1360 2210 Epitome‚
1370 2175 1422 2201 An.
1435 2183 1504 2207 749.
1515 2173 1552 2206 :lh
1565 2172 1637 2199 Item
1647 2168 1769 2206 figuram,

975 2218 1003 2242 δε
1023 2213 1138 2252 speciem
1157 2213 1291 2253 significat
1303 2225 1309 2240 :
1333 2218 1346 2248 [
1357 2214 1479 2241 Daemou
1504 2220 1632 2240 erroneus
1649 2208 1768 2235 humano

975 2253 1112 2282 schcmate
1122 2254 1337 2282 circumamietus
1346 2274 1352 2281 .
1363 2254 1438 2282 Paul.
1447 2253 1527 2281 Diae.
1541 2253 1586 2279 lib.
1606 2260 1647 2283 ¹4-

78 2297 269 2325 semoveant
282 2315 290 2327 ,
310 2293 486 2332 σκῖωονινιγὶα
498 2318 506 2329 ,
524 2296 593 2324 idest
612 2293 846 2324 tabernaculorum
867 2292 921 2321 for·
934 2295 1095 2323 Scin—:ricus
1110 2316 1118 2327 ,
1128 2295 1223 2330 adjec‘t.
1235 2296 1292 2324 PR.
1305 2305 1318 2322 a
1328 2294 1394 2322 dist.
1404 2303 1493 2333 graeca
1504 2314 1511 2325 ,
1522 2287 1648 2331 extem&
1660 2310 1666 2322 a
1676 2284 1770 2315 “³1²5-

121 2335 225 2365 mati05
247 2334 283 2363 fic
291 2335 443 2372 appellatur
458 2336 640 2364 Hebraeorum
659 2336 754 2363 ostava
764 2356 772 2367 ,
792 2333 902 2371 quando
912 2356 919 2367 ,

119 2371 224 2402 scilicet
237 2396 245 2408 ‚
255 2375 284 2403 in
300 2376 462 2405 memoriam
473 2375 633 2405 Israeliticae
646 2374 881 2415 peregrinationis
891 2374 920 2402 in

976 2345 1042 2367 vus,
1064 2334 1109 2364 seu
1127 2336 1218 2364 unitus
1230 2356 1237 2367 ,
1258 2344 1340 2373 atque
1358 2335 1496 2364 Schetice,
1519 2330 1651 2361 relative,
1674 2327 1751 2356 unite
1763 2349 1770 2354 .

975 2381 988 2411 [
1001 2374 1125 2404 Sthetica
1135 2397 1143 2409 ,
1163 2374 1208 2405 seu
1217 2375 1357 2404 habitualis
1367 2371 1526 2409 conjunstio
1535 2391 1543 2404 ,
1560 2368 1646 2397 amica
1657 2389 1665 2402 ‚
1687 2371 1712 2395 ὅ(
1725 2368 1770 2395 bc-

1683 2418 1730 2437 iic-
