1866 2526
105 52 186 103 '596
450 48 478 92 S
510 49 549 92 A

93 118 189 137 monte
198 105 308 137 modico
318 105 546 138 Hei-monimum.
557 109 611 137 Pro
622 117 676 146 quo
687 103 826 136 sciendum
837 104 886 139 est,

94 150 169 188 quod
178 152 236 179 Seir
254 149 292 178 est
309 158 413 177 nomen
431 149 523 188 potius
542 148 677 177 arabicum
687 169 694 181 ‚
715 151 743 177 ὃς
752 147 887 186 fignificat

94 200 222 229 parvum,
234 188 282 220 seu
290 189 430 218 modicum
440 201 448 217 .·
470 189 545 228 quod
556 188 680 217 hebraice
692 188 888 226 pronunciatur

94 231 176 263 etiam
186 231 289 260 Tsahir
299 251 306 258 .
328 230 419 269 Igitur
429 230 567 259 Davidiea
577 230 659 259 verba
668 229 746 267 supra
755 229 834 257 allata
852 228 886 256 fic

95 271 283 310 intelligerem
293 292 300 300 .
310 271 355 299 De
368 280 438 300 terra
449 271 588 309 Jordani8‚
598 274 625 299 ὃ(
634 281 648 299 a
659 279 753 298 monte
764 270 831 301 Seir‚
843 267 887 297 seu

94 312 204 341 modico
214 312 432 340 Hermoniorum
455 311 608 342 montium3
629 321 692 339 nam
711 320 742 337 ea
765 320 822 348 pars
832 319 887 338 erat

91 353 230 382 modicum
242 362 369 381 cacumen
381 362 482 380 montis
492 353 621 380 Hermon
632 363 640 382 5
654 351 717 378 ideo
728 354 785 378 Seir
794 350 888 388 appel-

93 395 160 422 latus
169 407 179 422 .·
201 393 264 431 quia
283 402 359 430 Juxta
371 394 535 421 varietatem
545 401 699 428 temporum
709 413 717 423 ‚
741 391 787 418 vel
797 391 887 429 regio·

95 444 162 462 num
174 433 358 462 diversimode
368 433 600 471 pronunciabatur
609 443 621 464 ,-
632 432 706 459 sicin
720 431 835 459 Deuter.
846 430 889 458 di-

94 475 180 503 cittu':
193 478 298 510 [Trans
307 475 454 512 Jordanem
464 473 494 500 ab
505 475 597 500 Aroer
607 493 614 505 ‚
625 481 684 509 quae
696 472 743 500 sita
754 471 792 499 est
809 470 889 509 super

94 515 182 553 ripam
194 516 326 543 torrentis
337 516 430 542 Amon
442 534 447 544 ‚
460 511 543 551 usque
553 512 585 540 ad
597 521 722 540 montem
733 511 801 540 Sion
811 533 820 544 ,
842 511 889 549 qui

91 556 131 585 est
141 558 278 587 Hermon,
291 566 316 589 4.
329 555 390 588 48.]
405 553 448 581 ubi
459 554 540 581 LXX.
553 552 649 591 legunt
659 573 667 585 ‚
677 558 710 580 In
720 561 809 580 monte
818 555 888 581 Sion.

93 599 187 636 Atque
198 595 285 624 Moses
298 593 354 632 ipse
364 594 397 623 de
409 593 568 622 diversitate
577 592 817 632 pronunciationis
838 592 890 620 hu-

93 640 135 674 jus
150 636 272 665 vocabuli
286 635 377 663 reddit
389 634 525 662 rationem
536 655 544 666 ‚
562 634 690 673 inquiens
703 647 708 661 .-
733 631 889 668 [Tulimus-

93 688 146 716 que
166 678 216 705 illo
235 686 360 714 tempore
380 684 479 703 terram
498 674 532 702 de
550 684 632 703 manu
651 675 768 702 duorum
781 676 891 712 Regum

93 721 304 747 Aniorraeorum
316 737 323 749 ,
334 716 380 754 qui
392 725 470 744 erant
481 724 554 743 trans
563 715 713 753 Jordanem
726 736 732 746 ,
745 725 758 742 a
767 721 901 742 torrente*

92 759 219 787 Hermon
230 780 238 791 ,
256 757 337 796 usque
349 757 382 785 ad
393 765 516 784 montem
527 758 653 784 Hermon
664 778 671 788 ,
689 764 770 793 quem
780 755 890 783 Sidonii

95 800 193 828 Sation
206 808 314 831 vocant,
324 800 351 825 ὃς
366 795 525 826 Amorrhaei
535 797 621 825 Sanir.
632 797 791 833 Deut.3.8.]
808 796 888 824 LXX.

96 849 210 868 vertunt
234 845 245 874 [
258 838 406 868 Phoenices
423 838 622 876 cognominant
636 838 763 865 Hermon
775 837 871 864 Sation
883 857 890 867 ,

93 885 121 909 δέ
133 883 289 909 Amorraeus
298 877 510 917 cognominavit
520 878 597 906 Sanir
607 898 614 905 .
629 879 640 908 ]
663 881 696 905 Et
717 876 759 904 ub*
773 877 892 914 Vulgata

93 921 182 950 habet:
197 921 294 957 [Sicut
304 920 411 949 Cedrus
421 918 537 947 exaltata
548 917 606 946 sum
617 918 647 946 in
658 917 771 949 Libano,
781 920 808 944 ὃ(
818 915 891 954 quali

99 961 236 1000 cyprefl'us
249 962 277 989 in
290 970 385 988 monte
396 959 463 987 Sion
474 979 480 986 .
499 959 572 987 Eccl.
583 970 631 994 24.
647 969 688 991 17.
699 959 711 989 ]
723 967 811 985 textus
820 966 892 995 grae-

93 1013 138 1031 cus
149 1002 220 1041 legit
230 1002 253 1032 ἐν
261 1000 340 1039 ἰἰρεσιν
351 1000 451 1036 αἐρμῶν
463 1021 470 1032 ,
482 999 550 1027 idest
560 1020 568 1032 ,
578 1004 611 1027 In
621 1000 758 1027 montibus
770 999 831 1026 Sion
841 1008 849 1028 5
861 1007 890 1024 in

93 1043 226 1080 aliquibus
239 1051 330 1071 tamen
341 1041 478 1069 codicibus
489 1038 601 1069 habetur
612 1039 701 1076 Tsion,
713 1049 726 1067 a
734 1039 824 1066 Thair
835 1038 890 1066 for-

96 1083 157 1112 tasse
168 1105 175 1116 ,
188 1084 234 1122 qui
244 1083 384 1111 modicum
396 1104 403 1114 ‚
416 1085 568 1119 &parvum
580 1090 614 1108 ex
624 1079 732 1108 hebraeo
744 1078 890 1117 significat,

94 1133 123 1152 ut
134 1123 210 1162 supra
220 1124 339 1153 diximus
348 1145 354 1151 .
378 1123 512 1152 Probatur
531 1121 644 1149 ulterius
655 1119 799 1149 Broccardi
808 1119 892 1147 itine-

95 1166 197 1193 rarium
210 1187 217 1197 ,
228 1166 304 1203 quod
314 1187 321 1197 ‚
333 1174 431 1202 nempe
440 1185 448 1197 ‚
459 1172 568 1191 montes
579 1161 637 1190 Seir
646 1182 654 1193 ,
678 1162 807 1189 Hermon
816 1181 824 1192 ,
845 1160 891 1188 Li-

94 1206 174 1234 banus
183 1227 191 1239 ,
204 1207 306 1234 Gelaad
317 1209 368 1233 &o
381 1205 481 1233 suerint
493 1202 638 1242 contigui,
648 1212 680 1230 ex
692 1200 812 1239 Jeremia
822 1212 827 1228 :
839 1202 892 1229 Ga.

1241 50 1341 96 SA

944 105 1074 153 mendose
1082 107 1258 147 Defiubium,
1270 120 1321 148 pro
1331 108 1439 141 defruto
1449 110 1564 152 legitur:
1578 105 1736 152 ibiq'ue'ma:

943 149 969 177 le
980 150 1166 188 intelligendo
1175 151 1327 184 Accursius‚
1338 151 1400 180 talia
1411 162 1652 182 commentaverat:
1663 155 1736 189 [De-

943 188 1061 219 fructum
1070 190 1138 218 dicit
1150 190 1334 220 forsitanideo
1341 192 1471 230 appellari
1482 215 1490 227 ,
1507 195 1582 234 quod
1598 194 1632 223 de
1643 193 1690 222 usu
1701 194 1736 223 fit

943 228 1078 259 sublatum
1088 250 1095 259 .
1107 231 1226 270 Ulpiani
1235 241 1324 260 textus
1334 233 1418 261 etiam
1426 234 1570 264 mendosus
1579 235 1616 264 est
1626 235 1656 263 in
1665 234 1734 273 sapae

945 271 1077 315 yocabulo
1088 271 1146 315 inl.
1157 272 1300 310 quaefitum
1310 272 1348 301 est
1356 293 1364 305 ,
1373 273 1399 303 ξ.
1412 274 1430 303 fi
1440 285 1490 313 qua
1501 286 1577 315 parte
1587 298 1594 309 ‚
1615 276 1649 304 de
1659 275 1736 304 fund.

945 311 1023 339 instr.
1033 321 1158 349 inquiens
1169 323 1175 340 :
1202 317 1214 346 [
1227 314 1281 341 Vas
1292 323 1398 341 aeneum
1406 334 1415 347 ,
1435 315 1466 343 in
1476 326 1529 354 quo
1539 327 1601 355 rapa
1612 326 1734 355 quoque-

946 361 1022 379 retur
1032 373 1040 384 ,
1051 362 1080 380 ut
1093 352 1195 381 ferveat
1206 355 1217 383 ]
1241 353 1387 391 legendum
1404 359 1475 390 Sapa
1494 366 1651 396 coqueretur
1661 377 1669 389 ,
1692 357 1736 385 ubi

945 391 1026 420 docet
1038 413 1046 425 ‚
1057 393 1130 430 quod
1139 391 1199 431 sapa
1209 403 1298 431 graece
1309 391 1409 430 ῧψημα
1419 395 1520 424 dicitur
1529 397 1559 425 ab
1567 394 1651 433 ἕψειν,
1663 396 1738 436 quod

946 433 988 476 est*
1004 433 1155 471 decoquere
1177 453 1183 461 .
1202 434 1247 463 De
1264 432 1326 473 sapa
1344 434 1447 464 cecinit
1463 437 1595 465 Martialis
1617 459 1625 471 ,
1644 438 1691 466 lib.
1709 448 1738 471 7.

946 483 1033 512 epigr.
1060 483 1104 511 53.

987 518 1022 542 Et
1043 514 1166 543 laletanae
1190 514 1270 554 nigra
1291 515 1387 555 lagena
1406 515 1478 555 sapae
1491 527 1497 544 .-

946 555 1112 584 Laletanam
1120 561 1220 592 Sapam
1229 557 1344 594 appellat
1356 579 1364 589 ‚
1376 567 1474 596 nempe
1484 579 1491 590 ‚
1514 568 1547 587 ex
1557 558 1626 587 vino
1637 559 1737 589 Laleta-

947 595 999 623 nia:
1011 595 1150 633 Hispania*
1162 598 1367 626 Tarraconensis
1379 599 1475 626 evecto
1487 619 1495 631 ‚
1514 600 1588 637 quod
1610 600 1638 627 in
1650 600 1740 638 pretio

947 638 1045 665 Romae
1057 635 1218 665 habebatur:
1231 647 1311 676 quare
1322 638 1396 667 idem
1407 641 1500 672 Poeta,
1512 639 1559 668 lib.
1576 651 1598 669 i.
1608 640 1680 679 epig.
1692 651 1737 673 27.

949 676 1130 705 Sextilianum
1141 688 1296 716 potatorem
1307 679 1424 708 irridens
1435 702 1442 712 ‚
1452 679 1544 718 inquit
1556 692 1563 708 :

988 721 1014 747 A
1024 719 1157 756 Caupone
1177 719 1227 747 tibi
1251 718 1295 746 fex
1319 719 1434 748 laletana
1454 729 1562 758 petatur
1572 740 1578 747 .

949 769 1009 797 quae
1029 759 1148 786 laletana
1169 759 1231 788 vina
1248 759 1324 787 inter
1340 760 1471 798 generosa
1483 761 1627 789 laudantur
1646 771 1658 789 :i
1669 759 1744 789 Plin.

950 800 1000 827 lib.
1013 809 1056 833 14.
1069 809 1124 836 cap.
1138 806 1163 827 6.
1186 800 1219 828 de
1229 809 1280 837 qua
1291 801 1404 838 regione
1416 800 1515 830 cecinit
1537 800 1610 829 idem
1620 800 1743 830 Martiali

948 839 987 867 lib
1013 850 1036 866 1.
1055 839 1142 877 epigr.
1159 850 1203 874 50.

989 878 1099 917 Api-icis
1121 889 1226 917 repetes
1248 881 1408 909 Tarraconis
1430 881 1525 910 littora
1535 902 1543 914 ,

988 923 1126 957 Tuamque
1143 921 1311 949 Laletaniam
1323 941 1329 948 .

947 960 990 988 De
1002 961 1095 998 quibus
1106 961 1203 988 incolis
1215 973 1220 989 :
1242 968 1253 996 [
1265 963 1377 990 Flumen
1387 961 1566 991 Rubricatum
1580 982 1588 993 ‚
1600 971 1655 999 quo
1665 960 1741 990 Lale-

947 1001 1004 1030 tani
1015 1021 1023 1033 ,
1033 1001 1211 1039 &Indigetes
1224 1023 1228 1029 .
1241 1003 1313 1030 Plin.
1327 1002 1373 1030 lib.
1384 1013 1410 1039 3.
1422 1013 1444 1030 c.
1457 1004 1505 1039 3·]
1520 1001 1622 1031 Rursus
1644 1001 1677 1030 de
1687 1002 1743 1030 De-

949 1042 1022 1071 fruto
1032 1041 1152 1069 Martial.
1166 1042 1210 1070 lib.
1221 1053 1247 1076 4.
1271 1043 1358 1081 epigr.
1371 1053 1418 1079 45.

985 1084 1019 1110 Et
1041 1082 1118 1119 nigri
1138 1081 1211 1117 syria
1234 1083 1335 1111 deli-uti
1358 1084 1452 1122 lagena
1463 1101 1471 1110 .

948 1125 988 1151 At
1007 1122 1130 1151 Ovidius
1152 1132 1312 1161 purpuream
1333 1122 1422 1161 sapam
1444 1123 1562 1161 appellat
1584 1144 1592 1156 ,
1624 1134 1652 1157 4.
1680 1121 1746 1151 Fast.

948 1172 1030 1201 quam
1047 1162 1166 1191 Martial.
1189 1164 1296 1202 nigram
1318 1174 1397 1192 vocat
1410 1183 1417 1191 .

989 1206 1040 1232 Lac
1063 1203 1176 1232 niveum
1197 1214 1274 1242 potes
1285 1227 1291 1237 ,
1315 1214 1530 1243 purpureamque
1552 1202 1640 1242 sapam
1651 1224 1658 1231 .

95 1247 156 1275 laad
176 1256 206 1274 tu
217 1245 287 1275 mihi
301 1246 414 1274 initium
425 1244 539 1276 Libani,
562 1255 609 1272 ιι..
620 1244 669 1273 6.]
688 1252 722 1270 ex
742 1239 891 1269 Zacharia:
908 1244 1076 1273 Sirpium-iffi
1088 1265 1096 1277 ,
1119 1244 1187 1273 liber
1203 1244 1234 1273 in
1250 1244 1299 1273 sac.
1309 1246 1461 1284 Scriptura.
1488 1244 1561 1273 Vide
1569 1245 1741 1282 Pseudo-epi-

74 1291 110 1323 ‘[
123 1291 156 1316 Et
167 1288 200 1315 ad
213 1297 311 1316 terram
323 1287 443 1322 Galaad,
459 1288 485 1312 ὅ(
495 1284 592 1313 Libani
602 1283 733 1311 adducam
742 1292 789 1310 eos
799 1303 807 1315 ‚
824 1293 866 1310 ιο.
878 1284 890 1313 ]

945 1285 1063 1322 graphas
1073 1304 1081 1311 .

94 1338 128 1357 ex
141 1328 285 1357 Canticis:
301 1328 367 1364 [De
382 1326 485 1355 vertice
496 1324 574 1353 Sanir
585 1345 594 1357 ,
612 1327 639 1351 δε
651 1324 788 1351 Hermon.
800 1334 826 1357 4.
839 1324 889 1353 8.]
915 1326 988 1353 §Apo
999 1345 1006 1352 ,
1030 1324 1103 1354 Vide
1125 1331 1261 1365 3772ngAE

96 1379 128 1397 ex
139 1368 239 1407 Josue:
253 1375 264 1403 [
276 1373 310 1398 Et
322 1378 426 1406 partem
438 1375 541 1394 montis
552 1386 558 1396 ,
570 1374 628 1403 qux
641 1362 761 1391 ascendit
773 1363 840 1395 Seir‚
851 1361 903 1390 tis-i

94 1420 146 1447 que
166 1410 299 1448 Baalgnad
318 1420 366 1447 per
388 1407 533 1447 planitiem
543 1405 639 1435 Libani
659 1402 749 1432 subter
769 1389 904 1432 montem⁸

96 1451 234 1478 Hermon.
251 1462 259 1478 1
271 1462 294 1478 i.
312 1461 353 1483 ¹7.

54 1493 191 1521 Samma
203 1513 210 1519 .
235 1492 309 1520 Vide
331 1490 507 1527 Diaconiffa.

53 1534 183 1561 Samum
196 1554 203 1561 .
216 1535 271 1561 PR.
283 1533 315 1560 de
328 1542 377 1570 qua
387 1533 448 1560 Aest-
465 1540 489 1565 ς.
500 1530 697 1567 interpretatur
707 1525 823 1556 Pulchra.
835 1545 842 1552 .

55 1575 131 1602 SAPA
143 1592 151 1599 .
162 1574 217 1602 FR.
230 1583 308 1612 quam
321 1572 402 1602 Siculi
414 1578 511 1600 Vmum
522 1573 635 1602 coetum,
645 1573 672 1598 ὃς
684 1568 781 1597 rectius
791 1570 894 1596 Roma-

93 1613 123 1640 ni
134 1615 258 1649 Mustum
269 1617 372 1642 costum
384 1613 524 1651 appellant
533 1631 540 1639 .
562 1617 631 1648 sapa
643 1610 715 1638 enim
725 1619 738 1636 a
749 1608 894 1645 Iapidimte

94 1654 204 1687 dicitur,
216 1655 340 1693 quamvis
351 1655 500 1691 Calcpinus
512 1662 562 1690 pro
573 1651 653 1679 succo
663 1648 894 1689 plantarumniul-

95 1694 122 1721 lo
134 1696 254 1724 Auftore
268 1696 377 1724 fulcitus
388 1717 395 1728 ,
406 1694 516 1732 usurpet
527 1713 533 1719 .
545 1692 678 1721 Palladius
688 1691 843 1729 Defrutum
851 1698 894 1726 ap.

96 1735 200 1772 Pellsst5
222 1735 269 1765 sed
281 1737 344 1764 licet
357 1735 409 1764 hoc
424 1735 585 1763 vocabulum
599 1732 715 1760 mustum
736 1731 844 1758 coctum
862 1729 894 1757 li-

94 1775 222 1814 gnificet‚
236 1778 340 1806 Plinius
353 1787 444 1805 tamen
457 1775 602 1813 aliqualem
612 1772 798 1801 differentiam
809 1772 840 1799 in
849 1781 894 1798 co-

96 1817 179 1845 fiurae
192 1818 340 1846 duratione
350 1817 425 1845 affert
435 1817 510 1845 inter
520 1814 611 1854 sapam
623 1835 631 1847 ,
641 1818 669 1842 ὃ(
678 1813 820 1842 defrutum
834 1834 840 1844 ,
852 1811 904 1838 in-.

96 1857 211 1895 quiens:
235 1858 407 1894 [Cifibilites
418 1868 485 1887 vero
496 1857 576 1885 musti
598 1856 627 1883 in
638 1854 745 1883 Galatia
765 1852 874 1882 nascens
885 1872 893 1883 ,

96 1902 123 1926 ἃ
134 1897 292 1935 halyntium
304 1901 332 1928 in
345 1900 437 1929 Sicilia
449 1920 456 1926 .
475 1900 548 1927 Nam
560 1898 664 1926 sitaeum
675 1916 683 1927 ,
703 1895 778 1933 quod
788 1894 836 1922 alii
848 1892 895 1920 he-

96 1937 186 1976 psenia
196 1961 203 1972 ,
216 1941 303 1969 nostri
313 1940 402 1979 sapam
412 1940 550 1978 appellant
563 1961 571 1971 ‚
582 1935 692 1975 ingenii
703 1958 710 1969 ‚
722 1946 780 1964 non
792 1943 893 1962 nature

97 1989 164 2017 opus
173 1981 211 2010 est
221 1982 314 2011 musto
322 1981 405 2019 usque
418 1982 450 2009 ad
461 1981 571 2009 tertiam
583 1987 686 2016 partem
697 1975 827 2005 mensurae
849 1974 896 2001 de—

98 2021 176 2048 cocto
188 2033 194 2048 .-
212 2023 286 2060 quod
296 2023 340 2051 ubi
353 2023 451 2051 fastum
471 2022 504 2050 ad
515 2020 659 2049 dimidiam
677 2018 714 2046 est
726 2039 734 2050 ‚
756 2016 896 2045 defrutum

99 2069 227 2090 vocamus
239 2085 246 2096 ‚
266 2064 313 2092 lib.
331 2075 339 2091 1
349 2075 375 2099 4.
387 2074 409 2091 c.
422 2064 473 2099 9.]
496 2066 523 2091 δ(
533 2062 579 2090 lib.
592 2070 638 2098 ις.
649 2069 671 2087 c.
684 2070 709 2087 2.
733 2057 833 2092 [Vino
851 2066 908 2108 co-¹

97 2111 181 2140 gnata
190 2113 230 2130 res
241 2104 280 2132 est
290 2126 297 2137 ,
310 2103 397 2132 musto
408 2104 531 2132 decoeto:
542 2103 630 2130 donec
643 2099 724 2128 tertia
736 2108 795 2136 pars
804 2096 907 2151 super-*i

98 2142 132 2170 fit
142 2162 149 2169 ·
161 2144 173 2173 ]
195 2144 350 2181 Defrutum
363 2154 455 2173 autem
473 2155 486 2172 a
498 2142 670 2171 defervendo
680 2140 735 2168 dici
744 2139 826 2167 docet
836 2138 896 2165 Pal-

99 2183 185 2211 ladius
197 2204 203 2210 .
215 2185 290 2212 Hinc
301 2184 455 2222 Defrutare
468 2207 476 2217 ‚
488 2185 599 2212 verbum
612 2204 619 2216 ‚
632 2181 712 2213 idest,
723 2179 839 2208 mustum
850 2178 898 2205 de-

98 2233 216 2262 coquere
228 2245 236 2257 ,
256 2235 286 2253 ut
298 2225 363 2253 inde
375 2225 513 2253 defrutum
524 2225 570 2252 fiat
583 2236 588 2252 ;
612 2227 639 2251 δε
649 2220 807 2251 Deli—maria
817 2217 878 2246 vasa
890 2240 898 2251 ‚

101 2263 206 2293 scilicet
217 2286 225 2297 ,
237 2265 267 2293 in
277 2266 371 2304 quibus
381 2265 487 2293 defruta
501 2273 656 2303 coquuntur
667 2283 674 2290 .
687 2259 838 2291 Columell.
851 2259 897 2287 lib.

102 2316 127 2332 2-
139 2309 166 2333 δ(
185 2316 227 2343 ¹3·
247 2306 344 2334 Procul
367 2306 424 2333 inl.
433 2307 483 2333 ult.
494 2307 520 2337 §.
538 2317 560 2333 1.
581 2306 614 2333 de
625 2305 692 2332 vino
703 2303 761 2331 trit.
781 2301 899 2337 oleoque

102 2346 175 2383 legat
185 2367 192 2373 .
218 2347 306 2382 Quare
317 2346 495 2385 corrigendus
506 2347 627 2385 Ulpiani
637 2345 712 2372 locus
731 2344 760 2371 in
780 2340 842 2368 eod.
854 2341 908 2377 tit„

909 1366 1087 1395 SARABMTA:
1098 1388 1105 1399 ‚
1129 1377 1187 1395 erat
1197 1367 1394 1396 Monacliorum
1404 1377 1489 1406 genus
1499 1389 1507 1400 ‚
1530 1365 1604 1404 quod
1615 1366 1646 1394 ab
1656 1363 1746 1394 obscr—

949 1406 1042 1435 vantia.
1051 1407 1169 1445 regulari
1179 1408 1336 1437 dissolutum
1348 1430 1355 1440 ,
1378 1407 1425 1436 suo
1438 1409 1519 1436 libitu
1530 1407 1600 1434 male
1613 1406 1724 1434 vivebat
1738 1426 1745 1436 ‚

949 1458 976 1475 ac
987 1457 1000 1474 a
1009 1447 1046 1475 D.
1057 1447 1205 1476 Benedisto
1216 1449 1245 1476 in
1254 1452 1310 1483 ejus
1320 1449 1433 1487 Regulis
1445 1470 1453 1481 ‚
1474 1458 1531 1485 cap.
1547 1458 1569 1474 ι.
1580 1446 1688 1474 minute
1698 1446 1745 1474 dc-

952 1486 1087 1516 scribitur.
1099 1489 1266 1517 Vocabulum
1277 1490 1388 1527 quidem
1398 1488 1574 1526 AEgyptium
1584 1485 1635 1515 effe
1646 1488 1683 1514 ait
1694 1486 1743 1514 Isi-

951 1529 1032 1556 dorus
1045 1550 1052 1560 ,
1064 1528 1109 1556 lib.
1121 1539 1147 1557 2.
1157 1529 1192 1558 de
1201 1530 1276 1558 Eccl.
1287 1529 1345 1559 Off.
1357 1536 1430 1557 c-16.
1442 1539 1508 1566 quos
1521 1525 1671 1556 Mona-:hos
1684 1535 1748 1564 pro-

952 1578 1012 1607 pter
1021 1568 1186 1598 aviditatem
1199 1569 1316 1599 Ananiae
1329 1591 1336 1602 ,
1348 1580 1376 1597 ac
1386 1568 1505 1607 Saphirx
1519 1576 1667 1605 comparat,
1680 1576 1746 1605 quos

951 1610 1034 1637 etiam
1045 1610 1266 1639 Rbomobotbztas
1277 1619 1357 1639 vocat
1372 1632 1380 1643 ‚
1390 1614 1417 1639 ὃ(
1428 1609 1489 1648 quia
1500 1607 1672 1645 disciplinam
1683 1608 1751 1635 Cla-

951 1650 1077 1678 ustralem
1086 1649 1228 1680 observare
1238 1651 1397 1684 renuebant,
1409 1653 1532 1680 Renuita
1544 1649 1575 1676 ab
1584 1648 1688 1676 Odone
1700 1658 1746 1686 ap-

952 1692 1049 1728 pellati
1059 1690 1120 1718 suut
1133 1714 1139 1723 ,
1149 1693 1214 1720 dum
1223 1693 1278 1720 ait:
1293 1694 1383 1728 [Non
1396 1690 1545 1719 Monachos
1557 1709 1564 1720 ,
1576 1697 1605 1715 ut
1616 1686 1686 1716 salso
1697 1699 1746 1716 no*

951 1732 1088 1760 minamur
1100 1753 1108 1764 ,
1120 1731 1166 1760 sed
1176 1734 1329 1765 sarabaitas,
1342 1732 1419 1764 idest,
1430 1730 1564 1760 Renuitas
1575 1749 1582 1760 ‚
1594 1728 1640 1766 qui
1651 1730 1748 1767 jugum

951 1772 1082 1810 regularis
1091 1771 1244 1811 disciplinae
1258 1774 1394 1802 renuimus
1406 1794 1414 1805 ,
1425 1772 1470 1800 lib.
1483 1782 1509 1809 3.
1520 1769 1598 1799 Coll.
1609 1779 1631 1796 c.
1644 1779 1691 1806 23.

910 1816 1070 1844 Samum
1082 1835 1089 1846 ,
1102 1824 1156 1842 vox
1168 1813 1302 1843 Chaldaea
1313 1836 1320 1847 ,
1339 1811 1490 1842 foeminalia
1502 1833 1509 1844 ‚
1529 1811 1586 1839 five
1597 1808 1749 1838 foemuralia

951 1858 977 1882 ἃ
990 1854 1171 1883 calceamenta
1182 1855 1326 1894 significan
1340 1864 1402 1882 nam
1413 1853 1457 1881 ubi
1468 1851 1569 1881 Daniel
1579 1850 1609 1877 in
1619 1850 1748 1888 Vulgata,

951 1905 975 1921 c.
985 1905 1012 1932 3.
1022 1895 1056 1922 de
1066 1896 1154 1932 pueris
1165 1895 1339 1930 Babylonicae
1351 1894 1470 1923 fornacis
1483 1892 1577 1930 inquit
1590 1903 1597 1918 :
1610 1896 1623 1926 [
1635 1894 1670 1919 Et
1681 1900 1750 1918 con-

952 1934 1041 1963 festim
1051 1936 1105 1963 viri
1116 1937 1159 1964 illi
1171 1936 1255 1964 vincti
1265 1946 1326 1964 cum
1336 1935 1437 1963 braccis
1447 1933 1501 1962 suis
1511 1954 1519 1966 ‚
1539 1936 1566 1961 ὃ(
1587 1930 1681 1959 thiaris
1695 1952 1703 1964 ‚
1722 1934 1750 1960 δι

950 1976 1134 2004 calciamentis
1145 1998 1152 2009 ‚
1163 1980 1190 2005 δ(
1202 1976 1317 2006 vestibus
1329 1974 1398 2004 miffi
1409 1973 1470 2003 sunt
1483 1974 1513 2002 in
1525 1972 1645 2001 medium
1657 1971 1750 2000 forna-

953 2016 990 2044 cis
1002 2028 1008 2044 :
1020 2018 1031 2047 ]
1045 2016 1090 2045 alii
1102 2018 1213 2056 legunt:
1225 2015 1527 2054 Cumsarabarhsuis,
1539 2013 1572 2047 ών-
1584 2014 1688 2041 thiaris
1698 2033 1706 2040 .
1716 2015 1751 2041 Et

952 2058 1133 2086 Tertullianus
1144 2080 1151 2090 ,
1172 2058 1218 2085 lib.
1230 2069 1256 2095 3.
1267 2058 1301 2086 de
1312 2057 1396 2095 pallio
1407 2077 1414 2088 ,
1434 2066 1457 2083 c.
1471 2067 1495 2090 4.
1509 2055 1542 2083 de
1554 2053 1606 2082 hoc
1619 2053 1752 2082 vocabulo

953 2099 1125 2127 mentionem
1135 2109 1244 2137 quoque
1257 2098 1356 2126 faciem
1370 2119 1378 2130 ,
1391 2096 1499 2135 inquit:
1520 2101 1532 2130 [
1544 2092 1752 2132 Triumphalem

952 2138 1143 2177 cataplirasten
1163 2139 1290 2168 amolitus
1311 2139 1341 2166 in
1357 2147 1463 2176 captiva
1471 2135 1589 2165 sarabara
1599 2132 1749 2163 deceffit.]

952 2179 1012 2207 Alii
1025 2180 1134 2208 tandem
1146 2180 1292 2208 Saraballa
1303 2179 1407 2217 legunt.
1422 2177 1509 2207 Unde
1520 2176 1752 2210 D.Hier0nymus

952 2219 987 2247 sic
999 2220 1109 2249 astruit:
1135 2223 1262 2259 [Lingua
1272 2229 1360 2248 autem
1374 2218 1577 2248 Chaldaeorum
1586 2213 1750 2254 Sambana)

952 2270 1029 2289 crura
1038 2260 1185 2290 hominum
1195 2271 1328 2289 vocantur
1342 2260 1416 2288 tibia:
1430 2281 1438 2292 ‚
1447 2259 1545 2287 braccae
1558 2264 1650 2284 eorum
1661 2275 1679 2295 ‚A
1692 2261 1753 2290 (1¹¹1-

953 2301 999 2329 bus
1009 2312 1085 2331 crura
1096 2312 1195 2340 tegunt
1204 2322 1211 2329 .
1224 2304 1235 2333 ]
1260 2302 1328 2338 Quae
1343 2300 1431 2328 verfio
1442 2298 1511 2326 milii
1523 2295 1606 2333 mag1's
1628 2292 1733 2322 arridet
1743 2313 1752 2324 ,

953 2342 1014 2379 quia
1026 2344 1131 2371 arabice
1144 2342 1292 2371 saemuralia
1302 2341 1415 2370 Serrual
1423 2340 1555 2367 dicuntur
1564 2356 1570 2362 .

99 2385 134 2413 de
155 2386 242 2420 vino,
263 2388 324 2416 trit.
341 2388 458 2425 oleoque
479 2387 562 2426 legat.
585 2387 602 2415 l.
615 2386 634 2415 fi
645 2385 704 2423 quis
715 2391 811 2413 vinum
823 2402 831 2415 „-
855 2382 899 2411 ubi
913 2385 1030 2413 Sanam
1042 2404 1050 2416 ‚
1074 2383 1155 2413 vestis
1176 2392 1279 2423 genuS.
1304 2381 1378 2410 Vide
1398 2385 1530 2408 Saracum
1543 2395 1551 2404 ι

1666 2414 1717 2444 ὃΛς

1487 2480 1493 2495 l
