1866 2526
157 42 240 83 442
503 28 555 70 M
587 30 608 70 Ι

141 88 186 117 lea
195 98 203 119 ς
215 91 242 116 ὃς
251 90 347 127 Tyam
355 87 385 116 ab
394 84 511 118 Ifidoim
522 86 619 125 Infiila
629 86 661 116 ab
672 87 794 126 Hugone
807 85 840 116 de
853 82 932 114 S-Vi-

139 129 216 157 istore
226 149 236 162 ‚
255 128 289 156 de
301 137 352 166 qua
361 148 368 155 .
381 126 454 156 Vide
463 127 512 156 suo
521 128 585 156 loco
594 148 601 155 .
623 130 697 156 Item
709 129 823 157 Cidaris
842 127 871 154 ab
882 125 932 154 Al-

141 169 242 198 cuino.
261 170 317 198 FR.
336 169 417 196 etiam
430 169 461 197 ab
474 167 606 198 Anseimo
616 169 729 197 Lucenfi
748 167 887 206 Episcopo
903 165 933 192 in

143 212 200 246 ejus
216 209 294 247 epist.
315 208 348 237 ad
363 209 542 244 vVVibertum
553 209 723 247 Antipapam
734 219 807 236 num.
825 219 867 240 17·
889 204 933 233 his

144 251 234 280 verbis
244 250 395 288 appellatur
405 270 412 276 .
425 251 566 288 [Depone
575 250 691 278 cidarim
701 271 708 282 ,
719 249 791 277 aufer
803 256 932 276 coronam

142 293 220 323 ὕεα]
241 290 351 320 cidaris
361 290 437 318 enim
446 290 597 329 antiquitus
606 290 693 328 Regis
704 288 842 317 Persarum
851 297 932 315 coro-

143 342 178 360 na
188 341 261 362 erats
282 331 316 360 fic
329 331 489 367 QCurtius
499 332 545 359 lib.
558 342 585 369 3.
596 330 679 358 refert
691 351 699 362 ,
710 330 837 368 inquiens
861 327 933 363 [Ci-

142 372 214 401 daris
223 374 334 410 Regum
344 372 440 409 capitis
452 380 553 400 vocant
564 371 694 409 insigne]
714 371 866 408 eodemque
875 378 934 396 mo-

143 413 180 441 do
198 424 212 441 a
223 413 402 447 Hieronymo
412 421 523 440 vocatur
535 410 617 439 Mitra
629 412 809 440 Hebraeorum
818 408 935 439 Pontifi-

143 453 191 486 cis,
203 453 233 483 in
244 463 294 492 qua
305 463 409 481 nomen
419 451 475 481 Dei
484 450 616 489 scriptum
626 460 691 480 erat:
706 453 721 486 Η
733 463 740 478 .·
753 454 778 481 Α
791 449 933 489 Nicepho-

145 502 176 522 ro
186 494 317 533 Phrygius
328 493 448 522 diciturs
468 492 502 520 fic
515 491 598 521 etiam
616 502 629 520 a
640 491 800 522 Balsamone
812 514 819 525 ‚
843 491 890 529 qiii
902 491 935 519 de

132 533 264 573 ..pretiosi
284 533 365 562 mitra
375 553 385 569 ,
407 542 488 571 quam
499 533 667 561 Coelestinus
684 535 752 571 Papi
763 532 877 568 Cyrillo
888 534 934 560 Pa-

141 573 268 604 triarchas
287 573 482 603 Alexandrino
503 573 579 602 dono
597 573 706 602 miserat
717 596 724 606 ,
745 574 859 611 loquens
871 595 878 605 ‚
897 572 934 600 ait

147 614 338 651 [Coelestinus
356 613 509 652 phrygium
527 614 643 650 Cyrillo
662 613 800 652 Episcopo
811 615 932 643 Alexan—

145 656 228 685 drino
248 655 325 684 dedit
335 657 365 686 .]
392 656 448 683 FR-
470 657 563 693 Atque
585 656 614 684 in
624 655 777 683 donatione
788 654 935 684 Constant.⁴

143 695 237 735 Magni
256 697 287 723 in
305 695 418 724 decreto
428 695 554 723 Gratiani
575 696 635 724 dist.
647 702 696 731 96.
718 694 765 724 sub
784 698 828 723 tit.
837 696 916 724 Palea
929 716 935 727 ,

143 735 203 764 haec
215 737 298 764 verba
307 735 441 765 habentur
452 746 458 763 ;
471 736 608 770 [Deinde
618 736 755 765 Diademz
765 759 773 770 ,
785 735 917 765 videlicet
928 757 934 768 ,

144 777 241 817 capitis
252 777 337 805 nostri
350 798 358 809 ‚
375 776 508 814 simulque
519 776 671 816 phrygium
682 798 689 809 ,
710 787 761 805 nec
780 787 837 804 non
857 774 935 805 &su-

145 816 335 857 perhumerale
344 839 352 850 ,
365 817 496 845 videlicet
506 838 514 850 ,
525 817 615 846 lorum
623 840 632 851 ‚
645 818 719 858 quod
729 817 870 855 imperiale
880 817 919 845 cir

145 858 262 886 cundare
271 857 364 886 astolet
373 858 477 886 collum
487 878 495 885 .
509 860 521 889 ]
533 862 567 886 Et
578 858 648 887 infra
658 859 755 887 clarius
775 857 860 897 [Ipse
871 867 937 886 vero

144 898 315 928 Beatiffimus
333 901 404 937 Papa
416 920 423 931 ,
451 898 513 936 quia
531 897 608 937 super
626 910 756 928 coronam
775 898 917 927 clericatus
930 919 937 929 ‚

145 949 226 978 quam
237 939 309 978 gerit
319 939 352 967 ad
360 939 478 978 gloriam
496 941 571 967 Beati
580 941 656 968 Petri
666 962 674 974 ,
693 940 810 968 omnino
830 938 884 977 ipsa
904 949 937 967 ex

146 990 211 1008 auro
221 991 278 1008 non
290 980 325 1007 eil
338 979 422 1017 palliis
433 979 474 1007 uti
484 990 604 1012 corona5
627 983 686 1010 Nos
703 981 856 1020 phrygium
874 990 937 1008 can-

145 1021 212 1049 dido
239 1020 330 1048 nitore
349 1019 526 1058 splendidum
540 1042 548 1054 ,
567 1020 793 1050 resin-rectionem
804 1020 936 1049 Domini-

147 1071 205 1089 cam
213 1062 357 1100 deligimus
368 1082 375 1094 ,
389 1064 444 1097 ejus
454 1059 633 1091 sacratiffimo
647 1062 746 1092 vertici
756 1062 876 1090 manibus
887 1072 936 1089 no-

144 1102 206 1130 stris
217 1100 410 1139 imposuimus]
426 1101 463 1129 ita
474 1102 555 1131 etiam
565 1104 746 1132 Innocentius
755 1103 826 1142 apud
837 1105 935 1132 Bai-on.

143 1153 187 1170 an.
198 1153 245 1181 34.
257 1142 304 1181 qui
315 1151 409 1170 tamen
419 1143 575 1173 Cardinalis
585 1155 599 1172 :i
611 1144 779 1184 Rhodigino
790 1144 918 1182 deceptus
929 1165 936 1176 ,

144 1183 213 1211 licet
223 1183 302 1211 illum
312 1194 370 1211 non
381 1183 450 1211 citet
459 1205 467 1216 ‚
479 1185 589 1222 putavit
598 1186 746 1223 Phrygium
755 1184 804 1213 effe
815 1185 899 1217 idem,
911 1195 938 1212 ac

144 1223 282 1255 Palliunu
305 1224 340 1252 sic
355 1223 429 1252 enim
440 1224 676 1254 Eminentiilimus
686 1227 735 1255 ille
753 1237 797 1254 an.
810 1232 878 1263 336.
892 1235 937 1253 nu.

144 1271 194 1302 63.
204 1264 296 1304 inquit
308 1276 313 1292 :
329 1270 341 1299 [
353 1264 436 1307 Haud
443 1264 559 1294 arbitror
569 1276 611 1295 me
622 1277 680 1295 rem
690 1267 797 1305 penitus
823 1264 939 1294 habuiss‘e

149 1315 319 1344 compertam
331 1316 338 1334 ς
350 1305 439 1333 dicam
449 1314 555 1340 ωηιξη,
566 1317 626 1346 quae
638 1308 792 1342 conjectura
804 1305 937 1345 suggesse—

146 1347 183 1374 rit
194 1349 246 1375 cicc.
268 1345 423 1384 Phrygium
433 1346 506 1375 idem
513 1347 621 1376 ‘distum
630 1369 638 1381 ‚
661 1349 736 1386 quod
746 1347 940 1385 Phrygionum

147 1396 231 1426 opere
239 1387 359 1415 crucibus
370 1387 484 1415 contexi
495 1387 598 1417 soleret
609 1391 640 1419 .]
652 1389 728 1417 Hinc
737 1388 880 1417 concludit
889 1386 938 1416 elle

147 1427 284 1461 Pallium5
305 1426 390 1455 sedin
401 1427 495 1466 primis
505 1430 667 1468 Tiraquello
680 1431 708 1458 in
720 1429 765 1458 lib.
781 1439 806 1464 5.
822 1438 879 1466 cap.
895 1439 904 1456 i
914 1433 939 1455 8.

148 1469 180 1497 in
197 1469 278 1498 Alex.
299 1468 329 1497 ab
346 1467 430 1497 Alex.
441 1468 555 1498 Genial.
575 1480 632 1498 non
653 1470 740 1508 placet
751 1469 865 1498 eandem
884 1469 938 1497 dici

149 1509 330 1547 Phrygiatam
341 1531 349 1542 ,
366 1519 394 1536 ac
404 1509 589 1548 Phrygianam
603 1511 706 1540 vestem
718 1523 724 1539 :
746 1521 828 1549 quare
838 1509 939 1538 ibidem

148 1550 265 1588 corrigit
276 1570 283 1577 .
303 1549 519 1579 Alex.abAlex.
529 1560 637 1580 teittum
657 1552 804 1591 inquiens:
826 1549 937 1586 [Phry-

148 1590 260 1630 gianam
270 1590 388 1622 vestem,
402 1595 428 1619 ὅ(
439 1601 496 1619 non
508 1591 684 1632 phrygiatam
695 1615 703 1626 ,
723 1604 756 1622 ex
769 1592 844 1620 Plin.
853 1591 900 1620 lib.
914 1596 938 1620 8.

149 1641 208 1670 cap.
227 1636 275 1667 48.
295 1634 308 1663 ]
329 1630 432 1659 Diffcrt
453 1633 527 1660 enim
544 1634 691 1671 Phrygium
709 1633 908 1662 substantivum
928 1643 940 1660 a

149 1672 279 1710 Phrygio
289 1671 387 1707 adjest.
405 1672 438 1700 fic
448 1673 549 1701 dicitur
569 1675 659 1712 Judex
680 1674 817 1713 Phrygius
836 1673 944 1702 Catuli..

147 1713 240 1751 epital.
254 1720 300 1748 56.
319 1713 400 1750 Lapis
410 1712 547 1753 phrygius
557 1736 565 1747 ,
587 1716 686 1744 Horat.
699 1726 726 1753 3.
742 1725 823 1743 carm.
844 1714 897 1742 ode
917 1724 940 1741 i.

146 1754 226 1783 Plin.
237 1754 282 1781 lib.
295 1759 342 1791 36.
353 1763 411 1791 cap.
426 1765 434 1781 1
443 1764 469 1789 ς).
479 1757 552 1782 Item
562 1756 698 1784 Cantibus
709 1755 840 1795 Phrygiis
850 1776 858 1787 ,
878 1755 941 1783 Cic.

150 1794 199 1824 lib.
215 1806 237 1823 i.
255 1794 347 1823 divin.
367 1797 451 1823 Arccs
471 1794 619 1834 phrygiae.
641 1797 732 1826 Ovid.
746 1805 944 1834 13.nietamor.

149 1835 252 1864 Clades
260 1834 390 1873 Phrygiae
402 1854 411 1862 .
426 1835 534 1864 Ibidem
546 1857 553 1864 .
572 1838 700 1866 Catervae
717 1837 849 1875 Phrygi-e
861 1857 870 1864 .
888 1838 942 1865 Lu-

148 1886 216 1904 cret.
224 1876 304 1905 liba..
314 1875 430 1914 AEquor
439 1875 608 1916 Phrygium·
619 1879 700 1917 Virg.
710 1878 833 1908 AEneid.
845 1878 942 1914 Itaque

152 1927 201 1956 pei·
213 1927 315 1946 nomen
324 1917 473 1955 Phrygium
487 1929 546 1946 non
557 1928 663 1947 tantum
676 1919 886 1948 vestimenmms
897 1916 943 1945 sed

149 1958 267 1988 diversae
280 1969 321 1987 res
331 1967 364 1985 ex
373 1957 498 1997 Phrygia
510 1959 606 1987 delatae
618 1960 819 1998 intelliguntur
830 1980 836 1986 .
854 1959 943 1993 Quare

152 2009 219 2038 ergo
229 2001 319 2038 potius
329 1998 443 2036 pallium
454 2021 461 2031 ‚
479 2010 560 2038 quam
570 2000 644 2029 alind
655 2009 850 2029 ornamentum
860 1999 943 2027 intel-

150 2040 295 2077 ligendum
305 2042 359 2070 sii?
377 2040 439 2068 Iuio
461 2046 471 2074 [
485 2041 641 2070 Clamideni
657 2041 807 2080 phrygiam
823 2039 902 2078 Virg.
916 2050 942 2077 3.

151 2080 294 2110 AEneidos
304 2084 316 2113 ]
328 2079 401 2108 dixit
412 2092 419 2111 5
430 2079 475 2109 sed
486 2093 545 2120 quis
556 2081 608 2109 hoc
620 2081 771 2111 affer-uerit?
784 2085 866 2110 Error
877 2091 944 2118 ergo

152 2120 312 2160 Rhodigini
326 2121 385 2150 talis
396 2120 447 2149 fuit
458 2144 465 2154 ‚
485 2123 531 2161 qui
544 2123 588 2150 lib.
604 2133 650 2158 25.
670 2134 728 2162 cap.
746 2133 794 2161 30.
816 2122 941 2149 dixerat:

154 2164 308 2196 [Tutiilum
318 2161 476 2199 Fulgentius
489 2164 602 2202 pallium
614 2164 711 2202 accipit
721 2185 729 2197 ‚
750 2172 806 2201 quo
825 2172 859 2190 ex
870 2160 944 2189 sacro

151 2202 208 2231 ritu
218 2213 296 2241 caput
305 2203 474 2231 obnuberent
484 2205 642 2233 Sacerdotes
651 2226 660 2238 ,
679 2205 713 2233 lic
727 2203 798 2241 apud
807 2202 943 2241 optimum

153 2253 303 2272 maximum
320 2247 449 2273 Poetani:

194 2288 230 2314 Et
253 2285 340 2324 capita
362 2293 425 2312 ante
448 2295 502 2312 aras
525 2285 647 2324 phrygio
669 2285 791 2315 velamur
801 2284 922 2315 amiftu]

156 2326 317 2364 Fulgentius
329 2324 405 2354 enim
416 2335 474 2352 non
483 2326 519 2353 ait
528 2348 537 2359 ,
548 2327 622 2364 quod
631 2327 732 2355 rutulus
744 2346 753 2359 ,
762 2326 817 2354 ssve
830 2324 945 2363 pallium

154 2366 209 2395 sint
220 2366 294 2396 idem
303 2377 332 2396 ac
340 2365 495 2404 Phrygium
505 2387 513 2401 ,
524 2366 558 2396 de
569 2377 625 2407 quo
637 2365 811 2406 Virgilius3.
823 2365 945 2395 AEncid.

1301 26 1398 70 Mi

989 81 1019 113 in
1028 81 1115 113 citato
1122 82 1242 114 carmine
1253 104 1263 113 .
1276 85 1400 115 Con-stat
1414 83 1490 115 enim
1511 94 1546 115 ex
1556 85 1679 115 Macroh.
1691 84 1740 114 lib.
1751 94 1783 124 3,.

989 125 1125 153 Saturnal.
1142 134 1202 163 cap.
1214 135 1257 154 ιι.
1279 127 1355 165 quod.
1373 126 1456 166 primi
1473 127 1566 158 Latini
1583 125 1670 155 adhuc
1680 125 1759 154 rudes
1772 146 1782 158 ,

988 165 1099 203 quando
1107 165 1168 194 Diis
1178 164 1362 196 sacrificabant
1373 189 1382 200 ‚
1395 167 1471 196 lauro
1480 189 1489 201 ‚
1511 168 1614 206 populo
1627 188 1635 200 ,
1648 171 1676 196 δι
1687 166 1788 195 simili-

990 206 1036 234 bus
1046 204 1074 234 se
1082 206 1247 234 coronabant
1258 218 1270 239 3
1279 206 1329 236 sed-
1337 207 1458 245 processii
1468 209 1570 237 deinde
1581 207 1715 246 temporis
1726 216 1787 234 ma-

988 247 1042 282 jori
1051 246 1119 274 fistu
1129 256 1241 275 coronas
1252 256 1340 275 aureas
1351 268 1360 280 ,
1379 249 1435 277 five
1446 247 1577 287 phrygias
1589 270 1597 281 ,
1609 259 1669 276 acus
1680 269 1688 281 ,
1707 256 1789 275 nem-

991 297 1027 325 pe
1037 308 1044 319 ‚
1055 287 1160 324 pictura
1170 308 1178 320 ‚
1204 297 1232 315 ac
1242 286 1395 316 diademata
1405 288 1565 318 adhibebant
1587 289 1618 317 in
1626 288 1762 317 sacrificiis
1774 307 1787 323 ,

989 327 1063 366 quod
1075 327 1196 356 alludere
1208 327 1299 356 voluit
1309 329 1390 367 Virg.
1408 329 1460 357 loc.
1469 330 1520 357 cit.
1540 335 1552 364 [
1564 328 1691 368 Phrygio
1712 329 1788 357 vela-

994 377 1053 396 mur
1066 367 1164 396 amiftu
1175 388 1182 396 .
1194 369 1206 399 ]
1220 369 1364 397 Sufficeret
1374 369 1450 397 euim
1466 380 1500 399 ex
1510 369 1636 408 Virgilio
1644 368 1788 398 ostendere

993 407 1144 448 phrygium
1155 408 1230 437 aliud
1242 419 1299 437 non
1308 408 1367 442 effe,
1377 419 1458 449 quam
1466 410 1563 448 capitis
1575 410 1787 446 velainen.Qia-

994 459 1023 479 re
1032 470 1040 482 J
1052 459 1082 477 ut
1091 448 1169 487 supra
1180 447 1267 479 visum
1279 448 1317 478 est
1327 471 1335 482 ,
1358 460 1392 478 eii
1400 450 1547 484 Gratiani,
1558 451 1615 480 five
1625 452 1713 481 Paleae
1726 460 1789 479 tex-

995 499 1024 519 tu
1035 512 1043 523 ‚
1063 490 1281 519 Constantinum
1290 489 1455 520 Pontificem
1473 490 1642 528 Sylvestrum
1663 491 1792 531 phrygio

993 531 1127 560 decorasse
1137 531 1198 559 loco
1210 530 1369 561 diadematis
1379 551 1390 567 ,
1412 535 1441 561 ὃς
1457 542 1567 561 coronae
1586 531 1617 560 in
1626 542 1786 561 memoriam

994 572 1088 611 capitis
1099 571 1147 600 rasi
1157 570 1294 610 Principis
1306 572 1504 609 Apostolorum
1514 594 1521 606 ,
1539 572 1615 612 quod
1632 572 1788 612 Phrygium

995 612 1109 652 ipsemet
1120 614 1275 650 Imperator
1285 612 1430 641 Pontificis
1443 614 1542 643 vertici
1552 612 1685 651 imposuit
1698 633 1705 641 .
1720 616 1788 642 Vei·-

993 664 1040 683 tex
1060 654 1135 683 enim
1154 658 1166 687 (
1178 653 1197 681 fi
1215 653 1356 690 Calepino
1375 653 1511 684 credimus
1521 654 1608 691 ajenti
1619 657 1630 686 )
1650 655 1790 692 [Propter

993 696 1125 723 flexuram
1136 694 1298 732 capillorum
1311 703 1369 731 pars
1379 693 1482 724 sumnia
1491 696 1588 734 capitis
1606 704 1700 723 vertex
1721 695 1794 723 dici·

995 746 1039 764 tui·
1048 758 1055 768 ,
1076 737 1131 765 five
1142 734 1204 773 quia
1215 734 1248 762 ad
1257 735 1419 772 occipitium
1429 735 1459 763 in
1470 737 1579 765 declive
1599 735 1720 764 vei-titur
1729 756 1736 768 ,
1759 734 1794 764 in.

994 777 1061 804 diei.
1073 778 1178 805 Vertex
1189 795 1196 802 .
1209 777 1220 806 ]
1244 775 1360 803 Palliiim
1370 776 1444 803 enim
1454 787 1511 804 non
1521 777 1555 805 ad
1565 777 1700 805 verticem
1710 796 1719 807 ,
1742 773 1791 803 sed

994 817 1064 844 circa
1075 817 1187 847 collum,
1197 814 1244 843 seu
1255 814 1335 853 super
1346 815 1474 845 humeros
1486 817 1610 855 ponitur.
1621 815 1792 854 Adde,quod

995 868 1029 885 ex
1042 854 1208 895 Nicephoro
1217 877 1225 888 ,
1243 858 1271 884 ὅ(
1281 855 1442 885 Balsamone
1450 859 1598 898 Phrygium
1613 856 1696 884 Mitra
1705 856 1790 885 intel-

995 898 1099 937 ligatur
1107 919 1114 926 .
1136 898 1210 926 Item
1221 894 1452 934 semperpallium
1469 898 1521 926 fuit
1540 908 1574 926 ex
1593 897 1709 926 candida
1727 897 1790 925 lana

995 939 1128 978 aliquibus
1140 936 1307 978 simplicibus
1318 937 1438 965 crucibus
1447 946 1611 966 contextum
1621 958 1630 970 ,
1650 947 1709 965 non
1721 947 1792 965 vero

995 990 1077 1018 opere
1090 979 1212 1018 phrygio
1223 999 1231 1011 ‚
1253 976 1300 1005 seu
1317 978 1458 1016 acupieto:
1483 978 1518 1007 sic
1529 977 1604 1007 enim
1623 987 1656 1006 ex
1667 977 1791 1016 Agnello

996 1020 1182 1059 antiquissimo
1192 1017 1326 1056 scriptore
1336 1018 1419 1046 refert
1430 1019 1553 1053 B=londus
1565 1039 1572 1052 ‚
1584 1017 1668 1056 quod,
1681 1026 1789 1054 nempe,

997 1063 1166 1091 Valentinus
1178 1061 1334 1098 Imperator
1344 1059 1459 1097 pallium
1471 1069 1505 1087 ex
1518 1058 1631 1088 candida
1651 1057 1712 1085 lana
1727 1058 1792 1095 Epi-

996 1101 1080 1141 scopo
1092 1106 1242 1133 Ravennat
1252 1100 1260 1127 i
1269 1100 1381 1129 dederat
1392 1120 1401 1127 .
1409 1102 1503 1139 Atque
1514 1102 1584 1130 clare
1595 1099 1715 1128 Isidorus
1725 1119 1733 1130 ‚
1743 1099 1795 1126 lib.

1001 1144 1143 1183 19.Oi-ig.
1152 1152 1210 1180 cap.
1221 1152 1234 1179 3
1246 1152 1270 1169 1.
1281 1140 1373 1179 inquit
1392 1142 1500 1175 [Mitra
1520 1142 1558 1169 est
1577 1141 1682 1178 pileum
1703 1137 1793 1177 phry-

993 1186 1081 1225 gium,
1093 1185 1172 1224 quale
1182 1182 1220 1212 est
1229 1190 1424 1210 ornamentum
1432 1181 1528 1220 capitis
1536 1183 1710 1212 Deiotarum
1719 1181 1792 1210 &ol

996 1230 1091 1265 Atque
1100 1226 1196 1254 clarius
1205 1222 1348 1261 Juvenalis
1357 1223 1446 1257 Satyiz
1459 1229 1485 1250 6.

1036 1271 1071 1296 Et
1095 1266 1212 1305 phrygia
1236 1262 1352 1291 vestitur
1372 1263 1452 1291 bucca
1473 1262 1541 1291 tiara
1553 1283 1559 1289 .
1572 1273 1579 1289 ι
1591 1263 1607 1296 Η
1620 1273 1627 1290 :

997 1308 1178 1336 Innocentius
1196 1305 1256 1334 ΠΙ.
1272 1304 1384 1333 Mittam
1399 1304 1616 1342 Antiphrygium
1633 1310 1715 1330 vocat
1728 1321 1735 1328 .
1749 1304 1789 1329 Ex

994 1347 1147 1376 traditione
1157 1345 1271 1376 habetur
1280 1365 1288 1376 ,
1297 1345 1373 1382 quod
1383 1344 1411 1372 in
1423 1345 1546 1372 Eccleliae
1557 1343 1712 1382 primordio
1723 1341 1789 1379 Epi-

994 1387 1070 1427 scopi
1084 1389 1114 1417 in
1123 1387 1202 1417 [acris
1214 1385 1397 1413 functionibus
1407 1385 1515 1413 mitram
1533 1384 1669 1423 gestabant
1680 1394 1686 1410 z
1709 1392 1791 1421 quare

998 1430 1032 1457 dc
1044 1430 1069 1458 S.
1080 1429 1184 1467 Jacobo
1194 1426 1330 1464 Apostolo
1352 1426 1393 1454 nti
1403 1425 1539 1464 Episcopo
1553 1422 1788 1458 Hierosolymita-

995 1481 1034 1498 no
1043 1469 1119 1498 usum
1128 1471 1217 1498 mitrae
1231 1476 1318 1494 aureae
1338 1465 1457 1495 habuisti:
1469 1465 1640 1505 Epiphanius
1650 1486 1657 1497 ,
1680 1467 1707 1492 δ(
1721 1463 1791 1491 Hie-

996 1520 1128 1546 ronyiniis
1141 1511 1212 1549 apud
1224 1509 1323 1535 Baron.
1334 1517 1400 1535 ann.
1412 1518 1457 1544 34.
1476 1517 1557 1535 num.
1571 1516 1638 1541 294.
1649 1503 1769 1532 referunt
1781 1514 1790 1534 ;

997 1551 1071 1580 idem
1080 1552 1114 1580 de
1127 1553 1153 1580 S.
1164 1553 1270 1588 Joanne
1280 1548 1454 1587 Evangelista
1474 1547 1566 1577 scribit
1579 1546 1738 1582 Polycrates
1757 1547 1793 1573 E-

997 1591 1198 1630 pliessn.Episc.
1205 1593 1236 1620 in
1244 1589 1358 1627 epistad
1369 1589 1511 1618 Victorem
1521 1591 1620 1626 Papam
1628 1585 1699 1624 apud
1709 1584 1792 1628 eund.

998 1636 1099 1662 Baton.
1115 1634 1171 1662 loc.
1179 1634 1229 1661 cii·
1249 1634 1283 1658 Et
1303 1629 1390 1658 adhuc
1411 1629 1441 1658 in
1459 1630 1574 1658 Ecclefia
1585 1629 1610 1656 S.
1621 1626 1739 1655 Martini
1760 1625 1795 1654 de

998 1676 1095 1702 Monte
1106 1676 1205 1703 Romae
1217 1669 1397 1699 conservatur
1418 1671 1443 1698 S.
1453 1670 1668 1705 SilvestriPapx
1687 1667 1768 1694 mitra
1782 1686 1791 1698 ,

998 1724 1057 1753 quae
1067 1714 1104 1743 est
1117 1715 1240 1743 rutundae
1254 1711 1349 1740 formae
1362 1733 1370 1745 ‚
1391 1713 1420 1739 in
1430 1712 1536 1741 vertice
1546 1719 1623 1739 acuta
1635 1728 1643 1740 ‚
1663 1706 1793 1751 altitudi-

997 1756 1039 1783 nis
1051 1756 1128 1784 unius
1138 1756 1219 1793 palmi
1233 1774 1240 1785 ,
1260 1762 1342 1791 opere
1351 1751 1474 1790 phrygio
1484 1752 1602 1790 acupifflxi
1614 1772 1622 1783 ‚
1641 1746 1729 1792 serice
1739 1756 1792 1774 cx·

999 1797 1079 1824 ruleo
1090 1817 1098 1829 ‚
1108 1800 1138 1825 ὅ(
1146 1793 1230 1826 auro)
1249 1794 1279 1822 in
1288 1803 1339 1832 qua.
1349 1796 1435 1822 Beatae
1449 1793 1540 1821 Mariae
1551 1795 1605 1827 ejus
1615 1796 1792 1827 unigenitum

999 1837 1134 1865 infantem
1156 1834 1363 1875 amplectentis,
1386 1837 1416 1862 ἃ.
1433 1833 1499 1862 hinc
1520 1833 1585 1861 inde
1596 1832 1713 1861 duorum
1730 1830 1792 1856 An-

999 1878 1125 1916 gelorum
1147 1874 1355 1915 conspiciuntur
1377 1875 1482 1913 effigies
1492 1885 1501 1905 ς
1525 1873 1630 1912 Angeli
1642 1881 1708 1900 vero
1728 1867 1792 1912 siint

998 1918 1192 1946 Diaconalibus
1201 1915 1363 1946 Dalmaticis
1383 1915 1474 1943 induti
1485 1939 1491 1945 .
1517 1915 1574 1943 FR.
1594 1911 1716 1949 ejusdem
1735 1912 1792 1937 ior-

998 1968 1049 1986 mae
1073 1968 1130 1987 erat
1152 1960 1233 1987 mitra
1255 1957 1286 1984 in
1307 1957 1410 1994 pictura
1433 1957 1457 1984 S.
1479 1954 1614 1984 Paschalis
1635 1956 1713 1990 Papae
1745 1948 1791 1978 sub

999 1999 1107 2037 porticu
1131 2000 1156 2028 S.
1165 1997 1289 2028 Caeciliae
1303 1996 1533 2032 Transstyberinae
1557 1994 1681 2024 Ecclefiae
1692 2013 1700 2024 s
1711 2000 1794 2034 (1ϋὲΠὶ

1000 2041 1134 2068 vetustate
1163 2043 1217 2076 jam
1239 2048 1309 2077 pene
1340 2037 1490 2076 collapsam
1518 2035 1645 2064 renovari
1667 2041 1761 2075 curari
1781 2042 1790 2062 2·

997 2079 1045 2109 sed
1067 2081 1159 2109 Pictor
1169 2102 1177 2113 ‚
1199 2090 1242 2108 ine
1261 2077 1369 2108 absente
1389 2099 1396 2111 ,
1429 2078 1462 2106 ad
1483 2076 1600 2106 recentis
1622 2075 1712 2116 initiae
1736 2074 1792 2116 lor-

998 2132 1069 2150 mam
1100 2130 1249 2149 renovaVit
1268 2141 1277 2153 ‚
1308 2119 1383 2157 quod
1412 2118 1482 2147 mihi
1514 2117 1593 2146 valde
1624 2114 1764 2153 displicuit
1783 2122 1791 2139 .-

997 2162 1116 2190 eundem
1125 2171 1245 2190 errorem
1256 2160 1396 2190 Antonius
1406 2159 1548 2198 Tempesta
1557 2156 1709 2186 delineator
1718 2163 1794 2196 coui-

998 2203 1071 2231 mifit
1082 2203 1111 2231 in
1123 2201 1244 2239 ejusdcm
1253 2201 1364 2239 pietur-22
1377 2199 1526 2238 exemplari
1535 2198 1626 2236 polito
1640 2197 1670 2225 in
1680 2195 1793 2239 historia

998 2243 1126 2282 passionis
1137 2245 1162 2272 S.
1173 2242 1298 2273 Caeciliae
1309 2263 1318 2275 ,
1338 2241 1411 2269 notis
1422 2241 1554 2269 'illustrata
1562 2239 1592 2268 ab
1602 2241 1729 2268 Antonio
1737 2236 1793 2278 1⁴30-⁴

998 2285 1038 2313 iio
1049 2284 1188 2313 Melitenfi
1199 2293 1258 2322 pag.
1269 2288 1318 2318 46.
1327 2281 1357 2310 in
1368 2292 1420 2320 qua
1439 2281 1472 2309 ad
1491 2280 1697 2322 proportionem
1707 2284 1795 2317 origi-

999 2324 1067 2353 nalis
1078 2325 1167 2353 mitrae
1179 2334 1264 2353 nimis
1273 2323 1400 2351 altiorem
1411 2322 1540 2361 figuravit
1552 2332 1559 2351 ς
1578 2319 1626 2348 sed
1634 2327 1666 2345 in
1675 2317 1794 2353 Cryptis

999 2365 1140 2395 Vaticanis
1149 2364 1292 2405 Torrigius
1302 2373 1362 2403 par.
1371 2375 1397 2394 z·
1416 2372 1474 2401 cap·
1484 2371 1512 2400 3·
1527 2359 1641 2390 eandem
1651 2356 1794 2394 antiquam

1710 2406 1766 2426 mi>-

1485 2465 1489 2477 i
