1866 2526
480 32 577 74 DI

84 89 481 128 ΒιΜεκιτιιςΔιμεᾶταιᾸ-Ἰζ.
491 87 700 128 Apollinaristae
713 87 863 123 hei-etiem
873 97 922 118 vo·

128 143 159 161 ce
167 135 254 172 gr'aeca
263 126 548 170 &iaspi;‚bipartituui:
560 139 624 159 nam
635 129 842 168 Apollinei-iiix
854 141 923 158 con-

127 172 276 202 veniebant
286 172 360 210 prius
368 181 430 200 cum
443 172 555 201 Arianis
563 193 573 205 ,
595 170 734 200 afferendo
746 191 754 204 ,
767 171 842 210 quod
852 172 922 200 Ver-

126 214 189 242 bum
197 212 327 241 divinum
337 212 367 242 in
376 212 565 242 incarnatione
577 213 696 241 animam
707 211 852 241 humanam
863 223 921 242 non
937 229 941 233 ·

126 252 315 291 asshmpfiffeu
337 258 365 283 δι
374 264 408 282 ex
419 263 497 282 textu
507 253 655 293 Evangelii
665 253 768 281 deinde
777 263 830 282 con
836 254 901 283 vieti
913 274 920 286 ‚

125 293 278 323 fatebantur
286 292 426 333 suscepisse
435 294 556 323 animam
568 315 574 326 .
597 293 644 322 sed
652 292 748 332 absque
759 294 903 324 intellestn
913 316 921 327 ,

125 337 202 372 cujus
213 334 286 363 vices
298 336 383 365 Verbi
394 335 528 364 divinitas
546 334 702 373 supplerem
724 334 789 363 ideo
808 340 861 368 (ut
879 345 922 364 re-

125 374 178 403 fert
187 376 226 404 D.
234 377 355 414 Gregor.
367 377 506 406 Nazianz.
516 376 546 404 in
557 375 635 415 epist.
651 385 673 404 i.
685 375 718 404 ad
727 375 897 404 claudinum
909 379 921 407 )

125 414 270 445 Christum
280 420 427 446 Hominem
446 419 627 445 Datm'ni'cum
647 415 834 454 appellabant:
857 427 917 455 quae

125 465 217 485 tamen
239 457 319 486 verba
337 458 368 486 in
387 459 490 486 testum
501 455 608 486 sensum
628 456 804 485 intellexerat
815 456 852 485 D.
864 460 920 485 Au-

122 497 192 536 gust.
202 508 228 526 at
240 497 331 535 postea
342 499 387 527 lib.
405 510 426 527 i.
437 508 495 536 cap.
521 509 564 534 ¹9·
577 497 698 527 Retrast.
718 495 746 524 se
756 498 917 525 retrac‘trive-

126 547 176 566 rat.
188 538 384 568 Nihilominus
393 540 430 568 D.
443 538 604 569 Athanasius
613 538 643 566 in
653 536 829 575 expositione
838 538 914 573 Sym>

123 579 180 607 boli
193 579 291 618 absque
300 578 426 619 scrupulo
435 578 570 608 catholice
580 578 623 607 his
634 578 759 606 terminis
772 577 832 606 usiis
846 577 896 607 suit
909 603 914 611 ,

122 619 250 657 inquiens
262 631 269 648 ε
291 626 303 656 [
323 620 387 656 Quo
406 619 556 659 praecursor
572 629 622 657 pro
641 618 721 647 nobis
731 617 863 657 ingress'us
881 620 917 648 est

121 660 287 689 Dominicus
295 660 381 690 homo
390 683 398 694 ‚
426 662 456 689 in
466 660 697 699 quojudicaturus
716 659 754 687 est
766 660 847 688 vivos
860 681 867 693 ,
889 664 916 688 δι

119 710 242 729 mortuos
253 721 260 728 .
270 703 282 732 ]
294 703 340 731 De
351 702 394 730 his
403 700 543 730 haereticis
552 720 558 728 .
581 700 656 729 Vid2
669 700 868 738 Apollinaristae
880 721 886 729 .

81 740 235 770 D1M11>iuM
248 744 395 772 Portunus
406 764 415 775 ,
438 752 547 770 moneta
557 764 564 774 ,
587 751 647 779 quae
659 740 711 770 lit?
724 740 797 769 Vide
807 742 896 770 Siclus
907 762 914 769 .

78 780 267 811 Dunssomffi
278 803 286 814 ,
309 786 337 812 δε
349 783 550 820 Dimiſjbriales
570 783 670 811 littera
683 802 690 809 .
714 781 787 810 Vide
805 786 913 810 Littera

119 822 313 859 dimtffariales
323 844 331 851 .

80 861 218 892 Βιιιιιτυς
231 884 237 891 .
261 864 335 893 Vide
347 866 489 893 Semirus.

77 902 239 933 Dixomum
248 925 257 937 ‚
279 903 382 933 facium
402 905 549 933 donarium
559 925 565 932 .
587 911 600 941 [
618 906 664 933 Ne
675 903 737 942 quis
756 903 866 942 posthac
877 901 915 932 sa-

119 954 163 973 cra
173 954 277 974 temere
288 947 440 974 contreStet
451 967 459 978 ,
481 946 586 974 etiamsi
598 945 642 974 vel
654 946 762 973 cadmea
774 943 915 974 neceffitas

119 993 216 1022 urgeat
226 997 234 1015 ς
258 996 294 1014 ne
307 997 399 1015 manus
408 986 526 1024 impuras
537 986 615 1014 sacrm
635 986 711 1014 rebus
732 985 838 1020 injiciat
848 1007 856 1017 ‚
880 996 914 1013 ne

119 1024 232 1062 profana
244 1036 277 1053 ex
295 1026 400 1054 divinis
417 1027 533 1055 dinodia
553 1027 617 1055 fiant
628 1049 636 1059 ,
658 1026 724 1055 dum
744 1026 774 1053 in
795 1026 915 1063 publicos

120 1063 181 1093 usus
191 1066 436 1095 circumferuntur.
458 1069 492 1096 In
506 1068 581 1095 Bulla
591 1077 668 1095 :ini-ea
687 1067 783 1096 Alexii
794 1067 916 1105 Imperi-

121 1106 190 1134 toris
199 1128 207 1140 ‚
230 1109 242 1138 ]
254 1107 297 1135 ubi
309 1108 452 1136 multoties
461 1107 515 1136 lioc
528 1109 688 1136 vocabulum
697 1109 833 1145 repetitur
844 1128 851 1134 .

78 1146 241 1176 Diorcfsis
253 1169 261 1180 ‚
283 1146 412 1182 ‹laoi'mcrig
425 1170 432 1181 ,
454 1148 548 1187 Regio
569 1147 701 1187 afligneta
721 1147 768 1176 sub
788 1148 913 1187 Episcopi

118 1187 320 1222 jurisdiciione.
334 1190 389 1218 i-R.
400 1191 469 1217 Non
479 1190 533 1217 erit
543 1199 620 1218 extra.
630 1189 753 1217 materia„-
764 1190 913 1217 tei-minum

117 1237 256 1266 apponere
266 1228 310 1256 hic
320 1227 479 1266 responsum
489 1240 502 1257 a
512 1239 556 1258 me
576 1229 687 1257 allatum
704 1228 771 1265 juss'u
790 1231 826 1258 R.
838 1232 867 1258 P.
878 1230 914 1257 D.

119 1268 173 1296 inci
184 1269 328 1306 Ciampini
340 1269 492 1298 liberalium
502 1270 601 1299 artium
620 1269 794 1298 versatissimi
813 1269 916 1298 Praesii-

121 1307 155 1336 lis
164 1330 172 1341 ,
196 1313 223 1338 ὅ(
235 1310 412 1338 Eniditorum
423 1311 585 1340 Mecoenatis
596 1332 606 1343 ,
628 1311 722 1349 quibus
743 1310 824 1338 valde
833 1311 916 1349 profi-

117 1358 192 1377 cuam
201 1371 210 1382 ‚
233 1354 261 1379 δε
272 1350 370 1380 utilem
387 1350 466 1389 super
484 1352 615 1381 Concilia
633 1351 799 1380 oecumenica
818 1355 914 1381 Roma:

120 1390 297 1420 Academiam
306 1402 393 1430 nuper
403 1403 526 1423 erexerat
539 1404 545 1421 :
557 1393 600 1421 ubi
613 1393 677 1421 dum
687 1392 894 1421 examinabatur
906 1414 914 1425 ,

118 1441 153 1458 an
163 1441 282 1460 canones
293 1433 499 1470 apostolicifim
513 1433 682 1472 apocryphi,
706 1434 750 1461 vel
770 1433 916 1473 hagiogra-

120 1470 189 1508 phi,
212 1477 239 1501 ὅ(
249 1473 324 1501 inter
333 1474 385 1502 alia
395 1474 472 1502 dubia
494 1485 543 1512 pro
554 1485 629 1512 pai-te
648 1474 779 1512 negativa
791 1495 798 1506 ,
820 1475 916 1513 quaesi-

119 1520 175 1538 tum
193 1511 245 1540 fuit
255 1535 263 1545 ,
286 1515 426 1550 quomodo
436 1525 526 1543 canon
537 1515 697 1552 :postolicus
708 1525 754 1552 34.
766 1513 896 1553 disponet
908 1538 915 1548 ,

118 1551 193 1589 quod
206 1557 218 1586 [
231 1552 379 1591 Episcopus
388 1564 466 1582 extra
476 1557 608 1583 terminos
618 1555 677 1582 suos
689 1556 718 1582 in
729 1555 897 1584 Civitatibus
908 1578 914 1587 ,

119 1596 147 1619 ἃ
158 1593 329 1631 Regionibns
343 1593 389 1622 libi
400 1606 459 1622 non
470 1595 596 1632 siibjestis
616 1595 809 1624 ordinationes
831 1596 915 1625 facere

121 1643 177 1659 non
191 1633 350 1671 prxsimii‘to
362 1655 369 1661 .
382 1637 394 1666 ]
407 1637 432 1664 Si
445 1635 657 1675 episcopatuum,
669 1640 696 1664 ἃ
705 1636 864 1665 dioecefium
873 1637 902 1665 di

119 1672 238 1701 viiioncs
249 1685 305 1702 non
320 1676 517 1713 Apostolorum
529 1699 536 1710 ‚
559 1676 606 1705 sed
627 1676 795 1705 Pontificum
813 1680 916 1707 Rorna-

119 1723 216 1741 norum
229 1717 395 1752 temporibus
407 1715 482 1746 sache
496 1717 589 1747 fuere?
611 1718 666 1746 Cui
677 1718 828 1752 objectioni
846 1718 914 1747 mihi

118 1752 154 1780 sic
162 1754 330 1793 respondere
341 1758 496 1796 contigerat
509 1769 515 1788 ς
539 1759 633 1787 Primo
644 1780 651 1791 ‚
674 1768 773 1796 nempe
784 1780 792 1791 ,
814 1760 915 1788 exami-

120 1795 215 1822 nando
223 1797 357 1826 Dioeeelis
368 1800 569 1838 etymologiam
580 1820 590 1826 .
612 1800 738 1827 Secundo
750 1800 914 1839 impugnan-

119 1834 156 1862 do
173 1837 344 1873 quorundam
364 1839 529 1876 opinionem
541 1862 549 1873 ‚
572 1838 746 1868 asserentium
766 1841 914 1870 Pontifices

119 1874 210 1919 primo
221 1877 363 1906 Dici-:ceses
383 1879 504 1909 divisisti:
514 1902 523 1913 ,
545 1891 573 1909 ac
593 1880 734 1919 Episcopis
755 1880 894 1921 affignass'c
907 1904 914 1911 .

120 1918 219 1944 Tertio
229 1917 339 1946 citatum
347 1929 482 1948 canonem
492 1921 685 1960 Apostolicum
696 1921 747 1950 ess'e
766 1923 916 1961 hagiogra-

119 1955 204 1993 phum
215 1977 222 1983 .
245 1958 329 1986 Circa
339 1960 456 1997 primum
466 1960 559 1990 asserui
568 1962 767 2001 etymologiam
776 1962 854 1998 hujus
865 1975 914 1993 no-

119 1997 205 2041 minis
214 1998 342 2035 Dioecefis
351 2001 382 2028 ab
392 2002 717 2041 Auctoribus-dupliciter
727 2002 815 2031 afferi-i
829 2015 837 2035 ς
859 2006 915 2043 pri-

119 2047 166 2080 mo
175 2047 203 2065 iii
216 2048 366 2073 concrete,
375 2041 446 2070 idest
458 2063 465 2074 ,
477 2043 650 2072 territorium
660 2065 669 2076 ,
680 2042 726 2072 seu
735 2045 913 2074 Provinciam

120 2078 289 2107 Dioecefizno
298 2101 305 2112 ‚
328 2079 375 2109 seu
385 2082 560 2119 gubernatori
571 2083 730 2122 affignatam
741 2106 749 2117 ,
771 2086 809 2114 ita
819 2086 913 2115 Glosi'a

120 2119 150 2146 in
160 2129 218 2161 can.
229 2119 356 2158 Episcopi
369 2143 378 2154 ‚
401 2123 448 2160 qui
461 2133 537 2152 extra
545 2122 618 2152 suam
636 2136 664 2160 9.
687 2135 732 2163 qu.
755 2136 781 2162 3.
802 2126 832 2154 in
853 2138 912 2155 can.

120 2168 286 2198 quicumque
309 2168 355 2189 16.
370 2163 464 2200 quaest.
485 2174 515 2201 3.
536 2167 564 2192 &
584 2165 614 2192 in
634 2175 690 2202 cap.
701 2166 785 2194 unico
803 2176 913 2196 extrav,

121 2209 220 2228 comm.
232 2201 267 2229 de
275 2202 350 2229 offic.
361 2202 483 2242 delegati
493 2225 502 2236 ‚
524 2204 568 2232 ubi
577 2204 684 2243 semper
694 2205 799 2234 dicitur
807 2229 815 2240 ‚
834 2212 912 2236 Dioe-

119 2240 197 2278 cesim
207 2262 215 2273 ,
226 2241 267 2269 nil
276 2243 351 2271 aliud
361 2241 412 2272 ess'e
422 2265 430 2276 ‚
440 2254 519 2282 quam
531 2245 702 2274 territorium
712 2268 720 2279 ,
739 2245 785 2274 seu
795 2257 914 2286 provin-

118 2281 189 2309 ciam
201 2302 207 2309 .
220 2283 346 2311 Secundo
358 2283 388 2311 in
405 2284 553 2319 abuti-fro,
575 2282 679 2315 scilicet
690 2309 701 2320 ,
715 2286 814 2326 absque
835 2289 910 2318 limi-

119 2331 198 2350 tanea
206 2322 400 2358 jurisdictione
408 2325 462 2353 loci
472 2337 481 2357 5
490 2330 518 2355 ὃ(
527 2325 565 2354 ita
574 2327 796 2357 Archidiaconus
805 2350 813 2362 ‚
826 2323 854 2359 ἑ(
863 2332 908 2359 ali'

119 2362 155 2392 ad
163 2362 207 2392 tit.
219 2368 244 2392 8.
253 2363 288 2394 de
296 2363 437 2405 rescriptis
446 2387 456 2400 ‚
477 2376 535 2406 cap.
550 2377 560 2396 i
572 2378 595 2396 i.
612 2368 642 2400 §-
651 2368 686 2398 de
703 2368 751 2398 sua
770 2369 892 2402 Dioecefi

354 2478 362 2493 Ι

1299 31 1346 72 D
1376 33 1395 73 1
1653 46 1734 87 247

978 86 1008 117 in
1017 87 1098 117 sexto
1107 108 1115 121 ‚
1125 86 1170 117 ubi
1179 86 1337 118 abstractive
1348 89 1382 118 sic
1392 87 1530 117 definiunt
1542 99 1548 116 :
1571 95 1584 124 [
1596 89 1780 121 Βίωοεῐίςάί-

954 146 962 154 ·
976 129 1048 158 citui·
1060 128 1163 158 divisio
1174 149 1183 161 ‚
1213 126 1258 157 seu
1271 130 1434 168 gubernatio
1445 150 1452 162 ,
1471 130 1536 168 quia
1544 129 1632 158 divisa
1644 133 1682 160 est
1691 132 1723 161 ab
1732 134 1782 160 Ec-

977 169 1056 198 clesia
1067 169 1178 198 alterius
1189 169 1366 208 Episcopatus
1376 191 1386 203 ,
1407 174 1433 199 ὅ(
1445 168 1590 198 commissa
1601 172 1779 209 gubernatio-

977 210 1008 239 ni
1019 211 1124 241 unius-J
1137 209 1296 250 Uti-amque
1306 221 1400 240 trimen
1410 210 1607 240 definitionem
1617 210 1671 240 esse
1684 223 1780 242 vei-arn

978 251 1038 280 dixi
1050 262 1059 282 ς
1080 250 1126 279 sed
1137 249 1288 290 respective
1299 263 1306 283 5
1331 254 1422 281 Prima
1433 251 1510 280 enim
1522 251 1679 280 verificatur
1691 274 1697 284 ,
1720 264 1778 292 quo

977 291 1011 320 ad
1030 300 1155 331 tempora
1167 313 1175 324 ,
1197 293 1226 320 in
1247 294 1343 332 quibus
1360 303 1501 331 coeperant
1526 291 1654 331 Episcopi
1678 293 1697 321 h
1706 294 1777 322 :bei-e

977 333 1149 362 territorium
1159 332 1321 372 assignatum
1335 357 1342 367 ,
1363 332 1494 369 &jurisd=
1512 335 1522 361 't
1537 342 1620 362 onem
1643 343 1780 372 tempora-

977 372 1032 401 lem
1042 395 1050 407 ,
1074 374 1120 403 vel
1130 373 1203 412 quali
1214 375 1393 414 temporalem
1403 395 1410 403 .
1433 374 1556 404 Secunda
1580 384 1646 404 vero
1665 374 1779 403 assertio

975 413 1091 443 Archid.
1102 414 1149 443 cit.
1160 417 1188 443 δε
1198 415 1313 444 aliorum
1326 415 1494 455 intelligitur
1514 416 1690 454 originaliter
1708 444 1713 446 ,
1735 416 1779 444 iii-

974 455 1074 483 mirum
1086 477 1093 488 ,
1116 455 1226 494 quando
1240 456 1366 495 Episcopi
1378 457 1410 485 ab
1422 455 1564 495 Apostolis
1587 457 1708 485 ordinati
1730 456 1778 485 ha-

974 495 1072 524 bebant
1085 496 1250 535 guberniuni
1261 519 1269 530 ‚
1292 502 1320 526 ὅ(
1332 507 1422 526 curam
1434 498 1586 526 animarum
1598 519 1606 530 ,
1619 498 1647 526 in
1658 507 1776 536 quorum

972 545 1088 564 numero
1107 534 1241 575 aslignato
1259 538 1421 568 coniizlebat
1451 538 1579 577 gubernii
1604 538 1775 577 episcopatus

974 586 1036 604 cura
1049 599 1057 609 ,
1078 587 1159 616 atque
1171 579 1201 606 ab
1209 579 1264 607 alio
1276 589 1349 608 coetu
1361 601 1368 612 ‚
1378 578 1422 607 seu
1436 579 1551 608 Ecclesia
1563 579 1711 609 distinstm
1726 590 1761 608 no
1770 597 1777 601 -

973 617 1048 645 mine
1059 618 1135 645 enim
1148 619 1274 648 Eccleliae
1286 641 1294 652 ‚
1318 620 1432 648 nonnisi
1450 620 1574 648 fidelium
1590 621 1773 660 congregatio

975 657 1129 686 formaliter
1139 656 1307 696 significatur
1318 682 1325 693 ‚
1349 670 1383 689 ex
1401 671 1453 699 qua
1472 660 1596 689 fidelium
1618 662 1772 700 unicuique

973 698 1111 737 Episcopo
1121 699 1301 738 affignatione
1311 701 1340 729 in
1352 701 1496 739 primitiva
1509 702 1626 731 Ecclesia
1637 712 1698 731 orta
1717 702 1759 731 sue
1768 719 1774 724 ·

973 749 1014 767 rat
1033 740 1108 768 inter
1125 740 1204 769 rudes
1225 741 1351 771 dill'enfio
1363 754 1368 769 :
1394 752 1455 770 mni
1474 742 1524 771 alii
1544 742 1703 772 dicebantur
1721 744 1773 771 elle

973 779 1143 814 Christi,alii
1155 781 1325 819 Cepliiestlii
1339 782 1455 820 Apollo,
1466 787 1493 811 ὅ(
1505 783 1552 811 alii
1562 784 1648 812 Pauli:
1661 783 1771 813 Chi-isti

972 821 1085 859 inquam
1099 844 1106 855 ,
1127 821 1288 850 dicebantur
1300 823 1361 856 illi,
1372 832 1418 861 qui
1432 823 1463 851 ab
1475 822 1591 861 ipsomet
1602 825 1727 853 conversi
1737 823 1771 852 ad

973 861 1056 890 fldem
1065 872 1194 901 tanquam
1207 863 1312 891 caetei-is
1323 864 1468 902 primiores
1478 864 1666 903 gloriabantur
1677 877 1684 893 .·
1695 875 1772 893 nam-

971 913 1023 942 que
1031 904 1082 932 illo
1093 904 1180 932 adhuc
1188 903 1218 932 in
1230 914 1309 933 terris
1317 903 1509 938 conversante,
1521 915 1566 934 eos
1576 904 1659 934 fidem
1669 906 1771 934 docue-

971 953 1011 971 rat
1025 965 1034 977 ,
1057 943 1180 982 aliosque
1190 956 1198 976 ‚-
1223 955 1271 983 pei·
1279 948 1334 980 ejus
1353 945 1502 983 discipulos
1512 968 1520 979 ,
1544 947 1653 985 quando
1665 968 1672 979 ‚
1696 957 1771 975 nem-

991 994 1004 1012 e
1015 995 1022 1015 3
1045 991 1056 1020 [
1070 985 1144 1014 Misit
1155 986 1217 1014 illos
1227 987 1305 1014 binos
1314 996 1378 1014 ante
1398 986 1494 1015 faciem
1515 985 1589 1015 suani
1608 987 1638 1016 in
1655 997 1769 1016 omnem

971 1025 1128 1054 Civitatem
1141 1047 1148 1058 ,
1172 1030 1198 1056 δ(
1210 1026 1299 1054 locum
1311 1048 1318 1058 ,
1341 1037 1395 1065 quo
1405 1026 1462 1064 ipse
1473 1037 1529 1055 erat
1548 1036 1678 1056 venturus
1691 1049 1699 1061 ,
1716 1030 1770 1057 Lu-

971 1074 1008 1094 (τε
1021 1076 1076 1104 cap.
1094 1078 1135 1095 io.
1148 1069 1159 1097 ]
1171 1067 1338 1106 dederatque
1349 1067 1387 1095 eis
1409 1067 1580 1105 spiritualem
1598 1068 1770 1104 jurisdictio-

971 1117 1053 1140 nem,
1076 1109 1160 1135 Mire,
1170 1114 1197 1136 6.
1209 1108 1256 1146 qui
1280 1117 1310 1136 ut
1322 1107 1434 1136 inferius
1456 1109 1557 1137 ibidem
1568 1131 1575 1142 ,
1599 1113 1610 1144 [
1631 1113 1768 1139 Exeuntes

970 1148 1152 1185 prsedicabant
1160 1169 1169 1182 ‚
1188 1159 1218 1176 ut
1229 1149 1427 1186 poenitentiam
1437 1159 1551 1188 agerent
1561 1171 1569 1183 ,
1590 1153 1618 1178 δε
1629 1150 1769 1180 daemonia

973 1189 1057 1216 multa
1066 1189 1210 1222 ejiciebant
1221 1211 1228 1222 ‚
1252 1193 1279 1218 ὃ(
1288 1190 1427 1228 ungebant
1436 1193 1500 1219 oleo
1511 1191 1613 1219 multos
1626 1200 1746 1229 aegroto<
1759 1214 1767 1225 ,

970 1232 997 1256 ὃ(
1008 1228 1168 1257 sanabantur
1179 1250 1186 1257 .
1197 1232 1209 1261 ]
1228 1231 1326 1268 Itaque
1338 1231 1410 1259 reste
1420 1231 1563 1259 concludit
1574 1232 1612 1260 D.
1623 1232 1768 1267 Hierony-

973 1279 1031 1297 mus
1041 1270 1070 1297 in
1081 1280 1123 1308 ep.
1132 1270 1166 1298 ad
1176 1271 1520 1309 Titum,inquiens‚[Olim
1534 1272 1607 1300 idem
1617 1281 1675 1300 erat
1687 1272 1762 1301 Pres-

972 1310 1094 1345 byter‚ac
1105 1310 1292 1349 Episcopus‚&
1302 1322 1448 1350 antequam
1458 1313 1561 1341 d12boii
1570 1313 1767 1346 instinftu,stu-

971 1351 1016 1379 dia
1026 1373 1033 1383 ‚
1044 1352 1090 1379 vel
1102 1351 1247 1380 schismata
1258 1352 1290 1380 in
1299 1353 1451 1391 Religione
1464 1353 1572 1386 fierent,
1583 1357 1612 1382 δ(
1621 1352 1765 1383 discerent

971 1392 1000 1419 in
1012 1393 1120 1431 populis
1129 1413 1137 1425 ,
1149 1403 1202 1432 ego
1211 1392 1269 1420 sum
1278 1393 1374 1426 Pauli,
1386 1404 1440 1432 ego
1448 1392 1506 1422 sum
1517 1395 1624 1432 Apollo
1635 1416 1642 1427 ,
1655 1405 1708 1434 ego
1719 1406 1767 1424 au-

972 1442 1028 1461 tem
1038 1432 1161 1472 Cephae,
1180 1434 1319 1462 communi
1333 1435 1559 1469 Presbyterorum
1579 1435 1696 1464 consilio
1715 1447 1766 1475 gu-

974 1474 1152 1502 bernabantur
1162 1494 1168 1501 .
1189 1474 1334 1513 Postquam
1344 1485 1436 1503 autern
1454 1474 1640 1514 unusquisque
1651 1483 1745 1506 corum
1755 1499 1765 1511 ,

972 1524 1039 1552 quos
1049 1515 1312 1553 baptizaverat‚suos
1321 1514 1372 1544 effe
1383 1516 1530 1553 putabin&
1541 1526 1598 1544 non
1607 1516 1759 1550 Cliristi‚in

971 1565 1032 1584 toto
1041 1556 1106 1585 orbe
1116 1556 1255 1584 decretum
1265 1556 1303 1585 est
1315 1578 1322 1589 ‚
1343 1567 1372 1584 nt
1384 1566 1450 1584 unus
1461 1556 1496 1584 de
1506 1557 1674 1592 presbyteris
1683 1557 1766 1596 supet

970 1605 1121 1634 poneretur
1130 1598 1255 1626 omnibus
1265 1619 1272 1629 ‚
1292 1606 1322 1624 ut
1332 1595 1506 1624 schismatum
1516 1596 1621 1625 semina
1631 1598 1766 1627 tolleren-

971 1639 1038 1668 tur.]
1053 1640 1092 1666 At
1103 1638 1214 1675 quando
1225 1637 1281 1666 haec
1292 1636 1476 1675 superpositio
1486 1658 1493 1669 ,
1504 1642 1516 1671 (
1528 1648 1589 1676 qux
1599 1638 1693 1666 eadem
1705 1639 1744 1668 est
1755 1661 1764 1672 ,

970 1688 999 1706 :ic
1010 1677 1180 1716 episcopatus
1191 1700 1198 1711 ,
1209 1683 1236 1706 δε
1246 1678 1407 1720 gn'pernatio
1418 1699 1426 1710 ‚
1445 1676 1492 1706 seu
1502 1678 1627 1707 dioecesis
1637 1683 1650 1711 )
1660 1680 1763 1708 consti-

970 1728 1012 1746 tut
1020 1729 1034 1746 a
1043 1718 1113 1747 fuit?
1133 1721 1219 1747 Certe
1232 1729 1289 1747 non
1301 1719 1350 1747 iiiii
1361 1718 1469 1757 quando
1479 1717 1623 1747 schismata
1634 1720 1764 1758 praedista

972 1758 1107 1788 Corinthi
1119 1768 1256 1787 commota
1269 1759 1377 1787 fuci-unt
1389 1781 1396 1791 ,
1408 1759 1475 1788 idest
1488 1781 1494 1792 ‚
1506 1769 1629 1798 tempore
1638 1761 1723 1794 Pauli,
1733 1765 1762 1790 ἅ

970 1800 1256 1839 Apostoloruni.Ergo
1267 1799 1398 1829 dioeceses
1408 1810 1472 1828 tunc
1482 1799 1579 1829 divis-i:
1591 1798 1664 1829 sunt.
1676 1803 1761 1837 Quod

969 1841 1037 1868 bene
1057 1841 1187 1869 inlinuari
1205 1841 1316 1869 videtui·
1335 1851 1368 1869 ex
1387 1841 1481 1869 eadem
1500 1841 1577 1870 Pauli
1595 1841 1672 1880 epist.
1687 1853 1709 1870 i.
1727 1843 1762 1871 ad

970 1881 1106 1910 Corinth.
1118 1882 1162 1910 ubi
1174 1881 1314 1920 postquam
1333 1882 1370 1909 eis
1389 1880 1530 1919 scripserat
1541 1903 1549 1913 ‚
1571 1887 1583 1917 [
1597 1884 1659 1911 Hoc
1668 1892 1760 1911 autent

970 1922 1035 1950 dico
1045 1944 1052 1955 ‚
1064 1923 1139 1961 quod
1147 1921 1329 1960 unusquisque
1340 1922 1458 1950 vestrum
1468 1922 1549 1955 dicit,
1559 1933 1612 1962 ego
1621 1922 1681 1951 sum
1691 1925 1759 1952 Pau-

968 1963 989 1990 li
999 1967 1050 1991 &c.
1062 1964 1072 1993 ]
1095 1967 1122 1992 Sc
1133 1964 1273 2001 postqnun
1284 1961 1427 1990 schismata
1440 1984 1446 1994 ,
1468 1966 1496 1991 ὅ(
1506 1963 1655 1992 diviliones
1668 1974 1763 2003 repro-

968 2004 1089 2036 buverar,
1099 2003 1222 2042 sequitui·
1234 2003 1416 2031 nihifominus
1428 2003 1494 2031 ibid.
1505 2013 1562 2042 cap.
1580 2014 1589 2032 i
1597 2016 1623 2033 z.
1632 2003 1759 2043 spiritua-

968 2044 1036 2072 lium
1049 2046 1244 2083 gubermorum
1259 2066 1266 2076 ,
1277 2042 1322 2072 sen
1331 2044 1490 2072 dioeeelium
1500 2044 1649 2074 divisiones
1659 2055 1757 2084 appro-

969 2085 1030 2113 bare
1040 2107 1047 2117 ,
1059 2086 1196 2123 inquiens;
1210 2088 1265 2119 [Et
1277 2084 1427 2113 divisiones
1437 2084 1671 2114 ministrationum
1683 2086 1756 2121 sunt,

968 2126 1043 2154 idem
1054 2136 1120 2153 vero
1129 2126 1203 2154 Deus
1214 2146 1221 2157 ,
1245 2125 1432 2163 quioperatui·
1438 2126 1534 2154 omnia
1544 2127 1575 2154 in
1585 2128 1710 2155 omnibus
1720 2149 1726 2155 .
1741 2131 1752 2160 ]

968 2170 1010 2194 En
1032 2167 1116 2205 igitur
1136 2166 1286 2194 divisiones
1314 2165 1537 2204 superioritatum
1548 2188 1556 2199 ,
1578 2167 1756 2196 ministratio-

966 2217 1033 2235 num
1044 2228 1052 2240 ,
1063 2207 1292 2246 gubernationum
1302 2227 1309 2238 ‚
1320 2206 1366 2235 feu
1374 2207 1550 2244 dioeceliunig,
1560 2218 1619 2246 quae
1631 2209 1703 2237 idem
1713 2208 1756 2236 so-

965 2258 1034 2276 nant
1046 2268 1053 2275 .
1076 2249 1172 2285 Itaque
1184 2248 1213 2274 in
1224 2248 1377 2285 primordio
1387 2248 1563 2277 Eccleliaruiii
1573 2249 1696 2277 dioeceds
1707 2260 1757 2277 no-

967 2298 1030 2316 men
1039 2289 1196 2316 abstractum
1205 2298 1262 2316 erit
1273 2310 1280 2321 ‚
1290 2299 1341 2327 pcr
1351 2289 1424 2327 quod
1435 2290 1601 2328 gubernatio
1612 2312 1618 2321 ,
1637 2293 1663 2317 ὃ(
1674 2289 1752 2317 insti-

967 2329 1040 2357 tutio
1049 2329 1171 2357 fidelium
1183 2330 1322 2358 numerice
1331 2329 1527 2368 assignatorum
1540 2352 1547 2362 ,
1566 2335 1593 2358 δε
1604 2340 1661 2356 ιιπτι
1676 2332 1755 2367 terri-

965 2369 1284 2410 totiumintelligebatui·
1293 2390 1303 2398 .
1324 2370 1410 2408 Quod
1425 2370 1491 2399 benc
1502 2370 1622 2400 Gelaiius
1632 2372 1703 2407 Papa
1714 2380 1755 2400 te-

1373 2411 1405 2445 Q
1444 2423 1463 2446 4
1664 2414 1714 2438 lta-
