1866 2526
447 68 566 113 TH

95 128 170 162 inter
178 129 286 162 brachia
295 135 353 169 ejus
362 127 512 167 suscipiens
523 149 530 159 .
542 130 570 155 δε
580 125 695 155 statuens
705 123 735 154 in
745 124 838 154 medio
849 122 891 154 di-

94 172 259 210 scipulorum
269 193 278 205 ‚
296 172 405 212 inquit:
430 175 442 204 [
454 167 626 204 Quicumque
637 177 705 205 ergo
727 165 890 194 humiliave-

61 215 67 219 '
96 213 132 242 rit
139 211 167 240 se
176 212 241 241 ficut
250 214 378 251 parvulus
389 210 437 238 iste
448 231 456 241 ,
477 209 522 236 hic
532 216 646 245 magnus
658 206 799 235 vocabitur
811 207 840 235 in
851 216 891 235 re-

138 263 156 281 o
165 253 322 282 Coeloruni.
332 249 499 289 Matth.18.]
513 251 553 276 Ex
566 247 618 276 hoc
630 246 698 275 faeto
711 256 805 285 putant
813 248 892 275 Grae-

100 294 125 322 ci
141 291 338 331 Theophoruni
357 290 565 320 denominatum
584 287 659 316 fuifle
674 287 746 316 hune
765 287 891 315 Sant‘tum

97 334 248 367 Martyreni
259 356 266 366 ,
286 334 348 372 quia
357 331 493 369 susceptus
505 328 590 357 fuerat
601 338 614 355 a
625 327 740 356 Christo
751 338 784 356 eo
794 327 872 366 pasto
883 349 890 360 ,

95 383 151 412 quo
160 373 263 402 dietum
273 375 309 403 est
321 386 328 404 ς
350 374 438 410 itaque
459 369 550 410 potius
562 379 576 396 a
585 369 649 396 Deo
659 369 771 396 allatum
781 389 789 400 ‚
811 378 891 407 quam

94 413 186 442 Deum
196 413 330 442 ferentem
339 413 396 442 dici
407 412 498 444 debet,
509 412 553 437 vel
563 417 714 447 utrumque.
727 409 814 443 Hujus
826 408 890 451 San—

94 453 132 482 sti
141 453 262 492 epistol-2
275 454 376 483 frivole
388 475 395 485 ,
407 450 540 490 negativis
551 471 558 482 ,
568 458 667 486 nempe
677 469 684 480 ,
696 457 868 486 argumentis
881 469 888 481 ,

93 497 122 523 ὅ(
133 505 188 522 non
201 494 326 532 positivis
338 502 464 532 tanquam
474 488 544 520 falsae
555 489 751 528 impugnantur
760 498 773 515 a
782 488 891 532 Joanne

94 535 197 563 D³lleo
210 556 217 567 ‚
237 535 398 573 exterisque
417 529 611 561 recentioribus
630 528 776 558 Haereticis
786 547 794 555 .
818 528 890 557 Vide

96 575 240 604 Theotocos
251 597 258 604 .

54 616 222 644 Tutopous
234 637 242 648 ,
252 614 390 649 θ-εὶηι-ολις
403 613 471 646 ,Dei
482 610 591 641 Civitas
603 633 609 643 ,
630 609 703 638 itain
715 607 789 638 sexta
799 608 888 644 Syno-

94 656 131 684 do
149 656 282 694 appellata
293 656 344 684 fuit
362 651 514 684 Antiochia
522 651 608 686 Syriae
619 674 626 684 ,
644 653 717 686 cujus
736 648 890 678 Patriarcha

95 696 304 733 Theopoliranus
324 695 425 723 dicitur
436 703 443 720 :
462 692 600 720 rationem
618 701 665 719 cur
683 690 747 718 huic
766 690 888 719 Civitati

94 735 147 763 hoc
165 745 266 764 nomen
276 735 397 763 inditum
408 733 497 762 fuerat
506 753 514 764 ,
534 731 616 760 refert
629 734 726 760 Baron.
747 741 808 759 ann.
820 742 855 765 42
863 734 888 758 8.

94 772 170 803 nuin.
181 786 226 813 23.
248 778 275 803 δε
284 773 360 813 seqq.
372 773 454 813 Apud
465 772 620 801 nonnullos
632 772 783 809 Scriptores
795 770 889 799 eadem

92 815 202 843 Civitas
220 816 379 852 Epidaphne
398 814 532 853 appellata
552 812 602 840 fuit
613 833 619 844 ‚
643 809 766 849 Ὠηῆἱφνῃ
779 833 783 840 .
802 809 888 843 idest,

92 864 177 893 prope
187 855 290 883 laurum
303 876 309 883 .
321 856 364 884 Ab
373 855 433 883 aliis
442 858 531 882 autem
540 853 705 890 Tetrapolis,
717 849 890 889 τετρίπαλις

93 895 174 928 dicta,
186 895 248 933 quia
258 896 286 924 in
297 905 414 934 quatuor
423 895 552 932 regiones
561 892 735 921 dividebatur
746 912 754 919 .
765 891 887 921 Tandem

91 947 105 964 a
121 936 158 964 D.
172 935 367 972 Hieronymo,
385 936 432 964 lib.
453 946 479 963 a..
500 934 531 963 in
541 942 598 972 cap.
609 939 637 962 6.
654 931 756 961 Ezech.
777 941 889 961 vocatur

93 976 216 1007 Rablata
224 997 231 1003 .

54 1019 252 1046 Tritonum
263 1014 460 1055 ,Ὄ-εοπρέπηα
469 1036 476 1048 ,
488 1014 599 1043 divinus
609 1014 695 1042 cultus
703 1033 709 1041 .
726 1012 887 1056 [Theoprej

94 1057 136 1094 pia
147 1066 236 1085 autem
247 1079 255 1090 ‚
277 1057 315 1086 ita
326 1058 403 1086 enim
420 1065 533 1085 vocatur
551 1055 638 1084 cultus
658 1054 732 1086 Dei,
756 1053 888 1089 majestati

92 1097 266 1126 conveniens
278 1119 285 1130 ,
313 1097 351 1126 est
369 1096 476 1126 habitus
487 1117 494 1128 ,
517 1095 565 1134 qui
582 1095 612 1124 id
630 1093 776 1124 conservat
785 1116 793 1128 ,
814 1093 889 1132 quod

92 1138 183 1166 Deum
200 1137 278 1166 decet
289 1158 295 1165 .
315 1139 407 1167 Clem.
427 1136 564 1166 Alexand.
575 1136 622 1165 lib.
635 1147 661 1168 7.
678 1135 794 1166 strom-l
816 1134 888 1163 Vide

94 1179 186 1206 latria
197 1178 225 1206 in
235 1178 302 1206 dift.
313 1179 404 1207 Dulia
414 1198 421 1205 .

51 1221 244 1247 Tutopnot‘ui
256 1241 265 1252 ‚
274 1217 319 1247 seu
331 1219 522 1256 Theopropium
533 1237 543 1250 ‚
560 1216 634 1245 locus
646 1238 653 1248 ,
664 1215 694 1245 in
703 1227 758 1255 quo
769 1214 888 1254 publica-

90 1259 190 1287 bantur
201 1259 289 1287 edi-sta
297 1258 433 1297 Principis
444 1280 451 1290 ,
462 1268 495 1286 ex
505 1259 605 1286 Graeeo
615 1259 782 1294 &eon-pamm
791 1277 802 1294 ,
813 1255 889 1294 quod

90 1300 228 1328 oraculum
241 1298 374 1338 significat
383 1319 390 1326 .
415 1298 499 1334 Quod
519 1307 609 1325 autem
619 1296 725 1335 scripfit
747 1297 890 1325 eximietas

91 1349 137 1368 tua
147 1339 270 1368 dubitare
280 1361 288 1373 ,
307 1349 335 1367 te
347 1360 356 1372 ,
374 1348 466 1367 utrum
475 1339 505 1366 in
517 1337 682 1376 theoprepia
690 1337 784 1366 debeas
795 1337 890 1365 eadem

89 1379 162 1418 gesta
171 1380 261 1415 jubere
273 1379 402 1418 proponi,
413 1379 470 1412 fiat,
481 1379 501 1408 si
513 1378 599 1417 potest
609 1379 673 1407 illuc
684 1377 810 1416 frequens
821 1387 886 1405 con-

90 1422 173 1449 fluere
185 1420 336 1448 multitudo
346 1440 353 1446 .
364 1420 400 1447 D.
415 1419 528 1458 August.
539 1418 618 1456 epist.
634 1423 697 1454 158.

49 1463 250 1490 Tuzopaopvs
261 1480 268 1487 .
293 1461 365 1488 Vide
374 1460 547 1495 Theatrapus
559 1478 566 1485 .

50 1504 188 1530 Tarona
197 1519 207 1534 ,
220 1494 319 1534 &2922
353 1499 550 1535 contemplatio
561 1520 569 1531 ‚
583 1509 597 1527 a
606 1498 690 1534 verbo
701 1493 792 1534 θεωρέω
802 1520 810 1531 ,
823 1509 888 1526 con-

92 1539 212 1577 templor
223 1559 230 1566 .
256 1546 267 1574 [
279 1539 349 1568 Noli
360 1549 448 1567 autem
458 1538 589 1571 scrutari,
611 1549 670 1577 qua:
681 1537 758 1577 supra
771 1548 798 1567 te
807 1537 869 1567 sunt
879 1560 886 1571 ‚

94 1590 143 1608 nec
154 1580 247 1607 inanes
267 1589 360 1618 cogita
371 1578 490 1607 theorias
500 1599 507 1606 .
526 1577 628 1608 Blesen.
647 1578 727 1607 serm.
744 1589 806 1614 ¹40·
818 1581 830 1611 J
855 1579 888 1608 fic

1230 69 1268 110 T
1301 69 1345 111 H
1605 72 1686 120 669

945 125 1033 154 ablato
1041 133 1191 162 augmento
1200 146 1209 158 ‚
1229 134 1258 154 ut
1267 125 1298 154 in
1310 125 1458 154 verbalibus
1469 124 1563 156 ass'olct
1575 149 1584 161 .
1603 125 1634 156 fit
1648 124 1746 161 νίκας,

940 172 1041 202 partus
1051 184 1058 192 .
1070 165 1112 193 Sic
1122 175 1189 204 ergo
1200 167 1297 194 Gratce
1309 187 1316 198 ‚
1337 175 1399 193 cum
1408 175 1524 195 accentu
1534 166 1564 195 in
1575 167 1726 206 penultima
1736 188 1748 200 ‚

945 203 984 234 est
993 205 1047 234 Dei
1050 214 1114 243 para
1124 217 1131 236 ;
1156 204 1204 234 sed
1214 203 1350 240 Θεὸτοκσς
1360 205 1429 244 apud
1440 209 1553 235 Grecos
1561 228 1569 239 ,
1579 216 1641 236 cum
1652 211 1750 236 accen&

946 255 976 274 tu
988 245 1018 274 in
1028 246 1255 284 antepenultima,
1266 250 1293 275 ὅ(
1306 245 1409 285 paffive
1418 267 1427 279 ,
1438 246 1573 285 fignificat
1584 257 1618 275 ex
1628 247 1690 277 Deo
1699 252 1749 286 ge-‘

946 286 1035 314 nitum
1046 306 1055 319 ‚
1083 290 1111 315 ὅ(
1131 295 1223 315 natum
1232 307 1240 314 .
1271 287 1421 326 Virginem
1440 288 1553 316 Mariam
1575 287 1635 320 dici,
1650 288 1748 317 debere

946 325 1114 355 Theotocon
1124 349 1132 360 ‚
1142 326 1188 355 seu
1199 327 1358 365 Deiparam‚
1368 327 1397 356 in
1407 327 1545 356 Concilio
1553 327 1690 366 Ephefino
1700 327 1748 356 de-

947 365 1059 395 finitum
1068 366 1124 396 est:
1144 371 1173 397 ὅ(
1191 368 1318 403 Cyrillus
1328 368 1536 397 Alexandrinus
1548 389 1554 400 ‚
1578 368 1624 407 qui
1646 368 1677 396 in
1697 368 1747 396 illo

945 407 1079 436 Concilio
1091 418 1141 446 pro
1151 407 1257 436 summo
1268 407 1404 437 Pontifice
1416 407 1562 445 praesedit,
1586 410 1616 436 in
1627 409 1748 446 Epistola

946 447 1033 484 prima
1045 448 1082 476 ita
1102 448 1249 477 dicendum
1259 449 1355 487 probat
1365 469 1372 476 .
1391 449 1468 478 Cum
1481 450 1555 477 enim
1568 449 1598 477 in
1611 448 1727 478 Christo
1737 470 1747 481 ,

946 497 1041 516 contra
1052 489 1212 517 Nestorium
1223 510 1231 521 ,
1245 499 1326 517 unam
1336 488 1423 517 solam
1434 488 1485 518 esse
1493 487 1638 528 personam
1647 489 1748 518 defini-

947 537 1005 556 tum
1018 528 1099 557 fuerit
1108 549 1119 565 ‚
1137 539 1197 567 quae
1209 528 1286 558 fimul
1297 528 1425 558 Christus
1442 529 1475 559 sit
1485 533 1514 559 δι
1523 531 1616 560 Densi
1640 539 1714 558 certe
1726 529 1747 558 si

946 571 976 598 Β.
989 569 1078 608 Virgo
1096 569 1240 598 Christum
1250 570 1357 608 peperit
1366 591 1374 602 ,
1393 570 1476 599 etiam
1495 572 1614 609 Dcipara
1625 570 1723 599 extitit
1735 591 1745 603 ‚

946 610 1028 648 idque
1048 619 1095 648 per
1103 610 1383 639 communicationem
1400 610 1563 641 idiomatum
1575 612 1688 640 duarum
1699 621 1747 639 na-

945 659 1063 678 turarum
1074 671 1082 682 ,
1093 648 1220 679 humanae
1231 654 1259 679 ὅ(
1270 650 1375 679 divinae
1387 673 1394 684 .
1407 652 1436 681 in
1445 653 1544 682 eodem
1553 651 1696 691 supposito
1703 651 1747 680 di-

945 700 1015 718 vino
1024 689 1223 719 sublistcntium
1237 711 1244 719 .
1264 691 1408 720 Nestorius
1420 702 1486 721 vero
1499 693 1647 732 Virginem
1657 690 1746 722 Chri-

930 730 1073 768 ,stipatam
1084 752 1092 763 ‚
1109 741 1139 759 ut
1159 735 1185 760 ὃ(
1197 731 1341 761 Christum
1360 732 1558 771 Theophorum
1578 733 1672 762 dicere
1690 743 1748 761 uia·

945 771 998 799 luit
1007 790 1015 799 .
1027 771 1118 806 Quat-e
1127 771 1323 805 Damascenus,
1334 773 1382 802 lib.
1393 784 1419 811 3.
1430 773 1464 802 de
1473 773 1538 803 Fide
1547 773 1621 802 orth.
1633 784 1708 812 cap-J
1717 785 1744 802 2.

944 811 982 839 ait
993 822 1002 842 ς
1021 812 1222 850 Chnstiparam
1234 821 1330 841 autem
1346 824 1523 852 nequaquam
1543 816 1665 843 dicimus
1675 819 1746 842 San-

945 853 1017 880 fiam
1027 855 1243 892 Wrginem,quia
1252 854 1291 881 ad
1300 855 1471 883 renuendum
1483 855 1651 884 vocabulum
1661 855 1747 883 Theoa

945 900 1014 920 tocos
1027 913 1034 924 ,
1052 893 1121 928 idest·
1130 898 1254 931 Deapara
1263 915 1270 926 ‚
1294 893 1393 927 &Dei
1411 898 1538 933 genitrix
1549 918 1556 929 ,
1570 896 1698 934 scelestus
1710 895 1745 928 (5²

943 933 1054 961 odibilis
1068 954 1075 965 ,
1093 932 1128 966 ό·
1138 934 1308 969 ιιιηιῙιιάιὶς
1314 935 1427 972 sapiens
1436 937 1574 972 Nestorius
1585 936 1616 964 id
1624 936 1744 964 adinve-

943 975 988 1000 nit
998 993 1005 1000 .
1028 973 1087 1002 Ubi
1098 973 1258 1003 Scholiastes
1269 975 1349 1004 Faber
1359 976 1524 1014 stapulensis
1536 976 1614 1006 addit
1623 996 1630 1004 .
1655 978 1743 1004 Porro

944 1013 1174 1051 quemadmodum
1194 1015 1338 1044 Nestorius
1359 1015 1460 1045 sacram
1488 1017 1628 1056 virginem
1650 1016 1744 1045 voluit

944 1052 1144 1092 Christiparam
1160 1055 1307 1093 appellari,
1330 1066 1358 1084 ut
1370 1056 1431 1085 fuco
1443 1057 1494 1086 illo
1506 1056 1578 1086 suam
1601 1059 1743 1096 obtegeret

945 1092 1089 1122 vesaniam:
1103 1094 1141 1123 ita
1153 1099 1180 1124 ὃς
1190 1095 1335 1125 Christum
1346 1097 1436 1126 voluit
1447 1098 1577 1136 appellari
1588 1097 1742 1126 Deifcrum.

942 1134 1012 1162 Ideo
1029 1134 1208 1164 Damascenus
1227 1135 1365 1176 subjungit
1377 1149 1383 1164 .-
1404 1139 1480 1168 Unde
1501 1139 1536 1172 ό»
1557 1144 1612 1167 Deo
1631 1139 1742 1166 odibilis

943 1176 1080 1211 Nestorius
1090 1185 1191 1205 nattam
1204 1188 1238 1205 ex
1251 1181 1358 1215 Virgine
1368 1177 1514 1216 Deiferum
1524 1180 1614 1208 dicere
1626 1179 1743 1208 anbela-

943 1218 993 1242 w't
1004 1235 1011 1242 .
1023 1216 1095 1244 Vide
1107 1217 1282 1253 christotocos
1294 1238 1301 1245 .

902 1258 1087 1285 Tutorosm
1099 1276 1106 1284 .
1116 1258 1172 1286 FR.
1182 1257 1334 1287 Germania
1346 1279 1352 1286 .
1375 1260 1419 1288 Ita
1430 1259 1591 1289 Guntherus
1601 1259 1632 1288 in
1644 1258 1740 1289 histor.

943 1296 1160 1335 Constantinop.
1171 1308 1247 1336 capa
1255 1308 1279 1333 ς.
1292 1299 1362 1337 apud
1375 1300 1530 1329 Henricum
1542 1299 1741 1336 Canis-mum.

943 1336 1041 1374 Antiq.
1054 1337 1115 1365 lest.
1130 1338 1202 1366 Vide
1212 1339 1376 1377 Theodtscus
1387 1360 1394 1368 .

901 1378 1106 1406 Tannetum
1119 1400 1127 1411 ‚
1138 1377 1311 1416 θἐρκπώνὶς
1320 1400 1330 1416 ,
1339 1381 1461 1409 Curator
1474 1403 1479 1413 ,
1489 1381 1615 1411 minister
1625 1405 1631 1415 ‚
1639 1382 1741 1415 cultor,

942 1417 1090 1446 clientulus
1101 1430 1107 1445 ι
1118 1419 1185 1447 item
1197 1430 1204 1446 :
1230 1420 1423 1458 [Therapeuta
1433 1423 1471 1450 est
1483 1422 1601 1450 medicus
1610 1427 1637 1451 δε
1648 1423 1741 1450 Salva-

942 1467 987 1485 tor
998 1478 1005 1484 .
1027 1458 1163 1497 Epiphan.
1176 1462 1188 1491 ]
1209 1460 1313 1488 Eodem
1325 1462 1457 1489 vocabulo
1468 1473 1480 1490 a
1495 1463 1532 1491 D.
1542 1462 1683 1498 Dionysio
1693 1473 1741 1502 ap-

943 1499 1057 1535 pellat-as
1067 1499 1118 1527 fuit
1128 1499 1286 1537 Religiosus
1296 1523 1304 1533 ‚
1316 1504 1343 1530 δ(
1355 1502 1408 1530 Dei
1419 1500 1510 1530 servus
1520 1523 1527 1530 .

903 1541 1058 1568 Taenarii
1069 1560 1078 1572 ,
1087 1538 1224 1579 θεραπεέκ
1234 1561 1244 1577 ‚
1254 1542 1359 1570 curatio
1372 1563 1380 1574 ,
1398 1543 1502 1570 medela
1513 1553 1522 1573 ς
1543 1543 1610 1572 item
1621 1553 1672 1581 pro
1681 1543 1740 1572 cul-

943 1588 982 1611 m,
994 1579 1130 1612 oratione,
1141 1584 1166 1608 ἃ
1176 1580 1347 1610 observantia
1358 1583 1490 1620 accipitur
1500 1603 1506 1610 .
1519 1583 1591 1612 Vide
1601 1588 1720 1612 Curatio
1730 1605 1739 1613 .

92 1620 242 1658 appellavit
253 1619 357 1658 θεωριειν
374 1620 398 1648 S.
408 1622 559 1648 Germanus
569 1620 816 1658 Constantinopol.
839 1621 887 1649 Pa<
903 1621 1079 1649 Tutanum
1090 1642 1097 1652 ,
1124 1630 1178 1649 vox
1191 1621 1312 1650 hebraica
1321 1643 1330 1655 ,
1351 1622 1487 1661 fignificat
1499 1623 1576 1652 Idola
1588 1644 1596 1652 .
1615 1630 1626 1660 [
1638 1627 1672 1653 Et
1682 1624 1739 1653 sine

91 1659 209 1689 triarcha
218 1663 274 1695 ejus
289 1661 430 1688 traftatum
442 1660 476 1688 de
485 1661 721 1698 contemplatione
730 1679 738 1686 .

0 1699 2 1725 ἶ
50 1703 258 1731 'ruzoamcus
274 1723 279 1732 ,
291 1698 445 1737 δἐωρεῑικός
454 1721 464 1736 ,
474 1701 719 1739 contemplativus:
742 1710 823 1739 quate
832 1710 887 1728 ma-

0 1859 4 1918 l

91 1741 159 1770 lein
169 1740 299 1770 Caffiano
320 1742 413 1768 collat.
432 1751 453 1768 ι.
473 1751 495 1768 c.
513 1741 628 1779 i.aliqui
641 1743 736 1780 legunt
749 1753 754 1769 :
769 1741 886 1770 Theori-

90 1791 120 1809 ca
132 1781 189 1810 vita
201 1781 332 1820 fragrabat
345 1802 351 1808 .
363 1783 375 1812 ]
387 1782 462 1810 Dum
472 1781 526 1820 legi
535 1781 638 1810 debeat?
648 1783 810 1811 Theoretica
819 1786 887 1810 vita

83 1820 235 1861 fragrabat
246 1833 252 1849 :
276 1823 313 1850 ita
325 1822 400 1849 enim
421 1822 450 1849 in
469 1820 591 1856 ejusdem
610 1822 767 1860 pervetusto
778 1821 886 1851 Codice

91 1861 233 1889 Vaticanae
255 1861 431 1890 Bibliothecae
443 1860 558 1890 habetur
567 1883 576 1894 ,
596 1865 623 1890 δι
634 1873 667 1891 ex
677 1872 809 1891 contextu
819 1861 886 1898 ejus-

89 1902 152 1930 dem
163 1900 240 1936 hujus
252 1902 378 1930 lcffionis
388 1903 487 1930 veritas
498 1902 639 1942 colligitur
650 1924 658 1936 ‚
677 1904 722 1932 ubi
731 1903 766 1932 dc
775 1903 886 1932 floribus

93 1953 105 1969 a
129 1952 199 1970 itur.
456 1954 462 1960 -

49 1987 92 2014 Tri
99 1952 216 2011 egestum
229 2003 238 2015 ‚
256 1980 412 2015 Θεοσέβεια
422 2004 429 2011 .
448 1985 507 2013 FR-
519 1993 608 2022 graeca
626 1984 713 2012 dictio
722 2005 730 2017 ‚
749 1993 809 2022 quz
829 1983 884 2012 Dei

95 2024 182 2051 cultus
205 2023 398 2060 interpretatur
410 2045 417 2051 .
436 2024 472 2052 D.
493 2024 608 2063 August.
627 2025 673 2053 lib.
688 2035 730 2053 10.
748 2025 783 2053 de
792 2023 883 2053 Civit.

89 2063 164 2097 Dei,
173 2073 231 2101 cap.
246 2074 268 2091 i.
279 2067 306 2092 δε
318 2064 362 2092 lib.
373 2063 407 2092 de
418 2064 522 2102 Spiritu
532 2065 661 2094 &littera
671 2085 680 2098 ,
689 2075 747 2102 cap.
760 2075 769 2093 ι
781 2075 804 2093 i.

47 2108 236 2134 Tneosopnus
246 2125 254 2136 ,
278 2101 418 2142 Θείσοφος
426 2125 434 2137 ,
455 2104 524 2133 idest
537 2127 547 2139 ‚
575 2105 606 2133 in
624 2105 740 2134 Divinis
759 2105 863 2144 peritus
874 2127 882 2139 ,

88 2143 234 2182 theologus
244 2165 251 2171 .
264 2144 336 2172 Vide
345 2148 516 2182 Areopagitas
525 2165 533 2172 .

49 2187 92 2215 Tu
99 2194 187 2213 εοτες
199 2206 206 2216 ,
219 2181 329 2218 Θεότης
339 2205 346 2216 ,
356 2184 425 2213 idest
435 2205 443 2217 ‚
456 2185 553 2214 Deitas
564 2205 572 2213 .
593 2184 779 2220 [Theotetam
789 2186 863 2215 enim
873 2207 882 2219 ‚

87 2235 168 2263 quam
178 2225 320 2253 Deitatem
331 2225 423 2254 Latini
432 2235 592 2264 nuncupant
603 2245 610 2253 .
630 2227 655 2255 S.
667 2227 789 2255 Hilarius
800 2248 808 2259 ,
819 2226 849 2256 in
859 2237 882 2255 c.

92 2272 136 2294 16.
148 2263 250 2294 Matth.
262 2266 274 2296 ]
287 2265 361 2294 Vide
371 2265 500 2294 Dealitas
511 2285 518 2293 .

44 2309 242 2337 Tnzorocos.
262 2303 415 2341 Θεοτὲκοςι
434 2305 471 2334 ita
482 2308 582 2335 Graece
600 2305 700 2336 dicitur
708 2310 847 2346 Deipara‚
869 2318 883 2335 a

85 2355 154 2374 voce
166 2343 240 2380 Θεός
252 2372 256 2379 ,
268 2351 354 2378 Deus,
366 2349 394 2374 ἃ
405 2347 489 2375 verbo
499 2343 692 2385 rimmpario,
698 2350 780 2386 gigno
791 2360 797 2376 :
809 2348 884 2386 quod

83 2387 116 2421 in
125 2395 179 2426 prae
185 2385 269 2417 terito
277 2406 288 2424 ,
295 2386 390 2416 medio
399 2386 465 2417 facit
475 2384 577 2419 τένσκσι
586 2409 594 2421 ,
607 2387 675 2418 idest
680 2391 773 2428 peperi
783 2409 790 2417 .
809 2389 883 2418 Hinc

944 1659 1043 1697 Ephod
1053 1682 1060 1692 ,
1080 1660 1136 1689 fine
1157 1660 1313 1700 theraphim
1326 1684 1332 1694 ,
1351 1662 1427 1692 Osee
1440 1686 1447 1697 ‚
1467 1675 1524 1702 cap.
1537 1667 1588 1701 3.]
1609 1664 1690 1693 Licet
1707 1665 1739 1692 in

942 1698 1016 1729 hune
1028 1701 1120 1730 locum
1139 1704 1215 1736 juxta
1224 1704 1260 1732 D.
1272 1704 1441 1738 Hieronymi
1460 1704 1660 1743 expositionem
1670 1704 1739 1743 figu-

941 1750 998 1768 ram
1008 1762 1017 1774 ,
1036 1745 1065 1771 ὅ(
1078 1743 1326 1772 manifestationem
1337 1744 1491 1783 significem
1510 1745 1611 1773 namin
1621 1755 1655 1774 eo
1664 1743 1741 1775 Osee

943 1781 1033 1819 capite
1051 1783 1172 1812 minatur
1181 1784 1256 1812 Deus
1267 1805 1275 1817 ‚
1294 1785 1368 1823 quod
1387 1795 1502 1823 propter
1523 1784 1622 1814 scelera
1641 1786 1738 1824 populi

943 1822 1053 1850 Hebraei
1064 1844 1072 1856 ,
1091 1824 1223 1853 ablaturus
1232 1824 1263 1853 fit
1274 1826 1304 1854 ab
1313 1824 1373 1863 ipso
1383 1827 1487 1864 populo
1495 1824 1678 1854 sacerdotium
1689 1836 1737 1864 per

942 1861 1042 1900 Ephod
1060 1863 1219 1892 denotatum
1230 1887 1238 1897 ,
1257 1869 1285 1893 δι
1305 1875 1352 1903 per
1371 1865 1531 1904 theraphim
1553 1866 1737 1895 revelationes

942 1902 1141 1941 Prophetarum
1151 1924 1158 1931 .
1170 1906 1228 1934 FR.
1239 1915 1267 1933 at
1276 1904 1432 1941 hujusmodi
1444 1906 1538 1945 figurae
1549 1906 1626 1935 inter
1635 1907 1737 1936 Genti-

942 1942 980 1970 les
990 1953 1118 1981 tanquam
1127 1945 1179 1974 Dii
1189 1944 1355 1974 habebantur
1363 1967 1371 1979 ‚
1384 1948 1471 1975 lutura
1482 1946 1668 1985 praedicebant
1677 1969 1686 1981 ,
1707 1951 1736 1978 8(

941 1983 972 2011 ab
982 1984 1138 2023 Astrologis
1148 1985 1330 2014 formabantur
1341 2008 1348 2018 ,
1369 1996 1398 2015 ut
1409 1989 1446 2016 R.
1460 1987 1552 2016 David
1563 1988 1658 2017 Kimki
1675 1987 1737 2018 asse-

939 2024 987 2056 rit,
998 2028 1024 2053 &
1034 2026 1238 2063 quodammodo
1245 2026 1381 2055 influxum
1391 2027 1534 2066 quemdam
1544 2028 1684 2058 coelestcm
1693 2039 1736 2058 re-

937 2064 1091 2102 cipiebant:
1113 2066 1149 2094 ita
1159 2068 1240 2094 ctiam
1249 2066 1403 2096 somniatur
1413 2070 1449 2097 R.
1463 2068 1630 2098 Abi-:thamus
1642 2070 1735 2098 Aben-

940 2108 1011 2134 Ezra
1028 2106 1141 2144 infignis
1152 2106 1223 2135 inter
1240 2108 1373 2136 Hebraeos
1384 2108 1546 2148 Astrologus
1557 2131 1565 2142 ,
1584 2110 1631 2148 qui
1643 2109 1733 2138 ass'erit

939 2144 1014 2173 fuiss'e
1023 2157 1035 2173 a
1046 2146 1152 2175 Michol
1162 2148 1246 2175 talem
1256 2147 1370 2187 figuram
1381 2149 1410 2177 in
1420 2149 1491 2178 leeko
1501 2150 1626 2189 positam,
1635 2160 1664 2178 ut
1675 2153 1734 2185 ejus

938 2187 1066 2214 maritum
1075 2187 1171 2216 David
1179 2187 1305 2217 liberaret
1317 2211 1326 2222 ,
1341 2199 1363 2217 i.
1374 2191 1445 2228 Reg.
1456 2199 1513 2228 cap.
1529 2201 1573 2227 ¹9·
1583 2194 1611 2218 ὅ(
1620 2191 1654 2219 ob
1665 2200 1733 2218 eurt-

938 2226 1001 2255 dem
1021 2227 1105 2255 finem
1123 2227 1229 2257 Rachel
1247 2228 1346 2268 figuras
1363 2230 1393 2258 ab
1417 2233 1474 2267 ejus
1488 2231 1615 2269 genitore
1641 2230 1734 2259 Laban

939 2266 1008 2295 clam
1019 2268 1161 2296 abstulerat
1171 2290 1180 2301 ,
1200 2279 1229 2297 ut
1239 2268 1286 2298 hic
1303 2270 1434 2309 detegere
1455 2271 1568 2299 minime
1585 2269 1712 2308 potuiss'et
1721 2291 1732 2304 ‚

940 2317 989 2346 per
998 2318 1075 2346 quam
1088 2309 1159 2336 viam
1170 2319 1232 2338 cum
1241 2313 1295 2346 ejus
1306 2310 1368 2339 viro
1377 2312 1462 2348 Jacob
1470 2310 1497 2339 se
1507 2311 1656 2342 direxeram
1666 2320 1733 2339 nam

939 2348 982 2376 ubi
996 2350 1114 2388 Vulgata
1124 2348 1204 2378 habet
1216 2361 1222 2378 :
1244 2356 1256 2385 [
1267 2354 1308 2380 Eo
1316 2360 1441 2389 tempore
1453 2352 1520 2379 ierat
1529 2352 1618 2380 Laban
1627 2352 1659 2380 ad
1669 2362 1734 2381 ton-

940 2388 1041 2419 dendas
1049 2400 1125 2426 oves,
1136 2388 1166 2421 δι’
1174 2391 1281 2422 Rachel
1291 2391 1376 2424 furata
1385 2391 1424 2422 est
1435 2392 1508 2421 idola
1518 2393 1601 2431 patris
1610 2389 1659 2421 sui.
1671 2393 1733 2422 No-

1635 2433 1700 2463 luit-
