1866 2526
112 94 159 127 'saa
179 97 359 129 terminarent
369 119 377 132 ‚
399 97 518 128 adinstar
535 95 712 138 septuaginta
739 99 899 127 Senatorum

120 137 244 169 mosaicae
253 138 321 179 legis
331 158 338 166 .
361 139 456 168 Hodie
465 149 556 168 tamen
573 139 674 179 pluries
695 139 725 167 in
733 138 900 168 hebdomada

119 189 134 208 a
142 178 255 210 diversis
275 180 427 218 purpuratis
447 180 692 219 Congregationes
701 179 834 209 habemur
852 189 902 218 pro

119 219 232 250 diversis
241 220 372 259 negotiiS,
381 220 484 249 ne'dum
490 221 523 249 ed
534 221 688 250 dominium
696 220 821 250 Ecclesia:
833 230 904 248 tei-n·

119 262 212 299 porale
229 259 428 299 spectantibus,
441 259 497 290 ·'sed
515 262 600 289 etiam
620 271 671 297 pro
684 261 797 290 ‘recursu
817 261 903 289 totius

117 300 384 330 ChristianiOrbis.
401 300 553 331 -Basiliense
570 302 733 331 Concilium
744 323 752 334 ‚
767 301 831 330 sesl'.
856 313 902 330 22.

124 352 268 371 numerum
293 342 485 371 Cardinalium
503 341 586 381 usque
603 343 636 371 ad
655 343 761 382 viginti
779 351 902 380 -quatuor

122 381 320 422 praescripserat
330 405 338 416 ‚
349 382 396 422 qui
407 392 517 411 aetatem
527 384 644 422 triginta
650 383 746 412 ‘saltem
756 391 901 414 annorum,

119 423 523 462 gradumqchurispx-udcntiae
538 446 547 457 ‚
556 425 603 452 vel
614 426 670 453 Sac.
681 423 845 462 Theologiae
855 422 903 451 ha—

118 464 316 493 beredeberent
327 486 334 498 ‚
346 465 420 493 inter
430 475 496 502 quos
506 464 616 493 tertiam
627 475 731 503 partem
740 462 901 502 Theologu-

118 515 180 534 rum
188 505 222 533 ad
231 504 319 534 minus
329 504 380 533 esic
390 505 418 533 in
430 509 485 541 ejus
501 504 604 536 ass‘ert1s
620 504 736 534 decretis
751 505 902 532 constitue-

118 555 160 574 rat
171 566 178 574 .
201 547 308 575 Sacrum
328 545 559 585 hoc³Collegium
578 556 611 574 ex
624 546 707 574 tribus
719 545 880 575 ‘Ordinibus
893 567 899 577 ,

118 585 316 625 Episcopoi'um
326 609 334 619 ,
344 596 443 625 nempe
453 608 461 621 ‚
471 586 694 622 Presbyterorum
705 607 712 620 ‚
722 590 751 616 δε
760 585 888 614 Diacono

119 637 180 656 rum
190 627 295 656 constat
304 647 311 655 .
333 629 442 666 Septem
452 626 524 666 prius
532 637 610 655 erant
627 625 755 666 Episcopi
765 626 901 655 Cardina-

118 669 156 697 les
168 689 175 699 ,
197 677 297 706 nempe
307 689 314 700 ,
337 668 489 697 Hosticnsis
498 666 658 706 ‚vquiihabet
667 667 744 697 usum
755 667 851 706 pallii,
865 668 898 695 de

117 719 172 747 quo
183 708 247 737 vide
256 709 287 736 in
293 708 360 737 diet.
369 708 493 737 Pallium
505 730 513 742 ‚
522 709 678 738 Portuenfis
688 730 696 742 ‚
707 711 767 737 Prae
773 709 900 742 nestinus,

117 749 278 779 Albaneusis
287 770 295 782 ‚
317 747 481 777 Tusculanus
492 770 500 781 ,
522 749 632 778 Sabinus
643 771 650 782 ‚
673 753 700 778 ὃ(
712 750 812 778 sanstae
823 749 901 778 Rufi-

117 799 159 818 nae
171 811 179 822 ,
202 793 229 817 ὅ(
239 789 367 817 Secundae
380 811 387 822 ‚
400 788 444 818 seu
455 790 546 825 Sylvce
557 790 693 819 Candida:
706 791 787 818 etiam
796 790 881 818 dictus
893 811 899 822 ‚

117 830 165 868 qui
175 839 267 857 tamen
277 829 452 868 Episcopatus
462 829 547 859 hodie
557 830 595 858 est
606 830 764 869 supprefliis.
775 831 815 859 Hi
825 831 898 859 enini

108 870 219 908 'septem
229 869 374 909 Episcopi,
397 869 501 909 septem
511 872 662 910 Angelicos
672 869 788 910 Spiritus
799 881 898 909 reprac-

115 910 257 939 sentabant
266 932 274 944 ‚
285 912 332 949 qui
342 911 372 940 in
381 910 528 950 conspectu
539 912 595 940 Dei
607 911 788 945 affistuntseu
796 911 901 950 septem

116 962 193 980 aurea
201 952 369 982 candelabra;
382 953 411 981 in
419 963 536 992 quorum
547 952 641 981 medio
651 953 700 981 filii
710 952 832 981 hominis
844 955 900 981 Ma-

116 992 192 1026 iestas
203 992 299 1020 residet
310 1013 319 1025 ,
341 1003 370 1020 ut
383 993 412 1021 in
423 994 589 1031 Apocalypsi
600 1001 739 1024 narratum
753 993 902 1032 eodemque

117 1032 203 1060 modo
212 1031 316 1069 septem
327 1032 368 1061 illi
381 1033 507 1071 Episcopi
517 1032 623 1062 summo
633 1032 741 1062 Christi
751 1034 861 1062 Vicario
873 1035 901 1062 in

116 1072 289 1111 gravioribus
311 1074 433 1102 Ecclesiae
452 1074 573 1112 negotiis
582 1073 718 1102 continuo
739 1075 902 1103 tenebantur

116 1112 234 1141 assistere
245 1134 252 1145 ‚
275 1116 302 1141 δ(
319 1113 457 1151 ipsierant
471 1135 480 1147 ,
502 1119 553 1148 (ut
570 1116 663 1143 Petrus
681 1116 831 1143 Damianus
844 1137 850 1147 ,
874 1116 902 1143 in

117 1153 194 1192 epist.
206 1153 238 1182 ad
249 1153 386 1182 Cadolum
397 1155 567 1192 Antipapain
584 1156 641 1186 ait)
658 1154 761 1193 septem
777 1156 850 1183 oculi
859 1155 902 1184 su-

118 1204 167 1232 per
177 1203 280 1232 petram
292 1215 300 1226 ,
322 1193 376 1222 hoc
386 1195 424 1223 est
434 1216 442 1228 ,
467 1196 612 1224 Ecclesiam
621 1198 780 1224 ‘Romanam
791 1217 798 1228 ,
808 1205 839 1224 ut
849 1197 900 1224 Za-

116 1233 218 1262 charias
228 1232 330 1272 Proph.
343 1234 442 1273 inquit:
452 1240 468 1271 t
480 1236 565 1273 Super
576 1236 788 1273 lapidemunum
796 1235 901 1274 septem

116 1272 264 1302 oculisunt
275 1295 282 1307 ,
295 1284 362 1313 cap.
376 1286 402 1313 3.
416 1278 427 1307 ]
452 1286 542 1314 quem·
553 1275 739 1315 septenarium
758 1287 901 1305 numerum

118 1315 153 1343 ob
162 1315 366 1344 continentiam
376 1316 406 1344 in
416 1315 443 1345 se
454 1317 593 1346 variorum
603 1318 796 1354 mysteriorum
805 1318 899 1347 Ponti-

118 1355 163 1384 fex
174 1355 316 1384 restituere
325 1356 436 1386 deberet
446 1369 455 1389 ,-
465 1357 652 1387 substituendo
664 1381 671 1392 ,
681 1358 787 1387 scilicet
797 1381 804 1392 ,
816 1359 899 1387 alium

118 1395 283 1435 Episcopum
291 1397 353 1425 loco
364 1399 457 1432 sylvae
469 1398 602 1428 candidae
613 1421 621 1432 ‚
643 1399 712 1438 quia
721 1400 838 1428 Callisto
860 1401 900 1427 11.

118 1447 193 1465 anno
208 1447 216 1464 i
228 1448 236 1464 1
245 1449 290 1466 20.
301 1439 445 1467 Portuensi
458 1438 631 1478 Episcopatui
643 1439 736 1468 unitus
749 1439 841 1473 fuit,&
852 1438 902 1468 ho-

117 1477 163 1503 die
174 1476 203 1504 in
213 1479 396 1515 pagumlocus
413 1479 460 1507 hic
478 1479 599 1509 redactus
607 1481 645 1509 est
668 1480 715 1508 sub
733 1480 901 1519 proprietate

120 1515 274 1554 Hospitalis
285 1519 373 1547 Sansti
385 1520 500 1557 Spiritus
511 1520 542 1549 in
549 1521 630 1551 Saxia
639 1541 646 1548 .
666 1522 786 1558 'Joannes
797 1522 901 1550 XIX-&t

122 1555 228 1584 Vistor.
240 1558 279 1585 11.
292 1560 376 1587 multa
390 1559 537 1598 privilegia
547 1583 556 1595 ‚
578 1571 659 1600 atque
677 1563 777 1599 amplas
794 1561 903 1598 jurisdi-

121 1595 225 1624 &iones
236 1597 266 1625 in
279 1599 411 1627 Vaticana
422 1600 546 1634 Basilica,
554 1605 582 1631 ὅ(
592 1612 640 1640 per
651 1610 737 1630 totam
746 1602 900 1631 Leoninam

120 1637 276 1665 Civitatem
288 1638 424 1678 Episcopo
433 1641 536 1669 Sanftae
557 1643 679 1671 Ruffinae
699 1641 900 1673 concesl‘erant5

120 1676 179 1704 imo
189 1677 319 1707 Pontifex
330 1678 360 1707 in
369 1679 485 1709 secunda
493 1680 600 1710 Paschae
610 1683 656 1711 die
666 1683 724 1721 post
736 1685 792 1718 ejus
803 1681 901 1712 solem-

120 1727 184 1745 nem
194 1719 404 1748 celebrationem
416 1721 674 1751 ineadem'Basilica
683 1745 691 1756 ‚
705 1722 882 1753 *chirothecas
892 1746 900 1757 ,

118 1768 180 1786 cum
191 1759 284 1797 quibus
293 1761 474 1790 celebraverat
486 1783 494 1795 ‚
517 1763 608 1791 eidem
619 1762 756 1802 Episcopo
765 1765 882 1793 donabat
893 1787 900 1797 ‚

119 1800 147 1826 δε
164 1799 198 1827 ad
216 1801 334 1829 cundem
352 1801 517 1840 Episcopum
537 1802 672 1841 spectabat
691 1803 824 1834 sustinere
852 1806 901 1834 sta—

118 1838 192 1876 piam
203 1860 212 1872 ‚
233 1841 342 1879 quando
351 1842 480 1871 Pontifex
491 1844 626 1882 equitabat
635 1865 642 1872 .
664 1847 743 1873 Inter
752 1845 824 1874 hunc
836 1847 887 1885 Epi

120 1878 231 1917 scopum
242 1902 250 1914 ,
271 1885 299 1910 ὅ(
308 1882 486 1912 Portuensem
495 1883 772 1922 stiperjurifflic‘tione
796 1889 899 1921 Lycao»

120 1920 173 1948 niae
195 1920 288 1949 insulae
307 1924 451 1952 contentio
467 1935 527 1952 orta
539 1925 610 1958 fuit,
633 1936 713 1964 quam
733 1927 834 1955 deinde
845 1930 899 1957 Leo

120 1961 170 1988 IX.
180 1960 209 1989 in
221 1962 336 1996 Synodo
346 1965 532 1993 ‘Lareranense
552 1966 586 1994 ad
607 1965 729 1995 savorem
747 1969 899 1998 Portuensis

94 2003 96 2005 ’
120 2002 315 2031 terminaverat
326 2024 333 2032 .
355 2004 458 2033 Similis
465 2006 650 2039 contentiQin
661 2007 834 2036 Consistorio
853 2008 898 2038 sub

120 2042 272 2070 Clemente
287 2044 322 2071 V.
334 2043 406 2073 inter
415 2046 602 2080 Hostiensem,
613 2052 640 2076 ὃ(
651 2047 823 2077 Sabinenseui
834 2051 896 2089 Epi-

119 2081 216 2121 scopos
225 2084 325 2122 agitata
334 2084 386 2113 suit
397 2107 405 2119 ‚
427 2087 460 2114 ad
477 2097 558 2125 quem
569 2109 577 2121 ‚
599 2098 715 2126 nempe,
738 2089 849 2118 illorum
870 2091 898 2118 in

119 2122 239 2151 absentia
255 2125 357 2153 Summi
376 2127 520 2156 Pontificis
537 2129 737 2166 Imperatorem
766 2140 898 2159 coronare

117 2162 251 2201 spestaret
262 2179 269 2194 ,-
292 2165 416 2204 quando,
425 2166 530 2196 scilicet
539 2190 547 2202 ‚
558 2169 696 2198 Henricus
708 2172 897 2200 Romanorum

119 2205 182 2232 Rex
194 2207 292 2235 Romae
302 2207 428 2236 coronari
438 2208 574 2242 debuerat,
584 2214 610 2239 δ(
622 2210 651 2237 in
662 2209 783 2238 savorem
796 2214 899 2241 Arnol-

119 2244 148 2272 di
159 2246 298 2285 Pelagruae
321 2248 472 2277 Sabinensis
490 2250 618 2289 Episcopi
637 2251 806 2280 decretatum
827 2251 880 2281 fuit
890 2275 896 2281 .

119 2285 260 2315 Odorieus
271 2289 391 2322 Rayna'l.
405 2289 433 2317 in
444 2290 547 2318 Annal.
558 2291 661 2319 Eccles.
671 2291 702 2319 ad
712 2302 754 2319 an.
766 2303 777 2319 i
785 2303 798 2329 3
810 2303 817 2320 i
829 2303 851 2321 1.
870 2306 897 2322 n.

114 2331 146 2353 ⁶.
158 2326 275 2367 Hiergo
288 2328 414 2368 Episcopi
436 2340 497 2357 cum
515 2330 568 2359 sint
586 2333 685 2360 Romae
697 2332 878 2370 proximiores
889 2356 898 2367 ‚

113 2367 245 2399 Eccleliae
255 2372 389 2400 Romanae
401 2370 482 2405 uniti,
494 2375 521 2400 ὅ(
532 2371 664 2402 Pontifici
672 2371 897 2408 affisteiites,ideo

950 1153 1002 1182 >liis
1013 1154 1118 1182 verbis:
1145 1155 1244 1189 [Hinc
1264 1156 1319 1188 est,
1343 1158 1514 1186 Venerabilis
1535 1159 1647 1191 Frater,

1191 41 1269 87 ..C
1300 42 1339 84 A
1601 36 1677 98 155

960 97 1134 136 appellantur
1146 97 1309 128 cardinales·
1318 120 1326 132 ,
1336 98 1371 127 de
1379 99 1475 137 quibus
1484 101 1624 140 antiquior
1635 104 1745 134 mentio

960 137 991 166 in
1002 138 1136 167 Concilio
1146 148 1222 168 extat
1232 150 1246 168 a
1257 138 1396 177 Stephano
1405 141 1458 169 IV.
1471 142 1609 171 celebrato
1619 166 1626 177 ,
1648 145 1692 174 ubi
1707 149 1746 174 Α-

961 179 1084 208 nastasius
1096 179 1231 208 Biblioth.
1241 188 1336 208 eorum
1347 180 1502 210 functiones
1518 181 1601 211 refert
1619 184 1662 213 his
1683 195 1745 214 vcr-

961 219 1014 248 bis:
1037 219 1108 255 [Ut
1126 221 1206 249 omni
1226 221 1380 250 Dominico
1390 221 1434 250 die
1453 222 1584 262 aseptem
1604 224 1747 264 Episcopis

959 259 1153 290 Cardinalibus
1166 260 1386 290 hebdomadariis
1396 283 1404 295 ,
1425 263 1471 301 qui
1484 264 1514 292 in
1527 265 1644 295 Ecclesia
1653 267 1746 296 Salva-

959 301 1029 330 toris
1037 300 1182 331 observant
1191 325 1199 336 ,
1221 302 1360 331 Missarum
1369 302 1502 333 solemnia
1515 304 1595 344 super
1613 307 1704 336 Altari
1716 310 1745 336 B.

960 341 1036 371 Petri
1045 342 1217 371 celebrentur
1228 364 1234 371 .
1244 349 1260 379 ἶ
1273 342 1399 372 Vicissim
1410 354 1477 384 ergo
1487 345 1515 374 iii
1527 347 1685 376 Dominicis
1696 358 1744 386 pet

959 392 1063 411 annum
1072 383 1105 411 ad
1114 385 1139 412 S.
1150 386 1263 413 Petrum
1273 405 1280 417 ,
1298 383 1333 412 >in
1341 394 1441 423 gyrum
1451 395 1539 415 autem
1551 409 1558 420 ,
1583 398 1629 426 per
1640 387 1745 418 hebdo-

959 423 1045 452 madse
1065 423 1123 452 dics
1141 424 1265 463 prxdicli
1289 426 1359 453 VH.
1382 425 1513 465 Episcopi
1536 430 1699 458 Cardinales
1713 440 1744 458 in

960 465 1133 494 Lateranensi
1147 467 1219 494 Eccl.
1229 467 1338 494 Sacrum
1349 466 1551 500 conficiebant5
1573 473 1601 498 δε
1614 469 1676 498 ideo
1699 481 1746 509 ap-

960 504 1129 542 pellabantur
1140 506 1268 545 Episcopi
1279 507 1471 536 Lateranenses
1483 531 1490 542 ,
1503 510 1688 539 collaterales
1699 533 1705 543 ,
1716 516 1745 540 ὅ(

961 545 1174 575 Hebdomadarii
1185 568 1192 575 .
1216 550 1313 576 Baron.
1327 558 1370 576 an.
1386 559 1448 583 157.
1461 560 1535 578 num.
1549 561 1595 587 ¹9·
1609 553 1705 590 Itaque
1717 552 1746 580 iii

956 584 1007 613 bac
1014 585 1133 614 Ecclesia
1142 588 1187 616 'die
1199 587 1353 616 Dominico
1361 589 1506 619 celebrabat
1518 592 1670 620 Hostienlis
1682 613 1689 624 ,
1701 592 1746 620 die

959 627 1030 654 lunae
1052 625 1140 664 Episc.
1159 628 1250 664 Sylvae
1273 629 1410 657 Candidae
1421 651 1428 662 ‚
1453 632 1549 660 Martis
1570 632 1725 661 Portuensis
1737 654 1745 665 ,

962 668 1093 695 Mercurii
1115 669 1283 702 Sabfflcufis,
1307 670 1388 706 Jovis
1405 672 1605 705 Praenestinus,
1628 675 1745 701 Veneris

961 707 1126 736 Tusculanus
1135 731 1143 741 ,
1155 710 1259 738 Sabbati
1271 710 1430 740 Albaneiisis
1440 732 1446 739 .
1454 713 1515 742 'FR-
1527 715 1589 741 Imo
1598 712 1629 741 hi
1640 712 1745 752 septem

961 746 1088 786 Episcopi
1101 749 1264 778 Cardinales
1277 751 1442 780 vocabantur
1465 752 1590 791 Episcopi
1602 753 1725 783 Romani
1738 775 1745 785 ,

960 798 990 816 ut
1000 789 1030 816 in
1041 789 1152 818 Chron.
1165 791 1295 819 Casinen.
1305 792 1351 819 lib.
1362 802 1388 829 3.
1398 802 1454 830 cap.
1467 804 1512 830 30.
1531 794 1574 822 ubi
1585 795 1619 822 de
1635 793 1744 823 Conse-

960 829 1085 858 eratione
1095 830 1170 859 illius
1183 831 1308 860 Ecclesia·
1328 832 1358 860 ab
1371 833 1532 862 Alexandro
1548 834 1686 862 Pontifice
1707 833 1743 862 fa-

959 871 999 898 sta
1007 871 1066 903 ‚ita
1075 869 1203 900 habetur:
1219 873 1304 909 [Quo
1314 871 1442 900 libentius
1453 883 1591 904 annuente
1603 896 1611 908 ‚
1633 874 1745 904 Hildel-

958 911 1090 939 brand-„im
1109 922 1217 951 quoque
1229 912 1463 942 Archidiaconum
1482 918 1554 951 ejus,
1574 914 1744 954 vcaeterosque

958 951 1137 985 Cardinales,
1159 963 1187 980 ac
1200 956 1340 982 Romanos
1358 954 1506 993 Episcopos
1517 978 1525 989 ‚
1548 956 1637 995 deque
1655 957 1745 984 Urba-

958 992 999 1019 nis
1010 992 1130 1021 Clericis
1141 1014 1148 1025 ,
1170 1004 1199 1021 ac
1213 993 1359 1022 Nobilibus
1369 995 1503 1032 plurimos
1523 997 1617 1025 affeetu
1628 997 1746 1025 familia-

958 1031 1063 1061 riffimo
1073 1034 1241 1062 convocavit
1251 1054 1258 1061 .
1271 1037 1282 1066 ]
1296 1035 1378 1068 Quod
1387 1044 1478 1064 autem
1489 1036 1618 1075 Episcopi
1638 1037 1743 1066 'Cat-di<

961 1074 1033 1101 mles
1043 1095 1051 1106 ,
1074 1083 1204 1112 tanquam
1213 1074 1361 1103 Pontificis
1370 1076 1551 1105 Collaterales
1561 1099 1568 1110 ‚
1593 1080 1691 1107 Romae
1704 1088 1746 1105 re-

958 1113 1077 1142 siderent
1088 1135 1097 1147 ,
1117 1115 1222 1143 constat
1232 1125 1264 1143 ex
1276 1116 1429 1153 diplomate
1440 1117 1561 1146 Honorii
1572 1129 1644 1147 anno
1659 1130 1690 1147 η
1699 1128 1744 1154 ¹9·

1690 1159 1745 1187 uod

958 1204 1020 1222 cum
1033 1193 1179 1234 Episcopus
1192 1194 1357 1224 Tusculanus
1367 1196 1543 1236 Episcopatus
1559 1170 1746 1228 habitaciihnn

957 1233 989 1262 in
1000 1235 1078 1264 Urbe
1090 1246 1149 1263 non
1159 1235 1283 1264 habuerit
1295 1235 1422 1266 haetenus
1431 1249 1630 1276 opportunum,
1641 1239 1683 1268 liis
1695 1250 1744 1268 vo-

959 1275 1046 1304 lentes
1055 1285 1111 1304 tam
1123 1276 1268 1314 tuis‚quam
1279 1276 1455 1307 successorum
1463 1289 1581 1308 tuorum
1591 1280 1746 1309 incommo-

959 1316 1088 1345 ditatibus
1101 1338 1108 1349 ,
1119 1327 1179 1355 quae
1190 1328 1222 1345 ex
1232 1316 1286 1346 hoc
1297 1319 1444 1356 provenire
1453 1329 1585 1358 poterunt
1596 1343 1603 1354 ‚
1614 1321 1726 1350 obviare
1736 1343 1746 1355 ,

959 1357 1106 1386 Ecclesiam
1117 1358 1143 1386 S.
1153 1358 1247 1386 Maria:
1261 1358 1294 1386 de
1306 1360 1474 1389 Monasterio
1484 1383 1492 1394 ,
1513 1361 1548 1389 de
1557 1362 1673 1390 consilio
1683 1364 1747 1390 Fra-

958 1408 1030 1426 trum
1043 1398 1198 1427 iiostrorum
1210 1421 1217 1431 ‚
1240 1398 1415 1438 Episcopatui
1425 1404 1539 1438 tuojute
1549 1403 1725 1430 concedimus
1738 1425 1746 1435 ‚

958 1442 1010 1466 δεε-
1020 1440 1123 1467 Datum
1136 1439 1255 1468 Viterbii
1270 1450 1312 1477 ¹3·
1323 1441 1435 1470 Kalend.
1448 1442 1608 1470 Decembris
1620 1463 1627 1470 .
1649 1447 1688 1471 Ex
1701 1444 1746 1472 U-

959 1479 1034 1517 gltel.
1052 1489 1120 1508 toni.
1146 1491 1168 1508 i.
1188 1481 1252 1509 Ital.
1271 1482 1327 1508 Sac.
1342 1483 1478 1510 -Proviuc.
1504 1494 1526 1511 i.
1546 1485 1558 1514 ]
1581 1484 1745 1512 Cardiiiaies

959 1520 1115 1555 Presbyteri
1128 1532 1142 1549 a
1154 1520 1294 1556 Dionysio
1303 1523 1374 1560 Papa
1387 1522 1522 1551 instituti.
1546 1524 1620 1552 Vide
1637 1529 1745 1552 Dtoere-

952 1559 992 1596 fii·
1004 1582 1010 1588 .
1021 1561 1047 1592 §.
1061 1562 1124 1597 Quo
1138 1571 1204 1590 vcro
1213 1582 1219 1589 .
1232 1564 1256 1590 Α
1269 1562 1360 1600 quinti
1372 1562 1463 1591 sxculi
1478 1574 1602 1602 tempore
1613 1587 1620 1597 ,
1632 1564 1745 1602 Simpli-

958 1600 1013 1633 cii,
1037 1612 1137 1640 nempe
1149 1624 1156 1635 ,
1168 1604 1246 1640 Papa
1256 1612 1304 1640 pei·
1314 1602 1512 1632 hebdomadam
1522 1604 1746 1634 administrabant

957 1641 1089 1680 Baptismi
1102 1644 1305 1672 Sacramentum
1318 1664 1325 1675 ‚
1345 1648 1371 1672 ἃ
1383 1644 1528 1672 audiebant
1549 1644 1745 1682 poenitentium

957 1682 1139 1711 consessiones
1153 1693 1181 1710 in
1193 1675 1316 1712 Ecclessis
1327 1684 1472 1722 deputatis:
1489 1685 1680 1722 [Simpliciu5‚
1697 1686 1745 1724 qui

954 1723 1100 1752 constituit
1109 1745 1118 1756 ,
1141 1733 1170 1751 ut
1182 1734 1229 1761 per
1239 1722 1418 1753 hebdomadas
1427 1726 1582 1760 Presbyteri
1605 1727 1744 1755 cardina-

959 1762 996 1792 les
1007 1773 1148 1793 manerent
1157 1774 1271 1802 propter
1281 1766 1448 1803 poenitentes
1460 1787 1467 1798 ,
1490 1769 1516 1794 ἀ
1530 1764 1698 1804 Baptismuni
1709 1768 1743 1797 ad

960 1806 986 1833 S.
998 1807 1110 1835 Petrum
1122 1826 1129 1837 ,
1151 1805 1183 1833 ad
1193 1807 1218 1834 S.
1234 1806 1345 1834 Paulum
1357 1828 1363 1838 ‚
1382 1806 1415 1834 ad
1426 1807 1451 1834 S.
1463 1808 1577 1834 Mariam
1588 1809 1721 1843 Maiorem
1732 1829 1741 1841 ‚

958 1850 986 1874 δε
1006 1846 1037 1873 ad
1058 1846 1184 1874 Saiit‘tuin
1194 1847 1370 1874 Laurentium
1382 1867 1389 1873 .
1412 1849 1446 1875 In
1467 1848 1504 1874 M.
1516 1849 1541 1875 S.
1554 1848 1630 1876 Petri
1651 1849 1742 1877 Mallii

958 1886 1028 1925 apud
1037 1886 1195 1923 Torrigium
1209 1887 1242 1914 de
1253 1889 1342 1924 Cryp.
1355 1887 1479 1915 Vatican.
1491 1887 1607 1925 iiiiprefl]
1632 1900 1657 1917 2.
1680 1899 1742 1928 pag.

958 1934 1026 1962 446.
1047 1927 1232 1958 ]Cardinales
1244 1938 1339 1955 omnes
1349 1927 1475 1955 dicuntur
1484 1927 1610 1966 Episcopi
1622 1949 1628 1956 .
1648 1929 1741 1958 Gloss'a

959 1968 986 1995 in
998 1977 1054 1995 can.
1065 1968 1170 1995 relatio.
1183 1979 1229 1995 21.
1240 1968 1332 2006 quaest.
1346 1980 1371 1996 ι.
1385 1967 1435 1995 Sed
1446 1977 1518 1996 errat
1536 1969 1648 2007 quidem
1658 1969 1742 1998 Glos-

956 2006 993 2038 sa;
1006 2017 1067 2035 narii
1079 2008 1114 2036 ibi
1126 2008 1155 2035 in
1165 2018 1280 2046 corpore
1288 2010 1439 2047 Gregorius
1450 2010 1520 2047 Papa
1531 2008 1666 2048 Episcopo
1676 2013 1744 2040 Ter-

957 2048 1090 2077 racinensi
1099 2048 1262 2077 Gundinaui
1274 2049 1417 2077 Eccleliain
1428 2050 1574 2080 comedit,-
1597 2051 1661 2079 licet
1683 2052 1739 2085 ibi,

957 2093 983 2117 Sc
995 2089 1023 2116 iit
1037 2100 1095 2116 can.
1108 2088 1162 2126 seq.
1175 2090 1406 2126 Tarraconensem
1421 2099 1470 2127 pro
1490 2092 1688 2120 Terracinenfe
1707 2103 1739 2120 ex

957 2130 1128 2158 librariorum
1140 2130 1241 2157 incuria
1253 2128 1458 2168 scribunt-iqui:
1468 2132 1663 2160 Tarraconensi
1673 2132 1740 2170 Epi-

956 2170 1041 2208 scopo
1052 2171 1080 2198 in
1093 2169 1226 2207 Hispania
1238 2181 1295 2198 non
1305 2179 1412 2208 poterat
1431 2171 1507 2200 simul
1520 2172 1677 2200 Fundanam
1692 2176 1740 2201 Ec-

956 2211 1064 2239 clesiam
1085 2212 1112 2238 in
1134 2210 1222 2238 Italiae
1240 2211 1394 2249 Campania
1415 2213 1566 2240 concedere
1587 2213 1718 2241 Pontifex
1731 2234 1739 2245 ,

949 2252 1021 2279 -dum
1032 2251 1230 2289 utianiqueille
1249 2251 1436 2281 administrare
1457 2252 1605 2291 nequisset.
1628 2253 1742 2282 Facilius

957 2302 1024 2331 ergo
1037 2292 1202 2320 credendum
1221 2291 1274 2320 erit
1284 2293 1470 2322 Terraciucnli
1482 2292 1619 2331 Episcopo
1636 2303 1740 2321 utram·
1776 2320 1785 2329 χ

955 2343 1008 2371 que
1021 2333 1165 2361 Eccleiiam
1176 2332 1330 2362 conceffiii'e
1339 2335 1438 2371 Papam
1448 2336 1482 2363 ob
1501 2335 1636 2362 ambarum
1647 2334 1740 2362 Eccle-

954 2374 1052 2402 siarum
1067 2372 1239 2402 vicinitatem
1250 2393 1257 2401 .
1281 2374 1320 2403 lii
1343 2384 1410 2413 ergo
1421 2373 1546 2413 Episcopi
1557 2376 1738 2418 Romecori-

1611 2424 1698 2444 vicini
