1866 2526
476 30 588 74 LU

1269 32 1307 74 L
1339 32 1379 74 Y
1636 49 1713 88 415

72 94 248 132 lucaman„
271 92 357 122 Sacra!
378 89 529 129 Scripturae
548 87 695 119 translatio
715 99 730 118 a
750 90 776 119 S.
796 88 1070 122 Luciano‘LunuiA,
1094 87 1341 128 niuliebriscapiiis
1350 99 1543 119 ornamentum
1554 89 1672 122 adinstar
1680 92 1770 132 pleni-

112 135 237 170 Martyre
255 131 378 170 exposita
387 152 396 165 ,
418 141 471 170 qua
480 140 576 159 omncs
586 130 734 159 orientales
754 131 899 173 utebantur
908 149 916 160 ‚

113 174 153 204 ita
162 184 192 204 ut
200 185 215 203 a
225 172 333 202 Graecis
342 180 471 211 tanquam
482 172 621 210 vulgatior
630 170 774 213 haberetur
788 193 796 204 ,
820 179 916 209 praeci-

115 225 169 254 pue
178 214 207 244 in
215 213 373 253 regionibus
382 223 396 241 a
408 211 538 242 Bizautio
553 234 559 244 ,
570 211 654 251 usque
665 213 699 242 ad
710 212 891 241 Antiochiam
906 231 916 244 ‚

71 284 73 286 ,
113 256 152 285 ita
161 255 199 284 D.
212 254 333 284 Hieron.
343 253 421 292 epist.
440 264 502 287 107.
516 253 550 281 ad
559 253 734 282 Cromatium
744 274 752 281 .
848 292 853 296 θ

71 297 269 326 Lucinittnm
280 315 288 322 .
313 296 370 324 FR.
393 293 591 323 lizereticorum
613 293 684 322 set‘ta
695 315 702 322 .
728 300 739 329 [
754 296 778 323 A
789 292 917 322 Lucifero

114 338 240 372 Smyrnae
260 334 397 373 Episcopo
410 336 482 369 orti,
504 335 551 374 qui
563 334 712 374 Episcopus
732 333 895 364 Catholicos
909 353 916 365 ‚

113 378 162 416 qui
171 376 308 406 constanti
329 375 516 415 persecutione
526 376 649 413 perfidiae
670 375 837 405 Arnum-um
849 385 916 402 con-

112 417 265 455 sentientes
275 427 353 446 erant
363 438 371 449 ‚
381 419 408 445 δ(
422 416 512 455 postea
519 415 634 445 correc‘ti
646 416 676 444 in
686 415 865 446 Catholicam
875 426 914 444 re—

111 460 173 488 dire
181 460 326 497 elegerunt
336 479 344 490 ,
356 457 518 486 damnantes
529 479 537 491 ‚
557 458 613 486 sive
623 457 697 495 quod
709 457 782 495 prius
792 457 915 485 credide-

971 129 1043 158 lunii
1054 128 1148 159 formae
1157 153 1165 160 .
1174 128 1392 166 chrysostomus
1400 130 1657 171 existimavit‚quod
1667 145 1681 163 a
1691 136 1771 165 Gra:-

971 171 1009 199 cis
1021 167 1159 207 μίωίσκος
1168 169 1323 200 dicebatur.
1347 171 1400 201 Sed
1416 171 1454 200 D.
1464 171 1656 207 Hieronymus
1667 176 1771 204 lunaris

971 210 1066 240 formae
1078 210 1212 241 numisma
1223 234 1231 246 ,
1254 213 1330 252 quod
1338 212 1369 241 in
1379 211 1555 241 foeminarum
1565 212 1658 242 fronte
1667 217 1771 253 pende-

971 253 1016 282 bat
1028 273 1036 285 ,
1047 251 1187 282 existimat
1199 252 1275 282 suisli:
1285 275 1293 286 ,
1315 264 1343 282 ut
1353 254 1385 282 ad
1396 251 1515 292 prxsens
1524 253 1732 284 numismatibus
1742 258 1771 286 in

970 293 1060 331 capite
1070 294 1249 331 pendentibus
1260 295 1353 323 ornari
1364 294 1513 323 orientales
1523 296 1652 324 mulieres
1661 295 1753 325 solent
1763 319 1771 331 ,

971 334 1006 362 de
1016 344 1071 372 quo
1093 333 1122 362 in
1131 345 1193 363 meo
1210 335 1352 365 itinerario
1364 336 1398 364 ad
1415 337 1542 364 Moutem
1563 337 1695 366 Libanum
1705 338 1749 377 egi
1762 359 1770 370 ,

971 375 1061 414 deque
1070 373 1124 404 hoc
1132 386 1299 405 ornamento
1309 378 1345 405 D.
1357 376 1516 414 Cyprianus
1526 377 1565 405 ait
1575 398 1583 410 ‚
1597 381 1654 413 [Et
1667 379 1769 412 crines,

972 420 1000 445 δ(
1009 415 1153 444 cincinnos
1164 437 1172 452 ,
1192 421 1218 446 δ(
1231 418 1337 446 lunulas
1345 439 1354 452 ,
1372 421 1401 447 δι
1410 416 1610 447 discriminalia
1621 423 1672 448 &c.
1684 419 1719 448 de
1729 420 1773 448 di-

971 456 1038 494 scip.
1048 460 1076 485 &
1086 455 1179 486 habit-‚1
1190 459 1262 498 virg.

113 510 176 529 rant
186 521 194 533 ‚
214 499 270 528 sive
280 499 355 537 quod
365 498 509 527 credidisse
527 498 723 528 simulaverant
732 519 741 530 ,
760 502 854 536 (quos
865 501 913 526 Ec-
931 499 1074 527 LUPANAR
1086 519 1093 525 .
1116 500 1171 528 PR.
1183 499 1360 537 postribulum
1371 521 1379 533 ,
1401 504 1428 529 δε
1438 510 1555 540 ganeum
1566 522 1573 534 ,
1582 501 1627 530 ubi
1639 502 1768 531 Meretri-

114 541 194 570 clesia
213 540 361 569 catholica
370 549 494 569 materno
504 539 608 577 recepit
618 539 674 567 sinu
687 560 695 572 ‚
716 547 855 576 tamquam
867 541 914 567 Pe-

115 592 187 611 trum
210 581 269 619 post
285 582 381 609 fletum
393 581 572 619 negationis)
593 579 663 608 hanc
674 579 714 607 illi
725 580 819 607 matris
827 578 914 607 cbari-

115 632 199 651 tatem
211 621 325 659 superbe
335 622 500 659 accipientes
509 642 516 654 ,
528 630 574 649 eos
584 620 707 660 recipere
716 620 843 648 nolentes
855 641 861 652 ‚
885 620 915 648 ab

115 664 241 692 Ecciefiae
250 661 448 691 communione
457 660 621 690 recesserunt
629 681 638 694 ‚
656 664 683 689 &
693 671 754 689 cuni
766 660 825 700 ipso
835 662 913 690 Luci-

114 705 174 733 fero
183 703 291 733 auctore
302 701 352 730 suo
362 724 369 734 ,
383 701 429 740 qui
441 712 521 730 mane
530 701 667 731 oriebatur
677 722 686 734 ,
704 702 799 731 cadere
810 711 914 730 merue-

971 548 1012 566 ccs
1023 538 1128 577 degunt
1139 559 1146 566 .
1169 539 1332 578 Aliquando
1343 551 1393 579 pro
1402 540 1534 580 conseptu
1544 541 1662 571 serarum
1673 544 1771 581 accipi-

972 589 1034 609 tur5
1059 590 1121 607 nain
1132 580 1160 607 in
1173 579 1293 618 paslionc
1304 582 1348 611 SS.
1359 581 1535 617 Chrysanthi
1545 605 1553 616 ‚
1574 587 1601 612 ὅ(
1613 584 1705 614 Dariae
1723 584 1773 613 ha-

971 620 1048 648 betur
1059 641 1066 652 ,
1079 621 1185 656 [Daria
1197 623 1302 650 veroin
1313 623 1425 661 lupanar
1435 623 1573 662 compulsa
1585 646 1592 657 ,
1604 625 1691 654 leonis
1701 635 1772 654 tute-

972 661 996 688 la
1007 682 1014 693 ‚
1025 661 1089 688 dum
1103 662 1132 688 in
1144 672 1199 690 orai
1208 663 1271 690 ione
1282 663 1372 692 defixa
1381 663 1419 692 est
1432 685 1439 697 ,
1462 675 1476 694 a
1485 666 1652 695 contumelia
1663 666 1770 696 divini-

970 710 1012 729 tus
1021 701 1132 730 defensa
1142 702 1204 733 est]
1221 703 1295 731 Vide
1307 705 1447 743 Virgiml.

112 754 177 774 runt
188 766 194 777 ‚
206 753 265 772 can.
290 743 410 775 Quidam
420 752 511 772 autem
521 741 649 771 lia-retici
660 764 668 776 ,
681 754 728 779 24.
738 753 783 782 qu.
796 754 822 781 3.
836 750 847 778 [
860 744 914 771 Hic
930 743 1030 770 vanAx
1044 764 1051 774 ,
1063 743 1170 780 lupinus
1183 763 1190 770 .
1216 749 1227 778 [
1239 744 1451 783 Contemplatus
1471 747 1495 775 S.
1507 749 1576 785 Papa
1585 747 1720 777 Martinus
1730 749 1774 777 in-

112 795 204 814 tamen
212 793 304 812 textus
313 794 347 812 ex
358 783 464 812 Isidoro
475 793 621 821 excerptus
631 786 722 812 varios
731 794 836 812 errores
849 794 901 811 con

110 825 183 859 tinet
195 837 203 856 ‚-
229 824 320 863 primo
328 825 404 853 enim
414 825 554 853 Luciferos
566 835 622 853 non
634 824 720 853 suerat
731 824 913 860 sinyrnensis,

109 866 157 896 sed
169 866 346 896 Caralitanus
365 865 534 904 Episcopuss
554 865 645 904 itaque
656 877 706 904 pro
717 867 843 902 Sinyrnx
856 866 914 894 Sar-

111 907 196 936 diniae
206 918 241 936 cit
252 905 432 936 Theodoreto
444 907 489 934 lib.
502 917 528 944 3.
541 916 596 944 cap.
612 916 636 941 5.
649 907 847 935 restituendum
857 906 894 934 est
906 927 912 933 .

971 793 1111 811 troeuntcs
1124 783 1262 812 testificari
1274 806 1281 817 ‚
1291 784 1433 816 subridens
1443 787 1515 815 dixit
1528 799 1534 815 .·
1545 788 1588 815 isti
1597 788 1659 817 sunt
1672 789 1771 819 testes?

972 823 1006 852 sic
1017 823 1097 852 habet
1108 825 1198 854 ordo?
1210 829 1291 854 Erant
1302 826 1380 855 enim
1389 827 1472 865 primi
1486 828 1673 866 ingredientes
1683 831 1772 859 nomi-

972 875 1006 893 ne
1017 864 1128 903 quidem
1139 866 1254 896 milites
1266 867 1372 905 lupaces
1381 878 1483 901 autem,
1493 872 1520 897 &-
1530 869 1651 898 bestiales
1660 869 1772 900 senten-

972 905 1009 934 tia
1020 924 1028 933 .
1052 907 1064 936 ]
1088 906 1183 935 Anast.
1202 906 1334 936 Biblioth.
1345 909 1375 936 in
1386 910 1412 938 S.
1424 910 1538 938 Martia.
1548 911 1617 948 Papa
1626 915 1654 939 δ(
1665 920 1743 941 mart.

111 948 237 978 Secundo
248 947 291 975 ubi
304 948 344 976 ait
354 969 362 980 ,
373 947 487 976 instanti
501 946 706 985 persecutione,
717 948 876 976 Postillator
887 948 916 975 in
931 948 1118 976 Lupmcaua
1129 967 1136 975 .
1155 949 1211 977 PR.
1233 948 1353 983 Quando
1364 971 1372 982 ,
1399 954 1427 979 &
1448 960 1530 989 quare
1547 950 1704 981 introducta
1715 975 1724 987 ‚
1745 958 1775 983 δε

111 988 164 1017 hoc
176 999 235 1017 can.
246 989 364 1026 corrigit
373 990 530 1025 Constantii
534 990 720 1025 persecutione
729 1009 736 1015 .
757 988 854 1017 Tertio
864 991 916 1017 Lu-

113 1028 247 1057 tiferanos
259 1039 316 1057 non
327 1027 402 1057 fuisse
413 1028 559 1057 haereticos
570 1050 578 1061 ,
596 1027 642 1058 sed
653 1028 841 1058 schismaticos
852 1052 859 1063 ‚
877 1029 915 1057 sa-

110 1071 144 1098 tis
157 1070 252 1109 probat
263 1069 395 1098 Batonius
407 1072 461 1098 An.
473 1081 486 1108 3
495 1076 541 1099 62.
556 1079 650 1099 num-2
660 1081 702 1108 ¹3·
711 1074 739 1098 ἃ
749 1069 804 1109 seq.
817 1082 862 1099 ιιι
873 1082 915 1107 ¹9·

110 1110 194 1140 Nihil
209 1111 283 1139 enim
293 1111 327 1139 de
337 1110 402 1139 fidei
415 1110 588 1150 dogmatibus
599 1110 805 1140 innovaverant
816 1133 823 1140 .
835 1112 915 1140 Idem

971 987 1115 1025 quomodo
1125 989 1326 1018 celebrabantur
1338 1011 1344 1018 .
1356 991 1429 1019 Vide
1446 993 1546 1020 Baton.
1556 1002 1598 1020 an.
1611 999 1681 1027 4⁵3⁶·
1693 1005 1773 1030 n..··.9.

973 1032 1001 1056 δ(
1011 1027 1085 1066 seqq.
1105 1029 1296 1067 Superstitiosa
1306 1030 1369 1060 festa
1380 1053 1388 1064 ‚
1411 1031 1493 1071 usque
1505 1033 1539 1061 ad
1559 1033 1707 1062 Anthemii
1718 1037 1777 1064 Im-

973 1070 1106 1107 peratoris
1126 1079 1248 1108 tempora
1258 1074 1357 1101 Roma:
1377 1073 1502 1101 extabant
1514 1095 1521 1106 ,
1546 1073 1619 1102 idem
1629 1085 1691 1103 ann.
1705 1084 1773 1111 467.

973 1120 1047 1138 num.
1060 1121 1085 1137 2.
1097 1121 1110 1138 a
1120 1112 1230 1140 Gelasio
1241 1121 1330 1141 tamen
1345 1114 1413 1151 Papa
1421 1113 1521 1143 sublata
1533 1136 1539 1142 .

111 1154 209 1180 Baron.
221 1154 276 1181 An.
288 1151 335 1178 cit.
349 1162 394 1179 nu.
407 1162 473 1182 ιω.
486 1156 538 1181 stc.

72 1197 232 1223 Luciruoae
243 1213 250 1220 .
275 1193 330 1221 PR.
346 1194 388 1221 Ita
399 1202 433 1219 ex
443 1202 606 1231 contemptu
628 1203 642 1220 a
653 1193 764 1222 Rutilio
775 1193 916 1222 Numatia—

111 1244 148 1262 no
159 1232 259 1272 gentili
270 1233 399 1271 appellati
411 1232 520 1262 fuerunt
531 1232 662 1262 Monticlii
675 1255 682 1267 ,
695 1234 742 1263 lib.
759 1246 780 1262 i.
793 1235 915 1263 itinerar.
972 1235 1090 1261 Litania
1101 1254 1107 1261 .

70 1278 170 1304 Ῑμςχο
181 1295 188 1302 ,
213 1273 287 1303 Vide
311 1274 417 1302 Ambro
428 1294 435 1301 .
931 1275 1103 1303 Lusi-amus
1117 1295 1124 1302 .
1149 1277 1241 1313 Aqua.
1257 1276 1330 1305 Vide
1341 1281 1428 1316 Aqua
1438 1279 1606 1307 Benediffa.

69 1317 235 1345 Lucussittm
249 1325 257 1345 ;
278 1314 388 1343 lucerna
400 1336 408 1347 ‚
421 1315 583 1344 vocabulum
594 1314 622 1343 in
633 1315 824 1354 antiquissimo
833 1315 915 1345 Glos-
931 1317 1163 1346 LusTuATioxiffs
1178 1316 1348 1346 Gentilium.
1357 1319 1412 1348 FR.
1425 1319 1516 1357 quales
1525 1329 1602 1348 erant
1613 1321 1685 1359 apud
1696 1324 1776 1351 Gen-

107 1356 178 1384 sario
191 1357 229 1384 M.
242 1356 267 1384 S.
278 1355 308 1384 in
318 1356 443 1394 operibus
455 1356 570 1386 Alcuini
579 1366 719 1394 repertum
732 1378 739 1390 ,
760 1358 833 1396 quod
845 1358 916 1395 apud
971 1355 1034 1383 tiles
1043 1375 1050 1382 .
1064 1356 1136 1384 Vide
1145 1359 1246 1385 Baron.
1257 1368 1298 1386 an.
1312 1370 1325 1396 3
1334 1370 1379 1394 24.
1391 1370 1418 1387 n.
1432 1367 1478 1389 26.

108 1395 311 1426 Avenionense
322 1397 479 1426 §.Andreae
490 1397 686 1425 Monasterium
699 1397 877 1427 conservatur
887 1419 894 1426 .
931 1398 986 1426 Lus
993 1406 1075 1424 TR1C1
1085 1396 1142 1425 dies
1153 1419 1159 1425 .
1182 1399 1237 1428 Fit.
1248 1400 1338 1437 quales
1347 1410 1425 1428 erant
1437 1401 1506 1439 apud
1527 1402 1656 1431 Gentiles
1667 1425 1676 1430 .
1699 1402 1775 1432 Vide

932 1153 1030 1181 Lupus
1041 1171 1052 1187 ‚
1061 1151 1162 1180 dicitur
1172 1153 1264 1181 Laicus
1277 1174 1284 1181 .
1298 1154 1371 1182 Vide
1381 1158 1481 1184 LaIcus
1492 1176 1499 1183 .
1522 1158 1664 1193 Luporum
1675 1157 1748 1196 signa
1763 1180 1771 1191 ,

972 1202 1031 1230 quae
1043 1192 1071 1219 in
1081 1192 1293 1230 processionibus
1305 1193 1457 1224 ferebantur
1467 1217 1474 1224 .
1489 1197 1562 1225 Vide
1573 1201 1775 1232 bracmanas,

68 1924 164 1951 Lumo
176 1943 183 1950 .
195 1922 268 1951 Vide
279 1923 368 1950 Gmdo
379 1944 386 1950 .

66 1439 171 1468 J-uous
181 1458 187 1465 .
210 1439 266 1467 FR.
278 1447 365 1475 genus
376 1447 467 1475 poenae
479 1459 487 1470 ‚
506 1448 566 1476 qux
579 1438 682 1475 duplex
696 1448 754 1466 crat
765 1460 772 1471 ‚
797 1449 914 1477 iieinpes

109 1479 202 1506 Ludus
213 1480 379 1505 venatorius
390 1499 396 1510 ‚
415 1478 525 1516 quando
537 1481 611 1507 Reus
633 1488 694 1506 cuin
707 1478 770 1506 feris
783 1480 914 1509 dimicare

972 1439 1072 1466 Baron.
1085 1436 1114 1465 iu
1127 1441 1228 1476 Appar.
1239 1449 1265 1466 n.
1278 1452 1325 1475 92.
1339 1439 1481 1470 Ultimum
1493 1442 1606 1470 lustrum
1615 1442 1663 1471 sub
1673 1443 1776 1482 Vespa.—

972 1479 1046 1507 siano
1056 1475 1131 1510 suiffe
1144 1478 1227 1508 refert
1246 1480 1320 1509 idem
1329 1483 1426 1510 Barou.
1439 1493 1482 1510 aii.
1495 1490 1541 1513 76.
1555 1494 1581 1511 n.
1600 1494 1622 1511 ι.

107 1517 324 1555 astringebatur:
349 1518 424 1555 quod
443 1529 457 1546 a.
466 1518 642 1547 Tertulliano
663 1520 756 1548 Schola
765 1521 907 1557 bestiam»
931 1521 1032 1548 Lunx
1044 1541 1052 1551 ,
1075 1518 1161 1558 Υπὲρ
1171 1543 1177 1552 ,
1189 1521 1253 1549 vasis
1265 1532 1350 1560 genus
1362 1542 1368 1548 .
1394 1524 1448 1551 PR.
1461 1533 1566 1551 aeneum
1578 1534 1652 1552 mare
1662 1516 1692 1553 sn
1703 1535 1772 1554 tem-

108 1557 138 1585 in
152 1557 304 1596 Apologet.
327 1567 350 1584 c.
363 1567 411 1595 35.
421 1559 574 1596 appellatur
584 1579 591 1587 .
612 1558 691 1588 Alius
703 1561 826 1589 Reorum
839 1562 914 1590 ludus

113 1599 309 1626 Gladiatorius
319 1607 378 1626 erat
389 1620 398 1630 ‚
418 1599 531 1637 quando
540 1621 548 1633 ‚
559 1599 665 1628 scilicet
675 1621 682 1633 ,
707 1611 769 1629 cum
778 1602 915 1640 gladiato-

108 1639 181 1668 ribus
202 1638 332 1666 dimicare
341 1638 510 1677 cogebantur
519 1662 526 1668 .
548 1644 586 1670 At
599 1641 629 1669 in
647 1641 720 1669 Cod.
733 1641 870 1672 Theodos.
884 1643 916 1673 si-

109 1679 189 1708 miles
200 1688 295 1718 poenas
308 1678 477 1709 Christianis
489 1680 617 1720 infligere
627 1680 788 1720 prohibetur
798 1705 806 1717 ,
826 1684 874 1713 lib.
886 1696 914 1721 9.

108 1720 153 1748 tit.
167 1731 214 1756 40.
226 1720 270 1747 ubi
284 1719 317 1748 lic
326 1718 439 1749 habetur
449 1731 465 1748 :¹
481 1722 614 1758 [Quicun
636 1732 668 1750 ue
677 1722 850 1753 Christianus
860 1725 893 1754 sit
906 1748 914 1759 ‚

108 1759 139 1788 in
149 1761 272 1799 quolibet
297 1759 413 1789 crimine
424 1761 608 1799 deprehensus
616 1732 692 1791 ‘ludo
713 1775 771 1792 non
779 1765 916 1800 adJudicc-

109 1810 154 1828 tur
165 1821 172 1828 .
186 1803 197 1832 ]
210 1801 278 1836 Quae
291 1800 395 1830 sanfflo
407 1803 486 1831 valde
496 1804 540 1841 pia
549 1803 604 1834 estz
627 1813 688 1832 nam
700 1805 767 1834 tales
781 1807 819 1835 rei
831 1807 915 1836 dimi-

107 1852 137 1869 ca
144 1842 199 1869 ndo
210 1842 372 1880 regulariter
385 1843 501 1871 contriti
515 1844 585 1872 mori
597 1854 738 1883 nequeunt
748 1867 755 1874 .
777 1847 821 1875 De
831 1848 914 1877 variis

109 1882 238 1910 ludorum
249 1883 394 1921 generibus
406 1904 413 1911 .
439 1884 511 1912 Vidc
524 1885 651 1913 Cervula
661 1905 668 1912 .

69 1966 229 1992 Lvozxrzs
241 1984 248 1995 ,
259 1963 306 2001 qui
320 1963 481 1994 dicebantur
492 1986 499 1993 .
511 1965 586 1995 Vide
595 1970 763 2001 Hyemantes
774 1989 781 1996 .

67 2005 207 2032 Livxcnus
222 2024 230 2036 ‚
252 2013 373 2041 graecum
392 2001 489 2044 λόγχη
500 2028 508 2039 ,
529 2006 597 2035 idest
607 2027 615 2039 ,
636 2007 728 2036 lancea
741 2029 748 2036 .
774 2015 785 2044 [
798 2010 895 2039 Incuni

107 2045 172 2072 bens
183 2065 190 2076 ,
211 2047 238 2072 δι
250 2043 422 2082 requiesceris
431 2044 512 2084 super
520 2046 624 2075 luncho
635 2068 643 2080 ‚
653 2058 708 2087 quo
718 2048 865 2086 pcrfossiim
875 2051 912 2080 est

107 2085 177 2113 latus
189 2083 296 2113 Christi·
307 2106 314 2112 .
329 2086 448 2114 Tertull.
460 2087 494 2115 de
506 2098 611 2116 corona
619 2088 703 2117 milit.
713 2099 770 2128 cap.
787 2101 830 2118 ii.

68 2126 282 2154 Lenia-osum
292 2147 299 2158 ,
311 2125 382 2154 clare
394 2132 407 2162 [
417 2127 558 2157 Instinetu
568 2129 641 2161 Dei,
652 2130 726 2168 quod
736 2130 892 2160 celaverant
903 2155 912 2167 ‚

106 2165 281 2194 luminositer
292 2188 299 2199 ‚
323 2169 352 2195 &
360 2167 460 2205 partile
471 2168 645 2206 proferebant
657 2190 664 2196 .
675 2171 710 2199 In
721 2171 781 2200 vita
791 2172 816 2200 S.
827 2173 911 2202 Eulo-

103 2215 145 2244 gli
156 2215 236 2234 mart.
496 2232 500 2236 .

61 2247 147 2275 Luna
158 2266 165 2274 .
179 2248 214 2275 V.
226 2247 369 2276 Pandoxis
382 2269 389 2276 .
399 2250 560 2287 Panselenas
571 2271 579 2278 .
587 2252 731 2280 Nomluca
742 2272 749 2279 ·
759 2254 891 2291 Sym-lites
902 2274 909 2282 .

61 2288 207 2316 Lusa-rm
218 2308 227 2321 ‚
247 2288 435 2318 menstruatim
444 2310 451 2317 .
475 2291 629 2320 Palatinum
658 2293 775 2321 lunatim
793 2295 910 2324 manlio-

102 2327 146 2355 nis
156 2326 303 2357 servitium
313 2339 420 2368 ageret.
432 2332 466 2360 In
480 2330 535 2361 vita
547 2333 572 2362 S.
584 2333 694 2371 Eulogii
706 2335 745 2362 M.
758 2337 770 2366 J
791 2335 908 2366 Inveni·

103 2376 149 2397 tur
159 2368 245 2398 etiam
256 2369 287 2398 in
297 2371 397 2401 eodem
405 2370 486 2402 sensu
496 2393 506 2407 ,
527 2373 676 2403 Luualiter
686 2394 693 2402 .

971 1562 1019 1598 plo
1039 1560 1194 1589 Salomonis
1214 1562 1397 1595 collocatum,
1418 1563 1451 1591 de
1471 1573 1527 1602 quo
1545 1575 1571 1602 3.
1593 1567 1772 1604 Reg.cap.7.

971 1601 1045 1639 quod
1057 1601 1177 1635 Dionys.
1189 1601 1318 1631 Carthus.
1337 1609 1399 1631 161.
1409 1614 1458 1631 :ii-t.
1474 1615 1482 1631 1
1495 1615 1516 1632 i.
1529 1604 1563 1633 sic
1575 1607 1692 1644 exponit
1706 1608 1776 1642 [Di-

971 1642 1043 1670 citur
1053 1642 1142 1674 luter,
1165 1644 1236 1681 quali
1248 1644 1332 1672 lautus
1346 1653 1406 1672 uter
1417 1656 1423 1671 :
1434 1645 1566 1683 quoniam
1579 1647 1692 1675 inultam
1704 1648 1733 1676 in
1743 1647 1771 1678 se

971 1682 1131 1711 continebat
1141 1693 1236 1721 aquam
1247 1705 1254 1716 ,
1274 1686 1319 1713 vel
1333 1685 1402 1713 luter
1414 1696 1427 1713 a
1457 1685 1558 1715 luendo
1568 1709 1575 1719 ,
1596 1697 1678 1725 prout
1698 1689 1774 1719 lucre

971 1734 1026 1752 uno
1036 1723 1120 1752 modo
1137 1723 1262 1763 designat
1282 1725 1388 1754 abluere
1400 1748 1406 1759 ‚
1430 1727 1532 1764 quiain
1549 1738 1616 1766 aqua
1628 1729 1675 1757 illa
1685 1729 1776 1758 ablue-

970 1765 1066 1793 bantur
1083 1774 1193 1797 manus,
1214 1765 1349 1805 pedesque
1369 1767 1561 1802 Samrdomm,
1586 1769 1776 1808 proliibitaju-

969 1816 998 1834 re
1009 1828 1015 1838 ,
1034 1816 1091 1833 non
1103 1806 1224 1834 obstante
1243 1808 1400 1835 Senatorum
1414 1808 1477 1836 licet
1496 1808 1721 1840 Christianorum
1731 1822 1777 1840 re-

971 1847 1091 1875 sistentia
1104 1867 1110 1873 .
1124 1846 1203 1875 Idem
1214 1858 1287 1875 anno
1297 1855 1366 1884 49⁶·
1379 1859 1404 1875 n.
1417 1860 1462 1881 27·
1473 1853 1499 1878 δε
1511 1849 1586 1889 scqq.
1600 1852 1720 1886 Quando
1729 1863 1773 1881 ce-

970 1887 1141 1915 lehi-abnntm-
1153 1909 1160 1919 ,
1180 1891 1207 1916 δε
1223 1888 1275 1916 alia
1287 1909 1293 1916 .
1318 1889 1390 1917 Vide
1407 1889 1492 1918 etiam
1512 1889 1558 1919 liic
1580 1891 1609 1919 in
1627 1891 1695 1921 diet.
1719 1899 1776 1934 Hy-

966 1936 1053 1965 pante
1064 1948 1070 1953 .

931 1968 943 1981 ⁴¹
955 1969 1246 1997 Lu‘rtvM.Caerinioiiia
1256 1970 1396 2008 Ambrosio
1406 1980 1553 2001 memorata
1561 1972 1596 2001 de
1607 1974 1773 2004 Sacrament.

970 2009 1016 2037 lib.
1028 2020 1054 2047 3.
1066 2020 1120 2038 ω..
1130 2020 1189 2048 qua:
1200 2020 1255 2038 erat
1267 2010 1435 2040 consuetudo
1446 2012 1588 2042 illiniendi
1598 2015 1670 2043 Luto
1679 2017 1774 2044 oculos

968 2049 1001 2078 ad
1020 2050 1202 2079 imitationem
1221 2048 1368 2079 servatoris
1385 2063 1490 2082 coeciim
1511 2053 1631 2083 sanantis
1651 2055 1774 2086 faciendo

969 2091 1057 2119 lutum
1067 2101 1101 2120 ex
1112 2090 1202 2129 sputo,
1213 2102 1299 2130 eoque
1308 2093 1383 2121 illius
1395 2093 1544 2124 illiniendo
1553 2096 1656 2125 oculos.
1666 2099 1773 2135 Jo.9.6.

970 2131 1065 2170 scopus
1086 2131 1165 2167 hujus
1182 2142 1358 2162 caeremoniae
1372 2135 1480 2164 amitere
1497 2136 1548 2165 illo
1569 2137 1722 2176 interprete
1740 2150 1774 2166 eo

968 2171 1102 2211 spectabat
1112 2195 1120 2206 ,
1142 2182 1171 2201 ut
1181 2173 1385 2202 Catecliuineni
1396 2186 1504 2213 peccata
1513 2176 1561 2206 sua
1573 2178 1697 2207 confiteri
1707 2199 1718 2214 ,
1742 2189 1773 2206 ut

967 2212 1164 2242 conscientiam
1186 2213 1260 2242 suam
1283 2215 1478 2254 recognoscere
1490 2239 1498 2250 ‚
1521 2229 1549 2247 ut
1579 2219 1774 2256 poenitentiam

966 2264 1046 2292 agere
1058 2255 1220 2283 debetorum
1232 2277 1239 2288 ‚
1261 2254 1314 2284 hoc
1333 2256 1389 2290 est,
1409 2256 1647 2287 soi-tenihumanae
1660 2269 1774 2297 genera-

968 2295 1054 2323 tionis
1066 2293 1215 2333 agnoscere
1225 2317 1232 2328 ,
1246 2297 1466 2327 conducerentur
1475 2320 1482 2326 .
1492 2301 1664 2337 Augustmus
1678 2301 1769 2328 Traft.

967 2347 1015 2371 44.
1032 2336 1060 2364 in
1075 2338 1176 2374 Joann.
1187 2347 1296 2376 quoquc
1305 2338 1338 2366 ad
1347 2337 1420 2367 hunc
1432 2349 1535 2368 morem
1547 2350 1575 2368 in
1585 2337 1710 2368 sermone
1722 2339 1771 2369 suo

966 2377 1001 2405 de
1019 2387 1113 2410 coeco,
1133 2386 1213 2416 quem
1224 2378 1327 2408 curavit
1337 2378 1476 2414 servator,
1496 2378 1629 2419 respicere
1639 2380 1751 2409 videtur
1762 2403 1771 2415 ‚

1646 2431 1731 2458 quan-
