1866 2526
118 39 199 87 462
455 29 504 72 N
535 29 576 70 O

107 91 136 120 se
145 113 153 125 ,
175 94 235 120 cum
245 81 294 129 piis
303 87 373 118 locis
383 86 589 126 indulgentiam
598 86 632 116 de
644 83 784 116 novalibus
796 85 906 115 conces-

106 131 220 164 serunt,
238 141 269 159 ut
289 129 392 158 novale
410 128 605 157 intellexerint
622 136 717 165 agrum
737 126 771 154 de
788 137 866 156 novo
876 126 910 155 ad

1246 25 1372 70 NU

970 81 1068 129 melius
1087 81 1256 128 Censorinus
1276 84 1311 114 de
1329 85 1374 115 die
1391 84 1471 114 natal.
1488 95 1545 126 cap.
1558 95 1604 122 ²4·
1625 88 1653 114 ὅ(
1668 85 1776 116 ibidem

968 124 1198 164 Lindembrogius
1208 144 1217 152 .

106 174 210 203 cultum
221 171 358 200 redactum
370 191 378 202 ,
400 169 434 198 de
442 179 498 208 quo
510 178 566 198 non
579 177 658 197 extat
667 168 797 197 memoria
807 189 826 212 ,¹
835 167 910 206 quod
927 166 957 195 N
961 175 1019 193 OXA
1031 186 1039 197 ,
1061 168 1089 194 ὅ(
1100 168 1191 194 Noxia
1200 185 1207 192 .
1228 167 1284 196 FR.
1294 167 1375 196 vefb'a
1383 176 1458 195 inter
1468 166 1496 196 se
1515 166 1680 207 significatus
1691 166 1770 196 diffe-

106 213 255 252 aliquando
266 211 353 240 cultus
366 209 462 238 fuisset.
475 212 487 241 ]
501 211 568 238 Haec
579 218 669 238 autem
678 208 841 236 Innocentii
852 208 912 246 opi-

106 255 157 284 nio
174 252 353 282 confirmatur
363 251 487 279 Hierem.
499 261 555 288 cap.
567 261 593 285 4.
613 249 658 278 ubi
668 247 780 276 habetur
791 260 797 276 .-
820 255 831 284 [
844 250 910 276 Hcec

78 316 81 318 v
106 295 178 324 dicit
188 293 326 323 Dominus
338 292 400 321 viro
410 291 492 328 Judas
502 312 510 324 ‚
523 288 710 328 &Jerusalem
719 309 728 321 ,
747 298 847 318 novate
858 299 894 318 vo
902 307 909 310 <

110 336 150 365 bis
161 334 262 364 novale
274 355 282 367 ,
293 336 320 361 δ(
332 332 420 361 nolite
429 331 521 360 sedere
529 330 608 368 super
617 329 708 367 spinas
717 349 725 361 ,
739 331 751 360 ]
763 339 826 358 nam
838 339 908 357 terra

110 387 171 415 qua:
186 375 277 414 spinas
287 373 423 413 germinat
435 373 538 400 inculta
549 371 586 398 est
597 390 605 398 .

66 419 249 447 Novarum
261 436 268 443 .
279 417 336 444 FR.
348 413 492 445 Haeretici,
502 422 515 439 τι
527 413 642 440 Novato
653 410 818 445 Presbytero
827 413 912 439 Rom.

109 459 156 497 qui
166 467 261 486 contra.
270 454 437 485 Cornelium
445 455 546 490 Papam
556 451 582 479 se
594 460 715 479 erexerat
726 472 734 483 ‚
746 451 912 489 conatusque

108 499 148 528 est
158 510 191 527 ex
202 496 329 526 cathedra
341 504 402 523 eum
412 493 551 531 deponere
561 513 570 525 ,
588 492 708 530 apostata
717 490 825 520 effectus
835 513 842 525 ‚
855 495 910 527 jam

109 539 262 578 baptizatos
273 534 455 573 rebaptizabat
467 555 474 567 ,
496 544 543 568 24.
555 532 649 571 quaest.
661 543 688 571 3.
700 543 759 561 can.
770 543 816 570 30.
840 532 913 561 Vide

115 581 234 609 thari
247 599 254 605 .

68 624 282 651 Novecumuiu
292 638 299 645 .
322 618 380 645 FR-
392 614 589 653 multiplicatio
609 613 723 642 unitatis
743 624 792 652 per
810 623 912 643 novem

112 663 183 690 vices
195 671 202 691 5
217 660 250 688 sic
261 659 290 686 in
301 657 405 696 legibus
416 654 627 694 visigothorum
637 667 647 687 ,-
658 653 705 683 sed
718 655 806 692 potius
817 660 912 684 Novu-

106 704 184 739 plum
196 721 204 733 ‚
216 700 281 729 licut
293 698 447 735 Decuplum
459 718 467 730 ‚
485 700 513 725 ὃς
525 696 682 733 Septuplum
700 699 753 724 διε.
765 695 912 724 dicendum

114 741 179 770 esset
189 763 196 769 .

69 784 253 813 Noveiunint
264 801 272 808 .
293 778 360 809 vid.
379 779 417 807 D.
437 777 552 817 August.
573 776 685 814 ingdiet.
704 777 789 813 Mifflz
805 775 915 814 Defun-

109 826 212 853 eborum
226 843 233 851 .

70 865 85 881 ‘³‘
104 866 306 894 Novnmmim.
319 882 326 890 .
347 860 430 899 Apud
441 859 569 888 Gentiles
585 856 755 887 consuetudo
773 868 915 896 eratrepe-

114 905 192 934 tendi
203 905 305 933 lucium
315 924 323 934 ‚
343 911 423 939 quem
434 911 483 938 pro
494 900 610 929 mortuis
621 900 735 937 agebant
749 921 756 931 ‚
775 898 894 937 septimo
904 920 912 931 ,

113 950 141 975 ὃ(
155 956 232 974 nono
241 945 286 973 die
298 966 304 977 ‚
326 952 385 980 qux
404 941 545 980 speciatim
557 940 739 970 Novemdt'ale
757 939 897 968 dicebatur
907 959 913 965 .

112 984 306 1025 Superstifiosee
321 983 398 1018 liujus
408 981 631 1010 consuetudinis5
653 979 749 1008 desuto
771 990 862 1009 tamen
873 980 914 1007 vi-

112 1028 258 1056 &imarum
278 1023 428 1054 sacrifici03
450 1022 584 1051 nonnulla
602 1021 672 1059 apud
692 1021 815 1049 rudiores
827 1020 914 1049 Chri-

113 1068 214 1097 stianos
224 1074 349 1104 tempore
359 1065 511 1101 Augustam*
522 1063 648 1091 extabant
660 1081 666 1088 -
690 1063 827 1100 Loquitur
839 1072 913 1089 enim

113 1109 147 1137 de
155 1108 315 1147 quibusdim
328 1126 335 1137 ,
346 1106 391 1142 qui
402 1103 603 1134 Defunctorum
612 1102 721 1131 suorum
731 1101 853 1140 respectu
864 1109 913 1131 Na-

115 1150 258 1178 vemdmle
268 1146 435 1176 celebrabant
447 1166 454 1177 ‚
475 1145 550 1183 quod
562 1142 618 1183 ipse
628 1143 848 1173 interdicendum
861 1144 916 1172 illis

114 1188 165 1218 effe
174 1190 311 1219 existimat
323 1209 330 1215 .
352 1187 453 1222 Quaest.
469 1197 531 1218 172.
543 1186 573 1213 in
583 1184 685 1214 Genes.

75 1233 244 1262 Novfflcox
256 1251 263 1257 .
285 1232 342 1258 PR.
352 1226 410 1257 Efle
420 1227 590 1255 conti-sirium
603 1247 610 1259 ‚
631 1224 820 1263 &malignum
830 1225 916 1254 adin-

115 1272 168 1300 star
187 1273 325 1301 Novercae
337 1292 344 1304 ,
365 1267 525 1297 translative
545 1265 681 1296 adversari
702 1265 836 1303 significat
848 1288 855 1299 ‚
883 1267 916 1295 sic

114 1312 302 1351 Negligentia
315 1310 503 1339 eruditionum
513 1309 643 1337 Noverca
654 1330 661 1340 ,
673 1306 740 1336 idest
752 1327 760 1338 ,
781 1308 915 1334 contraria

969 205 1056 234 rentis
1066 226 1075 238 ‚
1092 205 1168 243 quod
1179 205 1332 243 explicatur
1341 206 1395 235 hoc
1406 207 1483 236 versu
1496 229 1504 236 .

1008 246 1104 275 Noxia
1115 246 1246 274 delictum
1256 267 1264 279 ‚
1274 247 1437 285 delinquens
1447 259 1521 277 noxa
1530 258 1646 278 vocatur
1657 269 1664 276 .

967 287 993 318 §.
1006 296 1077 315 noxa
1086 306 1094 314 .
1104 286 1197 315 Instit.
1211 287 1245 315 de
1255 287 1347 316 noxali
1359 289 1409 316 ast.
1429 289 1516 318 Glofl2
1526 289 1556 318 in
1565 300 1623 329 cap·
1633 289 1774 319 consului-

967 327 1001 356 sti
1011 348 1020 360 ‚
1030 327 1064 355 de
1074 328 1192 366 regular.
1201 331 1229 356 ὃ(
1240 327 1324 356 trans.
1333 328 1366 357 ad
1375 328 1414 356 rel
1421 328 1459 367 ig.

928 368 1034 396 NOXAs
1046 388 1053 395 .
1075 368 1149 397 Vide
1159 374 1253 397 Norax
1264 388 1272 395 .

928 409 1145 437 Numi‘enAmA
1158 429 1166 441 ‚
1188 409 1227 436 ita
1247 408 1392 437 vocabatur
1409 409 1476 438 ritus
1499 409 1547 439 ille
1566 411 1741 450 antiquorum
1760 432 1770 443 ,

969 449 1070 478 cumin
1090 449 1197 488 signum
1207 449 1385 487 poenitentix
1398 451 1477 478 nudis
1488 451 1600 488 pedibus
1618 451 1648 479 in
1658 451 1767 489 proces-

969 489 1086 518 sionibus
1097 512 1104 523 ,
1119 490 1163 518 vel
1172 490 1233 518 aliis
1245 490 1427 519 ecclefiasticis
1439 512 1447 524 ,
1470 491 1642 530 publicisque
1653 492 1770 521 functio-

970 531 1047 558 nibus
1069 530 1232 559 incedebant
1244 552 1250 558 .
1271 531 1429 560 Tertull.in
1450 533 1574 570 Apolog.
1585 542 1643 570 cap.
1654 544 1682 567 4.
1702 533 1773 561 &in

969 571 1015 599 lib.
1033 572 1065 600 ad
1086 572 1180 600 Uxor.
1201 573 1240 600 D.
1253 573 1308 600 Leo
1319 574 1390 610 Papa
1407 572 1485 600 sei-m.
1497 584 1523 608 4.
1542 574 1576 601 de
1595 575 1682 609 jejun.
1701 571 1774 610 sept.

970 610 1056 640 mens.
1066 613 1103 640 D.
1116 612 1234 641 Hieron.
1246 613 1276 641 in
1285 624 1308 640 c.
1320 625 1346 642 z..
1358 613 1441 651 ep.ad
1451 614 1559 642 Galatas
1569 634 1576 641 .
1597 614 1679 648 Quod
1691 613 1774 641 etiam

970 653 1102 682 Hebraeos
1122 653 1262 682 occasione
1272 654 1356 681 luctus
1367 675 1374 685 ,
1395 658 1422 683 ὃ(
1433 654 1606 692 poenitentiae
1624 652 1775 683 observaffe

970 693 1085 732 Joseph.
1097 694 1182 722 Hebr.
1195 694 1315 721 testatur.
1330 696 1392 722 Imo
1402 698 1429 723 &
1440 695 1568 723 Gentiles
1577 696 1610 724 ad
1622 695 1775 732 impetrari-¹

972 736 1032 763 dam
1043 735 1164 772 pluviam
1173 754 1180 761 .
1194 740 1206 769 [
1221 734 1359 773 Aquilicia
1370 735 1436 772 Jovi
1448 735 1607 768 immolatis,
1619 734 1771 773 nudipeda-

971 777 1006 804 lia
1017 777 1119 814 populo
1131 775 1297 803 denuntiatis
1306 795 1314 803 .
1334 776 1452 804 Tertull.
1462 775 1570 804 advers.
1581 779 1688 805 Gentes
1697 786 1774 811 c.4o.

932 817 1037 846 Nonus
1053 837 1060 844 .
1081 815 1153 844 Vide
1163 817 1281 852 Investis
1290 835 1298 843 ·

932 857 945 872 ⁴‘
968 861 1181 888 Noitni·ens}3s
1193 879 1199 885 .
1211 855 1381 895 Episcopific
1393 856 1459 885 disti
1470 857 1525 885 sine
1535 855 1598 885 sede
1609 855 1776 894 Episcopali,

972 899 1046 938 quod
1065 901 1283 926 panormitanus
1295 897 1428 926 titulares
1440 900 1467 926 δε
1478 899 1608 935 utopiscos
1623 897 1774 935 Episcopos

971 952 983 968 a
1025 941 1089 968 ellat
1099 960 1106 966 .

930 951 1166 1010 NUprfflCAMEN
1178 1001 1185 1011 ,
1199 977 1343 1007 nihileitris
1353 998 1360 1009 ,
1373 975 1594 1015 nihilipenditas‚
1604 977 1772 1016 epitethum,

972 1021 1047 1060 quod
1066 1020 1248 1049 Tertullianus
1259 1018 1375 1047 Christo
1383 1018 1515 1046 crucifixo
1532 1018 1628 1046 tribuit
1638 1040 1646 1051 ‚
1670 1018 1732 1056 quia.
1740 1018 1776 1046 ad

973 1062 1094 1090 nihilum
1106 1061 1226 1089 rcdaftus
1240 1069 1299 1088 erat
1308 1079 1315 1086 .
1338 1058 1560 1094 [Nullificamen
1572 1058 1668 1096 populi
1689 1057 1776 1088 Chri-

975 1104 1026 1132 stus
1037 1102 1180 1130 crucifixus
1192 1124 1200 1135 ,
1211 1101 1256 1129 lib.
1267 1111 1292 1138 3.
1303 1109 1399 1128 contra
1412 1100 1546 1128 Mircion.
1556 1110 1612 1138 cap.
1623 1110 1650 1132 7.

932 1146 1134 1173 Nunfflinius
1155 1164 1163 1176 ‚
1192 1140 1392 1170 Arithmeticus
1413 1161 1420 1172 ,
1450 1140 1626 1178 Computista
1638 1160 1645 1167 .
1667 1139 1776 1176 [Quod

974 1183 1112 1214 Bonifacii
1124 1182 1272 1212 numerarii
1283 1181 1369 1209 nostri
1379 1179 1487 1209 suorum
1496 1181 1601 1219 aliquid
1613 1181 1684 1219 apud
1695 1190 1721 1208 te
1731 1180 1776 1208 in-

973 1224 1068 1254 teresse
1078 1224 1230 1253 audivimus
1240 1244 1247 1250 .
1258 1223 1294 1251 D.
1306 1224 1392 1260 Greg.
1403 1221 1433 1248 iii
1444 1221 1565 1260 Registr.
1577 1221 1698 1250 lib-10.c.
1707 1227 1748 1250 16.
1761 1222 1775 1251 1

975 1266 1050 1295 Vide
1062 1265 1257 1294 Arithmetica
1266 1283 1274 1290 .

933 1310 1127 1336 Nummum
1138 1307 1228 1334 Limen
1239 1302 1316 1331 sacrae
1327 1302 1420 1331 Bibliae
1434 1322 1440 1330 .
1458 1302 1531 1331 Vide
1542 1303 1694 1331 Arithmus
1706 1322 1714 1329 .

116 1354 235 1381 dicitur.
247 1352 321 1381 Vide
330 1351 523 1388 Negligentia.
552 1355 564 1383 [
579 1351 698 1376 Fortuna
708 1346 754 1375 sibi
765 1357 916 1375 novercrin-
933 1351 1079 1377 Nummius
1092 1366 1099 1373 .
1112 1346 1184 1374 Vide
1196 1348 1375 1373 Litter.ztura
1384 1363 1392 1370 .

117 1403 146 1422 te
157 1397 210 1422 &c.
219 1403 312 1432 caprus
324 1392 362 1421 est
371 1412 379 1419 .
400 1394 547 1425 Anonym.
557 1386 795 1420 Calin.Monachi
807 1388 916 1417 Chron.
933 1391 1077 1419 Nuniisniei
1089 1388 1208 1416 SAcaum
1223 1407 1230 1418 ‚
1249 1385 1323 1423 quod
1335 1384 1424 1412 solent
1446 1383 1539 1412 fideles
1550 1383 1579 1412 in
1598 1383 1708 1411 coronis
1729 1391 1775 1421 ap-

115 1445 160 1462 an.
174 1445 184 1462 1
193 1443 260 1469 205.

76 1476 89 1491 ‘¹
108 1477 308 1505 Novnummi
318 1494 325 1501 .
347 1470 537 1511 Superstitiosa
547 1473 604 1507 ejus
614 1469 771 1499 observatio
783 1469 814 1497 ab
825 1470 918 1499 Eccle-

116 1515 153 1544 sia
163 1516 291 1544 damnata
301 1526 308 1546 3
321 1513 400 1550 hujus
413 1523 480 1542 vero
489 1511 690 1549 superstitionis
700 1510 825 1539 meminit
835 1512 919 1546 Chry-

111 1557 173 1593 sost.
193 1555 269 1585 hom.
281 1566 329 1594 33.
346 1577 364 1589 „
385 1554 441 1591 Qui
453 1554 483 1582 in
494 1553 609 1581 tabernis
620 1574 628 1586 ‚
648 1556 692 1581 m't
704 1574 711 1585 ,
723 1551 781 1580 ludi
794 1550 878 1579 hodic
889 1551 919 1579 fi-

119 1619 139 1630 „
161 1606 212 1626 unt
221 1619 229 1630 ,
250 1597 292 1625 illi
305 1606 348 1624 me
358 1595 477 1624 maxime
489 1593 646 1622 excruciant
660 1616 668 1626 ‚
691 1597 718 1622 &
730 1591 882 1630 impietatis
893 1596 918 1621 ὃ(

119 1658 139 1671 ,,
160 1637 381 1676 intemperantiae
393 1636 468 1675 pleni
479 1634 551 1665 sunt5
562 1635 709 1672 impietatis
720 1633 918 1672 quidem,quod

118 1699 138 1712 ‚‚
161 1680 207 1718 qui
218 1679 276 1707 haec
287 1676 389 1706 faciunt
400 1698 408 1709 ,
428 1677 485 1705 dies
495 1674 640 1704 observant
650 1697 657 1707 ,
679 1679 705 1703 ὃς
716 1674 835 1713 auguriis
845 1674 919 1702 addi-

118 1741 139 1753 „
158 1730 258 1748 cuntur
268 1741 276 1751 ‚
298 1723 325 1747 &
344 1726 443 1757 putant
463 1717 482 1746 si
500 1716 709 1753 ῘΝονηυΝιυΜ
727 1714 823 1742 mensis
843 1714 921 1750 liujus

120 1782 140 1794 ,‚
163 1759 335 1789 cumlaetitia
355 1763 381 1787 δ(
395 1759 540 1787 voluntate
557 1757 661 1795 degant
682 1756 818 1794 reliquum
836 1753 863 1784 se
874 1767 920 1783 :in-

118 1821 140 1837 ,‚
163 1811 229 1829 num
241 1801 274 1829 fic
286 1799 467 1828 transavsturos
477 1802 530 1827 &c-

80 1842 269 1871 Novrriows
282 1863 290 1875 ‚
311 1839 480 1878 Neopliyius
492 1862 498 1872 ,
513 1838 569 1867 five
581 1836 671 1876 potius
682 1835 903 1866 catechumenus
914 1857 920 1863 .

123 1883 190 1918 [Sed
200 1882 336 1921 praecipue
347 1881 494 1909 novitiolis
506 1879 561 1907 istis
572 1878 703 1906 imminet
718 1899 725 1910 ,
737 1878 783 1916 qui
793 1888 853 1905 cum
867 1888 922 1905 ma-

121 1923 197 1952 xime
215 1923 356 1961 incipiunt
378 1921 482 1950 divinis
504 1919 672 1948 sermonibus
693 1928 769 1947 aures
796 1919 902 1956 erigere
915 1940 921 1950 ‚

124 1964 226 2002 quique
235 1963 320 1992 catuli
339 1962 463 1991 infantiae
477 1961 565 1990 adhuc
576 1960 693 1989 recentis
706 1982 713 1992 ,
737 1969 785 1987 nec
797 1959 922 1997 perf05tis

121 2005 269 2033 luminibus
277 2004 381 2032 incerta
392 2012 510 2041 reptant.
521 2001 684 2030 Tertullian.
696 2001 729 2029 de
741 2000 921 2039 poenit.c.6.]

126 2045 198 2074 Vide
209 2045 429 2073 Catechumenus
442 2043 592 2080 Neophytus
603 2062 611 2070 .
790 2047 797 2052 “

84 2086 239 2113 Novmus
252 2106 258 2112 .
282 2085 356 2113 Vide
366 2085 515 2123 Neophytus
527 2103 536 2110 .

83 2126 152 2154 Nox
163 2145 171 2152 .
183 2127 241 2155 FR-
251 2128 324 2160 cujus
333 2124 396 2153 sunt
410 2134 527 2163 quatuor
536 2133 624 2163 partes
634 2145 642 2156 ‚
654 2125 845 2151 Conticinium
860 2142 866 2154 ,
878 2126 923 2149 In-

123 2167 283 2203 tempestum
295 2186 303 2197 ‚
324 2166 510 2194 Gallicmium
520 2186 528 2197 ‚
550 2165 762 2194 Antelucanum
773 2184 780 2191 .
799 2160 886 2191 Glofl‘.
897 2161 924 2189 in

127 2205 424 2244 camsuperveniente,
448 2217 470 2234 i.
489 2216 534 2243 qu.
551 2217 573 2233 1.
594 2205 646 2234 Sed
666 2204 730 2233 nid.
743 2204 786 2232 lib.
802 2213 826 2238 5.
838 2212 923 2236 etym.

125 2246 231 2285 sePtem
243 2255 333 2285 partes
344 2246 448 2274 dividit
458 2267 466 2279 ‚
485 2256 582 2285 nempe
595 2246 667 2283 Vespe
674 2256 736 2272 rum
745 2266 753 2277 ‚
776 2244 924 2281 Crepuscu-

126 2288 185 2316 lum
197 2310 205 2320 ,
216 2290 419 2318 Constrmium,
428 2288 631 2324 Intempestum‚
643 2286 829 2314 Gallicim'um
842 2305 850 2316 ,
860 2289 924 2312 Δία·

129 2332 257 2357 tutinum
269 2349 277 2360 ,
297 2328 518 2359 &Dducnhmn
537 2328 571 2355 de
590 2326 685 2365 quibus
704 2324 806 2354 diserte
824 2314 1028 2353 Archi—'Nunc
1039 2323 1189 2352 Dum-ris
1202 2343 1210 2356 ,
1232 2320 1306 2350 canti

127 2369 197 2398 diac.
208 2370 238 2399 in
246 2368 275 2399 d.
293 2378 353 2398 can.
362 2366 575 2407 superveniente
585 2388 593 2397 .
612 2366 684 2397 Vide
693 2368 846 2397 Nocturnus
857 2384 864 2392 .
886 2368 922 2394 Et

976 1428 1093 1466 pendere
1103 1449 1110 1460 ‚
1130 1427 1307 1464 incoeperunt
1317 1425 1349 1453 de
1361 1435 1435 1453 anno
1451 1431 1533 1459 1566.
1554 1435 1605 1463 qua
1615 1424 1755 1452 occasione
1764 1443 1773 1450 .

975 1469 1048 1497 Vide
1062 1467 1221 1496 Famianum
1233 1467 1355 1496 Stradam
1365 1466 1398 1493 de
1418 1465 1496 1493 Bello
1505 1465 1619 1503 Belgico
1630 1465 1676 1492 lib.
1690 1473 1714 1499 5.
1728 1463 1776 1492 de-

977 1510 1035 1538 cad.
1051 1521 1072 1537 i.
1083 1508 1214 1545 Quamvis
1232 1506 1371 1545 antiquior
1390 1504 1471 1533 suerit
1481 1505 1598 1534 devotio
1617 1515 1651 1532 nu
1666 1504 1775 1532 misma-

978 1560 1035 1579 tum
1054 1549 1192 1578 sacmrum
1209 1560 1241 1577 ex
1254 1548 1382 1587 plumbo,
1402 1546 1446 1575 vel
1458 1545 1555 1573 stanno
1574 1545 1604 1573 in
1617 1545 1779 1584 peregrino-

977 1601 1036 1619 rum
1048 1591 1127 1629 pileis
1138 1612 1146 1622 ‚
1166 1600 1225 1628 qux
1237 1592 1334 1618 Romae
1354 1587 1411 1616 illis
1422 1586 1627 1618 vendebantur,
1651 1585 1755 1616 scilicet
1766 1605 1774 1617 ,

977 1633 1010 1660 de
1021 1642 1095 1660 rinno
1112 1642 1120 1658 i
1130 1642 1195 1658 200.
1206 1639 1236 1657 ut
1247 1640 1280 1657 ex
1291 1628 1368 1666 epist,
1381 1637 1446 1666 533.
1457 1626 1617 1655 Innocentii
1628 1628 1706 1664 Papae
1719 1627 1778 1654 ΙΙΙ.

978 1672 1137 1711 colligitur,
1157 1671 1186 1699 in
1198 1671 1291 1708 quibus
1302 1680 1334 1699 ex
1345 1678 1396 1697 una
1407 1677 1481 1706 parte
1491 1676 1547 1696 erat
1558 1666 1665 1705 effigies
1678 1667 1778 1694 Vultus

978 1714 1069 1744 Sancti
1083 1734 1089 1745 ‚
1109 1712 1172 1740 ideo
1183 1712 1212 1739 iu
1224 1714 1279 1747 ejus
1291 1710 1368 1748 epist.
1379 1709 1417 1737 ait
1430 1720 1436 1736 ι
1460 1714 1472 1743 [
1484 1707 1644 1736 Vendentes
1656 1706 1779 1734 Veroni-

979 1765 1020 1783 ctis
1032 1776 1038 1786 ,
1051 1756 1062 1785 ]
1075 1756 1101 1782 ἃ
1117 1753 1144 1780 ἰ11
1153 1754 1208 1787 ejus
1220 1752 1296 1780 Bulla
1306 1771 1313 1778 .
1326 1752 1388 1778 Iino
1397 1749 1466 1786 apud
1476 1748 1629 1777 Robemum
1639 1748 1777 1775 Monten-

979 1795 1035 1824 sem
1050 1795 1180 1823 Abbsitcm
1199 1793 1229 1820 in
1239 1791 1428 1829 supplemento
1440 1789 1473 1817 :id
1491 1788 1553 1816 hist.
1566 1787 1696 1826 Sigiberti
1707 1786 1778 1825 legi-

979 1845 1023 1864 tur
1039 1838 1070 1864 B.
1084 1834 1232 1872 Virginem
1252 1833 1287 1860 de
1296 1841 1370 1860 :inno
1386 1835 1468 1867 1183.
1489 1828 1595 1857 cuidam
1606 1828 1778 1866 sabroligna-

980 1877 1023 1905 rio
1034 1873 1181 1914 apparuisse
1192 1895 1200 1907 ‚
1219 1873 1298 1912 eique
1308 1871 1412 1900 sacrum
1432 1868 1565 1898 numisma
1574 1867 1708 1908 reliquifl'e
1718 1890 1725 1901 ,
1746 1868 1779 1897 in

980 1928 1034 1956 quo
1044 1926 1101 1944 erat
1110 1915 1215 1953 effigies
1225 1915 1250 1943 S.
1262 1911 1410 1942 Salvatoris
1421 1910 1555 1948 insculpta
1566 1932 1574 1943 ,
1584 1914 1612 1939 ὅ(
1624 1910 1653 1937 in
1663 1912 1716 1944 ejus
1725 1907 1780 1937 cir-

979 1959 1053 1986 cuitu
1063 1956 1220 1995 legebantur
1233 1955 1329 1983 verba:
1345 1958 1356 1987 [
1369 1955 1466 1991 Agnus
1476 1951 1550 1983 Dei,
1569 1950 1616 1989 qui
1626 1950 1702 1978 tollis
1714 1958 1777 1986 pec-

980 2008 1036 2027 cata
1047 1996 1141 2025 mundi
1153 2017 1161 2029 ,
1180 1996 1252 2024 dona
1263 1994 1340 2022 nobis
1360 2003 1453 2031 pacem
1463 2014 1470 2025 ‚
1482 1994 1496 2023 ]
1516 1992 1559 2019 cui
1578 1991 1660 2019 etiam
1671 1989 1778 2026 juss'erat

981 2041 1010 2068 B.
1023 2038 1112 2076 Virgo
1122 2059 1130 2070 ,
1141 2037 1214 2076 quod
1225 2034 1362 2074 Episcopo
1371 2033 1497 2061 Podiensi
1510 2031 1539 2060 id
1552 2031 1679 2064 deferret,
1690 2039 1720 2058 ut
1727 2039 1779 2068 per

981 2082 1036 2115 ejus
1045 2078 1196 2107 Dioeceiim
1214 2076 1339 2105 omnibus
1358 2073 1445 2102 limile
1465 2070 1598 2101 numisma
1619 2071 1726 2102 deferre
1737 2069 1779 2098 se-

979 2129 1041 2148 cum
1060 2118 1202 2147 mandaret
1216 2139 1224 2150 ,
1247 2118 1278 2145 ad
1299 2115 1439 2144 fruendam
1457 2114 1594 2154 quietem,
1619 2117 1647 2142 ὃς
1666 2120 1756 2150 pacem
1767 2122 1775 2138 :

981 2161 1056 2200 quod
1065 2169 1232 2198 exequutum
1243 2157 1294 2186 fuit
1303 2179 1311 2190 ‚
1331 2165 1412 2194 :itque
1421 2166 1453 2184 ex
1467 2165 1532 2183 tunc
1543 2153 1671 2192 extingui
1682 2160 1775 2188 coepe-

983 2210 1046 2229 runt
1057 2202 1115 2229 dira
1125 2200 1195 2228 bella
1204 2221 1211 2232 ,
1230 2208 1290 2237 quae
1301 2198 1349 2226 diu
1358 2206 1446 2224 totam
1457 2199 1592 2233 Europam
1604 2194 1754 2223 afflixerant
1766 2208 1777 2216 t

981 2242 1054 2270 Vide
1065 2246 1163 2279 Agnus
1172 2243 1224 2268 Dei
1237 2261 1244 2273 ,
1257 2240 1342 2268 Bulla
1352 2258 1360 2265 .

931 2274 1047 2312 ’Nonus
1059 2302 1066 2309 .
1080 2282 1152 2310 Vide
1162 2286 1275 2309 Moneta
1284 2299 1292 2307 .
1734 2310 1736 2313 v

1309 2329 1369 2349 cum
1386 2319 1419 2348 ad
1438 2312 1659 2356 Completoriiim
1671 2331 1677 2338 .
1702 2309 1779 2339 Vide

981 2366 1134 2393 Canticum
1144 2382 1155 2391 .

1654 2393 1741 2422 Nuu-
