1866 2526
473 29 494 71 I
524 27 574 73 N
1272 33 1292 74 1
1336 32 1384 75 N
1671 34 1718 86 85

114 88 231 119 rendum
247 86 393 127 supernam
410 85 511 116 didicit
535 86 703 124 Majestatem
714 109 722 116 .
741 85 915 128 Chrysalog.
971 86 1039 117 tiam
1048 86 1187 118 causatur.
1209 91 1324 125 [Genus
1336 89 1421 119 suerat
1430 90 1567 130 gravioris
1577 49 1771 131 ιῐίφέιιιεοῖο-ι

116 130 197 160 serm,
206 140 257 169 93.
971 129 1056 167 poris,
1067 139 1097 158 ut
1107 130 1142 158 de
1152 129 1293 159 incubone
1299 129 1475 170 praesumptio
1484 132 1530 160 est.
1541 134 1656 161 Tertull.
1667 133 1701 162 de
1713 133 1771 162 ani-

75 172 220 202 luctusus
230 191 240 204 ,
258 167 405 198 claustralis
414 167 564 197 Monachus
573 189 581 197 .
602 172 665 204 [Ex
675 168 844 205 Presbyteris
854 192 861 203 ‚
887 173 914 198 ὅ(
970 179 1013 198 nia
1022 180 1082 208 cap.
1092 182 1108 206 4
1111 181 1138 208 3.
1152 172 1163 201 ]
1177 170 1250 199 Vide
1262 172 1398 209 Myffages
1408 191 1415 199 .
1637 213 1642 217 η
1698 214 1702 218 ¹

117 211 227 245 inclusis
236 209 392 239 inexilium
401 230 410 242 ,
423 209 451 238 in
462 212 615 239 Romanam
623 209 719 240 directi
729 210 792 239 sunt
802 211 910 239 Civita-
930 210 1079 240 Ixcuisus
1095 233 1101 243 ,
1113 211 1279 246 adjeftivum
1290 221 1392 240 nomen
1401 233 1409 244 ,
1427 211 1495 241 idest
1507 233 1515 245 ‚
1525 211 1655 241 deformis
1667 235 1674 245 ,
1695 224 1771 242 inor-

115 262 171 281 tem
179 272 187 280 .
199 250 294 280 Anast.
307 249 336 278 in
347 248 498 289 Agathone
508 270 515 277 .
968 260 1045 280 natus
1055 271 1063 279 .
1088 254 1181 286 [Tota
1196 251 1291 280 domus
1311 251 1408 281 horret
1418 253 1521 282 inculta
1532 273 1538 281 .
1560 254 1584 283 S.
1595 254 1751 283 Ambrosius
1761 277 1770 288 ‚

73 294 261 324 Iucocm‘rus
273 311 280 318 .
290 292 346 320 PR.
355 291 459 319 Auc‘tor
469 312 476 323 ‚
488 291 535 329 qni
545 289 687 330 scripserat
697 292 726 320 in
737 291 853 321 Psslmos
864 312 872 324 ,
883 295 909 320 δ(
969 291 1015 320 lib.
1031 303 1053 320 i.
1063 295 1156 321 Exam.
1166 303 1224 331 cap.
1237 303 1265 328 9-

109 342 225 371 propter
233 331 422 360 humilitatem
442 334 499 367 ejus
511 340 613 360 nomen
622 331 723 361 celavit
735 344 742 363 ς
764 332 811 360 sed
827 342 861 360 eit
874 341 910 359 m.
928 332 1060 361 Ixcuuito
1071 354 1079 366 ‚
1091 332 1148 361 falli
1161 354 1168 366 ‚
1179 337 1206 362 ὃ(
1217 332 1268 361 labi
1277 332 1410 371 significat
1421 354 1427 361 .
1450 339 1462 370 [
1475 337 1542 363 Ecce
1551 336 1638 364 Maria
1650 334 1767 363 interro*

108 372 141 402 sS.
152 371 293 402 Benedicti
312 372 380 400 XII.
393 381 453 410 quae
472 381 567 400 extant
579 372 609 400 in
630 372 761 401 Biblioth.
777 372 910 401 Vaticana
969 382 1015 411 gat
1028 394 1035 405 ,
1057 373 1169 412 &siqui
1180 374 1334 411 interrogat
1345 395 1353 406 ,
1371 374 1478 402 dubitat
1491 396 1498 407 ,
1519 386 1566 404 cur
1583 374 1655 404 solus
1665 374 1770 404 zacha*

108 424 186 443 num.
197 420 283 449 4006.
295 415 324 441 ὅς
334 412 398 441 alibi
410 412 514 441 constat
524 412 603 441 illum
623 412 786 442 Michaelem
796 415 909 451 Aygua·
969 414 1019 441 rias
1029 434 1036 446 ,
1057 414 1132 442 velut
1142 414 1268 452 querulus
1279 415 1470 453 percunc‘iator
1479 416 1593 444 incurrit
1605 421 1614 446 Ρ
1635 415 1772 452 Chryses.

109 465 175 483 num
185 454 351 493 appellatum
362 451 436 482 fuisse
447 473 455 481 .
967 452 1046 481 serm.
1062 464 1125 498 ¹42·-
1317 495 1322 499 Ι
1337 495 1342 499 Ι

66 496 252 525 ΙΝεοκςιιιο
264 516 271 527 ,
289 494 421 532 disjungo
430 515 439 527 ‚
458 493 658 533 implacabilem
667 493 754 523 reddo
763 513 770 522 .
790 492 846 529 Qui
861 503 908 531 per
928 494 1035 523 Ικςυκς
1045 505 1080 522 iix
1091 516 1099 528 ‚
1111 493 1249 524 incursans
1258 517 1266 528 ,
1276 504 1323 534 qui
1337 496 1490 526 incursione
1500 506 1584 526 vexat
1595 518 1602 526 .
1627 500 1694 533 [Ac
1703 498 1722 527 si
1734 508 1769 526 ti-

109 535 295 565 obedientiam
313 534 424 573 pietatis
441 533 496 564 suae
522 534 713 564 reconciliavit
734 535 809 564 Patri
828 544 906 562 mun·
967 534 993 562 bi
1004 545 1074 562 nunc
1086 533 1149 564 ess'et
1157 536 1191 564 ad
1202 535 1322 564 limitem
1332 537 1490 566 Danubium
1499 547 1597 567 contra
1617 537 1769 568 incursaces

106 577 264 614 dnm,qucm
278 575 507 604 inconciliaverat
515 575 596 614 primi
606 575 727 613 parentis
745 574 907 604 inobedien-
966 574 1124 614 Massagetas
1133 575 1360 614 proficiscendum
1370 598 1376 605 .
1397 578 1492 607 Sidon.
1503 578 1550 607 lib.
1565 584 1589 608 8.
1601 578 1678 617 epist.
1694 589 1738 609 iz.

105 618 160 645 tia.
174 618 199 646 S.
209 616 316 645 Paulin.
328 616 405 654 epist.
417 616 450 644 ad
462 617 554 645 Sever.
928 615 1113 644 Iunrrrcims
1126 637 1133 649 ‚
1144 616 1288 646 indes'elliis
1297 639 1306 650 ‚
1318 616 1497 657 infatigabilis
1506 639 1514 646 .
1528 621 1662 657 [Jejunus
1675 641 1682 652 ,
1693 618 1769 649 scili-

66 659 305 687 Iucorsrusiiiitis
316 677 324 684 .
347 657 402 685 PR.
412 656 469 684 sine
478 655 638 684 confiifione
647 676 654 684 .
677 655 828 691 [Sollicite
845 665 907 683 cura.
964 666 1007 683 cet
1019 677 1027 688 ,
1037 655 1144 694 semper
1153 678 1162 689 ,
1182 661 1209 685 ὃς
1221 656 1372 686 indefessus
1382 680 1390 691 ‚
1411 658 1530 688 oscitans
1544 660 1679 694 vescitur,
1692 660 1770 690 solli*

105 708 134 727 te
145 697 231 736 ipsum
242 696 408 736 probabilem
416 695 546 725 exhibere
555 697 635 734 Deo,
643 697 798 735 operarium
810 696 906 724 incon—
963 706 1025 724 cans
1034 698 1152 726 ruminat
1164 718 1170 725 .
1190 698 1307 727 Tertull.
1317 699 1351 727 de
1362 699 1449 738 pallio
1458 710 1514 739 cap.
1525 710 1551 739 3.

104 737 238 767 fufibilem
249 759 258 770 ‚
267 737 339 765 reste
350 737 513 765 trastantem
524 736 636 765 verbum
651 738 778 767 veritatis
789 760 796 771 ‚
808 748 834 765 2.
856 736 903 765 Ti-
925 736 1128 766 quenum-um
1139 757 1146 765 .
1169 740 1226 767 FR.
1238 737 1324 766 dictio
1335 760 1342 771 ‚
1362 750 1423 778 qua:
1434 740 1580 770 universali
1601 741 1747 781 aequivalet
1756 761 1765 769 .

103 777 212 807 mothei
229 787 286 816 cap.
301 788 326 805 2.
338 779 350 808 ]
369 779 426 812 ejus
435 775 616 812 synonimum
626 798 633 806 .
657 778 732 807 Vide
753 777 906 807 Zorobabel
964 776 1057 805 Clossa
1069 778 1096 805 in
1105 788 1163 816 cap.
1178 790 1224 807 22.
1238 778 1374 814 5.dccret.
1385 781 1432 810 tit,
1442 791 1490 819 33.

103 818 134 847 in
142 818 207 847 diet.
216 818 291 856 Phpa
302 837 309 845 .
339 823 347 830 '
925 819 1082 846 lenem-oa
1093 839 1101 852 ‚
1123 819 1209 847 utitur
1219 818 1272 847 hoc
1283 820 1395 849 barbaro
1413 822 1497 850 verbo
1507 822 1619 851 Lucifer
1630 822 1767 853 Caralita-

63 860 98 892 Ιμ·
117 860 314 889 commatri
326 879 334 886 .
353 861 411 889 PR.
431 859 614 895 [Mandamus
626 881 634 893 ,
654 870 785 899 quatenus
796 859 904 887 actione
964 868 1014 886 nus
1024 858 1150 898 Episcop.
1162 859 1205 888 ubi
1218 869 1269 898 pro
1279 862 1305 889 S.
1318 860 1467 890 Athanasio
1478 862 1596 892 scribens
1607 886 1614 896 ,
1625 865 1680 892 ait:
1706 869 1718 898 [
1731 867 1766 892 Et

102 899 211 938 plebani
223 921 231 933 ‚
252 903 279 928 ὁ(
289 898 451 928 clericorum
464 901 600 938 proposita
610 922 618 933 ‚
641 904 668 929 δε
680 900 855 939 responsione
866 899 903 928 fa·
962 908 1011 927 vos
1031 900 1140 928 veritati
1152 900 1301 929 resistentes
1323 902 1510 932 indentemini
1533 903 1661 943 Episcopi
1683 905 1770 933 inter*

100 940 142 968 fta
156 962 163 973 ,
174 940 333 968 monitione
343 940 475 978 praemiss'a
487 963 494 973 ,
505 942 679 979 compellatis
689 941 798 970 eosdem
810 944 862 969 δερ.
872 940 902 968 in
961 948 1055 968 ventu.
1066 942 1078 972 ]
1091 941 1189 979 Aliqui
1201 941 1360 970 existimant
1369 943 1420 972 ess'e
1430 943 1483 973 hoc
1495 946 1609 974 verbum
1621 945 1764 984 passivum,

103 981 265 1009 continenti
282 990 374 1008 coram
385 981 462 1008 vobis
484 981 625 1019 [Πρω-11ης
643 982 837 1020 quaestionibus
848 977 896 1010 res
960 980 1034 1017 quod
1044 979 1159 1019 separari
1170 981 1305 1019 signis-icet
1316 1003 1324 1010 .
1343 985 1499 1013 ludovicus
1508 986 1575 1014 dela
1587 987 1681 1015 Cerda
1691 986 1729 1015 ini
1737 997 1768 1013 n-

103 1020 226 1057 pondere
236 1025 288 1050 Sec.
297 1020 331 1049 de
341 1021 441 1049 mutuis
453 1022 632 1059 petitionibus
642 1034 665 1050 c.
683 1034 704 1050 ι.
719 1024 730 1053 ]
745 1022 809 1051 Ubi
821 1020 900 1050 Glos-
961 1020 1099 1059 telligbile
1109 1021 1162 1050 lioc
1174 1023 1285 1051 verbum
1297 1023 1348 1053 esse
1359 1024 1458 1054 fatetur
1472 1047 1479 1058 ‚
1499 1027 1573 1064 quod
1583 1026 1648 1056 ideo
1659 1038 1709 1066 pro
1718 1033 1766 1055 In-

98 1060 126 1089 sa
138 1060 172 1089 sic
190 1061 325 1100 exponit:
348 1067 360 1097 [
372 1061 448 1090 Istud
459 1073 490 1090 in
507 1062 668 1092 continenti
687 1062 901 1101 intelligendum
959 1061 1115 1091 dentemini
1125 1063 1239 1101 corrigit
1249 1069 1426 1102 Integerrimi
1437 1078 1448 1100 ,-
1459 1065 1505 1095 sed
1516 1065 1626 1096 Vossius
1636 1065 1767 1097 eruditis-

103 1101 142 1130 est
152 1103 230 1131 nullo
248 1102 308 1130 aci-u
319 1101 413 1130 medio
422 1103 588 1141 interposito
597 1125 606 1136 ,
629 1108 657 1133 ὃ(
668 1103 706 1131 cst
727 1103 815 1132 simile
838 1102 899 1136 illi,
959 1101 1038 1130 fimus
1047 1103 1133 1131 nostri
1144 1102 1236 1132 saeculi
1248 1105 1290 1133 vir
1308 1107 1492 1144 Indeptemini
1502 1107 1571 1146 legit
1580 1129 1589 1140 ,
1611 1108 1685 1146 quod
1697 1119 1767 1137 con-

100 1152 165 1171 mox
175 1164 182 1175 ,
194 1142 268 1181 quod
277 1141 356 1171 habes
367 1141 445 1180 supra
454 1144 489 1172 de
497 1144 634 1173 elet‘tione
646 1166 654 1177 ,
667 1155 690 1173 c.
702 1144 764 1183 quia
775 1153 899 1182 propter,
959 1141 1047 1181 sequi,
1057 1147 1085 1172 ὃ(
1095 1144 1198 1183 acquiri
1210 1145 1363 1184 significare
1373 1147 1464 1178 docet5
1475 1157 1557 1187 atque
1568 1149 1689 1178 Luciferi
1702 1160 1765 1178 ver-

101 1184 146 1213 ubi
156 1182 238 1212 habes
255 1183 352 1211 multas
370 1183 613 1222 interpretationes
627 1185 662 1214 de
680 1183 838 1220 hujusmodi
859 1184 898 1214 di·
961 1183 992 1212 ba
1004 1183 1255 1224 significant,quod
1268 1185 1409 1216 Athanasii
1421 1189 1643 1223 calumniatores,
1656 1193 1712 1227 ejus
1723 1190 1766 1219 in-

97 1223 232 1253 &ionibus
244 1245 251 1251 .
271 1223 347 1253 Istud
357 1224 386 1252 in
395 1225 552 1254 continenti
563 1225 691 1265 intellige
702 1225 817 1254 durante
827 1225 900 1261 judi-
959 1233 1089 1253 terventu
1102 1247 1109 1258 ,
1132 1236 1223 1255 veram
1233 1227 1426 1265 cognitionem
1438 1229 1512 1259 illius
1522 1229 1691 1270 integritatis
1701 1242 1766 1259 con-

99 1265 144 1293 cio
154 1285 162 1297 ,
173 1274 203 1292 ut
211 1264 313 1293 dicitur
322 1264 353 1292 in
364 1265 450 1302 prima
460 1266 554 1295 notula
565 1266 595 1294 in
604 1266 658 1295 fine
670 1287 677 1294 .
958 1263 1193 1303 sequidebuissent
1205 1279 1210 1294 ι
1224 1268 1271 1306 qui
1282 1266 1374 1297 sensus
1385 1270 1539 1299 consonans
1550 1271 1599 1305 est,
1612 1282 1673 1300 nam
1683 1272 1766 1301 etiam

62 1307 368 1336 INcoNTRAmchILlS
380 1327 387 1338 ,
406 1306 637 1340 incontestabilis,
652 1306 879 1335 inconvincibilis
890 1329 898 1340 ,
962 1315 1066 1334 nomen
1082 1308 1208 1345 Indeptor
1219 1309 1247 1336 in
1267 1309 1361 1343 eadem
1384 1310 1585 1349 significatione
1606 1313 1677 1350 apud
1696 1313 1766 1342 alios

96 1350 125 1376 «Sc
135 1348 189 1381 ejus
199 1347 415 1385 comparativum
427 1349 699 1376 Incontradicibi'lior
707 1370 714 1381 ,
724 1348 842 1377 Tertull.
852 1348 898 1376 lib.
959 1347 1157 1377 Ecclesiasticos
1171 1349 1324 1387 Scriptores
1333 1353 1470 1388 reperitur
1482 1364 1488 1379 :
1508 1352 1543 1381 sic
1552 1353 1672 1382 Salienus
1683 1364 1725 1392 ep.
1740 1363 1765 1389 ς.

96 1397 125 1422 4.
136 1386 228 1414 adver.
239 1386 371 1416 Marcion.
383 1388 419 1416 :iit
431 1400 437 1416 .·
449 1394 462 1424 [
473 1388 549 1423 Quid
559 1389 632 1417 enim
643 1387 788 1426 sapientius
800 1409 807 1421 ,
818 1391 844 1417 δι
856 1388 899 1417 in·
954 1385 1097 1426 scripserat
1110 1400 1115 1414 :
1138 1394 1149 1424 [
1161 1391 1275 1418 Gaudeo
1285 1412 1293 1423 ‚
1303 1392 1379 1429 quod
1389 1393 1448 1430 post
1457 1403 1607 1431 gravamen
1618 1415 1626 1426 ,
1647 1394 1726 1423 diutii
1738 1404 1765 1422 r-

96 1427 328 1456 contradicibilius
339 1438 391 1455 con
397 1427 509 1457 seffione
522 1429 656 1466 simplici?
948 1438 1076 1468 ¹numque
1087 1430 1211 1458 morbuiu
1232 1429 1307 1469 spem
1316 1432 1397 1460 etiam
1407 1433 1548 1470 praesentis
1560 1433 1625 1463 vitae
1640 1433 1764 1473 indepta

58 1467 213 1496 laconum<
225 1488 233 1494 .
250 1469 306 1496 FR.
317 1469 392 1496 cordi
407 1468 511 1506 inspiro
521 1488 528 1496 .
552 1469 681 1504 [Divina
691 1468 835 1497 clementia
849 1469 899 1498 lai·-
959 1478 986 1496 es
997 1472 1029 1502 ‚]
1051 1473 1078 1498 <Sc
1091 1472 1177 1509 Geg.
1187 1473 1292 1500 Turon.
1302 1472 1348 1500 lib.
1365 1483 1406 1500 ιο.
1417 1483 1440 1500 c.
1454 1478 1499 1502 28⁴
1512 1474 1603 1512 inquit
1617 1495 1625 1508 ‚
1651 1476 1764 1510 [Cujus

97 1506 193 1545 giente
205 1527 212 1539 ,
224 1508 282 1535 aliae
297 1507 361 1535 fidei
371 1507 459 1536 sorori
469 1509 598 1547 dignatus
609 1509 647 1537 est
658 1508 798 1538 Dominus
808 1509 901 1539 incor-
959 1520 1063 1539 nomen
1075 1511 1205 1549 indeptus
1216 1513 1253 1540 est
1264 1533 1270 1539 -
1283 1515 1293 1543 ]
1307 1513 1429 1542 Tandem
1442 1514 1552 1542 Latinus
1562 1515 1689 1544 Latinius
1698 1526 1764 1544 ocu-

97 1547 154 1575 dari
167 1567 173 1574 .
184 1548 219 1576 In
231 1546 286 1576 vita
297 1548 322 1575 S.
333 1548 482 1577 Rusticulae
495 1548 636 1578 Abbatiflle
648 1569 655 1578 .
958 1550 1105 1579 latissimns
1116 1552 1275 1581 Sanstorum
1286 1555 1396 1582 Patrum
1408 1553 1567 1583 observator
1586 1555 1615 1584 in
1625 1555 1762 1586 Biblioth.

56 1588 277 1616 Iscoxponms
289 1607 295 1614 .
318 1588 391 1615 Vide
409 1590 578 1618 Inanimalis
589 1609 596 1618 .
958 1589 1029 1620 sacra
1040 1592 1073 1621 :id
1088 1591 1330 1628 ejusdemLuciferi
1340 1604 1423 1632 opera
1436 1595 1557 1624 inveniri
1567 1596 1685 1625 affirmat
1698 1608 1763 1626 ver-

55 1629 243 1658 Iucuuurus
254 1649 262 1660 ,
286 1638 335 1666 pro
348 1628 521 1658 incredibili.
547 1635 559 1664 [
574 1630 622 1660 Isti
645 1630 835 1668 vituperantes
858 1631 899 1661 in·
957 1632 1020 1661 bum
1030 1635 1144 1662 Indento
1153 1655 1161 1666 ‚
1171 1635 1247 1672 quod
1257 1636 1423 1664 convincere
1433 1636 1569 1674 significat
1581 1657 1588 1663 .
1613 1637 1655 1665 Sic
1668 1637 1698 1665 in
1706 1638 1762 1668 hoc

95 1668 237 1697 credulum
253 1690 260 1700 ‚
280 1673 307 1697 δε
319 1669 429 1697 stultum
441 1669 557 1699 asserunt
569 1691 576 1699 .
596 1672 635 1700 D.
656 1671 781 1701 Anibi-os.
802 1683 860 1712 cap.
873 1679 897 1702 8.
956 1671 1036 1701 sensu
1055 1674 1226 1702 Luciferiana
1237 1676 1315 1704 verba
1331 1675 1411 1714 supra
1421 1677 1501 1705 allata
1511 1698 1518 1710 ‚
1540 1677 1616 1716 quod
1625 1677 1763 1707 accusato-

96 1708 128 1737 in
137 1709 215 1747 epist.
226 1709 260 1737 ad
271 1711 414 1740 Romanos
423 1731 429 1737 .
955 1724 996 1742 res
1006 1713 1151 1743 Athanasii
1163 1717 1217 1751 ejus
1228 1715 1375 1755 praesentia
1383 1717 1524 1746 convincti
1536 1717 1621 1747 essent
1630 1740 1640 1752 ‚
1651 1718 1761 1749 intelli-

54 1750 253 1778 Iit-cumino
266 1769 272 1776 .
282 1751 338 1780 FR.
352 1751 463 1779 verbum
474 1772 482 1784 ,
491 1751 613 1781 accresco
624 1773 632 1780 .
653 1753 812 1789 [Dominus
823 1776 832 1788 ,
850 1754 896 1794 qui
956 1765 1058 1793 guntur
1069 1776 1076 1784 .

95 1789 281 1818 incrementat
293 1811 300 1823 ‚
313 1792 325 1821 ]
340 1792 424 1819 vertit
437 1792 474 1820 D.
486 1793 601 1831 August.
611 1803 720 1823 textum
732 1796 770 1823 D.
781 1795 858 1824 Pauli
872 1808 897 1825 2.
916 1797 1072 1826 Inui-mma
1086 1817 1092 1824 .
1117 1797 1190 1826 Vide
1211 1800 1340 1828 Indentor
1351 1819 1359 1827 .

94 1829 208 1858 Corint.
220 1840 243 1858 c.
256 1841 283 1867 3.
294 1831 338 1858 ubi
347 1830 461 1860 habetur
472 1834 503 1865 ,]
528 1834 602 1863 Deus
613 1835 813 1864 incrementum
834 1836 882 1865 dat
891 1858 897 1865 .
916 1838 1010 1866 Iiwrx
1022 1858 1030 1870 ‚
1053 1848 1108 1866 erat
1130 1839 1224 1867 tabella
1233 1840 1354 1877 quaedam
1363 1860 1374 1876 ‚
1389 1850 1441 1878 qua.
1450 1841 1513 1870 loco
1523 1843 1690 1880 campanula?
1700 1851 1760 1871 ute-

54 1871 192 1899 Ixcitoco
203 1892 212 1903 ‚
233 1870 336 1900 inunt-o
347 1892 353 1904 ‚
377 1882 449 1901 unco
459 1872 539 1902 traho
550 1896 557 1906 ‚
582 1876 625 1903 vel
637 1874 794 1914 suspend05
814 1877 898 1906 Siculi
955 1877 1054 1905 buntur
1072 1878 1220 1912 Monachi,
1245 1881 1278 1908 ad
1291 1881 1434 1919 praebenda
1451 1882 1646 1912 exercitiorum
1665 1882 1758 1922 signa.

94 1916 251 1940 Incrocmre
260 1932 269 1943 ,
278 1915 308 1942 §c
319 1917 450 1942 Croccare
461 1914 558 1943 dicunt
568 1925 582 1943 a
592 1916 695 1953 gallico
707 1921 774 1945 Croc
784 1939 793 1950 ,
812 1917 897 1952 idest,
958 1923 969 1952 [
983 1919 1055 1947 Cum
1078 1919 1161 1948 index
1176 1921 1205 1947 in
1216 1921 1340 1950 oratorio
1358 1921 1492 1960 percuss'us
1503 1922 1585 1952 suerit
1596 1945 1604 1956 ,
1621 1933 1686 1952 mox
1699 1933 1761 1953 om-

95 1961 188 1979 uncus.
203 1957 215 1986 [
228 1951 254 1980 Si
265 1952 325 1990 quis
335 1951 478 1982 hominem
493 1954 547 1985 sine
557 1954 689 1985 consensu
700 1957 804 1995 Judicis
815 1958 849 1987 de
860 1969 897 1987 ra·
957 1968 1004 1987 nes
1014 1958 1155 1988 audientes
1166 1982 1174 1992 ,
1185 1970 1329 1999 antequam
1339 1971 1450 1991 currant
1460 1985 1468 1996 ‚
1483 1963 1582 1992 faciant
1594 1964 1641 1993 sibi
1650 1974 1760 1994 crucem

95 2001 142 2019 mo
152 2013 159 2024 ‚
175 1992 219 2020 ubi
233 1991 390 2021 inci-ocatur
400 2015 408 2027 ‚
423 1994 562 2032 deponere
572 1995 775 2036 praesumpserit
788 2020 794 2026 .
817 2000 851 2027 In
862 2001 900 2028 le·
957 1999 988 2027 in
999 1999 1090 2027 fronte
1102 2022 1109 2032 ‚
1130 1999 1327 2039 respondentes
1337 2024 1345 2036 ‚
1366 2003 1429 2032 Deo
1438 2005 1556 2042 gratias;
1568 2007 1597 2033 ἃ
1610 2014 1675 2033 tunc
1686 2005 1760 2034 labo-

93 2042 128 2070 ge
139 2032 223 2061 Salica
235 2032 280 2060 tit.
294 2040 342 2069 69.
352 2033 380 2065 §-
392 2045 418 2062 2.
432 2035 504 2064 Vide
515 2038 631 2065 Inhamo
641 2058 648 2069 ,
659 2039 770 2067 obunco
781 2059 788 2066 .
956 2049 1047 2068 rantes
1057 2051 1124 2078 opus
1135 2042 1294 2079 projiciant,
1306 2043 1420 2073 artifices
1431 2044 1594 2074 ferramenta
1604 2042 1759 2081 dimittant,

53 2074 233 2102 Iscvnuoiz
243 2093 250 2100 .
272 2075 327 2103 FR.
339 2073 501 2113 usurpator,
510 2086 659 2114 occupator
672 2098 679 2105 .
700 2080 767 2112 [Ab
779 2077 822 2107 liis
831 2101 839 2112 ,
851 2079 898 2118 qui
954 2079 1100 2119 scriptores
1119 2082 1242 2110 litteram
1262 2094 1322 2122 non
1339 2083 1483 2124 integrent
1493 2107 1502 2119 ,
1533 2085 1624 2125 omnis
1644 2086 1759 2116 statium

90 2112 199 2142 suarum
210 2123 299 2142 rerum
311 2113 480 2151 incubatores
490 2139 499 2150 ‚
513 2118 556 2146 vel
567 2117 727 2147 utilitatibus
738 2118 898 2154 servientes,
955 2131 1047 2149 manus
1057 2121 1159 2150 deferat
1169 2144 1177 2155 ‚
1189 2123 1264 2161 quod
1275 2126 1369 2164 agebat
1377 2145 1385 2153 .
1408 2126 1569 2166 Smaragdus
1578 2128 1696 2167 Regulae
1709 2130 1759 2157 Be-

92 2163 175 2192 atque
183 2165 200 2182 v
208 2164 312 2182 acantes
336 2153 411 2183 fuisse
421 2156 569 2186 noscuntur
580 2179 588 2190 ‚
606 2168 664 2186 can.
674 2157 733 2186 haec
753 2158 833 2197 liujus
855 2171 898 2190 ιτ.
955 2162 1103 2191 ηεάίεᾙηκ
1114 2164 1330 2194 commentator
1338 2187 1346 2199 ‚
1357 2165 1387 2194 in
1397 2176 1454 2205 cap.
1466 2179 1494 2203 4.

92 2203 139 2232 qu.
150 2196 200 2225 πμ]
221 2194 266 2223 ubi
277 2195 311 2223 de
320 2195 456 2225 bonorum
467 2198 710 2227 ecclesiasticorum
731 2199 897 2239 usurpatori·
911 2202 982 2232 Iuni
994 2224 1001 2234 ‚
1024 2203 1141 2241 Populi,
1164 2214 1246 2242 quare
1256 2215 1304 2243 pei·
1317 2206 1443 2236 triduum
1464 2216 1571 2237 tantum
1582 2208 1703 2237 sinebant
1713 2209 1757 2237 di-

91 2234 139 2262 bus
150 2234 273 2272 loquitur
284 2246 293 2267 5
306 2235 341 2265 fic
352 2238 504 2267 Macrobius
513 2239 548 2268 de
557 2239 698 2275 Dionysio
708 2240 898 2275 Syracusarum
953 2242 1057 2271 versare
1068 2244 1188 2272 advenas
1200 2249 1209 2274 ἓ
1232 2245 1305 2275 Vide
1311 2242 1520 2286 ‘Xenoparochus
1528 2269 1536 2276 .

88 2275 224 2309 'Iyranno
232 2286 315 2315 agens
325 2298 334 2310 ,
359 2282 372 2312 [
384 2276 662 2309 Aulae‘incubatorem
675 2301 683 2313 ‚
702 2280 771 2309 idest
780 2303 789 2314 ‚
799 2282 898 2319 injuste
912 2284 1058 2313 Iunicuo
1070 2305 1077 2311 .
1102 2286 1158 2314 FR.
1168 2285 1207 2313 est
1216 2287 1359 2316 revolutio
1369 2288 1530 2328 quindecim
1540 2298 1675 2318 annorum
1685 2310 1693 2322 ‚
1703 2299 1756 2328 qua

85 2324 280 2353 occupatorem
291 2317 370 2346 illum
380 2319 531 2357 appellavit
543 2342 550 2348 .
951 2325 1058 2363 perasta
1076 2326 1115 2353 ite
1121 2335 1180 2354 rum
1192 2325 1328 2366 incipitur
1343 2328 1375 2357 ab
1385 2328 1493 2358 unitate
1503 2351 1512 2363 ,
1534 2328 1701 2368 initiumque
1711 2328 1755 2359 su-

46 2355 164 2385 Itccuno
175 2377 184 2389 ‚
195 2356 362 2427 lethargicus
374 2360 484 2390 morbus
493 2383 502 2396 ‚
521 2361 567 2402 qui
579 2361 726 2402 mammeam
734 2361 895 2396 somnolen·
950 2375 1001 2395 mit
1012 2377 1026 2395 :i
1038 2366 1168 2405 januario
1178 2379 1186 2400 ‚-
1196 2367 1229 2398 in
1239 2367 1318 2401 bullis
1329 2369 1485 2400 Pontificiis
1496 2390 1502 2399 .
1514 2369 1632 2401 Rubi-ica
1642 2371 1754 2402 Brevia-

81 2405 88 2410 *
123 2399 208 2429 Hiero
221 2402 315 2431 exicm
336 2403 430 2432 Macri
439 2422 448 2430 .
1411 2413 1432 2440 Β
1453 2411 1470 2438 b
1676 2411 1711 2441 rii
