<?xml version="1.0" encoding="UTF-8"?>
<!DOCTYPE html PUBLIC "-//W3C//DTD XHTML 1.0 Transitional//EN"
    "http://www.w3.org/TR/xhtml1/DTD/xhtml1-transitional.dtd">
<html xmlns="http://www.w3.org/1999/xhtml" xml:lang="en" lang="en">
 <head>
  <title>
</title>
<meta http-equiv="Content-Type" content="text/html;charset=utf-8" />
  <meta name='ocr-system' content='tesseract 3.04.00' />
  <meta name='ocr-capabilities' content='ocr_page ocr_carea ocr_par ocr_line ocrx_word'/>
</head>
<body>
  <div class='ocr_page' id='page_1' title='image "./dominicimacrimel00magr/dominicimacrimel00magr_0449.png"; bbox 0 0 1866 2526; ppageno 0'>
   <div class='ocr_carea' id='block_1_1' title="bbox 451 25 577 69">
    <p class='ocr_par' dir='ltr' id='par_1_1' title="bbox 451 25 577 69">
     <span class='ocr_line' id='line_1_1' title="bbox 451 25 577 69; baseline 0 0"><span class='ocrx_word' id='word_1_1' title='bbox 451 25 577 69; x_wconf 83' lang='lat' dir='ltr'>MA</span> 
     </span>
    </p>
   </div>
   <div class='ocr_carea' id='block_1_2' title="bbox 1254 26 1713 83">
    <p class='ocr_par' dir='ltr' id='par_1_2' title="bbox 1254 26 1713 83">
     <span class='ocr_line' id='line_1_2' title="bbox 1254 26 1713 83; baseline 0.011 -15"><span class='ocrx_word' id='word_1_2' title='bbox 1254 26 1304 68; x_wconf 92' lang='lat' dir='ltr'>M</span> <span class='ocrx_word' id='word_1_3' title='bbox 1341 26 1376 68; x_wconf 75' lang='lat' dir='ltr'><strong>A</strong></span> <span class='ocrx_word' id='word_1_4' title='bbox 1634 44 1713 83; x_wconf 85' lang='lat'>421</span> 
     </span>
    </p>
   </div>
   <div class='ocr_carea' id='block_1_3' title="bbox 111 79 1769 124">
    <p class='ocr_par' dir='ltr' id='par_1_3' title="bbox 111 79 1769 124">
     <span class='ocr_line' id='line_1_3' title="bbox 111 79 1769 124; baseline 0.002 -10"><span class='ocrx_word' id='word_1_5' title='bbox 111 83 278 115; x_wconf 60' lang='lat' dir='ltr'>nimaina</span> <span class='ocrx_word' id='word_1_6' title='bbox 287 83 400 114; x_wconf 79' lang='lat' dir='ltr'>habetur</span> <span class='ocrx_word' id='word_1_7' title='bbox 411 106 418 118; x_wconf 87' lang='lat'>‚</span> <span class='ocrx_word' id='word_1_8' title='bbox 440 86 486 114; x_wconf 88' lang='lat' dir='ltr'>ubi</span> <span class='ocrx_word' id='word_1_9' title='bbox 497 83 605 124; x_wconf 87' lang='lat' dir='ltr'>inquit:</span> <span class='ocrx_word' id='word_1_10' title='bbox 618 89 630 120; x_wconf 88' lang='grc'>[</span> <span class='ocrx_word' id='word_1_11' title='bbox 643 81 715 119; x_wconf 83' lang='lat' dir='ltr'>Quia</span> <span class='ocrx_word' id='word_1_12' title='bbox 726 91 790 112; x_wconf 86' lang='lat' dir='ltr'>tunc</span> <span class='ocrx_word' id='word_1_13' title='bbox 802 79 842 110; x_wconf 86' lang='lat' dir='ltr'>sol</span> <span class='ocrx_word' id='word_1_14' title='bbox 857 103 864 114; x_wconf 88' lang='lat'><em>‚</em></span> <span class='ocrx_word' id='word_1_15' title='bbox 883 89 912 109; x_wconf 86' lang='lat' dir='ltr'>ut</span> <span class='ocrx_word' id='word_1_16' title='bbox 930 81 1076 111; x_wconf 68' lang='lat' dir='ltr'>Mmmm</span> <span class='ocrx_word' id='word_1_17' title='bbox 1088 103 1097 115; x_wconf 89' lang='lat'><em>,</em></span> <span class='ocrx_word' id='word_1_18' title='bbox 1109 81 1208 112; x_wconf 78' lang='lat' dir='ltr'>citatio</span> <span class='ocrx_word' id='word_1_19' title='bbox 1217 105 1225 117; x_wconf 93' lang='lat'><em>‚</em></span> <span class='ocrx_word' id='word_1_20' title='bbox 1243 84 1421 114; x_wconf 79' lang='lat' dir='ltr'>denunciatio</span> <span class='ocrx_word' id='word_1_21' title='bbox 1433 96 1439 112; x_wconf 70' lang='grc' dir='ltr'><em>ι</em></span> <span class='ocrx_word' id='word_1_22' title='bbox 1454 86 1604 120; x_wconf 80' lang='lat' dir='ltr'>[Comites</span> <span class='ocrx_word' id='word_1_23' title='bbox 1615 113 1622 124; x_wconf 81' lang='lat'><em>,</em></span> <span class='ocrx_word' id='word_1_24' title='bbox 1642 102 1673 121; x_wconf 69' lang='lat' dir='ltr'>ut</span> <span class='ocrx_word' id='word_1_25' title='bbox 1686 93 1769 124; x_wconf 60' lang='grc' dir='ltr'>νῆα-</span> 
     </span>
    </p>
   </div>
   <div class='ocr_carea' id='block_1_4' title="bbox 107 121 911 368">
    <p class='ocr_par' dir='ltr' id='par_1_4' title="bbox 107 121 911 368">
     <span class='ocr_line' id='line_1_4' title="bbox 109 121 911 166; baseline -0.006 -12"><span class='ocrx_word' id='word_1_26' title='bbox 109 135 191 155; x_wconf 69' lang='lat' dir='ltr'>mene</span> <span class='ocrx_word' id='word_1_27' title='bbox 200 125 296 154; x_wconf 82' lang='lat' dir='ltr'>faceret</span> <span class='ocrx_word' id='word_1_28' title='bbox 308 147 315 158; x_wconf 91' lang='lat'><em>‚</em></span> <span class='ocrx_word' id='word_1_29' title='bbox 327 125 493 154; x_wconf 79' lang='lat' dir='ltr'>mannicavit</span> <span class='ocrx_word' id='word_1_30' title='bbox 506 147 513 158; x_wconf 89' lang='lat'><em>‚</em></span> <span class='ocrx_word' id='word_1_31' title='bbox 535 129 562 154; x_wconf 69' lang='grc' dir='ltr'>ὅ(</span> <span class='ocrx_word' id='word_1_32' title='bbox 575 126 621 164; x_wconf 86' lang='lat' dir='ltr'>qui</span> <span class='ocrx_word' id='word_1_33' title='bbox 644 135 706 154; x_wconf 81' lang='lat' dir='ltr'>:inte</span> <span class='ocrx_word' id='word_1_34' title='bbox 718 124 827 153; x_wconf 68' lang='lat' dir='ltr'>nostem</span> <span class='ocrx_word' id='word_1_35' title='bbox 838 121 911 166; x_wconf 51' lang='lat' dir='ltr'>fuge7</span> 
     </span>
     <span class='ocr_line' id='line_1_5' title="bbox 108 162 910 209; baseline -0.005 -15"><span class='ocrx_word' id='word_1_36' title='bbox 108 176 152 194; x_wconf 78' lang='lat' dir='ltr'>rat</span> <span class='ocrx_word' id='word_1_37' title='bbox 163 187 170 199; x_wconf 86' lang='lat'><em>‚</em></span> <span class='ocrx_word' id='word_1_38' title='bbox 181 176 254 196; x_wconf 81' lang='lat' dir='ltr'>nunc</span> <span class='ocrx_word' id='word_1_39' title='bbox 265 166 372 194; x_wconf 70' lang='lat' dir='ltr'>noc&#39;tem</span> <span class='ocrx_word' id='word_1_40' title='bbox 382 167 521 204; x_wconf 82' lang='lat' dir='ltr'>praevenit</span> <span class='ocrx_word' id='word_1_41' title='bbox 535 165 672 205; x_wconf 77' lang='lat' dir='ltr'>fugaturus</span> <span class='ocrx_word' id='word_1_42' title='bbox 684 187 690 198; x_wconf 92' lang='lat'><em>,</em></span> <span class='ocrx_word' id='word_1_43' title='bbox 703 174 734 209; x_wconf 77' lang='lat' dir='ltr'>ut</span> <span class='ocrx_word' id='word_1_44' title='bbox 746 163 840 209; x_wconf 76' lang='lat' dir='ltr'>reddat</span> <span class='ocrx_word' id='word_1_45' title='bbox 856 162 910 191; x_wconf 87' lang='lat' dir='ltr'>luci</span> 
     </span>
     <span class='ocr_line' id='line_1_6' title="bbox 107 202 906 248; baseline -0.006 -14"><span class='ocrx_word' id='word_1_46' title='bbox 107 216 164 235; x_wconf 84' lang='lat' dir='ltr'>nox</span> <span class='ocrx_word' id='word_1_47' title='bbox 173 205 263 238; x_wconf 83' lang='lat' dir='ltr'>horas,</span> <span class='ocrx_word' id='word_1_48' title='bbox 277 217 341 244; x_wconf 81' lang='lat' dir='ltr'>quas</span> <span class='ocrx_word' id='word_1_49' title='bbox 350 216 440 235; x_wconf 79' lang='lat' dir='ltr'>tei-ror</span> <span class='ocrx_word' id='word_1_50' title='bbox 449 208 606 236; x_wconf 70' lang='lat' dir='ltr'>Dominicae</span> <span class='ocrx_word' id='word_1_51' title='bbox 617 205 750 235; x_wconf 81' lang='lat' dir='ltr'>Paffionis</span> <span class='ocrx_word' id='word_1_52' title='bbox 763 202 906 248; x_wconf 67' lang='lat' dir='ltr'>invaserat,</span> 
     </span>
     <span class='ocr_line' id='line_1_7' title="bbox 110 245 907 288; baseline -0.005 -13"><span class='ocrx_word' id='word_1_53' title='bbox 110 245 192 276; x_wconf 83' lang='lat' dir='ltr'>serm.</span> <span class='ocrx_word' id='word_1_54' title='bbox 205 248 265 278; x_wconf 79' lang='grc'>8.·.-]</span> <span class='ocrx_word' id='word_1_55' title='bbox 271 248 418 276; x_wconf 68' lang='lat' dir='ltr'>FRJ&#39;orro</span> <span class='ocrx_word' id='word_1_56' title='bbox 426 249 528 277; x_wconf 77' lang='lat' dir='ltr'>erravit</span> <span class='ocrx_word' id='word_1_57' title='bbox 539 247 678 276; x_wconf 72' lang='lat' dir='ltr'>recentior</span> <span class='ocrx_word' id='word_1_58' title='bbox 689 246 817 288; x_wconf 75' lang='lat' dir='ltr'>Calepini</span> <span class='ocrx_word' id='word_1_59' title='bbox 829 246 907 272; x_wconf 77' lang='lat' dir='ltr'>Ama-</span> 
     </span>
     <span class='ocr_line' id='line_1_8' title="bbox 109 285 909 328; baseline -0.006 -12"><span class='ocrx_word' id='word_1_60' title='bbox 109 287 217 316; x_wconf 81' lang='lat' dir='ltr'>nuenfis</span> <span class='ocrx_word' id='word_1_61' title='bbox 227 287 256 315; x_wconf 91' lang='lat' dir='ltr'>in</span> <span class='ocrx_word' id='word_1_62' title='bbox 268 285 333 316; x_wconf 66' lang='lat' dir='ltr'>diei.</span> <span class='ocrx_word' id='word_1_63' title='bbox 344 292 490 318; x_wconf 69' lang='lat' dir='ltr'>Manicare</span> <span class='ocrx_word' id='word_1_64' title='bbox 501 311 509 322; x_wconf 95' lang='lat'>‚</span> <span class='ocrx_word' id='word_1_65' title='bbox 529 289 670 326; x_wconf 72' lang='lat' dir='ltr'>inquiens:</span> <span class='ocrx_word' id='word_1_66' title='bbox 683 293 694 322; x_wconf 91' lang='lat'>[</span> <span class='ocrx_word' id='word_1_67' title='bbox 708 289 844 314; x_wconf 79' lang='lat' dir='ltr'>Manicare</span> <span class='ocrx_word' id='word_1_68' title='bbox 862 293 909 328; x_wconf 86' lang='lat' dir='ltr'>per</span> 
     </span>
     <span class='ocr_line' id='line_1_9' title="bbox 107 323 906 368; baseline -0.005 -13"><span class='ocrx_word' id='word_1_69' title='bbox 107 337 218 356; x_wconf 67' lang='lat' dir='ltr'>manum</span> <span class='ocrx_word' id='word_1_70' title='bbox 229 337 324 356; x_wconf 85' lang='lat' dir='ltr'>tenere</span> <span class='ocrx_word' id='word_1_71' title='bbox 333 348 340 355; x_wconf 88' lang='lat'><em>.</em></span> <span class='ocrx_word' id='word_1_72' title='bbox 353 329 425 357; x_wconf 87' lang='lat' dir='ltr'>Item</span> <span class='ocrx_word' id='word_1_73' title='bbox 440 328 598 368; x_wconf 78' lang='lat' dir='ltr'>frequenter</span> <span class='ocrx_word' id='word_1_74' title='bbox 608 337 717 357; x_wconf 80' lang='lat' dir='ltr'>manere</span> <span class='ocrx_word' id='word_1_75' title='bbox 729 338 736 354; x_wconf 91' lang='grc'>.·</span> <span class='ocrx_word' id='word_1_76' title='bbox 756 327 768 356; x_wconf 95' lang='lat'><strong>]</strong></span> <span class='ocrx_word' id='word_1_77' title='bbox 790 334 817 353; x_wconf 81' lang='lat' dir='ltr'>at</span> <span class='ocrx_word' id='word_1_78' title='bbox 826 323 855 352; x_wconf 88' lang='lat' dir='ltr'>se</span> <span class='ocrx_word' id='word_1_79' title='bbox 864 334 906 362; x_wconf 85' lang='lat' dir='ltr'>ip—</span> 
     </span>
    </p>
   </div>
   <div class='ocr_carea' id='block_1_5' title="bbox 967 122 1770 249">
    <p class='ocr_par' dir='ltr' id='par_1_5' title="bbox 967 122 1770 249">
     <span class='ocr_line' id='line_1_10' title="bbox 968 122 1765 169; baseline 0.018 -19"><span class='ocrx_word' id='word_1_80' title='bbox 968 122 1062 154; x_wconf 87' lang='lat' dir='ltr'>rii,vel</span> <span class='ocrx_word' id='word_1_81' title='bbox 1071 122 1153 153; x_wconf 82' lang='lat' dir='ltr'>etiam</span> <span class='ocrx_word' id='word_1_82' title='bbox 1161 123 1268 153; x_wconf 77' lang='lat' dir='ltr'>Decani</span> <span class='ocrx_word' id='word_1_83' title='bbox 1278 124 1401 164; x_wconf 83' lang='lat' dir='ltr'>plurima</span> <span class='ocrx_word' id='word_1_84' title='bbox 1412 147 1420 159; x_wconf 87' lang='lat'><em>‚</em></span> <span class='ocrx_word' id='word_1_85' title='bbox 1431 128 1459 154; x_wconf 72' lang='grc' dir='ltr'>ὅ(</span> <span class='ocrx_word' id='word_1_86' title='bbox 1471 127 1488 155; x_wconf 84' lang='lat' dir='ltr'>ii</span> <span class='ocrx_word' id='word_1_87' title='bbox 1501 128 1537 155; x_wconf 78' lang='lat' dir='ltr'>ibi</span> <span class='ocrx_word' id='word_1_88' title='bbox 1550 140 1607 159; x_wconf 91' lang='lat' dir='ltr'>non</span> <span class='ocrx_word' id='word_1_89' title='bbox 1618 133 1746 163; x_wconf 72' lang='lat' dir='ltr'>venerint</span> <span class='ocrx_word' id='word_1_90' title='bbox 1755 156 1765 169; x_wconf 87' lang='grc'><strong><em>,</em></strong></span> 
     </span>
     <span class='ocr_line' id='line_1_11' title="bbox 967 163 1769 212; baseline 0.014 -21"><span class='ocrx_word' id='word_1_91' title='bbox 967 163 1197 201; x_wconf 69' lang='lat' dir='ltr'>compositionem</span> <span class='ocrx_word' id='word_1_92' title='bbox 1216 168 1272 200; x_wconf 79' lang='lat' dir='ltr'>ejus</span> <span class='ocrx_word' id='word_1_93' title='bbox 1282 164 1424 195; x_wconf 83' lang='lat' dir='ltr'>exsolvere</span> <span class='ocrx_word' id='word_1_94' title='bbox 1444 165 1544 196; x_wconf 78' lang='lat' dir='ltr'>faciunt</span> <span class='ocrx_word' id='word_1_95' title='bbox 1554 190 1562 201; x_wconf 90' lang='lat'><em>‚</em></span> <span class='ocrx_word' id='word_1_96' title='bbox 1583 174 1610 199; x_wconf 65' lang='grc' dir='ltr'>ὃς</span> <span class='ocrx_word' id='word_1_97' title='bbox 1623 174 1686 210; x_wconf 79' lang='lat' dir='ltr'>quia</span> <span class='ocrx_word' id='word_1_98' title='bbox 1694 175 1769 212; x_wconf 77' lang='lat' dir='ltr'>prius</span> 
     </span>
     <span class='ocr_line' id='line_1_12' title="bbox 967 204 1770 249; baseline 0.016 -18"><span class='ocrx_word' id='word_1_99' title='bbox 967 213 1015 242; x_wconf 88' lang='lat' dir='ltr'>per</span> <span class='ocrx_word' id='word_1_100' title='bbox 1024 204 1168 233; x_wconf 74' lang='lat' dir='ltr'>manninas</span> <span class='ocrx_word' id='word_1_101' title='bbox 1181 206 1327 234; x_wconf 83' lang='lat' dir='ltr'>veniebant</span> <span class='ocrx_word' id='word_1_102' title='bbox 1337 228 1345 239; x_wconf 86' lang='lat'><em>,</em></span> <span class='ocrx_word' id='word_1_103' title='bbox 1356 207 1588 246; x_wconf 76' lang='lat' dir='ltr'>excogitaverunt</span> <span class='ocrx_word' id='word_1_104' title='bbox 1599 213 1709 249; x_wconf 81' lang='lat' dir='ltr'>quidam</span> <span class='ocrx_word' id='word_1_105' title='bbox 1724 226 1770 249; x_wconf 82' lang='lat' dir='ltr'>‚ut</span> 
     </span>
    </p>
   </div>
   <div class='ocr_carea' id='block_1_6' title="bbox 967 244 1767 364">
    <p class='ocr_par' dir='ltr' id='par_1_6' title="bbox 967 244 1767 364">
     <span class='ocr_line' id='line_1_13' title="bbox 968 244 1767 290; baseline 0.016 -19"><span class='ocrx_word' id='word_1_106' title='bbox 968 253 1016 282; x_wconf 88' lang='lat' dir='ltr'>per</span> <span class='ocrx_word' id='word_1_107' title='bbox 1024 244 1127 273; x_wconf 84' lang='lat' dir='ltr'>bannos</span> <span class='ocrx_word' id='word_1_108' title='bbox 1139 246 1267 274; x_wconf 86' lang='lat' dir='ltr'>venirent</span> <span class='ocrx_word' id='word_1_109' title='bbox 1277 247 1310 275; x_wconf 84' lang='lat' dir='ltr'>ad</span> <span class='ocrx_word' id='word_1_110' title='bbox 1322 247 1420 284; x_wconf 80' lang='lat' dir='ltr'>placita</span> <span class='ocrx_word' id='word_1_111' title='bbox 1434 271 1442 282; x_wconf 93' lang='lat'><em>,</em></span> <span class='ocrx_word' id='word_1_112' title='bbox 1465 250 1537 288; x_wconf 86' lang='lat' dir='ltr'>quasi</span> <span class='ocrx_word' id='word_1_113' title='bbox 1549 261 1695 290; x_wconf 71' lang='lat' dir='ltr'>propterea</span> <span class='ocrx_word' id='word_1_114' title='bbox 1712 264 1767 284; x_wconf 90' lang='lat' dir='ltr'>me-</span> 
     </span>
     <span class='ocr_line' id='line_1_14' title="bbox 967 283 1766 325; baseline 0.016 -13"><span class='ocrx_word' id='word_1_115' title='bbox 967 285 1020 312; x_wconf 79' lang='lat' dir='ltr'>lius</span> <span class='ocrx_word' id='word_1_116' title='bbox 1029 283 1110 318; x_wconf 79' lang='lat' dir='ltr'>esset,</span> <span class='ocrx_word' id='word_1_117' title='bbox 1132 296 1166 314; x_wconf 88' lang='lat' dir='ltr'>ne</span> <span class='ocrx_word' id='word_1_118' title='bbox 1177 285 1246 325; x_wconf 84' lang='lat' dir='ltr'>ipsas</span> <span class='ocrx_word' id='word_1_119' title='bbox 1263 287 1406 316; x_wconf 74' lang='lat' dir='ltr'>manninas</span> <span class='ocrx_word' id='word_1_120' title='bbox 1425 289 1587 322; x_wconf 78' lang='lat' dir='ltr'>alterutrum</span> <span class='ocrx_word' id='word_1_121' title='bbox 1606 291 1766 325; x_wconf 81' lang='lat' dir='ltr'>solverent.</span> 
     </span>
     <span class='ocr_line' id='line_1_15' title="bbox 968 325 1330 364; baseline 0.011 -12"><span class='ocrx_word' id='word_1_122' title='bbox 968 325 1112 354; x_wconf 75' lang='lat' dir='ltr'>Hincinar.</span> <span class='ocrx_word' id='word_1_123' title='bbox 1122 326 1200 364; x_wconf 83' lang='lat' dir='ltr'>epist.</span> <span class='ocrx_word' id='word_1_124' title='bbox 1211 338 1238 362; x_wconf 77' lang='lat'>4.</span> <span class='ocrx_word' id='word_1_125' title='bbox 1247 338 1270 356; x_wconf 91' lang='lat' dir='ltr'>c.</span> <span class='ocrx_word' id='word_1_126' title='bbox 1286 338 1294 356; x_wconf 90' lang='lat' dir='ltr'>i</span> <span class='ocrx_word' id='word_1_127' title='bbox 1304 337 1330 363; x_wconf 84' lang='lat'>5.</span> 
     </span>
    </p>
   </div>
   <div class='ocr_carea' id='block_1_7' title="bbox 103 365 1768 412">
    <p class='ocr_par' dir='ltr' id='par_1_7' title="bbox 103 365 1768 412">
     <span class='ocr_line' id='line_1_16' title="bbox 103 365 1768 412; baseline 0.006 -16"><span class='ocrx_word' id='word_1_128' title='bbox 103 366 164 396; x_wconf 83' lang='lat' dir='ltr'>sum</span> <span class='ocrx_word' id='word_1_129' title='bbox 175 368 390 406; x_wconf 84' lang='lat' dir='ltr'>redargiiit‚dum</span> <span class='ocrx_word' id='word_1_130' title='bbox 401 371 556 400; x_wconf 77' lang='lat' dir='ltr'>immediate</span> <span class='ocrx_word' id='word_1_131' title='bbox 565 369 686 408; x_wconf 80' lang='lat' dir='ltr'>sequitui·</span> <span class='ocrx_word' id='word_1_132' title='bbox 697 389 704 400; x_wconf 87' lang='lat'><em>‚</em></span> <span class='ocrx_word' id='word_1_133' title='bbox 716 367 820 395; x_wconf 73' lang='lat' dir='ltr'>dicens.-</span> <span class='ocrx_word' id='word_1_134' title='bbox 837 369 849 398; x_wconf 90' lang='lat'><strong>[</strong></span> <span class='ocrx_word' id='word_1_135' title='bbox 862 365 907 393; x_wconf 84' lang='lat' dir='ltr'>Sol</span> <span class='ocrx_word' id='word_1_136' title='bbox 928 367 1087 394; x_wconf 68' lang='lat' dir='ltr'>Miiuuirio</span> <span class='ocrx_word' id='word_1_137' title='bbox 1102 388 1109 399; x_wconf 94' lang='lat'><em>,</em></span> <span class='ocrx_word' id='word_1_138' title='bbox 1119 371 1147 396; x_wconf 75' lang='grc' dir='ltr'>ὃ(</span> <span class='ocrx_word' id='word_1_139' title='bbox 1157 371 1290 397; x_wconf 77' lang='lat' dir='ltr'>Manitio.</span> <span class='ocrx_word' id='word_1_140' title='bbox 1301 370 1358 398; x_wconf 83' lang='lat' dir='ltr'>FR.</span> <span class='ocrx_word' id='word_1_141' title='bbox 1371 370 1504 404; x_wconf 88' lang='lat' dir='ltr'>monitio,</span> <span class='ocrx_word' id='word_1_142' title='bbox 1514 371 1560 401; x_wconf 87' lang='lat' dir='ltr'>seu</span> <span class='ocrx_word' id='word_1_143' title='bbox 1570 375 1768 412; x_wconf 81' lang='lat' dir='ltr'>monitorium,</span> 
     </span>
    </p>
   </div>
   <div class='ocr_carea' id='block_1_8' title="bbox 104 403 909 487">
    <p class='ocr_par' dir='ltr' id='par_1_8' title="bbox 104 403 909 487">
     <span class='ocr_line' id='line_1_17' title="bbox 104 403 909 448; baseline -0.001 -12"><span class='ocrx_word' id='word_1_144' title='bbox 104 408 223 436; x_wconf 77' lang='lat' dir='ltr'>manicat</span> <span class='ocrx_word' id='word_1_145' title='bbox 237 429 244 440; x_wconf 84' lang='lat'>‚</span> <span class='ocrx_word' id='word_1_146' title='bbox 256 409 345 437; x_wconf 77' lang='lat' dir='ltr'>radios</span> <span class='ocrx_word' id='word_1_147' title='bbox 355 410 482 439; x_wconf 78' lang='lat' dir='ltr'>emittere</span> <span class='ocrx_word' id='word_1_148' title='bbox 494 410 594 448; x_wconf 82' lang='lat' dir='ltr'>incipit</span> <span class='ocrx_word' id='word_1_149' title='bbox 606 422 613 438; x_wconf 89' lang='lat'>:</span> <span class='ocrx_word' id='word_1_150' title='bbox 627 412 638 441; x_wconf 94' lang='grc'>]</span> <span class='ocrx_word' id='word_1_151' title='bbox 654 408 753 436; x_wconf 81' lang='lat' dir='ltr'>Melius</span> <span class='ocrx_word' id='word_1_152' title='bbox 762 415 830 444; x_wconf 88' lang='lat' dir='ltr'>ergo</span> <span class='ocrx_word' id='word_1_153' title='bbox 842 403 909 443; x_wconf 71' lang='lat' dir='ltr'>ipse-</span> 
     </span>
     <span class='ocr_line' id='line_1_18' title="bbox 104 448 750 487; baseline -0.003 -11"><span class='ocrx_word' id='word_1_154' title='bbox 104 458 159 476; x_wconf 87' lang='lat' dir='ltr'>met</span> <span class='ocrx_word' id='word_1_155' title='bbox 174 450 323 487; x_wconf 74' lang='lat' dir='ltr'>Calepinus</span> <span class='ocrx_word' id='word_1_156' title='bbox 334 450 362 478; x_wconf 91' lang='lat' dir='ltr'>in</span> <span class='ocrx_word' id='word_1_157' title='bbox 376 451 459 480; x_wconf 78' lang='lat' dir='ltr'>verbo</span> <span class='ocrx_word' id='word_1_158' title='bbox 469 457 581 480; x_wconf 63' lang='lat' dir='ltr'>Mami-o</span> <span class='ocrx_word' id='word_1_159' title='bbox 591 448 733 487; x_wconf 83' lang='lat' dir='ltr'>scripserat</span> <span class='ocrx_word' id='word_1_160' title='bbox 743 466 750 474; x_wconf 87' lang='lat'><em>.</em></span> 
     </span>
    </p>
   </div>
   <div class='ocr_carea' id='block_1_9' title="bbox 967 406 1770 489">
    <p class='ocr_par' dir='ltr' id='par_1_9' title="bbox 967 406 1770 489">
     <span class='ocr_line' id='line_1_19' title="bbox 967 406 1770 452; baseline 0.017 -19"><span class='ocrx_word' id='word_1_161' title='bbox 967 407 1064 434; x_wconf 86' lang='lat' dir='ltr'>citatio</span> <span class='ocrx_word' id='word_1_162' title='bbox 1076 428 1084 439; x_wconf 85' lang='lat'><em>,</em></span> <span class='ocrx_word' id='word_1_163' title='bbox 1104 406 1284 437; x_wconf 81' lang='lat' dir='ltr'>denunciatio</span> <span class='ocrx_word' id='word_1_164' title='bbox 1294 430 1302 442; x_wconf 97' lang='lat'><em>‚</em></span> <span class='ocrx_word' id='word_1_165' title='bbox 1323 409 1341 437; x_wconf 93' lang='lat' dir='ltr'>l.</span> <span class='ocrx_word' id='word_1_166' title='bbox 1351 410 1370 439; x_wconf 81' lang='lat' dir='ltr'>fi</span> <span class='ocrx_word' id='word_1_167' title='bbox 1379 412 1439 449; x_wconf 80' lang='lat' dir='ltr'>quis</span> <span class='ocrx_word' id='word_1_168' title='bbox 1450 412 1483 440; x_wconf 84' lang='lat' dir='ltr'>ad</span> <span class='ocrx_word' id='word_1_169' title='bbox 1494 414 1606 444; x_wconf 84' lang='lat' dir='ltr'>mallum</span> <span class='ocrx_word' id='word_1_170' title='bbox 1616 437 1623 443; x_wconf 91' lang='lat'>.</span> <span class='ocrx_word' id='word_1_171' title='bbox 1644 418 1687 446; x_wconf 93' lang='lat' dir='ltr'>De</span> <span class='ocrx_word' id='word_1_172' title='bbox 1706 417 1749 446; x_wconf 78' lang='lat' dir='ltr'>liis</span> <span class='ocrx_word' id='word_1_173' title='bbox 1760 440 1770 452; x_wconf 85' lang='grc'><strong><em>,</em></strong></span> 
     </span>
     <span class='ocr_line' id='line_1_20' title="bbox 967 447 1468 489; baseline 0.016 -16"><span class='ocrx_word' id='word_1_174' title='bbox 967 447 1014 484; x_wconf 90' lang='lat' dir='ltr'>qui</span> <span class='ocrx_word' id='word_1_175' title='bbox 1025 447 1058 475; x_wconf 85' lang='lat' dir='ltr'>ad</span> <span class='ocrx_word' id='word_1_176' title='bbox 1068 447 1198 486; x_wconf 85' lang='lat' dir='ltr'>placitum</span> <span class='ocrx_word' id='word_1_177' title='bbox 1211 449 1306 478; x_wconf 83' lang='lat' dir='ltr'>venire</span> <span class='ocrx_word' id='word_1_178' title='bbox 1314 460 1451 489; x_wconf 88' lang='lat' dir='ltr'>coguntur</span> <span class='ocrx_word' id='word_1_179' title='bbox 1461 473 1468 481; x_wconf 84' lang='lat'><em>.</em></span> 
     </span>
    </p>
   </div>
   <div class='ocr_carea' id='block_1_10' title="bbox 64 486 825 601">
    <p class='ocr_par' dir='ltr' id='par_1_10' title="bbox 64 486 825 601">
     <span class='ocr_line' id='line_1_21' title="bbox 66 486 825 528; baseline -0.003 -10"><span class='ocrx_word' id='word_1_180' title='bbox 66 491 306 519; x_wconf 66' lang='lat' dir='ltr'>MAsffisstATio</span> <span class='ocrx_word' id='word_1_181' title='bbox 319 510 326 517; x_wconf 92' lang='lat'>.</span> <span class='ocrx_word' id='word_1_182' title='bbox 338 491 410 519; x_wconf 85' lang='lat' dir='ltr'>Vide</span> <span class='ocrx_word' id='word_1_183' title='bbox 420 493 612 528; x_wconf 76' lang='lat' dir='ltr'>ostentamen.</span> <span class='ocrx_word' id='word_1_184' title='bbox 623 486 778 525; x_wconf 80' lang='lat' dir='ltr'>Phanerofis</span> <span class='ocrx_word' id='word_1_185' title='bbox 789 505 798 512; x_wconf 88' lang='lat'><strong>·</strong></span> <span class='ocrx_word' id='word_1_186' title='bbox 814 505 825 513; x_wconf 57' lang='lat' dir='ltr'>r</span> 
     </span>
     <span class='ocr_line' id='line_1_22' title="bbox 64 532 665 570; baseline 0 -12"><span class='ocrx_word' id='word_1_187' title='bbox 64 532 259 559; x_wconf 49' lang='lat' dir='ltr'>Mincius-rm</span> <span class='ocrx_word' id='word_1_188' title='bbox 270 541 320 559; x_wconf 76' lang='lat' dir='ltr'>ivA</span> <span class='ocrx_word' id='word_1_189' title='bbox 330 551 338 558; x_wconf 89' lang='lat'>.</span> <span class='ocrx_word' id='word_1_190' title='bbox 351 533 424 560; x_wconf 87' lang='lat' dir='ltr'>Vide</span> <span class='ocrx_word' id='word_1_191' title='bbox 435 533 648 570; x_wconf 62' lang='lat' dir='ltr'>Emphtmasteca</span> <span class='ocrx_word' id='word_1_192' title='bbox 657 550 665 558; x_wconf 92' lang='lat'><strong>.</strong></span> 
     </span>
     <span class='ocr_line' id='line_1_23' title="bbox 67 571 427 601; baseline 0.008 -3"><span class='ocrx_word' id='word_1_193' title='bbox 67 571 177 599; x_wconf 75' lang='grc' dir='ltr'>ΜΛΝῐο</span> <span class='ocrx_word' id='word_1_194' title='bbox 189 591 196 598; x_wconf 85' lang='grc'><strong>.</strong></span> <span class='ocrx_word' id='word_1_195' title='bbox 209 571 281 599; x_wconf 84' lang='lat' dir='ltr'>Vide</span> <span class='ocrx_word' id='word_1_196' title='bbox 291 576 408 601; x_wconf 68' lang='lat' dir='ltr'>Marinio</span> <span class='ocrx_word' id='word_1_197' title='bbox 419 592 427 600; x_wconf 86' lang='lat'><strong><em>.</em></strong></span> 
     </span>
    </p>
   </div>
   <div class='ocr_carea' id='block_1_11' title="bbox 928 487 1769 611">
    <p class='ocr_par' dir='ltr' id='par_1_11' title="bbox 928 487 1769 611">
     <span class='ocr_line' id='line_1_24' title="bbox 928 487 1768 538; baseline 0.017 -24"><span class='ocrx_word' id='word_1_198' title='bbox 928 487 1033 515; x_wconf 50' lang='lat' dir='ltr'>Mus-xi</span> <span class='ocrx_word' id='word_1_199' title='bbox 1043 498 1102 516; x_wconf 81' lang='lat' dir='ltr'>rus.</span> <span class='ocrx_word' id='word_1_200' title='bbox 1113 489 1169 517; x_wconf 81' lang='lat' dir='ltr'>FR.</span> <span class='ocrx_word' id='word_1_201' title='bbox 1181 490 1301 518; x_wconf 88' lang='lat' dir='ltr'>monitus</span> <span class='ocrx_word' id='word_1_202' title='bbox 1311 511 1319 523; x_wconf 95' lang='lat'><em>,</em></span> <span class='ocrx_word' id='word_1_203' title='bbox 1331 501 1438 525; x_wconf 62' lang='lat' dir='ltr'>citatim,</span> <span class='ocrx_word' id='word_1_204' title='bbox 1449 493 1638 531; x_wconf 74' lang='lat' dir='ltr'>denunciatus,</span> <span class='ocrx_word' id='word_1_205' title='bbox 1651 499 1670 527; x_wconf 88' lang='lat' dir='ltr'>l.</span> <span class='ocrx_word' id='word_1_206' title='bbox 1679 498 1698 528; x_wconf 86' lang='lat' dir='ltr'>fi</span> <span class='ocrx_word' id='word_1_207' title='bbox 1708 509 1768 538; x_wconf 89' lang='lat' dir='ltr'>quis</span> 
     </span>
     <span class='ocr_line' id='line_1_25' title="bbox 967 527 1766 578; baseline 0.019 -24"><span class='ocrx_word' id='word_1_208' title='bbox 967 527 1001 555; x_wconf 85' lang='lat' dir='ltr'>ad</span> <span class='ocrx_word' id='word_1_209' title='bbox 1012 528 1177 557; x_wconf 84' lang='lat' dir='ltr'>mallum-De</span> <span class='ocrx_word' id='word_1_210' title='bbox 1188 530 1231 557; x_wconf 87' lang='lat' dir='ltr'>his</span> <span class='ocrx_word' id='word_1_211' title='bbox 1241 531 1289 568; x_wconf 86' lang='lat' dir='ltr'>qui</span> <span class='ocrx_word' id='word_1_212' title='bbox 1298 531 1331 559; x_wconf 83' lang='lat' dir='ltr'>ad</span> <span class='ocrx_word' id='word_1_213' title='bbox 1341 532 1472 569; x_wconf 84' lang='lat' dir='ltr'>placitum</span> <span class='ocrx_word' id='word_1_214' title='bbox 1483 536 1579 565; x_wconf 88' lang='lat' dir='ltr'>venire</span> <span class='ocrx_word' id='word_1_215' title='bbox 1589 543 1766 578; x_wconf 70' lang='lat' dir='ltr'>coguntursut</span> 
     </span>
     <span class='ocr_line' id='line_1_26' title="bbox 970 566 1769 611; baseline 0.021 -17"><span class='ocrx_word' id='word_1_216' title='bbox 970 572 982 601; x_wconf 94' lang='lat'>[</span> <span class='ocrx_word' id='word_1_217' title='bbox 995 566 1140 607; x_wconf 79' lang='lat' dir='ltr'>Ansgarius</span> <span class='ocrx_word' id='word_1_218' title='bbox 1150 572 1224 609; x_wconf 85' lang='lat' dir='ltr'>regia</span> <span class='ocrx_word' id='word_1_219' title='bbox 1235 572 1370 608; x_wconf 83' lang='lat' dir='ltr'>potestate</span> <span class='ocrx_word' id='word_1_220' title='bbox 1380 572 1447 611; x_wconf 81' lang='lat' dir='ltr'>ipsas</span> <span class='ocrx_word' id='word_1_221' title='bbox 1457 575 1579 605; x_wconf 82' lang='lat' dir='ltr'>obtinuit</span> <span class='ocrx_word' id='word_1_222' title='bbox 1591 600 1599 611; x_wconf 90' lang='lat'><em>‚</em></span> <span class='ocrx_word' id='word_1_223' title='bbox 1613 590 1671 609; x_wconf 90' lang='lat' dir='ltr'>non</span> <span class='ocrx_word' id='word_1_224' title='bbox 1683 581 1769 610; x_wconf 77' lang='lat' dir='ltr'>advo-</span> 
     </span>
    </p>
   </div>
   <div class='ocr_carea' id='block_1_12' title="bbox 68 608 907 727">
    <p class='ocr_par' dir='ltr' id='par_1_12' title="bbox 68 608 907 727">
     <span class='ocr_line' id='line_1_27' title="bbox 68 608 907 644; baseline -0.008 -5"><span class='ocrx_word' id='word_1_225' title='bbox 68 612 244 642; x_wconf 69' lang='grc' dir='ltr'><strong><em>ΜΛΝιιιυως</em></strong></span> <span class='ocrx_word' id='word_1_226' title='bbox 257 633 264 644; x_wconf 86' lang='grc'><em>,</em></span> <span class='ocrx_word' id='word_1_227' title='bbox 283 610 386 640; x_wconf 82' lang='lat' dir='ltr'>sacrum</span> <span class='ocrx_word' id='word_1_228' title='bbox 407 613 603 641; x_wconf 86' lang='lat' dir='ltr'>indumentum</span> <span class='ocrx_word' id='word_1_229' title='bbox 622 609 784 640; x_wconf 82' lang='lat' dir='ltr'>Subdiaconi</span> <span class='ocrx_word' id='word_1_230' title='bbox 797 627 804 634; x_wconf 90' lang='lat'>.</span> <span class='ocrx_word' id='word_1_231' title='bbox 823 608 907 634; x_wconf 86' lang='lat' dir='ltr'>Anti-</span> 
     </span>
     <span class='ocr_line' id='line_1_28' title="bbox 102 645 906 693; baseline -0.006 -13"><span class='ocrx_word' id='word_1_232' title='bbox 102 651 197 688; x_wconf 79' lang='lat' dir='ltr'>quitus</span> <span class='ocrx_word' id='word_1_233' title='bbox 211 661 266 680; x_wconf 86' lang='lat' dir='ltr'>erat</span> <span class='ocrx_word' id='word_1_234' title='bbox 277 652 403 686; x_wconf 86' lang='lat' dir='ltr'>linteum,</span> <span class='ocrx_word' id='word_1_235' title='bbox 415 652 462 681; x_wconf 88' lang='lat' dir='ltr'>scu</span> <span class='ocrx_word' id='word_1_236' title='bbox 473 652 650 684; x_wconf 71' lang='lat' dir='ltr'>sudariolum,</span> <span class='ocrx_word' id='word_1_237' title='bbox 660 650 694 679; x_wconf 79' lang='lat' dir='ltr'>ad</span> <span class='ocrx_word' id='word_1_238' title='bbox 705 645 906 693; x_wconf 77' lang='lat' dir='ltr'>extergendum</span> 
     </span>
     <span class='ocr_line' id='line_1_29' title="bbox 101 686 907 727; baseline -0.009 -7"><span class='ocrx_word' id='word_1_239' title='bbox 101 690 228 720; x_wconf 79' lang='lat' dir='ltr'>sudorem</span> <span class='ocrx_word' id='word_1_240' title='bbox 239 714 247 725; x_wconf 94' lang='lat'><em>‚</em></span> <span class='ocrx_word' id='word_1_241' title='bbox 261 693 304 720; x_wconf 85' lang='lat' dir='ltr'>vel</span> <span class='ocrx_word' id='word_1_242' title='bbox 317 692 447 727; x_wconf 65' lang='lat' dir='ltr'>iacrymas</span> <span class='ocrx_word' id='word_1_243' title='bbox 459 715 465 725; x_wconf 87' lang='lat'>,</span> <span class='ocrx_word' id='word_1_244' title='bbox 476 697 503 722; x_wconf 66' lang='grc' dir='ltr'>ὅ(</span> <span class='ocrx_word' id='word_1_245' title='bbox 515 693 696 721; x_wconf 83' lang='lat' dir='ltr'>Subdiaconus</span> <span class='ocrx_word' id='word_1_246' title='bbox 706 690 786 717; x_wconf 88' lang='lat' dir='ltr'>illum</span> <span class='ocrx_word' id='word_1_247' title='bbox 806 686 907 715; x_wconf 78' lang='lat' dir='ltr'>ferebat</span> 
     </span>
    </p>
   </div>
   <div class='ocr_carea' id='block_1_13' title="bbox 966 610 1766 662">
    <p class='ocr_par' dir='ltr' id='par_1_13' title="bbox 966 610 1766 662">
     <span class='ocr_line' id='line_1_30' title="bbox 966 610 1766 662; baseline 0.02 -27"><span class='ocrx_word' id='word_1_248' title='bbox 966 617 1028 636; x_wconf 80' lang='lat' dir='ltr'>cato</span> <span class='ocrx_word' id='word_1_249' title='bbox 1037 618 1101 637; x_wconf 88' lang='lat' dir='ltr'>meo</span> <span class='ocrx_word' id='word_1_250' title='bbox 1113 610 1145 637; x_wconf 79' lang='lat' dir='ltr'>ad</span> <span class='ocrx_word' id='word_1_251' title='bbox 1156 611 1268 639; x_wconf 82' lang='lat' dir='ltr'>mallum</span> <span class='ocrx_word' id='word_1_252' title='bbox 1280 633 1289 645; x_wconf 90' lang='lat'><em>‚</em></span> <span class='ocrx_word' id='word_1_253' title='bbox 1300 621 1329 640; x_wconf 90' lang='lat' dir='ltr'>ut</span> <span class='ocrx_word' id='word_1_254' title='bbox 1339 613 1453 651; x_wconf 68' lang='lat' dir='ltr'>publicae</span> <span class='ocrx_word' id='word_1_255' title='bbox 1464 615 1491 644; x_wconf 85' lang='lat' dir='ltr'>se</span> <span class='ocrx_word' id='word_1_256' title='bbox 1502 615 1604 647; x_wconf 79' lang='lat' dir='ltr'>habent</span> <span class='ocrx_word' id='word_1_257' title='bbox 1614 620 1686 659; x_wconf 83' lang='lat' dir='ltr'>leges</span> <span class='ocrx_word' id='word_1_258' title='bbox 1696 643 1704 653; x_wconf 90' lang='lat'><em>‚</em></span> <span class='ocrx_word' id='word_1_259' title='bbox 1715 631 1766 662; x_wconf 87' lang='lat' dir='ltr'>pro</span> 
     </span>
    </p>
   </div>
   <div class='ocr_carea' id='block_1_14' title="bbox 964 648 1766 717">
    <p class='ocr_par' dir='ltr' id='par_1_14' title="bbox 964 648 1766 717">
     <span class='ocr_line' id='line_1_31' title="bbox 964 648 1766 717; baseline 0.022 -42"><span class='ocrx_word' id='word_1_260' title='bbox 964 648 1047 717; x_wconf 56' lang='lat' dir='ltr'>rebu}</span> <span class='ocrx_word' id='word_1_261' title='bbox 1058 649 1121 688; x_wconf 81' lang='lat' dir='ltr'>ipsis</span> <span class='ocrx_word' id='word_1_262' title='bbox 1140 651 1270 680; x_wconf 79' lang='lat' dir='ltr'>mannito</span> <span class='ocrx_word' id='word_1_263' title='bbox 1283 672 1290 680; x_wconf 86' lang='lat'><strong>.</strong></span> <span class='ocrx_word' id='word_1_264' title='bbox 1314 654 1456 684; x_wconf 84' lang='lat' dir='ltr'>Hincmar.</span> <span class='ocrx_word' id='word_1_265' title='bbox 1467 658 1629 688; x_wconf 80' lang='lat' dir='ltr'>Laudunen.</span> <span class='ocrx_word' id='word_1_266' title='bbox 1638 662 1672 690; x_wconf 85' lang='lat' dir='ltr'>ad</span> <span class='ocrx_word' id='word_1_267' title='bbox 1689 663 1766 692; x_wconf 83' lang='lat' dir='ltr'>Rhe-</span> 
     </span>
     <span class='ocr_line' id='line_1_32' title="bbox 965 698 1051 717; baseline 0.012 -1"><span class='ocrx_word' id='word_1_268' title='bbox 965 698 1028 716; x_wconf 88' lang='lat' dir='ltr'>men</span> <span class='ocrx_word' id='word_1_269' title='bbox 1043 709 1051 717; x_wconf 86' lang='lat'><strong><em>.</em></strong></span> 
     </span>
    </p>
   </div>
   <div class='ocr_carea' id='block_1_15' title="bbox 103 727 1766 774">
    <p class='ocr_par' dir='ltr' id='par_1_15' title="bbox 103 727 1766 774">
     <span class='ocr_line' id='line_1_33' title="bbox 103 727 1766 774; baseline 0.004 -15"><span class='ocrx_word' id='word_1_270' title='bbox 103 732 241 770; x_wconf 57' lang='lat' dir='ltr'>precipue</span> <span class='ocrx_word' id='word_1_271' title='bbox 250 733 283 760; x_wconf 78' lang='lat' dir='ltr'>ad</span> <span class='ocrx_word' id='word_1_272' title='bbox 294 732 423 770; x_wconf 78' lang='lat' dir='ltr'>polienda</span> <span class='ocrx_word' id='word_1_273' title='bbox 433 732 503 762; x_wconf 80' lang='lat' dir='ltr'>sacra</span> <span class='ocrx_word' id='word_1_274' title='bbox 513 732 574 762; x_wconf 77' lang='lat' dir='ltr'>vasa</span> <span class='ocrx_word' id='word_1_275' title='bbox 582 745 591 763; x_wconf 71' lang='lat'>,-</span> <span class='ocrx_word' id='word_1_276' title='bbox 603 742 685 772; x_wconf 74' lang='lat' dir='ltr'>quare</span> <span class='ocrx_word' id='word_1_277' title='bbox 696 728 805 760; x_wconf 63' lang='lat' dir='ltr'>diversa</span> <span class='ocrx_word' id='word_1_278' title='bbox 814 727 906 756; x_wconf 66' lang='lat' dir='ltr'>nomi·</span> <span class='ocrx_word' id='word_1_279' title='bbox 926 729 1090 758; x_wconf 77' lang='lat' dir='ltr'>MANOCOSS</span> <span class='ocrx_word' id='word_1_280' title='bbox 1096 740 1133 763; x_wconf 78' lang='lat'>18,</span> <span class='ocrx_word' id='word_1_281' title='bbox 1147 741 1229 761; x_wconf 70' lang='lat' dir='ltr'>manu</span> <span class='ocrx_word' id='word_1_282' title='bbox 1240 731 1323 761; x_wconf 74' lang='lat' dir='ltr'>cusshs</span> <span class='ocrx_word' id='word_1_283' title='bbox 1333 755 1341 767; x_wconf 92' lang='lat'><em>‚</em></span> <span class='ocrx_word' id='word_1_284' title='bbox 1351 735 1438 764; x_wconf 82' lang='lat' dir='ltr'>veluti</span> <span class='ocrx_word' id='word_1_285' title='bbox 1451 737 1612 770; x_wconf 59' lang='lat' dir='ltr'>numismata</span> <span class='ocrx_word' id='word_1_286' title='bbox 1623 745 1651 771; x_wconf 68' lang='grc' dir='ltr'>ὅ(</span> <span class='ocrx_word' id='word_1_287' title='bbox 1660 742 1766 774; x_wconf 59' lang='lat' dir='ltr'>similia„</span> 
     </span>
    </p>
   </div>
   <div class='ocr_carea' id='block_1_16' title="bbox 102 770 907 1012">
    <p class='ocr_par' dir='ltr' id='par_1_16' title="bbox 102 770 907 1012">
     <span class='ocr_line' id='line_1_34' title="bbox 103 770 904 817; baseline 0.002 -18"><span class='ocrx_word' id='word_1_288' title='bbox 103 771 257 800; x_wconf 78' lang='lat' dir='ltr'>nasortitus</span> <span class='ocrx_word' id='word_1_289' title='bbox 268 772 362 805; x_wconf 82' lang='lat' dir='ltr'>fuerat,</span> <span class='ocrx_word' id='word_1_290' title='bbox 375 784 473 812; x_wconf 89' lang='lat' dir='ltr'>nempe</span> <span class='ocrx_word' id='word_1_291' title='bbox 488 773 718 807; x_wconf 71' lang='lat' dir='ltr'>Aer,Brachiale‚</span> <span class='ocrx_word' id='word_1_292' title='bbox 734 770 904 817; x_wconf 50' lang='lat' dir='ltr'>Bratfdeum.</span> 
     </span>
     <span class='ocr_line' id='line_1_35' title="bbox 102 811 907 857; baseline 0.001 -17"><span class='ocrx_word' id='word_1_293' title='bbox 102 814 480 850; x_wconf 63' lang='lat' dir='ltr'>Cinffiiculnmfiaecerdotale‚</span> <span class='ocrx_word' id='word_1_294' title='bbox 493 811 821 857; x_wconf 54' lang='lat' dir='ltr'>Epimanicion,ftictalcs</span> <span class='ocrx_word' id='word_1_295' title='bbox 834 829 842 841; x_wconf 85' lang='lat'><em>›</em></span> <span class='ocrx_word' id='word_1_296' title='bbox 854 815 907 838; x_wconf 63' lang='lat' dir='ltr'>Fa-</span> 
     </span>
     <span class='ocr_line' id='line_1_36' title="bbox 102 850 906 896; baseline 0.004 -16"><span class='ocrx_word' id='word_1_297' title='bbox 102 863 154 880; x_wconf 76' lang='lat' dir='ltr'>non</span> <span class='ocrx_word' id='word_1_298' title='bbox 169 875 175 885; x_wconf 82' lang='lat'>‚</span> <span class='ocrx_word' id='word_1_299' title='bbox 186 857 318 882; x_wconf 75' lang='lat' dir='ltr'>Linteum</span> <span class='ocrx_word' id='word_1_300' title='bbox 329 875 336 886; x_wconf 96' lang='lat'><em>,</em></span> <span class='ocrx_word' id='word_1_301' title='bbox 348 859 467 883; x_wconf 76' lang='lat' dir='ltr'>Manita</span> <span class='ocrx_word' id='word_1_302' title='bbox 479 878 485 887; x_wconf 91' lang='lat'><strong><em>‚</em></strong></span> <span class='ocrx_word' id='word_1_303' title='bbox 498 856 621 883; x_wconf 69' lang='lat' dir='ltr'>Mantile</span> <span class='ocrx_word' id='word_1_304' title='bbox 634 879 640 890; x_wconf 81' lang='lat'>‚</span> <span class='ocrx_word' id='word_1_305' title='bbox 651 859 784 896; x_wconf 71' lang='lat' dir='ltr'>Orarmm</span> <span class='ocrx_word' id='word_1_306' title='bbox 795 872 806 894; x_wconf 47' lang='grc' dir='ltr'>ζ</span> <span class='ocrx_word' id='word_1_307' title='bbox 819 850 906 878; x_wconf 61' lang='lat' dir='ltr'>Sudh-</span> 
     </span>
     <span class='ocr_line' id='line_1_37' title="bbox 103 891 901 934; baseline -0.008 -11"><span class='ocrx_word' id='word_1_308' title='bbox 103 896 178 920; x_wconf 77' lang='lat' dir='ltr'>rium</span> <span class='ocrx_word' id='word_1_309' title='bbox 191 915 198 926; x_wconf 91' lang='lat'><em>‚</em></span> <span class='ocrx_word' id='word_1_310' title='bbox 210 903 269 932; x_wconf 61' lang='lat' dir='ltr'>que:</span> <span class='ocrx_word' id='word_1_311' title='bbox 280 895 372 923; x_wconf 82' lang='lat' dir='ltr'>omnia</span> <span class='ocrx_word' id='word_1_312' title='bbox 383 896 457 924; x_wconf 85' lang='lat' dir='ltr'>Vide</span> <span class='ocrx_word' id='word_1_313' title='bbox 468 895 520 924; x_wconf 84' lang='lat' dir='ltr'>suis</span> <span class='ocrx_word' id='word_1_314' title='bbox 529 897 595 924; x_wconf 77' lang='lat' dir='ltr'>locis</span> <span class='ocrx_word' id='word_1_315' title='bbox 605 915 612 922; x_wconf 89' lang='lat'>.</span> <span class='ocrx_word' id='word_1_316' title='bbox 626 895 739 924; x_wconf 89' lang='lat' dir='ltr'>Alludit</span> <span class='ocrx_word' id='word_1_317' title='bbox 748 891 782 919; x_wconf 79' lang='lat' dir='ltr'>ad</span> <span class='ocrx_word' id='word_1_318' title='bbox 793 895 884 934; x_wconf 72' lang='lat' dir='ltr'>iuueni</span> <span class='ocrx_word' id='word_1_319' title='bbox 894 912 901 923; x_wconf 92' lang='lat'><em>‚</em></span> 
     </span>
     <span class='ocr_line' id='line_1_38' title="bbox 103 931 905 975; baseline 0.002 -13"><span class='ocrx_word' id='word_1_320' title='bbox 103 942 156 970; x_wconf 78' lang='lat' dir='ltr'>qua</span> <span class='ocrx_word' id='word_1_321' title='bbox 173 933 300 963; x_wconf 80' lang='lat' dir='ltr'>Christus</span> <span class='ocrx_word' id='word_1_322' title='bbox 320 936 350 963; x_wconf 88' lang='lat' dir='ltr'>in</span> <span class='ocrx_word' id='word_1_323' title='bbox 370 935 490 974; x_wconf 79' lang='lat' dir='ltr'>passione</span> <span class='ocrx_word' id='word_1_324' title='bbox 512 936 612 975; x_wconf 73' lang='lat' dir='ltr'>ligatus</span> <span class='ocrx_word' id='word_1_325' title='bbox 630 935 683 963; x_wconf 86' lang='lat' dir='ltr'>fuit</span> <span class='ocrx_word' id='word_1_326' title='bbox 694 956 702 968; x_wconf 93' lang='lat'><em>‚</em></span> <span class='ocrx_word' id='word_1_327' title='bbox 726 936 754 961; x_wconf 80' lang='grc' dir='ltr'>ὅ(</span> <span class='ocrx_word' id='word_1_328' title='bbox 765 931 905 960; x_wconf 86' lang='lat' dir='ltr'>moraliter</span> 
     </span>
     <span class='ocr_line' id='line_1_39' title="bbox 103 973 904 1012; baseline 0.006 -11"><span class='ocrx_word' id='word_1_329' title='bbox 103 974 206 1002; x_wconf 86' lang='lat' dir='ltr'>deinde</span> <span class='ocrx_word' id='word_1_330' title='bbox 217 976 456 1012; x_wconf 53' lang='lat' dir='ltr'>poenitentiam&amp;</span> <span class='ocrx_word' id='word_1_331' title='bbox 468 978 575 1009; x_wconf 86' lang='lat' dir='ltr'>fletum,</span> <span class='ocrx_word' id='word_1_332' title='bbox 588 986 617 1004; x_wconf 86' lang='lat' dir='ltr'>ut</span> <span class='ocrx_word' id='word_1_333' title='bbox 628 987 661 1004; x_wconf 93' lang='lat' dir='ltr'>ex</span> <span class='ocrx_word' id='word_1_334' title='bbox 671 983 810 1005; x_wconf 74' lang='lat' dir='ltr'>oratione,</span> <span class='ocrx_word' id='word_1_335' title='bbox 823 978 834 1006; x_wconf 92' lang='lat'>[</span> <span class='ocrx_word' id='word_1_336' title='bbox 846 973 904 1000; x_wconf 67' lang='grc' dir='ltr'>ΜΕ-</span> 
     </span>
    </p>
   </div>
   <div class='ocr_carea' id='block_1_17' title="bbox 963 770 1767 1012">
    <p class='ocr_par' dir='ltr' id='par_1_17' title="bbox 963 770 1767 1012">
     <span class='ocr_line' id='line_1_40' title="bbox 967 770 1766 813; baseline 0.024 -18"><span class='ocrx_word' id='word_1_337' title='bbox 967 770 1103 804; x_wconf 85' lang='lat' dir='ltr'>[Obtulit</span> <span class='ocrx_word' id='word_1_338' title='bbox 1115 781 1223 800; x_wconf 85' lang='lat' dir='ltr'>crucem</span> <span class='ocrx_word' id='word_1_339' title='bbox 1234 773 1267 801; x_wconf 88' lang='lat' dir='ltr'>de</span> <span class='ocrx_word' id='word_1_340' title='bbox 1277 784 1342 803; x_wconf 81' lang='lat' dir='ltr'>auro</span> <span class='ocrx_word' id='word_1_341' title='bbox 1353 785 1434 804; x_wconf 74' lang='lat' dir='ltr'>unam</span> <span class='ocrx_word' id='word_1_342' title='bbox 1445 799 1452 810; x_wconf 94' lang='lat'><em>,</em></span> <span class='ocrx_word' id='word_1_343' title='bbox 1471 778 1617 810; x_wconf 79' lang='lat' dir='ltr'>habentem</span> <span class='ocrx_word' id='word_1_344' title='bbox 1631 783 1661 811; x_wconf 88' lang='lat' dir='ltr'>iii</span> <span class='ocrx_word' id='word_1_345' title='bbox 1671 785 1766 813; x_wconf 86' lang='lat' dir='ltr'>medio</span> 
     </span>
     <span class='ocr_line' id='line_1_41' title="bbox 965 809 1767 856; baseline 0.021 -19"><span class='ocrx_word' id='word_1_346' title='bbox 965 809 1153 839; x_wconf 84' lang='lat' dir='ltr'>manocoffim.</span> <span class='ocrx_word' id='word_1_347' title='bbox 1166 812 1290 842; x_wconf 73' lang='lat' dir='ltr'>Anastas.</span> <span class='ocrx_word' id='word_1_348' title='bbox 1299 815 1432 845; x_wconf 83' lang='lat' dir='ltr'>Biblioth.</span> <span class='ocrx_word' id='word_1_349' title='bbox 1445 819 1475 847; x_wconf 85' lang='lat' dir='ltr'>in</span> <span class='ocrx_word' id='word_1_350' title='bbox 1486 821 1578 850; x_wconf 89' lang='lat' dir='ltr'>Leone</span> <span class='ocrx_word' id='word_1_351' title='bbox 1591 823 1643 851; x_wconf 80' lang='lat' dir='ltr'>iv.</span> <span class='ocrx_word' id='word_1_352' title='bbox 1654 826 1666 856; x_wconf 98' lang='grc'>]</span> <span class='ocrx_word' id='word_1_353' title='bbox 1678 828 1705 852; x_wconf 74' lang='grc' dir='ltr'>δι</span> <span class='ocrx_word' id='word_1_354' title='bbox 1716 825 1767 854; x_wconf 84' lang='lat' dir='ltr'>ali-</span> 
     </span>
     <span class='ocr_line' id='line_1_42' title="bbox 965 850 1766 894; baseline 0.022 -17"><span class='ocrx_word' id='word_1_355' title='bbox 965 850 989 878; x_wconf 92' lang='lat' dir='ltr'>bi</span> <span class='ocrx_word' id='word_1_356' title='bbox 1002 851 1076 879; x_wconf 85' lang='lat' dir='ltr'>idem</span> <span class='ocrx_word' id='word_1_357' title='bbox 1084 854 1255 890; x_wconf 74' lang='lat' dir='ltr'>Mancofficm</span> <span class='ocrx_word' id='word_1_358' title='bbox 1266 853 1418 894; x_wconf 81' lang='lat' dir='ltr'>scripserat:</span> <span class='ocrx_word' id='word_1_359' title='bbox 1432 865 1443 893; x_wconf 96' lang='lat'>[</span> <span class='ocrx_word' id='word_1_360' title='bbox 1456 860 1492 887; x_wconf 89' lang='lat' dir='ltr'>In</span> <span class='ocrx_word' id='word_1_361' title='bbox 1501 872 1566 890; x_wconf 86' lang='lat' dir='ltr'>auro</span> <span class='ocrx_word' id='word_1_362' title='bbox 1575 862 1679 893; x_wconf 87' lang='lat' dir='ltr'>solidos</span> <span class='ocrx_word' id='word_1_363' title='bbox 1689 875 1766 894; x_wconf 80' lang='lat' dir='ltr'>man·</span> 
     </span>
     <span class='ocr_line' id='line_1_43' title="bbox 963 890 1767 942; baseline 0.02 -23"><span class='ocrx_word' id='word_1_364' title='bbox 963 890 1048 920; x_wconf 82' lang='lat' dir='ltr'>coss&#39;os</span> <span class='ocrx_word' id='word_1_365' title='bbox 1060 902 1173 921; x_wconf 86' lang='lat' dir='ltr'>numero</span> <span class='ocrx_word' id='word_1_366' title='bbox 1182 894 1324 924; x_wconf 86' lang='lat' dir='ltr'>ducentos.</span> <span class='ocrx_word' id='word_1_367' title='bbox 1335 899 1371 925; x_wconf 86' lang='lat' dir='ltr'>In</span> <span class='ocrx_word' id='word_1_368' title='bbox 1381 899 1507 929; x_wconf 76' lang='lat' dir='ltr'>Adriano</span> <span class='ocrx_word' id='word_1_369' title='bbox 1519 904 1531 934; x_wconf 91' lang='grc'>]</span> <span class='ocrx_word' id='word_1_370' title='bbox 1545 903 1622 937; x_wconf 81' lang='lat' dir='ltr'>idest,</span> <span class='ocrx_word' id='word_1_371' title='bbox 1633 913 1746 935; x_wconf 85' lang='lat' dir='ltr'>moneta</span> <span class='ocrx_word' id='word_1_372' title='bbox 1757 928 1767 942; x_wconf 88' lang='grc'><strong><em>,</em></strong></span> 
     </span>
     <span class='ocr_line' id='line_1_44' title="bbox 963 933 1765 984; baseline 0.024 -26"><span class='ocrx_word' id='word_1_373' title='bbox 963 942 1023 970; x_wconf 67' lang='lat' dir='ltr'>qux</span> <span class='ocrx_word' id='word_1_374' title='bbox 1036 933 1118 960; x_wconf 80' lang='lat' dir='ltr'>etiam</span> <span class='ocrx_word' id='word_1_375' title='bbox 1127 934 1356 965; x_wconf 83' lang='lat' dir='ltr'>denominabatur</span> <span class='ocrx_word' id='word_1_376' title='bbox 1364 942 1520 977; x_wconf 84' lang='lat' dir='ltr'>Mancusus</span> <span class='ocrx_word' id='word_1_377' title='bbox 1531 964 1539 976; x_wconf 94' lang='lat'><em>,</em></span> <span class='ocrx_word' id='word_1_378' title='bbox 1548 947 1576 973; x_wconf 73' lang='grc' dir='ltr'>δ(</span> <span class='ocrx_word' id='word_1_379' title='bbox 1586 948 1746 984; x_wconf 73' lang='lat' dir='ltr'>Manat-usa</span> <span class='ocrx_word' id='word_1_380' title='bbox 1757 971 1765 981; x_wconf 83' lang='lat'><em>‚</em></span> 
     </span>
     <span class='ocr_line' id='line_1_45' title="bbox 963 974 1558 1012; baseline 0.024 -13"><span class='ocrx_word' id='word_1_381' title='bbox 963 982 1023 1010; x_wconf 79' lang='lat' dir='ltr'>quae</span> <span class='ocrx_word' id='word_1_382' title='bbox 1034 974 1124 1001; x_wconf 70' lang='lat' dir='ltr'>Marcii</span> <span class='ocrx_word' id='word_1_383' title='bbox 1135 975 1215 1003; x_wconf 87' lang='lat' dir='ltr'>aliter</span> <span class='ocrx_word' id='word_1_384' title='bbox 1225 976 1329 1005; x_wconf 83' lang='lat' dir='ltr'>dicitur</span> <span class='ocrx_word' id='word_1_385' title='bbox 1337 998 1344 1005; x_wconf 93' lang='lat'><strong>.</strong></span> <span class='ocrx_word' id='word_1_386' title='bbox 1358 979 1431 1008; x_wconf 85' lang='lat' dir='ltr'>Vide</span> <span class='ocrx_word' id='word_1_387' title='bbox 1443 987 1543 1012; x_wconf 69' lang='lat' dir='ltr'>Marcu</span> <span class='ocrx_word' id='word_1_388' title='bbox 1552 1005 1558 1012; x_wconf 91' lang='lat'>.</span> 
     </span>
    </p>
   </div>
   <div class='ocr_carea' id='block_1_18' title="bbox 103 1012 1766 1103">
    <p class='ocr_par' dir='ltr' id='par_1_18' title="bbox 103 1012 1766 1103">
     <span class='ocr_line' id='line_1_46' title="bbox 104 1012 1679 1071; baseline 0.01 -31"><span class='ocrx_word' id='word_1_389' title='bbox 104 1023 163 1041; x_wconf 71' lang='lat' dir='ltr'>rear</span> <span class='ocrx_word' id='word_1_390' title='bbox 173 1016 295 1043; x_wconf 85' lang='lat' dir='ltr'>Domine</span> <span class='ocrx_word' id='word_1_391' title='bbox 307 1025 412 1054; x_wconf 80' lang='lat' dir='ltr'>portare</span> <span class='ocrx_word' id='word_1_392' title='bbox 425 1017 594 1056; x_wconf 89' lang='lat' dir='ltr'>manipulum</span> <span class='ocrx_word' id='word_1_393' title='bbox 613 1018 691 1045; x_wconf 85' lang='lat' dir='ltr'>fletus</span> <span class='ocrx_word' id='word_1_394' title='bbox 700 1020 727 1045; x_wconf 78' lang='grc' dir='ltr'>ὃ(</span> <span class='ocrx_word' id='word_1_395' title='bbox 746 1012 852 1042; x_wconf 87' lang='lat' dir='ltr'>doloris</span> <span class='ocrx_word' id='word_1_396' title='bbox 864 1023 871 1039; x_wconf 89' lang='lat'>:</span> <span class='ocrx_word' id='word_1_397' title='bbox 888 1014 904 1056; x_wconf 67' lang='grc' dir='ltr'>Δ]</span> <span class='ocrx_word' id='word_1_398' title='bbox 924 1014 1086 1042; x_wconf 67' lang='grc' dir='ltr'>ΜΑΝΕυὸυε</span> <span class='ocrx_word' id='word_1_399' title='bbox 1100 1035 1108 1047; x_wconf 73' lang='lat'><em>›</em></span> <span class='ocrx_word' id='word_1_400' title='bbox 1120 1018 1149 1043; x_wconf 87' lang='lat'>&amp;</span> <span class='ocrx_word' id='word_1_401' title='bbox 1160 1019 1320 1055; x_wconf 77' lang='lat' dir='ltr'>Manucusa</span> <span class='ocrx_word' id='word_1_402' title='bbox 1330 1038 1336 1045; x_wconf 84' lang='lat'><strong>·</strong></span> <span class='ocrx_word' id='word_1_403' title='bbox 1350 1020 1422 1048; x_wconf 82' lang='lat' dir='ltr'>Vide</span> <span class='ocrx_word' id='word_1_404' title='bbox 1431 1025 1587 1070; x_wconf 59' lang='lat' dir='ltr'>Manocosfis</span> <span class='ocrx_word' id='word_1_405' title='bbox 1597 1046 1604 1053; x_wconf 85' lang='lat'><em>.</em></span> <span class='ocrx_word' id='word_1_406' title='bbox 1674 1067 1679 1071; x_wconf 37' lang='grc' dir='ltr'>ι</span> 
     </span>
     <span class='ocr_line' id='line_1_47' title="bbox 103 1053 1766 1103; baseline 0.007 -22"><span class='ocrx_word' id='word_1_407' title='bbox 103 1054 190 1093; x_wconf 84' lang='lat' dir='ltr'>liquet</span> <span class='ocrx_word' id='word_1_408' title='bbox 201 1075 208 1082; x_wconf 87' lang='lat'>.</span> <span class='ocrx_word' id='word_1_409' title='bbox 221 1056 304 1083; x_wconf 90' lang='lat' dir='ltr'>Indui</span> <span class='ocrx_word' id='word_1_410' title='bbox 317 1056 397 1085; x_wconf 86' lang='lat' dir='ltr'>debet</span> <span class='ocrx_word' id='word_1_411' title='bbox 409 1057 444 1086; x_wconf 75' lang='lat' dir='ltr'>ita</span> <span class='ocrx_word' id='word_1_412' title='bbox 455 1067 484 1086; x_wconf 90' lang='lat' dir='ltr'>ut</span> <span class='ocrx_word' id='word_1_413' title='bbox 495 1069 552 1086; x_wconf 89' lang='lat' dir='ltr'>non</span> <span class='ocrx_word' id='word_1_414' title='bbox 563 1067 691 1086; x_wconf 83' lang='lat' dir='ltr'>excurrat</span> <span class='ocrx_word' id='word_1_415' title='bbox 711 1053 814 1085; x_wconf 69' lang='lat' dir='ltr'>brachii</span> <span class='ocrx_word' id='word_1_416' title='bbox 834 1054 906 1081; x_wconf 73' lang='lat' dir='ltr'>cub1-</span> <span class='ocrx_word' id='word_1_417' title='bbox 923 1054 1088 1082; x_wconf 70' lang='lat' dir='ltr'>MANOFERO</span> <span class='ocrx_word' id='word_1_418' title='bbox 1097 1077 1105 1088; x_wconf 87' lang='lat'><em>‚</em></span> <span class='ocrx_word' id='word_1_419' title='bbox 1117 1056 1239 1085; x_wconf 69' lang='lat' dir='ltr'>manuale</span> <span class='ocrx_word' id='word_1_420' title='bbox 1249 1067 1325 1096; x_wconf 82' lang='lat' dir='ltr'>opus.</span> <span class='ocrx_word' id='word_1_421' title='bbox 1339 1065 1350 1094; x_wconf 90' lang='lat'>[</span> <span class='ocrx_word' id='word_1_422' title='bbox 1361 1059 1406 1088; x_wconf 89' lang='lat' dir='ltr'>De</span> <span class='ocrx_word' id='word_1_423' title='bbox 1417 1071 1561 1103; x_wconf 60' lang='lat' dir='ltr'>manopera</span> <span class='ocrx_word' id='word_1_424' title='bbox 1569 1076 1600 1093; x_wconf 84' lang='lat' dir='ltr'>in</span> <span class='ocrx_word' id='word_1_425' title='bbox 1610 1064 1696 1096; x_wconf 55' lang='lat' dir='ltr'>scuria</span> <span class='ocrx_word' id='word_1_426' title='bbox 1707 1069 1766 1097; x_wconf 68' lang='lat' dir='ltr'>bat.</span> 
     </span>
    </p>
   </div>
   <div class='ocr_carea' id='block_1_19' title="bbox 101 1097 905 1216">
    <p class='ocr_par' dir='ltr' id='par_1_19' title="bbox 101 1097 905 1216">
     <span class='ocr_line' id='line_1_48' title="bbox 105 1097 903 1138; baseline 0.006 -17"><span class='ocrx_word' id='word_1_427' title='bbox 105 1104 162 1122; x_wconf 86' lang='lat' dir='ltr'>rum</span> <span class='ocrx_word' id='word_1_428' title='bbox 174 1116 181 1122; x_wconf 92' lang='lat'><strong>.</strong></span> <span class='ocrx_word' id='word_1_429' title='bbox 205 1097 296 1124; x_wconf 73' lang='lat' dir='ltr'>Graeci</span> <span class='ocrx_word' id='word_1_430' title='bbox 309 1118 316 1129; x_wconf 90' lang='lat'><em>‚</em></span> <span class='ocrx_word' id='word_1_431' title='bbox 334 1101 363 1126; x_wconf 61' lang='grc' dir='ltr'>ἃ</span> <span class='ocrx_word' id='word_1_432' title='bbox 372 1099 521 1127; x_wconf 66' lang='lat' dir='ltr'>Maronitae</span> <span class='ocrx_word' id='word_1_433' title='bbox 533 1099 600 1126; x_wconf 85' lang='lat' dir='ltr'>duos</span> <span class='ocrx_word' id='word_1_434' title='bbox 612 1098 766 1136; x_wconf 71' lang='lat' dir='ltr'>manipulos</span> <span class='ocrx_word' id='word_1_435' title='bbox 776 1117 783 1128; x_wconf 63' lang='grc' dir='ltr'><em>ι</em></span> <span class='ocrx_word' id='word_1_436' title='bbox 802 1103 886 1138; x_wconf 54' lang='lat' dir='ltr'>quum</span> <span class='ocrx_word' id='word_1_437' title='bbox 897 1116 903 1126; x_wconf 62' lang='grc' dir='ltr'><em>ι</em></span> 
     </span>
     <span class='ocr_line' id='line_1_49' title="bbox 101 1133 905 1179; baseline 0.006 -17"><span class='ocrx_word' id='word_1_438' title='bbox 101 1134 206 1164; x_wconf 78' lang='lat' dir='ltr'>scilicet</span> <span class='ocrx_word' id='word_1_439' title='bbox 218 1157 225 1168; x_wconf 88' lang='lat'><em>,</em></span> <span class='ocrx_word' id='word_1_440' title='bbox 248 1147 296 1174; x_wconf 90' lang='lat' dir='ltr'>pro</span> <span class='ocrx_word' id='word_1_441' title='bbox 308 1148 474 1178; x_wconf 86' lang='lat' dir='ltr'>unoquoque</span> <span class='ocrx_word' id='word_1_442' title='bbox 486 1138 598 1167; x_wconf 72' lang='lat' dir='ltr'>brachio</span> <span class='ocrx_word' id='word_1_443' title='bbox 617 1139 725 1178; x_wconf 77' lang='lat' dir='ltr'>gestant</span> <span class='ocrx_word' id='word_1_444' title='bbox 736 1157 743 1163; x_wconf 87' lang='lat'>-</span> <span class='ocrx_word' id='word_1_445' title='bbox 765 1133 905 1179; x_wconf 59' lang='lat' dir='ltr'>Episcopo</span> 
     </span>
     <span class='ocr_line' id='line_1_50' title="bbox 105 1175 904 1216; baseline -0.001 -13"><span class='ocrx_word' id='word_1_446' title='bbox 105 1177 256 1215; x_wconf 79' lang='lat' dir='ltr'>manipulus</span> <span class='ocrx_word' id='word_1_447' title='bbox 267 1178 421 1216; x_wconf 82' lang='lat' dir='ltr'>imponitur</span> <span class='ocrx_word' id='word_1_448' title='bbox 430 1180 589 1212; x_wconf 70' lang='lat' dir='ltr'>celebranti,</span> <span class='ocrx_word' id='word_1_449' title='bbox 600 1179 666 1208; x_wconf 67' lang='lat' dir='ltr'>fasta</span> <span class='ocrx_word' id='word_1_450' title='bbox 674 1182 728 1215; x_wconf 83' lang='lat' dir='ltr'>jam</span> <span class='ocrx_word' id='word_1_451' title='bbox 738 1186 791 1205; x_wconf 87' lang='lat' dir='ltr'>oris</span> <span class='ocrx_word' id='word_1_452' title='bbox 801 1175 904 1204; x_wconf 70' lang='lat' dir='ltr'>confes-</span> 
     </span>
    </p>
   </div>
   <div class='ocr_carea' id='block_1_20' title="bbox 963 1096 1767 1147">
    <p class='ocr_par' dir='ltr' id='par_1_20' title="bbox 963 1096 1767 1147">
     <span class='ocr_line' id='line_1_51' title="bbox 963 1096 1767 1147; baseline 0.022 -26"><span class='ocrx_word' id='word_1_453' title='bbox 963 1103 1020 1122; x_wconf 86' lang='lat' dir='ltr'>tere</span> <span class='ocrx_word' id='word_1_454' title='bbox 1031 1096 1171 1128; x_wconf 84' lang='lat' dir='ltr'>nolunt‚&amp;</span> <span class='ocrx_word' id='word_1_455' title='bbox 1183 1107 1273 1126; x_wconf 79' lang='lat' dir='ltr'>tamen</span> <span class='ocrx_word' id='word_1_456' title='bbox 1283 1109 1343 1128; x_wconf 89' lang='lat' dir='ltr'>non</span> <span class='ocrx_word' id='word_1_457' title='bbox 1353 1100 1502 1141; x_wconf 80' lang='lat' dir='ltr'>denegant,</span> <span class='ocrx_word' id='word_1_458' title='bbox 1513 1106 1576 1144; x_wconf 77' lang='lat' dir='ltr'>quia</span> <span class='ocrx_word' id='word_1_459' title='bbox 1587 1116 1767 1147; x_wconf 81' lang='lat' dir='ltr'>manoperam</span> 
     </span>
    </p>
   </div>
   <div class='ocr_carea' id='block_1_21' title="bbox 963 1135 1765 1215">
    <p class='ocr_par' dir='ltr' id='par_1_21' title="bbox 963 1135 1765 1215">
     <span class='ocr_line' id='line_1_52' title="bbox 963 1135 1765 1186; baseline 0.024 -24"><span class='ocrx_word' id='word_1_460' title='bbox 963 1135 1071 1163; x_wconf 85' lang='lat' dir='ltr'>debent.</span> <span class='ocrx_word' id='word_1_461' title='bbox 1084 1137 1119 1164; x_wconf 86' lang='lat' dir='ltr'>In</span> <span class='ocrx_word' id='word_1_462' title='bbox 1131 1137 1254 1166; x_wconf 88' lang='lat' dir='ltr'>Constit.</span> <span class='ocrx_word' id='word_1_463' title='bbox 1265 1141 1361 1170; x_wconf 87' lang='lat' dir='ltr'>Caroli</span> <span class='ocrx_word' id='word_1_464' title='bbox 1374 1143 1457 1173; x_wconf 83' lang='lat' dir='ltr'>Calvi</span> <span class='ocrx_word' id='word_1_465' title='bbox 1468 1154 1526 1184; x_wconf 82' lang='lat' dir='ltr'>cap.</span> <span class='ocrx_word' id='word_1_466' title='bbox 1538 1149 1600 1183; x_wconf 76' lang='lat'>29.]</span> <span class='ocrx_word' id='word_1_467' title='bbox 1614 1149 1690 1186; x_wconf 85' lang='lat' dir='ltr'>Quid</span> <span class='ocrx_word' id='word_1_468' title='bbox 1700 1156 1765 1181; x_wconf 82' lang='lat' dir='ltr'>Scu-</span> 
     </span>
     <span class='ocr_line' id='line_1_53' title="bbox 963 1176 1404 1215; baseline 0.02 -12"><span class='ocrx_word' id='word_1_469' title='bbox 963 1186 1008 1203; x_wconf 83' lang='lat' dir='ltr'>ria</span> <span class='ocrx_word' id='word_1_470' title='bbox 1019 1176 1154 1215; x_wconf 80' lang='lat' dir='ltr'>lignificet</span> <span class='ocrx_word' id='word_1_471' title='bbox 1164 1199 1171 1205; x_wconf 91' lang='lat'>.</span> <span class='ocrx_word' id='word_1_472' title='bbox 1185 1179 1259 1207; x_wconf 86' lang='lat' dir='ltr'>Vide</span> <span class='ocrx_word' id='word_1_473' title='bbox 1267 1179 1315 1208; x_wconf 84' lang='lat' dir='ltr'>suo</span> <span class='ocrx_word' id='word_1_474' title='bbox 1325 1182 1386 1211; x_wconf 83' lang='lat' dir='ltr'>loco</span> <span class='ocrx_word' id='word_1_475' title='bbox 1397 1205 1404 1212; x_wconf 90' lang='lat'><em>.</em></span> 
     </span>
    </p>
   </div>
   <div class='ocr_carea' id='block_1_22' title="bbox 104 1216 1764 1264">
    <p class='ocr_par' dir='ltr' id='par_1_22' title="bbox 104 1216 1764 1264">
     <span class='ocr_line' id='line_1_54' title="bbox 104 1216 1764 1264; baseline 0.015 -28"><span class='ocrx_word' id='word_1_476' title='bbox 104 1216 180 1245; x_wconf 68' lang='lat' dir='ltr'>stone</span> <span class='ocrx_word' id='word_1_477' title='bbox 189 1217 298 1246; x_wconf 66' lang='lat' dir='ltr'>suorum</span> <span class='ocrx_word' id='word_1_478' title='bbox 311 1228 483 1257; x_wconf 83' lang='lat' dir='ltr'>peccatorum</span> <span class='ocrx_word' id='word_1_479' title='bbox 495 1232 501 1248; x_wconf 71' lang='lat'>,-</span> <span class='ocrx_word' id='word_1_480' title='bbox 513 1226 525 1255; x_wconf 82' lang='grc'>[</span> <span class='ocrx_word' id='word_1_481' title='bbox 538 1221 651 1249; x_wconf 76' lang='lat' dir='ltr'>Deinde</span> <span class='ocrx_word' id='word_1_482' title='bbox 660 1219 844 1249; x_wconf 79' lang='lat' dir='ltr'>Subdiaconus</span> <span class='ocrx_word' id='word_1_483' title='bbox 856 1227 905 1255; x_wconf 91' lang='lat' dir='ltr'>po-</span> <span class='ocrx_word' id='word_1_484' title='bbox 922 1217 1105 1246; x_wconf 67' lang='grc' dir='ltr'>ΜΑΝεειιυΜ</span> <span class='ocrx_word' id='word_1_485' title='bbox 1118 1239 1125 1250; x_wconf 85' lang='lat'><em>,</em></span> <span class='ocrx_word' id='word_1_486' title='bbox 1138 1219 1320 1250; x_wconf 78' lang='lat' dir='ltr'>maniiuncula</span> <span class='ocrx_word' id='word_1_487' title='bbox 1330 1243 1337 1250; x_wconf 90' lang='lat'>.</span> <span class='ocrx_word' id='word_1_488' title='bbox 1360 1230 1372 1259; x_wconf 89' lang='lat'>[</span> <span class='ocrx_word' id='word_1_489' title='bbox 1384 1228 1505 1264; x_wconf 80' lang='lat' dir='ltr'>Excepta</span> <span class='ocrx_word' id='word_1_490' title='bbox 1524 1225 1619 1257; x_wconf 82' lang='lat' dir='ltr'>sellula</span> <span class='ocrx_word' id='word_1_491' title='bbox 1636 1231 1764 1262; x_wconf 80' lang='lat' dir='ltr'>manselli</span> 
     </span>
    </p>
   </div>
   <div class='ocr_carea' id='block_1_23' title="bbox 102 1258 907 1301">
    <p class='ocr_par' dir='ltr' id='par_1_23' title="bbox 102 1258 907 1301">
     <span class='ocr_line' id='line_1_55' title="bbox 102 1258 907 1301; baseline 0.007 -16"><span class='ocrx_word' id='word_1_492' title='bbox 102 1258 146 1285; x_wconf 84' lang='lat' dir='ltr'>nit</span> <span class='ocrx_word' id='word_1_493' title='bbox 155 1258 322 1296; x_wconf 83' lang='lat' dir='ltr'>manipulum</span> <span class='ocrx_word' id='word_1_494' title='bbox 332 1259 362 1287; x_wconf 87' lang='lat' dir='ltr'>in</span> <span class='ocrx_word' id='word_1_495' title='bbox 373 1260 481 1289; x_wconf 87' lang='lat' dir='ltr'>finistro</span> <span class='ocrx_word' id='word_1_496' title='bbox 492 1260 600 1289; x_wconf 67' lang='lat' dir='ltr'>brachio</span> <span class='ocrx_word' id='word_1_497' title='bbox 610 1259 752 1290; x_wconf 78' lang='lat' dir='ltr'>Pontificis</span> <span class='ocrx_word' id='word_1_498' title='bbox 761 1258 841 1296; x_wconf 69' lang='lat' dir='ltr'>super</span> <span class='ocrx_word' id='word_1_499' title='bbox 851 1259 907 1301; x_wconf 55' lang='lat' dir='ltr'>Pl?—</span> 
     </span>
    </p>
   </div>
   <div class='ocr_carea' id='block_1_24' title="bbox 962 1257 1652 1307">
    <p class='ocr_par' dir='ltr' id='par_1_24' title="bbox 962 1257 1652 1307">
     <span class='ocr_line' id='line_1_56' title="bbox 962 1257 1652 1307; baseline 0.022 -23"><span class='ocrx_word' id='word_1_500' title='bbox 962 1257 1042 1294; x_wconf 85' lang='lat' dir='ltr'>ipiius</span> <span class='ocrx_word' id='word_1_501' title='bbox 1051 1259 1183 1296; x_wconf 72' lang='lat' dir='ltr'>cappella:</span> <span class='ocrx_word' id='word_1_502' title='bbox 1196 1280 1202 1286; x_wconf 88' lang='lat'><em>.</em></span> <span class='ocrx_word' id='word_1_503' title='bbox 1217 1262 1362 1292; x_wconf 74' lang='lat' dir='ltr'>Hincmar.</span> <span class='ocrx_word' id='word_1_504' title='bbox 1373 1265 1525 1295; x_wconf 82' lang='lat' dir='ltr'>Rlieinens·</span> <span class='ocrx_word' id='word_1_505' title='bbox 1534 1269 1613 1307; x_wconf 83' lang='lat' dir='ltr'>epist.</span> <span class='ocrx_word' id='word_1_506' title='bbox 1630 1282 1652 1300; x_wconf 92' lang='grc' dir='ltr'>ι.</span> 
     </span>
    </p>
   </div>
   <div class='ocr_carea' id='block_1_25' title="bbox 101 1298 1764 1388">
    <p class='ocr_par' dir='ltr' id='par_1_25' title="bbox 101 1298 1764 1388">
     <span class='ocr_line' id='line_1_57' title="bbox 101 1298 1597 1355; baseline 0.019 -29"><span class='ocrx_word' id='word_1_507' title='bbox 101 1308 195 1326; x_wconf 70' lang='lat' dir='ltr'>netem</span> <span class='ocrx_word' id='word_1_508' title='bbox 205 1319 212 1326; x_wconf 86' lang='lat'><em>.</em></span> <span class='ocrx_word' id='word_1_509' title='bbox 223 1299 296 1328; x_wconf 87' lang='lat' dir='ltr'>Ord.</span> <span class='ocrx_word' id='word_1_510' title='bbox 309 1302 392 1329; x_wconf 86' lang='lat' dir='ltr'>Rom.</span> <span class='ocrx_word' id='word_1_511' title='bbox 405 1303 416 1332; x_wconf 97' lang='grc'>]</span> <span class='ocrx_word' id='word_1_512' title='bbox 431 1301 546 1330; x_wconf 80' lang='lat' dir='ltr'>Dicitur</span> <span class='ocrx_word' id='word_1_513' title='bbox 557 1323 565 1334; x_wconf 89' lang='lat'><em>‚</em></span> <span class='ocrx_word' id='word_1_514' title='bbox 577 1303 810 1340; x_wconf 62' lang='lat' dir='ltr'>superplanetam</span> <span class='ocrx_word' id='word_1_515' title='bbox 823 1319 830 1330; x_wconf 87' lang='lat'>’</span> <span class='ocrx_word' id='word_1_516' title='bbox 842 1308 905 1336; x_wconf 62' lang='lat' dir='ltr'>qum</span> <span class='ocrx_word' id='word_1_517' title='bbox 922 1298 1120 1327; x_wconf 70' lang='lat' dir='ltr'>MANszALE</span> <span class='ocrx_word' id='word_1_518' title='bbox 1132 1319 1139 1326; x_wconf 80' lang='lat'>&#39;</span> <span class='ocrx_word' id='word_1_519' title='bbox 1150 1300 1224 1329; x_wconf 72' lang='lat' dir='ltr'>V¹de</span> <span class='ocrx_word' id='word_1_520' title='bbox 1233 1305 1352 1349; x_wconf 36' lang='lat' dir='ltr'><em>Mans&amp;</em></span> <span class='ocrx_word' id='word_1_521' title='bbox 1363 1325 1371 1333; x_wconf 74' lang='lat'><strong>⁹</strong></span> <span class='ocrx_word' id='word_1_522' title='bbox 1593 1352 1597 1355; x_wconf 85' lang='lat'>.</span> 
     </span>
     <span class='ocr_line' id='line_1_58' title="bbox 101 1338 1764 1388; baseline 0.018 -34"><span class='ocrx_word' id='word_1_523' title='bbox 101 1339 131 1367; x_wconf 62' lang='lat' dir='ltr'>m</span> <span class='ocrx_word' id='word_1_524' title='bbox 141 1338 196 1367; x_wconf 60' lang='lat' dir='ltr'>iffis</span> <span class='ocrx_word' id='word_1_525' title='bbox 207 1342 373 1378; x_wconf 60' lang='lat' dir='ltr'>temponbus</span> <span class='ocrx_word' id='word_1_526' title='bbox 393 1352 422 1370; x_wconf 65' lang='lat' dir='ltr'>ea</span> <span class='ocrx_word' id='word_1_527' title='bbox 432 1352 490 1371; x_wconf 67' lang='lat' dir='ltr'>emt</span> <span class='ocrx_word' id='word_1_528' title='bbox 501 1341 586 1370; x_wconf 70' lang='lat' dir='ltr'>forma</span> <span class='ocrx_word' id='word_1_529' title='bbox 598 1364 606 1374; x_wconf 90' lang='lat'><em>‚</em></span> <span class='ocrx_word' id='word_1_530' title='bbox 625 1352 684 1381; x_wconf 64' lang='lat' dir='ltr'>qua:</span> <span class='ocrx_word' id='word_1_531' title='bbox 698 1351 769 1370; x_wconf 80' lang='lat' dir='ltr'>nunc</span> <span class='ocrx_word' id='word_1_532' title='bbox 789 1342 905 1368; x_wconf 70' lang='lat' dir='ltr'>Graeco-</span> <span class='ocrx_word' id='word_1_533' title='bbox 921 1338 1156 1368; x_wconf 73' lang='lat' dir='ltr'>MANSIONARius</span> <span class='ocrx_word' id='word_1_534' title='bbox 1169 1361 1176 1372; x_wconf 94' lang='lat'><em>‚</em></span> <span class='ocrx_word' id='word_1_535' title='bbox 1188 1342 1308 1371; x_wconf 76' lang='lat' dir='ltr'>residens</span> <span class='ocrx_word' id='word_1_536' title='bbox 1320 1355 1349 1373; x_wconf 84' lang='lat' dir='ltr'>in</span> <span class='ocrx_word' id='word_1_537' title='bbox 1359 1348 1483 1377; x_wconf 68' lang='lat' dir='ltr'>Ecclesiae</span> <span class='ocrx_word' id='word_1_538' title='bbox 1494 1349 1615 1380; x_wconf 83' lang='lat' dir='ltr'>custodia</span> <span class='ocrx_word' id='word_1_539' title='bbox 1625 1374 1632 1381; x_wconf 89' lang='lat'>.</span> <span class='ocrx_word' id='word_1_540' title='bbox 1653 1359 1666 1388; x_wconf 91' lang='lat'><strong>[</strong></span> <span class='ocrx_word' id='word_1_541' title='bbox 1688 1355 1764 1384; x_wconf 82' lang='lat' dir='ltr'>Vade</span> 
     </span>
    </p>
   </div>
   <div class='ocr_carea' id='block_1_26' title="bbox 99 1379 905 2022">
    <p class='ocr_par' dir='ltr' id='par_1_26' title="bbox 99 1379 905 2022">
     <span class='ocr_line' id='line_1_59' title="bbox 104 1379 904 1424; baseline 0 -17"><span class='ocrx_word' id='word_1_542' title='bbox 104 1389 165 1407; x_wconf 85' lang='lat' dir='ltr'>rum</span> <span class='ocrx_word' id='word_1_543' title='bbox 177 1401 185 1413; x_wconf 95' lang='lat'><em>‚</em></span> <span class='ocrx_word' id='word_1_544' title='bbox 196 1381 284 1418; x_wconf 77' lang='lat' dir='ltr'>ampla</span> <span class='ocrx_word' id='word_1_545' title='bbox 296 1403 303 1414; x_wconf 91' lang='lat'><em>‚</em></span> <span class='ocrx_word' id='word_1_546' title='bbox 321 1380 427 1411; x_wconf 87' lang='lat' dir='ltr'>scilicet</span> <span class='ocrx_word' id='word_1_547' title='bbox 439 1405 446 1416; x_wconf 94' lang='lat'><em>‚</em></span> <span class='ocrx_word' id='word_1_548' title='bbox 459 1392 488 1412; x_wconf 86' lang='lat' dir='ltr'>ut</span> <span class='ocrx_word' id='word_1_549' title='bbox 501 1383 530 1410; x_wconf 89' lang='lat' dir='ltr'>in</span> <span class='ocrx_word' id='word_1_550' title='bbox 540 1382 605 1411; x_wconf 67' lang='lat' dir='ltr'>dist.</span> <span class='ocrx_word' id='word_1_551' title='bbox 619 1384 724 1420; x_wconf 82' lang='lat' dir='ltr'>Casula</span> <span class='ocrx_word' id='word_1_552' title='bbox 733 1381 836 1410; x_wconf 66' lang='lat' dir='ltr'>distum</span> <span class='ocrx_word' id='word_1_553' title='bbox 846 1379 884 1424; x_wconf 71' lang='lat' dir='ltr'>est</span> <span class='ocrx_word' id='word_1_554' title='bbox 896 1402 904 1412; x_wconf 85' lang='lat'><em>,</em></span> 
     </span>
     <span class='ocr_line' id='line_1_60' title="bbox 102 1420 903 1466; baseline 0 -18"><span class='ocrx_word' id='word_1_555' title='bbox 102 1420 139 1448; x_wconf 78' lang='lat' dir='ltr'>ita</span> <span class='ocrx_word' id='word_1_556' title='bbox 150 1430 179 1449; x_wconf 91' lang='lat' dir='ltr'>ut</span> <span class='ocrx_word' id='word_1_557' title='bbox 192 1431 299 1460; x_wconf 88' lang='lat' dir='ltr'>tegeret</span> <span class='ocrx_word' id='word_1_558' title='bbox 312 1422 420 1451; x_wconf 78' lang='lat' dir='ltr'>brachia</span> <span class='ocrx_word' id='word_1_559' title='bbox 434 1445 441 1451; x_wconf 93' lang='lat'>.</span> <span class='ocrx_word' id='word_1_560' title='bbox 451 1423 589 1452; x_wconf 78' lang='lat' dir='ltr'>Diaconus</span> <span class='ocrx_word' id='word_1_561' title='bbox 599 1445 605 1455; x_wconf 87' lang='lat'><em>‚</em></span> <span class='ocrx_word' id='word_1_562' title='bbox 632 1427 659 1451; x_wconf 70' lang='grc' dir='ltr'>δ(</span> <span class='ocrx_word' id='word_1_563' title='bbox 670 1423 852 1466; x_wconf 72' lang='lat' dir='ltr'>Subdiaconus</span> <span class='ocrx_word' id='word_1_564' title='bbox 875 1431 903 1448; x_wconf 90' lang='lat' dir='ltr'>in</span> 
     </span>
     <span class='ocr_line' id='line_1_61' title="bbox 101 1461 904 1506; baseline 0.001 -18"><span class='ocrx_word' id='word_1_565' title='bbox 101 1461 244 1490; x_wconf 78' lang='lat' dir='ltr'>vestiendo</span> <span class='ocrx_word' id='word_1_566' title='bbox 255 1461 333 1490; x_wconf 80' lang='lat' dir='ltr'>sacris</span> <span class='ocrx_word' id='word_1_567' title='bbox 346 1464 507 1501; x_wconf 71' lang='lat' dir='ltr'>paramentis</span> <span class='ocrx_word' id='word_1_568' title='bbox 518 1463 693 1501; x_wconf 82' lang='lat' dir='ltr'>Episcopum,</span> <span class='ocrx_word' id='word_1_569' title='bbox 703 1464 766 1491; x_wconf 86' lang='lat' dir='ltr'>dum</span> <span class='ocrx_word' id='word_1_570' title='bbox 772 1463 820 1506; x_wconf 27' lang='lat'><strong>‘11¹1</strong></span> <span class='ocrx_word' id='word_1_571' title='bbox 829 1471 904 1490; x_wconf 86' lang='lat' dir='ltr'>com-</span> 
     </span>
     <span class='ocr_line' id='line_1_62' title="bbox 103 1500 904 1548; baseline 0.004 -21"><span class='ocrx_word' id='word_1_572' title='bbox 103 1500 262 1529; x_wconf 80' lang='lat' dir='ltr'>ministram</span> <span class='ocrx_word' id='word_1_573' title='bbox 276 1524 282 1534; x_wconf 82' lang='lat'><em>,</em></span> <span class='ocrx_word' id='word_1_574' title='bbox 304 1514 362 1530; x_wconf 89' lang='lat' dir='ltr'>non</span> <span class='ocrx_word' id='word_1_575' title='bbox 371 1504 471 1532; x_wconf 78' lang='lat' dir='ltr'>debem</span> <span class='ocrx_word' id='word_1_576' title='bbox 483 1503 579 1532; x_wconf 86' lang='lat' dir='ltr'>habere</span> <span class='ocrx_word' id='word_1_577' title='bbox 592 1505 800 1548; x_wconf 40' lang='lat' dir='ltr'>manipulum-in</span> <span class='ocrx_word' id='word_1_578' title='bbox 810 1512 904 1531; x_wconf 88' lang='lat' dir='ltr'>eorum</span> 
     </span>
     <span class='ocr_line' id='line_1_63' title="bbox 103 1539 903 1587; baseline 0.004 -20"><span class='ocrx_word' id='word_1_579' title='bbox 103 1539 219 1568; x_wconf 77' lang='lat' dir='ltr'>brachiis</span> <span class='ocrx_word' id='word_1_580' title='bbox 231 1552 236 1568; x_wconf 95' lang='lat'>:</span> <span class='ocrx_word' id='word_1_581' title='bbox 248 1540 293 1569; x_wconf 91' lang='lat' dir='ltr'>sed</span> <span class='ocrx_word' id='word_1_582' title='bbox 306 1542 446 1581; x_wconf 84' lang='lat' dir='ltr'>postquam</span> <span class='ocrx_word' id='word_1_583' title='bbox 457 1545 567 1578; x_wconf 76' lang='lat' dir='ltr'>illejcim</span> <span class='ocrx_word' id='word_1_584' title='bbox 578 1545 689 1572; x_wconf 84' lang='lat' dir='ltr'>indutus</span> <span class='ocrx_word' id='word_1_585' title='bbox 702 1548 782 1572; x_wconf 78' lang='lat' dir='ltr'>luerit</span> <span class='ocrx_word' id='word_1_586' title='bbox 791 1564 798 1571; x_wconf 90' lang='lat'>.</span> <span class='ocrx_word' id='word_1_587' title='bbox 810 1545 903 1587; x_wconf 51' lang='grc' dir='ltr'>ρει-ι</span> 
     </span>
     <span class='ocr_line' id='line_1_64' title="bbox 99 1579 904 1623; baseline 0.006 -16"><span class='ocrx_word' id='word_1_588' title='bbox 99 1589 175 1608; x_wconf 90' lang='lat' dir='ltr'>mon.</span> <span class='ocrx_word' id='word_1_589' title='bbox 188 1579 278 1619; x_wconf 86' lang='lat' dir='ltr'>Episc.</span> <span class='ocrx_word' id='word_1_590' title='bbox 291 1582 336 1611; x_wconf 89' lang='lat' dir='ltr'>lib.</span> <span class='ocrx_word' id='word_1_591' title='bbox 353 1593 375 1611; x_wconf 93' lang='lat' dir='ltr'>i.</span> <span class='ocrx_word' id='word_1_592' title='bbox 387 1594 442 1623; x_wconf 82' lang='lat' dir='ltr'>cap.</span> <span class='ocrx_word' id='word_1_593' title='bbox 451 1595 480 1620; x_wconf 88' lang='lat'>9.</span> <span class='ocrx_word' id='word_1_594' title='bbox 491 1587 526 1612; x_wconf 83' lang='lat' dir='ltr'>Et</span> <span class='ocrx_word' id='word_1_595' title='bbox 537 1583 589 1612; x_wconf 82' lang='lat' dir='ltr'>hoc</span> <span class='ocrx_word' id='word_1_596' title='bbox 600 1585 630 1613; x_wconf 84' lang='lat' dir='ltr'>fit</span> <span class='ocrx_word' id='word_1_597' title='bbox 641 1606 648 1617; x_wconf 86' lang='lat'><em>,</em></span> <span class='ocrx_word' id='word_1_598' title='bbox 669 1593 699 1613; x_wconf 79' lang='lat' dir='ltr'>ut</span> <span class='ocrx_word' id='word_1_599' title='bbox 719 1585 904 1623; x_wconf 77' lang='lat' dir='ltr'>expeditiores</span> 
     </span>
     <span class='ocr_line' id='line_1_65' title="bbox 100 1621 903 1663; baseline 0.005 -14"><span class='ocrx_word' id='word_1_600' title='bbox 100 1621 154 1649; x_wconf 72' lang='lat' dir='ltr'>lint</span> <span class='ocrx_word' id='word_1_601' title='bbox 163 1622 194 1648; x_wconf 89' lang='lat' dir='ltr'>in</span> <span class='ocrx_word' id='word_1_602' title='bbox 205 1621 424 1652; x_wconf 82' lang='lat' dir='ltr'>administrando</span> <span class='ocrx_word' id='word_1_603' title='bbox 434 1646 442 1657; x_wconf 91' lang='lat'><em>,</em></span> <span class='ocrx_word' id='word_1_604' title='bbox 460 1634 540 1663; x_wconf 83' lang='lat' dir='ltr'>atque</span> <span class='ocrx_word' id='word_1_605' title='bbox 559 1626 588 1653; x_wconf 87' lang='lat' dir='ltr'>in</span> <span class='ocrx_word' id='word_1_606' title='bbox 607 1625 659 1653; x_wconf 88' lang='lat' dir='ltr'>hoc</span> <span class='ocrx_word' id='word_1_607' title='bbox 668 1626 751 1654; x_wconf 81' lang='lat' dir='ltr'>eiiam</span> <span class='ocrx_word' id='word_1_608' title='bbox 772 1625 903 1654; x_wconf 83' lang='lat' dir='ltr'>moralem</span> 
     </span>
     <span class='ocr_line' id='line_1_66' title="bbox 103 1661 900 1704; baseline 0.008 -16"><span class='ocrx_word' id='word_1_609' title='bbox 103 1661 289 1700; x_wconf 83' lang='lat' dir='ltr'>fignificatum</span> <span class='ocrx_word' id='word_1_610' title='bbox 308 1662 383 1692; x_wconf 78' lang='lat' dir='ltr'>affert</span> <span class='ocrx_word' id='word_1_611' title='bbox 402 1665 547 1693; x_wconf 82' lang='lat' dir='ltr'>Durandus</span> <span class='ocrx_word' id='word_1_612' title='bbox 559 1666 602 1694; x_wconf 86' lang='lat' dir='ltr'>lib.</span> <span class='ocrx_word' id='word_1_613' title='bbox 615 1677 640 1703; x_wconf 79' lang='lat'>3.</span> <span class='ocrx_word' id='word_1_614' title='bbox 666 1675 723 1704; x_wconf 89' lang='lat' dir='ltr'>cap.</span> <span class='ocrx_word' id='word_1_615' title='bbox 738 1677 763 1696; x_wconf 88' lang='lat'>7.</span> <span class='ocrx_word' id='word_1_616' title='bbox 788 1675 900 1704; x_wconf 87' lang='lat' dir='ltr'>nempe:</span> 
     </span>
     <span class='ocr_line' id='line_1_67' title="bbox 105 1702 903 1751; baseline 0.008 -22"><span class='ocrx_word' id='word_1_617' title='bbox 105 1707 119 1737; x_wconf 90' lang='lat'><strong>[</strong></span> <span class='ocrx_word' id='word_1_618' title='bbox 130 1702 214 1738; x_wconf 91' lang='lat' dir='ltr'>Quod</span> <span class='ocrx_word' id='word_1_619' title='bbox 223 1703 253 1730; x_wconf 87' lang='lat' dir='ltr'>in</span> <span class='ocrx_word' id='word_1_620' title='bbox 265 1704 313 1731; x_wconf 77' lang='lat' dir='ltr'>tali</span> <span class='ocrx_word' id='word_1_621' title='bbox 322 1703 454 1743; x_wconf 89' lang='lat' dir='ltr'>obsequio</span> <span class='ocrx_word' id='word_1_622' title='bbox 466 1716 523 1734; x_wconf 88' lang='lat' dir='ltr'>non</span> <span class='ocrx_word' id='word_1_623' title='bbox 531 1706 632 1734; x_wconf 86' lang='lat' dir='ltr'>debent</span> <span class='ocrx_word' id='word_1_624' title='bbox 645 1706 760 1735; x_wconf 66' lang='lat' dir='ltr'>frustum</span> <span class='ocrx_word' id='word_1_625' title='bbox 782 1717 903 1751; x_wconf 83' lang='lat' dir='ltr'>quaerere</span> 
     </span>
     <span class='ocr_line' id='line_1_68' title="bbox 103 1744 903 1780; baseline 0.006 -10"><span class='ocrx_word' id='word_1_626' title='bbox 103 1744 283 1780; x_wconf 81' lang='lat' dir='ltr'>temporalem</span> <span class='ocrx_word' id='word_1_627' title='bbox 293 1764 301 1772; x_wconf 82' lang='grc'><strong>.</strong></span> <span class='ocrx_word' id='word_1_628' title='bbox 321 1747 333 1776; x_wconf 95' lang='grc'>]</span> <span class='ocrx_word' id='word_1_629' title='bbox 356 1746 417 1773; x_wconf 89' lang='lat' dir='ltr'>Iino</span> <span class='ocrx_word' id='word_1_630' title='bbox 439 1746 467 1773; x_wconf 89' lang='lat' dir='ltr'>in</span> <span class='ocrx_word' id='word_1_631' title='bbox 476 1745 576 1775; x_wconf 70' lang='lat' dir='ltr'>saeculo</span> <span class='ocrx_word' id='word_1_632' title='bbox 586 1747 748 1776; x_wconf 75' lang='lat' dir='ltr'>Davantriae</span> <span class='ocrx_word' id='word_1_633' title='bbox 766 1748 903 1776; x_wconf 80' lang='lat' dir='ltr'>Diaconus</span> 
     </span>
     <span class='ocr_line' id='line_1_69' title="bbox 102 1781 902 1833; baseline 0.009 -23"><span class='ocrx_word' id='word_1_634' title='bbox 102 1793 161 1810; x_wconf 89' lang='lat' dir='ltr'>non</span> <span class='ocrx_word' id='word_1_635' title='bbox 172 1781 292 1813; x_wconf 83' lang='lat' dir='ltr'>sumebat</span> <span class='ocrx_word' id='word_1_636' title='bbox 301 1786 472 1823; x_wconf 87' lang='lat' dir='ltr'>manipulum</span> <span class='ocrx_word' id='word_1_637' title='bbox 484 1808 491 1819; x_wconf 96' lang='lat'><em>,</em></span> <span class='ocrx_word' id='word_1_638' title='bbox 503 1787 553 1816; x_wconf 81' lang='lat' dir='ltr'>nisi</span> <span class='ocrx_word' id='word_1_639' title='bbox 562 1797 597 1826; x_wconf 86' lang='lat' dir='ltr'>qu</span> <span class='ocrx_word' id='word_1_640' title='bbox 605 1788 676 1816; x_wconf 84' lang='lat' dir='ltr'>ando</span> <span class='ocrx_word' id='word_1_641' title='bbox 685 1797 837 1816; x_wconf 80' lang='lat' dir='ltr'>cantaturus</span> <span class='ocrx_word' id='word_1_642' title='bbox 844 1798 902 1833; x_wconf 79' lang='lat' dir='ltr'>erat</span> 
     </span>
     <span class='ocr_line' id='line_1_70' title="bbox 103 1824 904 1868; baseline 0.01 -18"><span class='ocrx_word' id='word_1_643' title='bbox 103 1824 287 1861; x_wconf 76' lang='lat' dir='ltr'>Evangelium</span> <span class='ocrx_word' id='word_1_644' title='bbox 297 1846 305 1858; x_wconf 91' lang='lat'><em>‚</em></span> <span class='ocrx_word' id='word_1_645' title='bbox 319 1835 350 1853; x_wconf 92' lang='lat' dir='ltr'>ut</span> <span class='ocrx_word' id='word_1_646' title='bbox 359 1827 388 1854; x_wconf 85' lang='lat' dir='ltr'>in</span> <span class='ocrx_word' id='word_1_647' title='bbox 399 1828 454 1861; x_wconf 76' lang='lat' dir='ltr'>ejus</span> <span class='ocrx_word' id='word_1_648' title='bbox 464 1837 523 1854; x_wconf 56' lang='lat' dir='ltr'>ma.</span> <span class='ocrx_word' id='word_1_649' title='bbox 533 1828 652 1856; x_wconf 71' lang='lat' dir='ltr'>Caerem.</span> <span class='ocrx_word' id='word_1_650' title='bbox 663 1828 765 1857; x_wconf 80' lang='lat' dir='ltr'>astruit.</span> <span class='ocrx_word' id='word_1_651' title='bbox 775 1831 904 1868; x_wconf 78' lang='lat' dir='ltr'>Manipu-</span> 
     </span>
     <span class='ocr_line' id='line_1_71' title="bbox 101 1863 904 1904; baseline 0.01 -14"><span class='ocrx_word' id='word_1_652' title='bbox 101 1863 141 1890; x_wconf 69' lang='lat' dir='ltr'>lus</span> <span class='ocrx_word' id='word_1_653' title='bbox 162 1873 307 1901; x_wconf 83' lang='lat' dir='ltr'>numquam</span> <span class='ocrx_word' id='word_1_654' title='bbox 329 1866 357 1893; x_wconf 88' lang='lat' dir='ltr'>in</span> <span class='ocrx_word' id='word_1_655' title='bbox 377 1866 589 1904; x_wconf 71' lang='lat' dir='ltr'>processionibus</span> <span class='ocrx_word' id='word_1_656' title='bbox 610 1868 673 1897; x_wconf 82' lang='lat' dir='ltr'>ferri</span> <span class='ocrx_word' id='word_1_657' title='bbox 682 1870 762 1898; x_wconf 88' lang='lat' dir='ltr'>debet</span> <span class='ocrx_word' id='word_1_658' title='bbox 775 1891 782 1902; x_wconf 86' lang='lat'><em>,</em></span> <span class='ocrx_word' id='word_1_659' title='bbox 806 1880 854 1898; x_wconf 91' lang='lat' dir='ltr'>nec</span> <span class='ocrx_word' id='word_1_660' title='bbox 871 1870 904 1898; x_wconf 85' lang='lat' dir='ltr'>ad</span> 
     </span>
     <span class='ocr_line' id='line_1_72' title="bbox 104 1902 905 1945; baseline 0.011 -15"><span class='ocrx_word' id='word_1_661' title='bbox 104 1902 232 1941; x_wconf 74' lang='lat' dir='ltr'>Vesperas</span> <span class='ocrx_word' id='word_1_662' title='bbox 241 1925 249 1936; x_wconf 93' lang='lat'><em>,</em></span> <span class='ocrx_word' id='word_1_663' title='bbox 270 1915 393 1944; x_wconf 66' lang='lat' dir='ltr'>quamius</span> <span class='ocrx_word' id='word_1_664' title='bbox 406 1908 520 1945; x_wconf 83' lang='lat' dir='ltr'>pluviali</span> <span class='ocrx_word' id='word_1_665' title='bbox 532 1909 642 1937; x_wconf 79' lang='lat' dir='ltr'>indutus</span> <span class='ocrx_word' id='word_1_666' title='bbox 651 1909 683 1938; x_wconf 84' lang='lat' dir='ltr'>fit</span> <span class='ocrx_word' id='word_1_667' title='bbox 695 1911 848 1939; x_wconf 85' lang='lat' dir='ltr'>celebrans:</span> <span class='ocrx_word' id='word_1_668' title='bbox 867 1921 905 1939; x_wconf 85' lang='lat' dir='ltr'>ra-</span> 
     </span>
     <span class='ocr_line' id='line_1_73' title="bbox 102 1943 902 1985; baseline 0.013 -15"><span class='ocrx_word' id='word_1_669' title='bbox 102 1943 144 1970; x_wconf 75' lang='lat' dir='ltr'>tio</span> <span class='ocrx_word' id='word_1_670' title='bbox 154 1943 191 1971; x_wconf 83' lang='lat' dir='ltr'>est</span> <span class='ocrx_word' id='word_1_671' title='bbox 202 1966 209 1976; x_wconf 86' lang='lat'><em>‚</em></span> <span class='ocrx_word' id='word_1_672' title='bbox 223 1945 286 1982; x_wconf 83' lang='lat' dir='ltr'>quia</span> <span class='ocrx_word' id='word_1_673' title='bbox 296 1956 372 1975; x_wconf 83' lang='lat' dir='ltr'>extra</span> <span class='ocrx_word' id='word_1_674' title='bbox 381 1946 541 1977; x_wconf 75' lang='lat' dir='ltr'>sacrificium</span> <span class='ocrx_word' id='word_1_675' title='bbox 556 1949 684 1985; x_wconf 78' lang='lat' dir='ltr'>lacrymae</span> <span class='ocrx_word' id='word_1_676' title='bbox 697 1971 705 1983; x_wconf 93' lang='lat'><em>,</em></span> <span class='ocrx_word' id='word_1_677' title='bbox 724 1961 754 1979; x_wconf 90' lang='lat' dir='ltr'>ac</span> <span class='ocrx_word' id='word_1_678' title='bbox 765 1949 848 1979; x_wconf 85' lang='lat' dir='ltr'>sudor</span> <span class='ocrx_word' id='word_1_679' title='bbox 859 1953 902 1981; x_wconf 86' lang='lat' dir='ltr'>ab-</span> 
     </span>
     <span class='ocr_line' id='line_1_74' title="bbox 102 1983 903 2022; baseline 0.012 -11"><span class='ocrx_word' id='word_1_680' title='bbox 102 1983 183 2022; x_wconf 82' lang='lat' dir='ltr'>stergi</span> <span class='ocrx_word' id='word_1_681' title='bbox 205 1984 312 2022; x_wconf 73' lang='lat' dir='ltr'>poliunt</span> <span class='ocrx_word' id='word_1_682' title='bbox 331 1988 472 2017; x_wconf 76' lang='lat' dir='ltr'>ordinario</span> <span class='ocrx_word' id='word_1_683' title='bbox 490 1987 628 2019; x_wconf 79' lang='lat' dir='ltr'>sudariolo</span> <span class='ocrx_word' id='word_1_684' title='bbox 637 2010 644 2018; x_wconf 92' lang='lat'>.</span> <span class='ocrx_word' id='word_1_685' title='bbox 673 1992 903 2021; x_wconf 83' lang='lat' dir='ltr'>Contraveniunt</span> 
     </span>
    </p>
   </div>
   <div class='ocr_carea' id='block_1_27' title="bbox 958 1378 1767 1960">
    <p class='ocr_par' dir='ltr' id='par_1_27' title="bbox 958 1378 1767 1960">
     <span class='ocr_line' id='line_1_75' title="bbox 961 1378 1766 1428; baseline 0.024 -23"><span class='ocrx_word' id='word_1_686' title='bbox 961 1378 994 1406; x_wconf 83' lang='lat' dir='ltr'>ad</span> <span class='ocrx_word' id='word_1_687' title='bbox 1005 1379 1164 1408; x_wconf 79' lang='lat' dir='ltr'>Abundium</span> <span class='ocrx_word' id='word_1_688' title='bbox 1177 1383 1388 1415; x_wconf 71' lang='lat' dir='ltr'>maiifionai‘ium</span> <span class='ocrx_word' id='word_1_689' title='bbox 1399 1411 1406 1421; x_wconf 86' lang='lat'><em>,</em></span> <span class='ocrx_word' id='word_1_690' title='bbox 1428 1393 1455 1417; x_wconf 70' lang='grc' dir='ltr'>δε</span> <span class='ocrx_word' id='word_1_691' title='bbox 1466 1401 1530 1428; x_wconf 80' lang='lat' dir='ltr'>roga</span> <span class='ocrx_word' id='word_1_692' title='bbox 1540 1391 1619 1420; x_wconf 82' lang='lat' dir='ltr'>illum</span> <span class='ocrx_word' id='word_1_693' title='bbox 1630 1413 1637 1421; x_wconf 89' lang='lat'><strong><em>.</em></strong></span> <span class='ocrx_word' id='word_1_694' title='bbox 1648 1395 1685 1422; x_wconf 93' lang='lat' dir='ltr'>D.</span> <span class='ocrx_word' id='word_1_695' title='bbox 1695 1397 1766 1424; x_wconf 73' lang='lat' dir='ltr'>Gre-</span> 
     </span>
     <span class='ocr_line' id='line_1_76' title="bbox 960 1421 1762 1465; baseline 0.024 -20"><span class='ocrx_word' id='word_1_696' title='bbox 960 1429 1021 1457; x_wconf 86' lang='lat' dir='ltr'>gor.</span> <span class='ocrx_word' id='word_1_697' title='bbox 1034 1421 1079 1448; x_wconf 88' lang='lat' dir='ltr'>lib.</span> <span class='ocrx_word' id='word_1_698' title='bbox 1090 1431 1117 1458; x_wconf 85' lang='lat'>3.</span> <span class='ocrx_word' id='word_1_699' title='bbox 1128 1422 1241 1462; x_wconf 81' lang='lat' dir='ltr'>Dialog.</span> <span class='ocrx_word' id='word_1_700' title='bbox 1251 1435 1309 1463; x_wconf 87' lang='lat' dir='ltr'>cap.</span> <span class='ocrx_word' id='word_1_701' title='bbox 1323 1439 1336 1455; x_wconf 79' lang='lat'>2</span> <span class='ocrx_word' id='word_1_702' title='bbox 1345 1437 1369 1461; x_wconf 89' lang='lat'>5.</span> <span class='ocrx_word' id='word_1_703' title='bbox 1388 1430 1400 1459; x_wconf 91' lang='grc'>]</span> <span class='ocrx_word' id='word_1_704' title='bbox 1421 1433 1484 1458; x_wconf 76' lang='lat' dir='ltr'>Erat</span> <span class='ocrx_word' id='word_1_705' title='bbox 1503 1431 1576 1459; x_wconf 86' lang='lat' dir='ltr'>idem</span> <span class='ocrx_word' id='word_1_706' title='bbox 1593 1443 1623 1461; x_wconf 83' lang='lat' dir='ltr'>ac</span> <span class='ocrx_word' id='word_1_707' title='bbox 1633 1434 1743 1464; x_wconf 75' lang='lat' dir='ltr'>sacrista</span> <span class='ocrx_word' id='word_1_708' title='bbox 1755 1447 1762 1465; x_wconf 71' lang='grc' dir='ltr'><em>ι</em></span> 
     </span>
     <span class='ocr_line' id='line_1_77' title="bbox 964 1461 1767 1505; baseline 0.022 -18"><span class='ocrx_word' id='word_1_709' title='bbox 964 1461 1184 1494; x_wconf 77' lang='lat' dir='ltr'>[Mansionarius</span> <span class='ocrx_word' id='word_1_710' title='bbox 1193 1464 1280 1493; x_wconf 66' lang='lat' dir='ltr'>distus</span> <span class='ocrx_word' id='word_1_711' title='bbox 1289 1467 1327 1494; x_wconf 80' lang='lat' dir='ltr'>est</span> <span class='ocrx_word' id='word_1_712' title='bbox 1338 1469 1464 1502; x_wconf 76' lang='lat' dir='ltr'>custos,&amp;</span> <span class='ocrx_word' id='word_1_713' title='bbox 1476 1470 1653 1502; x_wconf 75' lang='lat' dir='ltr'>conservator</span> <span class='ocrx_word' id='word_1_714' title='bbox 1663 1476 1767 1505; x_wconf 80' lang='lat' dir='ltr'>aedium</span> 
     </span>
     <span class='ocr_line' id='line_1_78' title="bbox 963 1501 1763 1545; baseline 0.023 -18"><span class='ocrx_word' id='word_1_715' title='bbox 963 1501 1208 1532; x_wconf 78' lang='lat' dir='ltr'>Ecclefiasticarum</span> <span class='ocrx_word' id='word_1_716' title='bbox 1219 1525 1227 1537; x_wconf 87' lang='lat'><em>,</em></span> <span class='ocrx_word' id='word_1_717' title='bbox 1251 1509 1418 1544; x_wconf 81' lang='lat' dir='ltr'>templorum</span> <span class='ocrx_word' id='word_1_718' title='bbox 1430 1522 1436 1538; x_wconf 71' lang='grc' dir='ltr'><strong><em>ε</em></strong></span> <span class='ocrx_word' id='word_1_719' title='bbox 1457 1515 1483 1540; x_wconf 70' lang='lat'>&amp;-</span> <span class='ocrx_word' id='word_1_720' title='bbox 1494 1512 1636 1545; x_wconf 73' lang='lat' dir='ltr'>altarium5</span> <span class='ocrx_word' id='word_1_721' title='bbox 1649 1515 1716 1544; x_wconf 88' lang='lat' dir='ltr'>item</span> <span class='ocrx_word' id='word_1_722' title='bbox 1727 1517 1763 1545; x_wconf 69' lang='lat' dir='ltr'>fs.-</span> 
     </span>
     <span class='ocr_line' id='line_1_79' title="bbox 961 1542 1765 1586; baseline 0.022 -18"><span class='ocrx_word' id='word_1_723' title='bbox 961 1542 1076 1570; x_wconf 86' lang='lat' dir='ltr'>miliaris</span> <span class='ocrx_word' id='word_1_724' title='bbox 1086 1564 1094 1575; x_wconf 87' lang='lat'><em>,</em></span> <span class='ocrx_word' id='word_1_725' title='bbox 1106 1546 1133 1571; x_wconf 63' lang='lat'>6&lt;</span> <span class='ocrx_word' id='word_1_726' title='bbox 1144 1544 1305 1575; x_wconf 80' lang='lat' dir='ltr'>domesticus</span> <span class='ocrx_word' id='word_1_727' title='bbox 1317 1558 1330 1576; x_wconf 84' lang='lat' dir='ltr'>a</span> <span class='ocrx_word' id='word_1_728' title='bbox 1340 1551 1479 1580; x_wconf 69' lang='lat' dir='ltr'>munione</span> <span class='ocrx_word' id='word_1_729' title='bbox 1490 1572 1496 1578; x_wconf 91' lang='lat'>.</span> <span class='ocrx_word' id='word_1_730' title='bbox 1507 1554 1622 1582; x_wconf 84' lang='lat' dir='ltr'>Panvin.</span> <span class='ocrx_word' id='word_1_731' title='bbox 1632 1555 1765 1586; x_wconf 82' lang='lat' dir='ltr'>deinter-</span> 
     </span>
     <span class='ocr_line' id='line_1_80' title="bbox 962 1584 1757 1629; baseline 0.021 -20"><span class='ocrx_word' id='word_1_732' title='bbox 962 1592 1061 1620; x_wconf 87' lang='lat' dir='ltr'>pretat.</span> <span class='ocrx_word' id='word_1_733' title='bbox 1073 1593 1134 1612; x_wconf 82' lang='lat' dir='ltr'>voc.</span> <span class='ocrx_word' id='word_1_734' title='bbox 1145 1584 1249 1614; x_wconf 83' lang='lat' dir='ltr'>obscur.</span> <span class='ocrx_word' id='word_1_735' title='bbox 1263 1589 1328 1616; x_wconf 85' lang='lat' dir='ltr'>eccl.</span> <span class='ocrx_word' id='word_1_736' title='bbox 1340 1591 1351 1620; x_wconf 90' lang='lat'><em>]</em></span> <span class='ocrx_word' id='word_1_737' title='bbox 1363 1594 1436 1627; x_wconf 83' lang='lat' dir='ltr'>cujus</span> <span class='ocrx_word' id='word_1_738' title='bbox 1445 1591 1604 1629; x_wconf 73' lang='lat' dir='ltr'>synonyma</span> <span class='ocrx_word' id='word_1_739' title='bbox 1614 1615 1621 1622; x_wconf 93' lang='lat'>.</span> <span class='ocrx_word' id='word_1_740' title='bbox 1641 1597 1715 1626; x_wconf 82' lang='lat' dir='ltr'>Vide</span> <span class='ocrx_word' id='word_1_741' title='bbox 1725 1599 1757 1626; x_wconf 90' lang='lat' dir='ltr'>in</span> 
     </span>
     <span class='ocr_line' id='line_1_81' title="bbox 959 1624 1764 1676; baseline 0.022 -27"><span class='ocrx_word' id='word_1_742' title='bbox 959 1624 1172 1661; x_wconf 66' lang='lat' dir='ltr'>dist.sacr1sta.</span> <span class='ocrx_word' id='word_1_743' title='bbox 1193 1628 1228 1655; x_wconf 79' lang='lat'>111</span> <span class='ocrx_word' id='word_1_744' title='bbox 1245 1629 1318 1657; x_wconf 88' lang='lat' dir='ltr'>curia</span> <span class='ocrx_word' id='word_1_745' title='bbox 1336 1641 1426 1660; x_wconf 82' lang='lat' dir='ltr'>autem</span> <span class='ocrx_word' id='word_1_746' title='bbox 1449 1634 1525 1672; x_wconf 84' lang='lat' dir='ltr'>regia</span> <span class='ocrx_word' id='word_1_747' title='bbox 1537 1655 1544 1666; x_wconf 90' lang='grc'><strong><em>,</em></strong></span> <span class='ocrx_word' id='word_1_748' title='bbox 1561 1634 1606 1663; x_wconf 81' lang='lat' dir='ltr'>seu</span> <span class='ocrx_word' id='word_1_749' title='bbox 1619 1637 1764 1676; x_wconf 78' lang='lat' dir='ltr'>Imperiali</span> 
     </span>
     <span class='ocr_line' id='line_1_82' title="bbox 960 1664 1760 1711; baseline 0.019 -19"><span class='ocrx_word' id='word_1_750' title='bbox 960 1664 1167 1701; x_wconf 79' lang='lat' dir='ltr'>Manfionarms</span> <span class='ocrx_word' id='word_1_751' title='bbox 1187 1677 1245 1696; x_wconf 83' lang='lat' dir='ltr'>erat</span> <span class='ocrx_word' id='word_1_752' title='bbox 1254 1670 1408 1700; x_wconf 71' lang='lat' dir='ltr'>Praecursor</span> <span class='ocrx_word' id='word_1_753' title='bbox 1418 1695 1425 1705; x_wconf 92' lang='lat'><em>‚</em></span> <span class='ocrx_word' id='word_1_754' title='bbox 1444 1673 1498 1702; x_wconf 80' lang='lat' dir='ltr'>five</span> <span class='ocrx_word' id='word_1_755' title='bbox 1508 1676 1673 1705; x_wconf 82' lang='lat' dir='ltr'>Prodromus</span> <span class='ocrx_word' id='word_1_756' title='bbox 1684 1700 1692 1711; x_wconf 87' lang='lat'><em>‚</em></span> <span class='ocrx_word' id='word_1_757' title='bbox 1731 1679 1760 1708; x_wconf 89' lang='lat' dir='ltr'>ui</span> 
     </span>
     <span class='ocr_line' id='line_1_83' title="bbox 958 1689 1763 1752; baseline 0.022 -21"><span class='ocrx_word' id='word_1_758' title='bbox 958 1708 1067 1733; x_wconf 74' lang='lat' dir='ltr'>Foriero</span> <span class='ocrx_word' id='word_1_759' title='bbox 1079 1706 1178 1734; x_wconf 79' lang='lat' dir='ltr'>italice</span> <span class='ocrx_word' id='word_1_760' title='bbox 1187 1708 1289 1737; x_wconf 88' lang='lat' dir='ltr'>dicitur</span> <span class='ocrx_word' id='word_1_761' title='bbox 1301 1731 1308 1737; x_wconf 92' lang='lat'>.</span> <span class='ocrx_word' id='word_1_762' title='bbox 1322 1718 1333 1746; x_wconf 89' lang='lat'>[</span> <span class='ocrx_word' id='word_1_763' title='bbox 1348 1713 1426 1741; x_wconf 85' lang='lat' dir='ltr'>Inter</span> <span class='ocrx_word' id='word_1_764' title='bbox 1437 1724 1506 1752; x_wconf 75' lang='lat' dir='ltr'>quos</span> <span class='ocrx_word' id='word_1_765' title='bbox 1514 1715 1597 1744; x_wconf 84' lang='lat' dir='ltr'>etiam</span> <span class='ocrx_word' id='word_1_766' title='bbox 1606 1721 1634 1746; x_wconf 79' lang='grc' dir='ltr'>ὅ(</span> <span class='ocrx_word' id='word_1_767' title='bbox 1646 1689 1763 1749; x_wconf 58' lang='lat' dir='ltr'>mango-</span> 
     </span>
     <span class='ocr_line' id='line_1_84' title="bbox 960 1745 1761 1790; baseline 0.022 -19"><span class='ocrx_word' id='word_1_768' title='bbox 960 1755 1050 1773; x_wconf 79' lang='lat' dir='ltr'>narius</span> <span class='ocrx_word' id='word_1_769' title='bbox 1062 1745 1180 1774; x_wconf 78' lang='lat' dir='ltr'>intereat</span> <span class='ocrx_word' id='word_1_770' title='bbox 1190 1769 1198 1780; x_wconf 88' lang='lat'><em>,</em></span> <span class='ocrx_word' id='word_1_771' title='bbox 1210 1748 1290 1787; x_wconf 86' lang='lat' dir='ltr'>super</span> <span class='ocrx_word' id='word_1_772' title='bbox 1299 1756 1371 1788; x_wconf 80' lang='lat' dir='ltr'>cujus</span> <span class='ocrx_word' id='word_1_773' title='bbox 1383 1755 1567 1784; x_wconf 80' lang='lat' dir='ltr'>ministerium</span> <span class='ocrx_word' id='word_1_774' title='bbox 1579 1757 1761 1790; x_wconf 60' lang='lat' dir='ltr'>incumbebam</span> 
     </span>
     <span class='ocr_line' id='line_1_85' title="bbox 960 1786 1766 1829; baseline 0.022 -17"><span class='ocrx_word' id='word_1_775' title='bbox 960 1786 1026 1814; x_wconf 85' lang='lat' dir='ltr'>ficut</span> <span class='ocrx_word' id='word_1_776' title='bbox 1036 1787 1063 1814; x_wconf 74' lang='grc' dir='ltr'>δι’</span> <span class='ocrx_word' id='word_1_777' title='bbox 1072 1797 1174 1815; x_wconf 87' lang='lat' dir='ltr'>nomen</span> <span class='ocrx_word' id='word_1_778' title='bbox 1185 1791 1240 1824; x_wconf 75' lang='lat' dir='ltr'>ejus</span> <span class='ocrx_word' id='word_1_779' title='bbox 1251 1791 1355 1821; x_wconf 84' lang='lat' dir='ltr'>indicat</span> <span class='ocrx_word' id='word_1_780' title='bbox 1367 1816 1375 1827; x_wconf 92' lang='grc'><em>,</em></span> <span class='ocrx_word' id='word_1_781' title='bbox 1386 1805 1415 1822; x_wconf 86' lang='lat' dir='ltr'>ut</span> <span class='ocrx_word' id='word_1_782' title='bbox 1426 1805 1455 1823; x_wconf 86' lang='lat' dir='ltr'>in</span> <span class='ocrx_word' id='word_1_783' title='bbox 1467 1794 1520 1824; x_wconf 88' lang='lat' dir='ltr'>hoc</span> <span class='ocrx_word' id='word_1_784' title='bbox 1532 1799 1650 1827; x_wconf 75' lang='lat' dir='ltr'>maxime</span> <span class='ocrx_word' id='word_1_785' title='bbox 1658 1799 1766 1829; x_wconf 83' lang='lat' dir='ltr'>sollici-</span> 
     </span>
     <span class='ocr_line' id='line_1_86' title="bbox 961 1827 1762 1875; baseline 0.022 -23"><span class='ocrx_word' id='word_1_786' title='bbox 961 1827 1030 1855; x_wconf 90' lang='lat' dir='ltr'>tudo</span> <span class='ocrx_word' id='word_1_787' title='bbox 1048 1830 1104 1863; x_wconf 75' lang='lat' dir='ltr'>ejus</span> <span class='ocrx_word' id='word_1_788' title='bbox 1125 1828 1233 1858; x_wconf 77' lang='lat' dir='ltr'>intenta</span> <span class='ocrx_word' id='word_1_789' title='bbox 1251 1831 1313 1860; x_wconf 82' lang='lat' dir='ltr'>esset</span> <span class='ocrx_word' id='word_1_790' title='bbox 1325 1855 1334 1866; x_wconf 94' lang='lat'><em>‚</em></span> <span class='ocrx_word' id='word_1_791' title='bbox 1357 1845 1386 1862; x_wconf 82' lang='lat' dir='ltr'>iit</span> <span class='ocrx_word' id='word_1_792' title='bbox 1400 1845 1454 1863; x_wconf 90' lang='lat' dir='ltr'>tam</span> <span class='ocrx_word' id='word_1_793' title='bbox 1473 1835 1621 1875; x_wconf 75' lang='lat' dir='ltr'>supradicti</span> <span class='ocrx_word' id='word_1_794' title='bbox 1640 1842 1744 1870; x_wconf 66' lang='lat' dir='ltr'>ac&#39;tores</span> <span class='ocrx_word' id='word_1_795' title='bbox 1753 1864 1762 1874; x_wconf 87' lang='lat'><strong>,</strong></span> 
     </span>
     <span class='ocr_line' id='line_1_87' title="bbox 962 1866 1763 1914; baseline 0.024 -22"><span class='ocrx_word' id='word_1_796' title='bbox 962 1877 1042 1906; x_wconf 71' lang='lat' dir='ltr'>quam</span> <span class='ocrx_word' id='word_1_797' title='bbox 1053 1871 1080 1895; x_wconf 78' lang='grc' dir='ltr'>δε</span> <span class='ocrx_word' id='word_1_798' title='bbox 1090 1866 1268 1907; x_wconf 75' lang='lat' dir='ltr'>susceptores,</span> <span class='ocrx_word' id='word_1_799' title='bbox 1281 1884 1336 1911; x_wconf 88' lang='lat' dir='ltr'>quo</span> <span class='ocrx_word' id='word_1_800' title='bbox 1348 1884 1472 1914; x_wconf 81' lang='lat' dir='ltr'>ternpore</span> <span class='ocrx_word' id='word_1_801' title='bbox 1482 1878 1516 1906; x_wconf 80' lang='lat' dir='ltr'>ad</span> <span class='ocrx_word' id='word_1_802' title='bbox 1524 1888 1570 1907; x_wconf 83' lang='lat' dir='ltr'>eos</span> <span class='ocrx_word' id='word_1_803' title='bbox 1583 1879 1644 1914; x_wconf 86' lang='lat' dir='ltr'>illo,</span> <span class='ocrx_word' id='word_1_804' title='bbox 1655 1882 1699 1910; x_wconf 86' lang='lat' dir='ltr'>vel</span> <span class='ocrx_word' id='word_1_805' title='bbox 1712 1882 1763 1911; x_wconf 88' lang='lat' dir='ltr'>illo</span> 
     </span>
     <span class='ocr_line' id='line_1_88' title="bbox 961 1908 1766 1960; baseline 0.021 -25"><span class='ocrx_word' id='word_1_806' title='bbox 961 1908 990 1936; x_wconf 86' lang='lat' dir='ltr'>in</span> <span class='ocrx_word' id='word_1_807' title='bbox 999 1909 1067 1937; x_wconf 87' lang='lat' dir='ltr'>loco</span> <span class='ocrx_word' id='word_1_808' title='bbox 1077 1912 1139 1938; x_wconf 88' lang='lat' dir='ltr'>Rex</span> <span class='ocrx_word' id='word_1_809' title='bbox 1152 1920 1280 1941; x_wconf 77' lang='lat' dir='ltr'>venturus</span> <span class='ocrx_word' id='word_1_810' title='bbox 1290 1914 1352 1943; x_wconf 76' lang='lat' dir='ltr'>effet</span> <span class='ocrx_word' id='word_1_811' title='bbox 1365 1937 1372 1949; x_wconf 91' lang='lat'><em>,</em></span> <span class='ocrx_word' id='word_1_812' title='bbox 1384 1926 1499 1956; x_wconf 87' lang='lat' dir='ltr'>propter</span> <span class='ocrx_word' id='word_1_813' title='bbox 1508 1919 1680 1950; x_wconf 78' lang='lat' dir='ltr'>manlionum</span> <span class='ocrx_word' id='word_1_814' title='bbox 1693 1932 1766 1960; x_wconf 75' lang='lat' dir='ltr'>prae-</span> 
     </span>
    </p>
   </div>
   <div class='ocr_carea' id='block_1_28' title="bbox 961 1950 1764 2034">
    <p class='ocr_par' dir='ltr' id='par_1_28' title="bbox 961 1950 1764 2034">
     <span class='ocr_line' id='line_1_89' title="bbox 962 1950 1764 2001; baseline 0.022 -26"><span class='ocrx_word' id='word_1_815' title='bbox 962 1950 1131 1986; x_wconf 75' lang='lat' dir='ltr'>pai-ationem</span> <span class='ocrx_word' id='word_1_816' title='bbox 1141 1971 1149 1982; x_wconf 89' lang='lat'><em>,</em></span> <span class='ocrx_word' id='word_1_817' title='bbox 1170 1961 1199 1978; x_wconf 86' lang='lat' dir='ltr'>ut</span> <span class='ocrx_word' id='word_1_818' title='bbox 1210 1962 1370 1992; x_wconf 85' lang='lat' dir='ltr'>opportuno</span> <span class='ocrx_word' id='word_1_819' title='bbox 1383 1967 1507 1997; x_wconf 88' lang='lat' dir='ltr'>tempore</span> <span class='ocrx_word' id='word_1_820' title='bbox 1518 1959 1646 1999; x_wconf 73' lang='lat' dir='ltr'>praescire</span> <span class='ocrx_word' id='word_1_821' title='bbox 1655 1963 1764 2001; x_wconf 83' lang='lat' dir='ltr'>potuis-</span> 
     </span>
     <span class='ocr_line' id='line_1_90' title="bbox 961 1988 1351 2034; baseline 0.023 -18"><span class='ocrx_word' id='word_1_822' title='bbox 961 1988 1022 2017; x_wconf 80' lang='lat' dir='ltr'>sent</span> <span class='ocrx_word' id='word_1_823' title='bbox 1033 2011 1039 2017; x_wconf 92' lang='lat'><em>.</em></span> <span class='ocrx_word' id='word_1_824' title='bbox 1063 1992 1207 2019; x_wconf 85' lang='lat' dir='ltr'>Hincmar.</span> <span class='ocrx_word' id='word_1_825' title='bbox 1230 1995 1310 2032; x_wconf 83' lang='lat' dir='ltr'>epist.</span> <span class='ocrx_word' id='word_1_826' title='bbox 1323 2007 1351 2034; x_wconf 81' lang='lat'>3.</span> 
     </span>
    </p>
   </div>
   <div class='ocr_carea' id='block_1_29' title="bbox 102 2025 1759 2084">
    <p class='ocr_par' dir='ltr' id='par_1_29' title="bbox 102 2025 1759 2084">
     <span class='ocr_line' id='line_1_91' title="bbox 102 2025 1759 2084; baseline 0.014 -33"><span class='ocrx_word' id='word_1_827' title='bbox 102 2025 229 2052; x_wconf 76' lang='lat' dir='ltr'>Rubricis</span> <span class='ocrx_word' id='word_1_828' title='bbox 240 2047 248 2057; x_wconf 90' lang='lat'><em>,</em></span> <span class='ocrx_word' id='word_1_829' title='bbox 277 2026 323 2065; x_wconf 91' lang='lat' dir='ltr'>qui</span> <span class='ocrx_word' id='word_1_830' title='bbox 344 2028 373 2056; x_wconf 83' lang='lat' dir='ltr'>iii</span> <span class='ocrx_word' id='word_1_831' title='bbox 391 2028 562 2067; x_wconf 74' lang='lat' dir='ltr'>processione</span> <span class='ocrx_word' id='word_1_832' title='bbox 591 2030 750 2060; x_wconf 73' lang='lat' dir='ltr'>festivitatis</span> <span class='ocrx_word' id='word_1_833' title='bbox 770 2033 905 2072; x_wconf 82' lang='lat' dir='ltr'>Corporis</span> <span class='ocrx_word' id='word_1_834' title='bbox 920 2032 1184 2061; x_wconf 63' lang='lat' dir='ltr'><strong>MAMIONATICUM</strong></span> <span class='ocrx_word' id='word_1_835' title='bbox 1194 2052 1201 2059; x_wconf 89' lang='lat'><strong>·</strong></span> <span class='ocrx_word' id='word_1_836' title='bbox 1211 2035 1267 2064; x_wconf 69' lang='lat' dir='ltr'>FR.</span> <span class='ocrx_word' id='word_1_837' title='bbox 1279 2035 1430 2076; x_wconf 84' lang='lat' dir='ltr'>liospitatio</span> <span class='ocrx_word' id='word_1_838' title='bbox 1440 2061 1448 2073; x_wconf 92' lang='lat'><em>‚</em></span> <span class='ocrx_word' id='word_1_839' title='bbox 1460 2043 1488 2069; x_wconf 77' lang='grc'>8(</span> <span class='ocrx_word' id='word_1_840' title='bbox 1498 2042 1651 2082; x_wconf 78' lang='lat' dir='ltr'>albergatio</span> <span class='ocrx_word' id='word_1_841' title='bbox 1660 2046 1759 2084; x_wconf 83' lang='lat' dir='ltr'>Regis,</span> 
     </span>
    </p>
   </div>
   <div class='ocr_carea' id='block_1_30' title="bbox 100 2063 534 2107">
    <p class='ocr_par' dir='ltr' id='par_1_30' title="bbox 100 2063 534 2107">
     <span class='ocr_line' id='line_1_92' title="bbox 100 2063 534 2107; baseline 0.016 -16"><span class='ocrx_word' id='word_1_842' title='bbox 100 2063 209 2092; x_wconf 75' lang='lat' dir='ltr'>Christi</span> <span class='ocrx_word' id='word_1_843' title='bbox 221 2069 392 2105; x_wconf 83' lang='lat' dir='ltr'>manipulum</span> <span class='ocrx_word' id='word_1_844' title='bbox 404 2079 516 2107; x_wconf 69' lang='lat' dir='ltr'>portant</span> <span class='ocrx_word' id='word_1_845' title='bbox 527 2091 534 2098; x_wconf 91' lang='lat'><strong>.</strong></span> 
     </span>
    </p>
   </div>
   <div class='ocr_carea' id='block_1_31' title="bbox 961 2072 1760 2119">
    <p class='ocr_par' dir='ltr' id='par_1_31' title="bbox 961 2072 1760 2119">
     <span class='ocr_line' id='line_1_93' title="bbox 961 2072 1760 2119; baseline 0.023 -22"><span class='ocrx_word' id='word_1_846' title='bbox 961 2073 1005 2099; x_wconf 83' lang='lat' dir='ltr'>vel</span> <span class='ocrx_word' id='word_1_847' title='bbox 1024 2072 1145 2100; x_wconf 64' lang='lat' dir='ltr'>militum</span> <span class='ocrx_word' id='word_1_848' title='bbox 1157 2094 1164 2101; x_wconf 88' lang='grc'>.</span> <span class='ocrx_word' id='word_1_849' title='bbox 1188 2075 1284 2113; x_wconf 85' lang='lat' dir='ltr'>Sigon.</span> <span class='ocrx_word' id='word_1_850' title='bbox 1303 2077 1338 2106; x_wconf 91' lang='lat' dir='ltr'>de</span> <span class='ocrx_word' id='word_1_851' title='bbox 1357 2081 1460 2119; x_wconf 85' lang='lat' dir='ltr'>Regno</span> <span class='ocrx_word' id='word_1_852' title='bbox 1478 2083 1541 2111; x_wconf 80' lang='lat' dir='ltr'>Ital.</span> <span class='ocrx_word' id='word_1_853' title='bbox 1562 2084 1608 2112; x_wconf 86' lang='lat' dir='ltr'>lib.</span> <span class='ocrx_word' id='word_1_854' title='bbox 1621 2087 1760 2118; x_wconf 86' lang='lat' dir='ltr'>7.Bull:ir.</span> 
     </span>
    </p>
   </div>
   <div class='ocr_carea' id='block_1_32' title="bbox 56 2105 1761 2364">
    <p class='ocr_par' dir='ltr' id='par_1_32' title="bbox 60 2105 1546 2158">
     <span class='ocr_line' id='line_1_94' title="bbox 60 2105 1546 2158; baseline 0.011 -26"><span class='ocrx_word' id='word_1_855' title='bbox 60 2105 212 2134; x_wconf 46' lang='lat' dir='ltr'>Maxu-11«</span> <span class='ocrx_word' id='word_1_856' title='bbox 224 2128 231 2139; x_wconf 87' lang='lat'><em>‚</em></span> <span class='ocrx_word' id='word_1_857' title='bbox 244 2107 273 2134; x_wconf 85' lang='lat' dir='ltr'>in</span> <span class='ocrx_word' id='word_1_858' title='bbox 286 2108 403 2145; x_wconf 80' lang='lat' dir='ltr'>plurali,</span> <span class='ocrx_word' id='word_1_859' title='bbox 413 2110 580 2139; x_wconf 70' lang='lat' dir='ltr'>chirotheca:</span> <span class='ocrx_word' id='word_1_860' title='bbox 594 2132 600 2138; x_wconf 95' lang='lat'>.</span> <span class='ocrx_word' id='word_1_861' title='bbox 615 2112 754 2147; x_wconf 83' lang='lat' dir='ltr'>[Manitia</span> <span class='ocrx_word' id='word_1_862' title='bbox 768 2135 774 2145; x_wconf 84' lang='lat'><em>,</em></span> <span class='ocrx_word' id='word_1_863' title='bbox 786 2123 845 2152; x_wconf 74' lang='lat' dir='ltr'>quae</span> <span class='ocrx_word' id='word_1_864' title='bbox 857 2124 905 2142; x_wconf 91' lang='lat' dir='ltr'>nos</span> <span class='ocrx_word' id='word_1_865' title='bbox 961 2112 1091 2140; x_wconf 61' lang='lat' dir='ltr'>fafinen-</span> <span class='ocrx_word' id='word_1_866' title='bbox 1102 2123 1170 2141; x_wconf 65' lang='lat'>10111·</span> <span class='ocrx_word' id='word_1_867' title='bbox 1180 2126 1210 2158; x_wconf 23' lang='lat'>⁴2·</span> <span class='ocrx_word' id='word_1_868' title='bbox 1220 2117 1307 2145; x_wconf 81' lang='lat' dir='ltr'>const.</span> <span class='ocrx_word' id='word_1_869' title='bbox 1320 2130 1366 2154; x_wconf 77' lang='lat'>40.</span> <span class='ocrx_word' id='word_1_870' title='bbox 1381 2132 1428 2155; x_wconf 79' lang='lat'>41.</span> <span class='ocrx_word' id='word_1_871' title='bbox 1438 2125 1466 2151; x_wconf 79' lang='grc'>6(</span> <span class='ocrx_word' id='word_1_872' title='bbox 1481 2133 1490 2151; x_wconf 86' lang='lat'>1</span> <span class='ocrx_word' id='word_1_873' title='bbox 1501 2133 1546 2158; x_wconf 82' lang='lat'>55.</span> 
     </span>
    </p>

    <p class='ocr_par' dir='ltr' id='par_1_33' title="bbox 103 2147 1378 2196">
     <span class='ocr_line' id='line_1_95' title="bbox 103 2147 1378 2196; baseline 0.013 -25"><span class='ocrx_word' id='word_1_874' title='bbox 103 2147 250 2184; x_wconf 83' lang='lat' dir='ltr'>peregrina</span> <span class='ocrx_word' id='word_1_875' title='bbox 261 2148 353 2187; x_wconf 78' lang='lat' dir='ltr'>lingua</span> <span class='ocrx_word' id='word_1_876' title='bbox 365 2151 470 2179; x_wconf 83' lang='lat' dir='ltr'>Vantos</span> <span class='ocrx_word' id='word_1_877' title='bbox 483 2161 609 2180; x_wconf 77' lang='lat' dir='ltr'>vocamus</span> <span class='ocrx_word' id='word_1_878' title='bbox 621 2172 628 2179; x_wconf 90' lang='lat'><strong>.</strong></span> <span class='ocrx_word' id='word_1_879' title='bbox 651 2154 686 2181; x_wconf 90' lang='lat' dir='ltr'>In</span> <span class='ocrx_word' id='word_1_880' title='bbox 705 2163 760 2181; x_wconf 90' lang='lat' dir='ltr'>vita</span> <span class='ocrx_word' id='word_1_881' title='bbox 771 2156 802 2183; x_wconf 91' lang='grc' dir='ltr'>Β.</span> <span class='ocrx_word' id='word_1_882' title='bbox 813 2153 905 2184; x_wconf 82' lang='lat' dir='ltr'>Phili·</span> <span class='ocrx_word' id='word_1_883' title='bbox 920 2154 1112 2182; x_wconf 48' lang='lat' dir='ltr'>Min-suimus</span> <span class='ocrx_word' id='word_1_884' title='bbox 1123 2174 1129 2180; x_wconf 91' lang='lat'><strong>.</strong></span> <span class='ocrx_word' id='word_1_885' title='bbox 1149 2156 1221 2184; x_wconf 73' lang='lat' dir='ltr'>Vide</span> <span class='ocrx_word' id='word_1_886' title='bbox 1242 2159 1359 2196; x_wconf 79' lang='lat' dir='ltr'>Mansus</span> <span class='ocrx_word' id='word_1_887' title='bbox 1371 2180 1378 2188; x_wconf 91' lang='lat'><strong>.</strong></span> 
     </span>
    </p>

    <p class='ocr_par' dir='ltr' id='par_1_34' title="bbox 56 2186 1761 2330">
     <span class='ocr_line' id='line_1_96' title="bbox 99 2186 1707 2249; baseline 0.014 -36"><span class='ocrx_word' id='word_1_888' title='bbox 99 2186 170 2214; x_wconf 85' lang='lat' dir='ltr'>berti</span> <span class='ocrx_word' id='word_1_889' title='bbox 180 2207 187 2213; x_wconf 86' lang='lat'>-</span> <span class='ocrx_word' id='word_1_890' title='bbox 200 2188 273 2216; x_wconf 84' lang='lat' dir='ltr'>Vide</span> <span class='ocrx_word' id='word_1_891' title='bbox 283 2190 475 2220; x_wconf 66' lang='lat' dir='ltr'>Chirona-heca</span> <span class='ocrx_word' id='word_1_892' title='bbox 487 2213 496 2224; x_wconf 95' lang='lat'><em>‚</em></span> <span class='ocrx_word' id='word_1_893' title='bbox 507 2196 620 2221; x_wconf 81' lang='lat' dir='ltr'>Guanto</span> <span class='ocrx_word' id='word_1_894' title='bbox 629 2214 638 2225; x_wconf 89' lang='lat'><em>‚</em></span> <span class='ocrx_word' id='word_1_895' title='bbox 650 2198 756 2222; x_wconf 75' lang='lat' dir='ltr'>Vvaneo</span> <span class='ocrx_word' id='word_1_896' title='bbox 921 2195 1131 2222; x_wconf 64' lang='grc' dir='ltr'>ΜΛΝδυεΤ-αυο</span> <span class='ocrx_word' id='word_1_897' title='bbox 1141 2215 1161 2239; x_wconf 23' lang='grc' dir='ltr'>,η</span> <span class='ocrx_word' id='word_1_898' title='bbox 1175 2197 1250 2226; x_wconf 80' lang='lat' dir='ltr'>Vide</span> <span class='ocrx_word' id='word_1_899' title='bbox 1271 2203 1391 2230; x_wconf 63' lang='lat' dir='ltr'>Metitas</span> <span class='ocrx_word' id='word_1_900' title='bbox 1401 2222 1410 2234; x_wconf 87' lang='lat'><em>,</em></span> <span class='ocrx_word' id='word_1_901' title='bbox 1433 2204 1624 2249; x_wconf 64' lang='lat' dir='ltr'>Philochristm&gt;</span> <span class='ocrx_word' id='word_1_902' title='bbox 1633 2227 1640 2233; x_wconf 87' lang='lat'><em>-</em></span> <span class='ocrx_word' id='word_1_903' title='bbox 1704 2244 1707 2245; x_wconf 22' lang='lat'><em>⁷</em></span> 
     </span>
     <span class='ocr_line' id='line_1_97' title="bbox 63 2226 1761 2289; baseline 0.014 -37"><span class='ocrx_word' id='word_1_904' title='bbox 63 2226 178 2254; x_wconf 68' lang='grc' dir='ltr'><strong>ΜΑκκΛ</strong></span> <span class='ocrx_word' id='word_1_905' title='bbox 189 2246 196 2253; x_wconf 89' lang='grc'><em>.</em></span> <span class='ocrx_word' id='word_1_906' title='bbox 209 2228 281 2256; x_wconf 80' lang='lat' dir='ltr'>Vide</span> <span class='ocrx_word' id='word_1_907' title='bbox 292 2230 538 2270; x_wconf 77' lang='lat' dir='ltr'>Escatslispluvia</span> <span class='ocrx_word' id='word_1_908' title='bbox 546 2253 554 2266; x_wconf 90' lang='lat'><em>,</em></span> <span class='ocrx_word' id='word_1_909' title='bbox 575 2234 716 2270; x_wconf 79' lang='lat' dir='ltr'>Panificus</span> <span class='ocrx_word' id='word_1_910' title='bbox 728 2235 815 2263; x_wconf 78' lang='lat' dir='ltr'>imber</span> <span class='ocrx_word' id='word_1_911' title='bbox 825 2255 832 2263; x_wconf 95' lang='lat'>.</span> <span class='ocrx_word' id='word_1_912' title='bbox 919 2235 1049 2263; x_wconf 58' lang='lat' dir='ltr'>Missua</span> <span class='ocrx_word' id='word_1_913' title='bbox 1059 2255 1067 2267; x_wconf 92' lang='lat'><em>‚</em></span> <span class='ocrx_word' id='word_1_914' title='bbox 1079 2237 1195 2264; x_wconf 77' lang='lat' dir='ltr'>Arabica</span> <span class='ocrx_word' id='word_1_915' title='bbox 1205 2237 1301 2273; x_wconf 68' lang='lat' dir='ltr'>dictio,</span> <span class='ocrx_word' id='word_1_916' title='bbox 1315 2239 1394 2274; x_wconf 83' lang='lat' dir='ltr'>idest,</span> <span class='ocrx_word' id='word_1_917' title='bbox 1405 2243 1509 2279; x_wconf 71' lang='lat' dir='ltr'>adjutus</span> <span class='ocrx_word' id='word_1_918' title='bbox 1519 2267 1528 2278; x_wconf 89' lang='lat'><em>‚</em></span> <span class='ocrx_word' id='word_1_919' title='bbox 1539 2249 1692 2289; x_wconf 67' lang='lat' dir='ltr'>auxiliatus3</span> <span class='ocrx_word' id='word_1_920' title='bbox 1705 2256 1761 2284; x_wconf 81' lang='lat' dir='ltr'>quo</span> 
     </span>
     <span class='ocr_line' id='line_1_98' title="bbox 56 2266 1760 2330; baseline 0.013 -37"><span class='ocrx_word' id='word_1_921' title='bbox 56 2266 184 2294; x_wconf 51' lang='lat' dir='ltr'>Min-mo</span> <span class='ocrx_word' id='word_1_922' title='bbox 193 2288 201 2299; x_wconf 89' lang='lat'><em>,</em></span> <span class='ocrx_word' id='word_1_923' title='bbox 214 2271 242 2296; x_wconf 67' lang='grc' dir='ltr'>δε</span> <span class='ocrx_word' id='word_1_924' title='bbox 255 2274 354 2298; x_wconf 74' lang='lat' dir='ltr'>Manio</span> <span class='ocrx_word' id='word_1_925' title='bbox 362 2291 370 2298; x_wconf 87' lang='lat'><strong>.</strong></span> <span class='ocrx_word' id='word_1_926' title='bbox 385 2273 441 2301; x_wconf 68' lang='lat' dir='ltr'>PR.</span> <span class='ocrx_word' id='word_1_927' title='bbox 453 2281 553 2301; x_wconf 87' lang='lat' dir='ltr'>moneo</span> <span class='ocrx_word' id='word_1_928' title='bbox 565 2294 573 2305; x_wconf 91' lang='grc'><strong><em>,</em></strong></span> <span class='ocrx_word' id='word_1_929' title='bbox 583 2273 641 2302; x_wconf 85' lang='lat' dir='ltr'>cito</span> <span class='ocrx_word' id='word_1_930' title='bbox 653 2295 662 2307; x_wconf 93' lang='lat'><em>‚</em></span> <span class='ocrx_word' id='word_1_931' title='bbox 673 2275 813 2304; x_wconf 88' lang='lat' dir='ltr'>denuncio</span> <span class='ocrx_word' id='word_1_932' title='bbox 823 2276 854 2304; x_wconf 92' lang='lat' dir='ltr'>in</span> <span class='ocrx_word' id='word_1_933' title='bbox 863 2280 904 2313; x_wconf 78' lang='lat' dir='ltr'>ju·</span> <span class='ocrx_word' id='word_1_934' title='bbox 963 2275 1328 2324; x_wconf 71' lang='lat' dir='ltr'>titulo.D.Jo.Damascenus</span> <span class='ocrx_word' id='word_1_935' title='bbox 1339 2283 1486 2328; x_wconf 31' lang='lat' dir='ltr'>appella-tus</span> <span class='ocrx_word' id='word_1_936' title='bbox 1497 2285 1544 2319; x_wconf 82' lang='lat' dir='ltr'>est,</span> <span class='ocrx_word' id='word_1_937' title='bbox 1553 2297 1590 2330; x_wconf 79' lang='lat' dir='ltr'>ex</span> <span class='ocrx_word' id='word_1_938' title='bbox 1599 2297 1633 2314; x_wconf 87' lang='lat' dir='ltr'>eo</span> <span class='ocrx_word' id='word_1_939' title='bbox 1644 2296 1704 2325; x_wconf 84' lang='lat' dir='ltr'>quia</span> <span class='ocrx_word' id='word_1_940' title='bbox 1713 2297 1760 2315; x_wconf 80' lang='lat' dir='ltr'>au-</span> 
     </span>
    </p>

    <p class='ocr_par' dir='ltr' id='par_1_35' title="bbox 96 2305 1760 2364">
     <span class='ocr_line' id='line_1_99' title="bbox 96 2305 1760 2364; baseline 0.014 -31"><span class='ocrx_word' id='word_1_941' title='bbox 96 2305 200 2335; x_wconf 87' lang='lat' dir='ltr'>dicium</span> <span class='ocrx_word' id='word_1_942' title='bbox 211 2330 219 2341; x_wconf 92' lang='lat'><em>‚</em></span> <span class='ocrx_word' id='word_1_943' title='bbox 230 2308 249 2336; x_wconf 90' lang='lat' dir='ltr'>l.</span> <span class='ocrx_word' id='word_1_944' title='bbox 262 2309 280 2338; x_wconf 81' lang='lat' dir='ltr'>fi</span> <span class='ocrx_word' id='word_1_945' title='bbox 292 2312 352 2348; x_wconf 86' lang='lat' dir='ltr'>quis</span> <span class='ocrx_word' id='word_1_946' title='bbox 361 2311 393 2340; x_wconf 80' lang='lat' dir='ltr'>ad</span> <span class='ocrx_word' id='word_1_947' title='bbox 404 2313 515 2342; x_wconf 85' lang='lat' dir='ltr'>mallum</span> <span class='ocrx_word' id='word_1_948' title='bbox 525 2335 533 2346; x_wconf 95' lang='lat'><em>,</em></span> <span class='ocrx_word' id='word_1_949' title='bbox 545 2313 630 2342; x_wconf 79' lang='lat' dir='ltr'>dehis</span> <span class='ocrx_word' id='word_1_950' title='bbox 642 2336 650 2347; x_wconf 88' lang='lat'><em>‚</em></span> <span class='ocrx_word' id='word_1_951' title='bbox 672 2316 719 2353; x_wconf 82' lang='lat' dir='ltr'>qui</span> <span class='ocrx_word' id='word_1_952' title='bbox 731 2316 763 2344; x_wconf 84' lang='lat' dir='ltr'>ad</span> <span class='ocrx_word' id='word_1_953' title='bbox 774 2317 904 2356; x_wconf 70' lang='lat' dir='ltr'>placitum</span> <span class='ocrx_word' id='word_1_954' title='bbox 960 2316 1032 2346; x_wconf 88' lang='lat' dir='ltr'>xilio</span> <span class='ocrx_word' id='word_1_955' title='bbox 1056 2317 1144 2345; x_wconf 63' lang='lat' dir='ltr'>neam</span> <span class='ocrx_word' id='word_1_956' title='bbox 1155 2319 1250 2348; x_wconf 73' lang='lat' dir='ltr'>Mariae</span> <span class='ocrx_word' id='word_1_957' title='bbox 1272 2322 1418 2360; x_wconf 74' lang='lat' dir='ltr'>VirginiS,</span> <span class='ocrx_word' id='word_1_958' title='bbox 1441 2335 1471 2353; x_wconf 92' lang='lat' dir='ltr'>in</span> <span class='ocrx_word' id='word_1_959' title='bbox 1481 2326 1626 2364; x_wconf 81' lang='lat' dir='ltr'>pristinum</span> <span class='ocrx_word' id='word_1_960' title='bbox 1642 2336 1760 2361; x_wconf 70' lang='lat' dir='ltr'>conjun-</span> 
     </span>
    </p>
   </div>
   <div class='ocr_carea' id='block_1_33' title="bbox 99 2353 1758 2445">
    <p class='ocr_par' dir='ltr' id='par_1_36' title="bbox 99 2353 1758 2445">
     <span class='ocr_line' id='line_1_100' title="bbox 99 2353 1758 2402; baseline 0.014 -29"><span class='ocrx_word' id='word_1_961' title='bbox 99 2355 199 2377; x_wconf 78' lang='lat' dir='ltr'>yenire</span> <span class='ocrx_word' id='word_1_962' title='bbox 207 2359 344 2388; x_wconf 87' lang='lat' dir='ltr'>coguntur</span> <span class='ocrx_word' id='word_1_963' title='bbox 355 2373 363 2384; x_wconf 84' lang='lat'><em>‚</em></span> <span class='ocrx_word' id='word_1_964' title='bbox 373 2355 400 2381; x_wconf 77' lang='grc' dir='ltr'>δε</span> <span class='ocrx_word' id='word_1_965' title='bbox 411 2353 429 2381; x_wconf 87' lang='lat'>1.</span> <span class='ocrx_word' id='word_1_966' title='bbox 441 2353 460 2382; x_wconf 83' lang='lat' dir='ltr'>si</span> <span class='ocrx_word' id='word_1_967' title='bbox 471 2355 530 2394; x_wconf 77' lang='lat' dir='ltr'>quis</span> <span class='ocrx_word' id='word_1_968' title='bbox 539 2354 574 2386; x_wconf 82' lang='lat' dir='ltr'>de</span> <span class='ocrx_word' id='word_1_969' title='bbox 585 2355 662 2386; x_wconf 79' lang='lat' dir='ltr'>statu.</span> <span class='ocrx_word' id='word_1_970' title='bbox 671 2355 733 2387; x_wconf 85' lang='lat' dir='ltr'>eod.</span> <span class='ocrx_word' id='word_1_971' title='bbox 746 2365 792 2386; x_wconf 73' lang='lat' dir='ltr'>tii.</span> <span class='ocrx_word' id='word_1_972' title='bbox 959 2359 1000 2388; x_wconf 64' lang='lat' dir='ltr'>&amp;a</span> <span class='ocrx_word' id='word_1_973' title='bbox 1020 2357 1045 2387; x_wconf 84' lang='lat' dir='ltr'>ei</span> <span class='ocrx_word' id='word_1_974' title='bbox 1066 2355 1120 2387; x_wconf 84' lang='lat' dir='ltr'>fuit</span> <span class='ocrx_word' id='word_1_975' title='bbox 1140 2368 1233 2389; x_wconf 72' lang='lat' dir='ltr'>manus</span> <span class='ocrx_word' id='word_1_976' title='bbox 1244 2382 1253 2396; x_wconf 92' lang='lat'><em>,</em></span> <span class='ocrx_word' id='word_1_977' title='bbox 1272 2372 1330 2402; x_wconf 75' lang='lat' dir='ltr'>qux</span> <span class='ocrx_word' id='word_1_978' title='bbox 1349 2363 1381 2392; x_wconf 79' lang='lat' dir='ltr'>ab</span> <span class='ocrx_word' id='word_1_979' title='bbox 1390 2365 1581 2396; x_wconf 80' lang='lat' dir='ltr'>Iconomachis</span> <span class='ocrx_word' id='word_1_980' title='bbox 1598 2368 1758 2397; x_wconf 77' lang='lat' dir='ltr'>detruncata</span> 
     </span>
     <span class='ocr_line' id='line_1_101' title="bbox 138 2390 1718 2445; baseline 0.014 -28"><span class='ocrx_word' id='word_1_981' title='bbox 138 2390 335 2421; x_wconf 70' lang='lat' dir='ltr'>Hierolcxicm,</span> <span class='ocrx_word' id='word_1_982' title='bbox 351 2397 443 2422; x_wconf 66' lang='lat' dir='ltr'>Macri</span> <span class='ocrx_word' id='word_1_983' title='bbox 455 2414 462 2422; x_wconf 92' lang='lat'><strong><em>.</em></strong></span> <span class='ocrx_word' id='word_1_984' title='bbox 1319 2402 1348 2433; x_wconf 94' lang='lat' dir='ltr'>D</span> <span class='ocrx_word' id='word_1_985' title='bbox 1359 2404 1378 2434; x_wconf 88' lang='lat' dir='ltr'>d</span> <span class='ocrx_word' id='word_1_986' title='bbox 1419 2416 1434 2445; x_wconf 79' lang='lat'><em>3</em></span> <span class='ocrx_word' id='word_1_987' title='bbox 1661 2407 1718 2443; x_wconf 69' lang='lat' dir='ltr'>fue:</span> 
     </span>
    </p>
   </div>
  </div>
 </body>
</html>
