1866 2526
150 47 175 84 6
181 56 197 68 ⁶
206 40 228 81 8
483 36 511 78 S
544 36 585 77 U

134 110 148 129 :i
159 69 283 129 fidjelibus
295 94 356 135 ipsis
366 93 515 133 suscipiunt
524 115 532 127 ‚
554 97 583 122 δε
593 92 698 122 Levitis
717 91 935 132 superponendas

137 138 264 169 altaribus
275 136 402 165 deferunt
412 155 419 162 .
442 136 484 165 Hi
494 135 564 173 apud
577 135 708 163 Hebraeos
729 133 877 163 Nathinaei
887 142 936 161 vo-

138 189 232 210 cantur
241 201 250 213 ‚
269 187 328 206 can.
343 178 447 207 -Cleros
457 198 465 209 ,
485 177 510 208 ξ.
521 174 643 204 sacerdos
654 196 662 208 ‚
683 174 745 203 dist.
768 186 782 203 2
792 185 814 202 1.
828 175 840 204 ]
862 177 889 201 ὃ(
900 172 936 200 ibi

139 219 227 251 Glofl2
239 228 364 258 tempore
383 218 494 247 Urbani
503 219 581 255 Papae
593 217 616 244 1.
639 216 851 245 Subdiaconatus
868 213 938 241 ordo

141 273 200 291 non
210 269 267 290 erat
278 260 357 288 sacer.
377 268 435 298 cap.
445 268 459 285 a
469 257 561 285 multis
572 279 581 291 2
600 256 648 284 lib.
664 267 687 284 t.
696 255 823 284 decretal.
837 253 880 282 tit.
895 264 939 288 ¹4·

139 304 176 332 de
185 311 258 331 aetat.
269 305 295 330 ὂ(
306 299 402 339 qualit.
414 298 474 327 ord.
484 298 586 336 praefic.
596 300 622 326 8<
635 297 756 328 Postilla,
768 296 798 323 in
807 305 865 323 can.
877 293 939 322 sunt

141 343 261 382 quidam,
277 353 290 370 2
299 344 323 377 ς.
337 350 383 378 qu.
400 350 422 367 1.
433 342 459 368 ὅ(
469 349 524 377 cap.
536 339 675 369 miramur,
689 337 723 364 de
732 335 816 364 servis
827 345 883 363 non
893 345 942 362 01·-

140 386 236 413 dinan.
248 382 393 411 Gratianus
402 389 495 408 tamen
505 379 608 407 eri-:ivit
618 398 626 409 ‚
640 375 754 405 afferens
764 376 940 405 subdiacona-

141 435 199 453 tum
215 422 365 461 antiquitus
378 431 435 449 non
446 419 521 448 fuifl'e
533 418 661 447 ordinem
672 439 680 450 ,
699 418 745 456 qui
758 418 787 445 ab
797 419 851 452 ejus
861 415 942 444 Glos-

140 465 231 494 satore
241 463 393 501 corrigitur
402 480 408 488 .
422 460 495 488 Vide
506 460 710 496 Chorepiscopns
720 478 727 485 .
739 459 777 493 111.-
789 456 884 486 Graeci
896 467 943 484 an-

142 506 212 545 tiqui
222 505 290 534 ritus
302 499 464 532 tenacissimi
474 500 560 529 adhuc
570 500 649 527 illum
661 497 814 531 observant,
830 495 943 525 afferen-

144 556 184 576 tes
193 546 415 575 subdiaconatum
435 552 493 569 non
504 540 555 569 ess'e
575 539 676 568 sacrum
685 539 814 567 ordinem
825 559 831 570 ,
850 538 944 566 illum-

142 598 196 627 que
206 587 282 616 simul
293 594 354 613 cum
372 583 525 611 Diaconatu
543 581 707 610 conferunt.
727 581 789 608 Imo
801 589 882 618 penes
894 581 945 607 La-

144 630 218 657 tinos
230 625 384 664 antiquitus
401 623 434 651 ad
445 622 575 651 castitatis
585 621 783 650 observantiam
799 630 857 655 non
867 629 943 648 tene-

145 670 262 698 bantui-5
287 666 396 694 fuerunt
408 673 499 692 tamen
508 663 542 691 ad
559 662 629 691 hanc
649 660 849 690 observantiam
859 661 944 689 coaffi

144 720 219 738 anno
234 714 299 744 589.
312 710 410 736 Baton·
423 704 488 732 ibid.
501 714 576 732 num.
590 708 636 738 48.
653 704 709 731 PR.
721 700 806 730 sedin
816 701 945 730 Gratiani

144 751 268 780 Deci-eto
285 747 364 782 hujus
375 744 571 784 prohibitionis
592 743 724 773 Auftores
742 743 888 775 Caunus,
908 743 944 770 D.

145 791 300 829 Gregorius
312 809 322 824 ‚
339 787 521 817 Innocentius
532 786 572 814 11.
594 786 683 813 Conc.
697 784 824 812 Toletan.
835 784 875 810 11.
887 781 945 810 assi-

148 841 288 871 gnamur,
299 840 357 857 can.
368 826 534 862 presbyteris
545 847 551 859 ,
572 826 633 854 dist.
645 835 689 856 27.
702 825 738 852 ibi
750 822 836 852 Glofli
847 826 874 850 ἃ
886 833 945 850 can.

146 873 253 901 nullum
267 880 342 904 ,cam
352 868 523 899 decernimus
535 888 542 899 ,
564 877 622 895 can.
632 866 665 893 de
675 864 717 892 his
729 885 737 897 ‚
750 864 810 892 dist.
826 877 838 893 2
847 869 870 892 8.
893 864 946 891 Sed

145 912 176 941 in
186 911 300 941 Concil.
311 911 437 940 Toletan.
451 911 485 937 V.
498 907 608 936 nonnisi
619 905 775 935 Sacerdotes
787 926 794 938 ,
807 909 834 934 ὅ(
845 902 948 932 Diaco-

145 954 176 982 ni
192 953 224 981 ad
235 952 386 981 castitatem
397 950 574 989 obligantur,
592 958 651 976 can.
663 946 772 984 quando
784 968 792 979 ‚
816 945 873 974 ead.
884 945 946 973 dist.

152 998 197 1022 28.
211 994 342 1022 Batonius
361 1003 427 1020 vei-o
439 990 545 1028 nuptias
557 987 733 1017 Subdiaconis
744 997 757 1014 a
776 987 802 1015 S.
814 986 948 1015 silvestro

148 1036 220 1072 Papa
231 1036 256 1063 I.
275 1035 303 1061 in
312 1033 450 1061 Concilio
470 1034 553 1060 Rom.
564 1028 712 1068 prohibitas
734 1026 809 1055 siiiss‘e
827 1026 947 1055 ostendit

149 1086 225 1103 :inno
237 1086 304 1112 324.
322 1083 397 1101 num.
425 1076 487 1101 128.
506 1071 558 1099 Sed
579 1069 717 1109 probabile
736 1068 773 1095 est
792 1066 947 1102 hujusmodi

147 1115 361 1144 constitutiones
372 1125 428 1142 non
441 1112 546 1150 semper
555 1111 704 1140 observatas
716 1108 788 1137 suiss‘e
799 1130 805 1140 ‚
830 1108 948 1145 ideoque

147 1155 249 1184 necesse
261 1155 344 1184 fuerat
357 1176 364 1187 ,
384 1164 413 1183 ut
425 1165 438 1182 a
448 1153 584 1191 praedictis
594 1150 771 1181 Pontificibus
791 1150 882 1178 denuo
891 1149 948 1177 san-

151 1197 292 1226 cirentur5
318 1205 378 1223 nam
398 1194 546 1233 aliquando
564 1192 692 1221 castitatis
714 1190 917 1219 observantiam
936 1200 948 1217 a

153 1236 330 1266 Subdiaconis
350 1235 483 1264 remissam
495 1232 570 1261 fiiiss‘e
580 1232 723 1271 colligitur
733 1242 765 1260 ex
775 1242 821 1259 cit.
832 1231 945 1260 Concil.

147 1279 239 1307 Tolet.
251 1279 285 1305 V.
299 1277 342 1305 ubi
354 1277 541 1311 Presbytero&
555 1278 582 1302 d<
592 1274 732 1302 Diaconos
744 1281 851 1300 tantum
861 1272 894 1300 :zd
907 1282 948 1298 cit-

149 1319 270 1346 stitatem
291 1317 455 1355 obstringit÷
475 1320 501 1344 ἃ
513 1325 546 1342 ex
558 1315 634 1352 epist.
647 1321 693 1351 63.
714 1314 811 1342 lvonis
831 1314 948 1341 Carnot.

153 1359 201 1399 qui
216 1358 316 1387 saeculo
334 1357 481 1384 undecimo
501 1356 608 1382 vixerat
620 1377 626 1386 ,
648 1363 757 1392 apparet
777 1352 951 1380 subdiacona-

155 1409 214 1428 tum
235 1409 292 1427 non
312 1397 388 1426 fiiifl'e
409 1407 458 1435 pro
476 1396 550 1424 sacro
573 1396 673 1423 ordine
693 1403 845 1433 reputatum
857 1414 863 1424 ,
886 1394 959 1421 dumi

152 1451 212 1469 non
221 1438 411 1467 conferebatur
422 1438 452 1465 in
462 1435 564 1465 statutis
575 1435 749 1473 temporibus,
761 1434 826 1462 ficut
835 1435 950 1467 Presby—

154 1490 256 1510 teratus
267 1483 293 1507 δ(
304 1479 482 1507 Diatonatus:
496 1477 529 1505 sic
539 1476 613 1504 enim
623 1476 656 1504 ad
667 1473 872 1504 Sennonensem
884 1476 949 1502 Cle-

154 1531 215 1550 rum
227 1520 263 1548 ibi
275 1519 377 1547 scribit:
391 1518 548 1554 [Petitorio
559 1517 649 1544 vestro
660 1515 802 1544 iiiandavi't
814 1515 892 1543 nobis
906 1525 952 1543 ve-

157 1562 211 1590 stra
223 1560 374 1589 fraternitas
386 1582 393 1592 ,
404 1568 433 1587 ut
443 1559 559 1587 eleetum
570 1557 690 1585 vestrum
701 1562 711 1590 (
722 1564 814 1593 nempe
825 1577 831 1587 ,
847 1559 877 1584 in
890 1558 954 1593 Epi-

154 1603 276 1640 scopum)
286 1601 315 1628 in
324 1599 518 1629 Purificatione
530 1600 618 1626 Beata?
630 1598 724 1626 Mariae
736 1606 786 1635 pro
797 1598 892 1624 officio
905 1608 952 1624 iio-

156 1643 211 1671 stro
220 1641 378 1670 ordinemus
388 1640 417 1667 in
426 1640 615 1678 presbyterum
626 1660 633 1671 ,
654 1637 781 1676 sequenti
793 1647 884 1665 autem
895 1638 955 1665 Do-

155 1683 257 1711 niinica
276 1681 462 1710 consecremus
482 1681 511 1708 in
523 1678 687 1716 Episcopum
700 1690 706 1709 5
728 1678 774 1706 scd
795 1678 956 1717 Apostolica

156 1723 296 1752 institutio
305 1744 313 1755 ,
323 1726 349 1750 ἃ
361 1721 467 1760 paterni
480 1730 595 1748 canones
606 1718 704 1747 hibent
716 1741 722 1751 ,
738 1727 834 1746 utnon
847 1718 892 1746 fiat
903 1721 954 1747 Lc-

158 1765 239 1792 vitica
252 1786 259 1796 ‚
272 1764 316 1791 vel
328 1761 507 1790 Sacerdotalis
516 1760 656 1788 ordinatio
666 1781 674 1792 ‚
687 1760 737 1788 nili
749 1762 854 1793 jejunio
866 1759 955 1797 quarti

158 1804 253 1832 meniis
266 1825 273 1835 ,
285 1803 406 1841 septimi,
418 1806 444 1831 ἃ
454 1802 573 1833 decimi,
584 1811 628 1829 :uit
639 1800 723 1828 initio
734 1799 955 1837 quadmgeiiince,

158 1845 203 1874 vel
211 1843 317 1872 sabbato
338 1843 472 1872 medianae
492 1841 698 1880 quadragesimae
711 1842 740 1871 .]
763 1841 799 1873 ul:
822 1842 881 1868 Nec
894 1841 958 1869 Sub-

160 1884 272 1914 diaconi
283 1885 413 1912 canebant
435 1884 463 1910 in
474 1882 553 1912 Milia
567 1882 716 1919 Epistolaiu
726 1903 733 1914 ,
755 1880 801 1908 sed
813 1881 955 1909 Lectores:

163 1926 272 1961 [Miror
282 1935 333 1963 qua
344 1925 377 1953 de
387 1935 415 1952 re
425 1923 545 1962 siunptus
559 1924 590 1951 lit
601 1922 659 1950 usus
670 1922 698 1951 in
710 1921 827 1951 Ecclefia
850 1922 957 1953 nostra,

160 1976 190 1995 nt
211 1965 390 1995 Subdiaconus
410 1965 569 2003 frequenter
589 1964 661 2002 legat
681 1963 829 1991 lct‘tioncm
847 1962 880 1990 ad
893 1961 957 1989 Mis-

161 2006 216 2036 sam
228 2028 236 2039 ,
255 2016 316 2034 cum
328 2005 380 2034 hoc
390 2016 449 2034 non
458 2004 608 2044 reperiatur
620 2014 653 2032 ex
663 2003 817 2031 ministerio
837 2002 884 2030 sibi
894 2003 959 2030 dito

164 2058 193 2075 in
203 2046 407 2076 consecratione
419 2044 588 2074 commiss'um
598 2065 607 2078 ‚
628 2054 715 2082 neque
726 2054 758 2071 ex
770 2042 869 2071 litteris
880 2053 959 2071 cano-

164 2087 254 2118 nicis,
275 2097 362 2126 neque
374 2097 407 2115 ex
419 2086 532 2115 nomine
542 2084 589 2113 suo
600 2105 607 2112 .
626 2085 743 2114 Anialar.
755 2084 800 2112 lib.
812 2095 837 2111 2.
849 2094 872 2111 c.
890 2086 956 2114 11.]

163 2128 260 2165 Coepit
272 2129 347 2156 enim
358 2127 402 2155 hic
421 2126 480 2156 usus
490 2125 601 2165 legendi
613 2126 755 2163 epistolam
767 2135 780 2152 a
790 2124 959 2152 Subdiacono

165 2168 195 2196 in
207 2167 322 2196 Ecclesia
331 2170 468 2197 Romana.
483 2167 574 2202 [Solis
587 2165 795 2195 Subdiaconibus
809 2165 882 2192 inter
891 2164 959 2192 infe-

165 2208 252 2237 riores
269 2208 366 2247 gradus
377 2211 503 2237 Romana
515 2207 658 2236 auctoritas
675 2206 805 2234 concedit
816 2225 824 2237 ‚
843 2214 873 2232 ut
884 2204 961 2232 sacris

166 2249 282 2277 vestibus
295 2248 385 2277 induti
398 2248 641 2287 epistolamlegant
653 2269 660 2280 ‚
671 2247 745 2285 quod
755 2255 848 2275 tamen
861 2255 917 2273 non
929 2256 960 2273 ex

167 2299 262 2319 eorum
273 2287 494 2319 consecratione5
509 2288 555 2316 scd
567 2288 658 2326 potius
669 2299 702 2315 ex
713 2286 886 2315 ecclesiastiea
896 2296 961 2314 con-

169 2329 287 2358 ceffione
306 2338 464 2358 meruerunt
477 2329 601 2357 obtinere
611 2349 618 2356 .
642 2328 752 2357 Microl.
762 2327 796 2355 de
806 2325 904 2354 Eccles.
916 2327 962 2353 ob-

167 2368 217 2398 ser.
229 2380 287 2408 cap.
301 2374 324 2398 8.
338 2372 350 2402 ]
364 2370 440 2398 Hinc
449 2368 532 2398 casula
542 2369 641 2408 plicata
651 2369 760 2398 exuitur
769 2366 961 2399 Subdiaconus,

1295 35 1398 76 SU

989 92 1100 130 quando
1116 102 1241 131 tempore
1257 94 1413 130 jejunorum
1431 91 1506 122 canit
1528 89 1697 130 Epistolam,
1716 99 1745 119 ut
1756 90 1787 120 in

989 133 1056 161 dist.
1068 134 1174 170 Casula
1184 134 1214 161 in
1226 133 1280 162 fine
1290 155 1298 167 ‚
1315 132 1386 163 &in
1395 134 1459 163 cli&-
1474 134 1593 171 Epistola
1601 133 1704 161 distum
1716 131 1767 159 fuit
1779 151 1787 159 .

991 174 1046 204 FR.
1058 173 1128 202 ratio
1140 173 1354 202 introductionis
1363 174 1477 204 canendi
1488 174 1633 212 epistolam
1655 184 1669 202 a
1679 171 1788 201 Subdia-

992 224 1064 243 cono
1076 213 1127 242 fuit
1141 225 1175 243 ex
1189 223 1284 243 norma
1296 216 1418 244 Romani
1427 214 1494 245 ritus
1504 237 1512 248 ,
1535 224 1566 244 ut
1575 225 1608 243 ex
1622 213 1729 244 Rituali
1741 222 1790 240 an-

993 255 1073 293 tiquo
1084 256 1121 284 M.
1132 256 1159 284 S.
1178 254 1290 283 habetur
1298 255 1368 293 apud
1387 257 1485 285 Bai-on.
1497 267 1540 286 an.
1560 265 1644 291 1057.
1654 264 1727 283 num.
1741 263 1788 280 zz.

993 295 1086 325 Graeci
1104 295 1320 324 inordinatione
1339 296 1500 326 Subdiaconi
1520 297 1632 325 tradunt
1651 295 1678 324 ei
1701 294 1791 333 pollu-

994 337 1072 365 bruin
1083 358 1091 370 ‚
1102 341 1128 366 <Sc
1140 346 1250 375 guttum
1260 357 1267 369 ‚
1288 340 1315 364 δ(
1326 346 1434 374 ponunt
1445 337 1523 375 super
1532 337 1657 366 humeros
1667 338 1723 372 ejus
1735 335 1788 363 lin-

996 387 1070 406 teum
1083 399 1090 410 ,
1109 386 1138 405 ut
1149 377 1251 405 dictum
1261 376 1338 405 estin
1349 377 1414 406 diet.
1434 382 1643 414 Manutergium
1654 399 1662 409 ‚
1687 380 1715 405 ὅ(
1724 385 1790 404 tunc

997 419 1087 447 statim
1106 417 1183 446 suum
1200 418 1325 446 officium
1344 427 1453 447 exercet
1466 439 1474 451 ,
1498 414 1643 456 praebendo
1655 417 1791 446 lotionem

996 458 1089 488 manui
1098 458 1246 498 Episcopi:
1271 458 1321 487 stat
1331 469 1422 487 tamen
1434 459 1467 487 ad
1477 467 1585 496 portam
1594 459 1715 487 Sanstaui
1725 458 1791 486 San—

997 501 1102 529 &orum
1114 511 1120 530 5
1132 510 1190 528 non
1200 500 1275 528 enim
1287 500 1323 528 ibi
1336 499 1446 539 ingredi
1459 498 1556 528 sinitur
1568 520 1576 531 ,
1590 509 1638 527 nec
1647 498 1716 527 sacra
1728 498 1789 527 vasa

997 543 1194 580 tangercjuxta
1203 540 1330 569 Concilii
1340 541 1543 570 Laodicen-IV.
1555 538 1722 568 fimftiouem
1733 549 1793 578 per-

999 582 1138 610 mittitur.
1151 587 1162 617 [
1174 583 1242 609 Non
1251 591 1364 620 oportet
1375 581 1557 610 Subdiaconos
1567 578 1705 607 licentiam
1714 579 1792 608 habe-

997 623 1064 651 rein
1075 621 1218 650 sacrarium
1229 643 1238 654 ‚
1258 623 1314 651 five
1323 621 1495 651 secretarium
1506 643 1512 654 ,
1532 620 1606 659 quod
1623 619 1715 648 Groeci
1726 620 1793 648 Dia-

998 663 1109 692 conium
1127 662 1266 701 appellant
1275 685 1282 695 ‚
1303 663 1431 701 ingredi,
1451 667 1479 692 ὃ(
1491 662 1655 700 contingere
1666 659 1724 689 vasa
1734 661 1795 688 Do-

999 704 1098 732 minica
1109 724 1115 731 .
1137 705 1171 732 In
1184 704 1305 731 Decrcto
1316 704 1441 732 Gratiam.
1452 714 1510 732 can.
1522 713 1579 731 non
1592 710 1703 740 oportet
1715 722 1721 733 ,
1734 700 1795 728 dist.

1002 756 1048 779 24.
1060 748 1087 773 ὃς
1097 755 1155 773 cari.
1166 743 1269 782 subseq.
1281 747 1293 775 ]
1315 744 1368 772 Sed
1379 744 1408 773 in
1418 755 1476 773 can.
1487 756 1543 772 non
1556 744 1636 771 liceat
1645 753 1691 779 30.
1708 746 1736 770 δι
1747 751 1760 778 3
1769 752 1796 769 2.

1000 784 1034 813 ib.
1045 785 1215 813 contrarium
1234 784 1406 822 disponitur,
1429 787 1465 819 ςΗε
1481 795 1529 813 nec
1541 793 1664 820 pstenam
1683 783 1797 811 involu-

1002 835 1060 853 tam
1078 825 1262 853 Subdiaconus
1281 825 1380 853 latinus
1398 825 1427 853 in
1437 825 1513 853 Missa.
1532 824 1696 856 sustinebat,
1719 833 1748 851 ut
1767 822 1795 849 in

1002 865 1066 894 dict.
1080 866 1212 902 Asolytus
1222 865 1324 893 distum
1335 865 1385 893 suit
1396 888 1404 898 ,
1416 876 1465 893 ricc
1478 865 1608 893 tunicella
1617 864 1779 893 induebatur
1791 885 1798 894 ,

1002 905 1048 934 sed
1059 916 1164 935 tantum
1172 906 1227 934 :ilbzi
1239 916 1314 934 more
1324 907 1482 934 (Ji-ecorum
1493 917 1499 936 ς
1512 906 1584 933 unde
1594 905 1693 933 cumin
1707 904 1799 933 Sicilia

1002 956 1098 975 contra
1110 949 1145 975 D.
1157 947 1324 984 Gregoriuin
1336 947 1435 984 Papam
1447 956 1579 984 tamquam
1601 955 1752 984 graecorum
1763 944 1800 970 ri-

1003 998 1079 1015 tuum
1101 988 1316 1015 introdudorem
1329 1009 1336 1019 ,
1359 990 1385 1015 ὃ(
1400 987 1537 1026 signanter
1547 1008 1554 1019 ,
1573 986 1645 1024 quo-l
1656 986 1799 1014 Subdiaco-

1003 1039 1053 1056 nos
1063 1028 1159 1066 absque
1169 1028 1307 1056 tunicellis
1320 1049 1327 1059 ‚
1342 1030 1367 1055 δ(
1378 1038 1438 1057 cum
1449 1027 1512 1055 solis
1523 1027 1585 1055 albis
1596 1026 1747 1054 ministrare
1759 1025 1799 1052 fc-

1003 1068 1077 1097 ciss‘et
1088 1091 1095 1101 ‚
1116 1078 1315 1107 quererentur,
1340 1067 1374 1096 sic
1386 1069 1494 1096 Sanetus
1515 1066 1644 1096 Pontifex
1666 1065 1802 1104 Episcopo

1002 1109 1168 1144 Syracusano
1186 1108 1320 1141 scribens,
1343 1111 1397 1144 ejus
1408 1109 1591 1137 sinceritatem
1611 1107 1750 1140 ostendit,
1773 1110 1802 1134 ὃ(

1003 1151 1055 1178 ait:
1079 1151 1281 1185 [Subdiacones
1293 1160 1383 1179 autem
1394 1159 1423 1177 ut
1434 1149 1563 1188 spoliatos
1574 1148 1720 1187 procedere
1732 1147 1802 1176 face-

1004 1201 1061 1219 rem
1072 1213 1078 1223 ,
1102 1192 1213 1229 antiqua
1223 1190 1393 1218 consuetudo
1412 1191 1535 1218 Eccleiiae
1548 1189 1599 1217 suit
1613 1201 1618 1216 :
1642 1187 1689 1216 sed
1700 1188 1802 1226 placuit

1003 1232 1110 1259 cuidam
1123 1234 1216 1260 nostro
1226 1231 1356 1260 Pontifici
1371 1253 1376 1262 ,
1396 1230 1488 1259 nescio
1498 1232 1540 1258 cui
1553 1252 1560 1262 ‚
1571 1230 1675 1268 quiens
1687 1229 1800 1257 vestitos

1004 1273 1149 1310 procedere
1161 1272 1291 1309 piuucepit
1303 1292 1309 1298 .
1333 1273 1405 1300 Nam
1418 1271 1511 1298 vestine
1524 1270 1647 1299 Ecclefie
1670 1269 1804 1307 numquid

1006 1313 1185 1340 traditionem
1197 1323 1210 1339 a
1221 1312 1326 1340 Grecis
1336 1321 1496 1348 acceperunt
1508 1316 1517 1339 ἲ
1528 1311 1616 1339 Unde
1626 1309 1724 1338 liabent
1736 1319 1802 1347 ergo

1004 1353 1088 1380 hodic
1101 1375 1107 1385 ,
1119 1363 1147 1380 ut
1160 1352 1321 1380 Subdiaconi
1332 1352 1411 1380 luicis
1424 1352 1453 1381 in
1463 1351 1561 1379 tunicis
1573 1350 1721 1388 procedant
1731 1372 1738 1382 ,
1753 1349 1802 1378 nili

1007 1393 1131 1431 quiahoc
1149 1404 1162 1421 a
1175 1403 1260 1420 inari-e
1276 1391 1318 1419 suri
1329 1395 1454 1421 Romana
1476 1391 1591 1419 Ecclelis
1601 1394 1802 1428 perceperunt?

1006 1434 1052 1461 lib.
1064 1445 1090 1465 7.
1110 1433 1187 1471 epist.
1206 1440 1251 1469 63⁴
1264 1435 1276 1462 ]
1302 1432 1359 1460 Ubi
1381 1432 1463 1459 etiam
1483 1432 1607 1469 objurgat
1626 1429 1803 1465 Syracusanos

1006 1474 1132 1502 Clericos
1146 1494 1153 1505 ,
1177 1474 1223 1511 qui
1241 1472 1286 1500 sub
1305 1471 1460 1500 Patriarclia
1488 1471 1803 1508 Constantinopolitano

1007 1514 1135 1542 constitui
1148 1512 1345 1551 praesumebant
1356 1534 1363 1544 ‚
1382 1523 1413 1540 eo
1425 1534 1431 1544 ‚
1451 1511 1557 1539 scilicet
1569 1532 1576 1543 ,
1589 1520 1713 1548 tempore
1726 1532 1732 1542 ,
1749 1520 1803 1548 quo

1009 1555 1175 1592 Imperatori
1195 1557 1294 1583 Graeco
1314 1553 1407 1581 Sicilia
1423 1552 1624 1590 obtemperabat
1636 1571 1643 1578 .
1664 1550 1808 1579 Subdiac0<

1010 1606 1058 1623 iius
1070 1606 1082 1623 a
1094 1595 1200 1624 Graecis
1214 1595 1414 1631 Hypodiaconus
1425 1593 1542 1621 dicitur.
1557 1594 1613 1620 PR.
1625 1591 1807 1620 Subdiacones

1012 1636 1133 1665 Romani
1144 1637 1219 1664 XXI.
1231 1635 1339 1663 fuerunt
1350 1655 1357 1666 ,
1373 1634 1513 1665 nimirum,
1524 1632 1627 1670 septem
1638 1634 1807 1669 Regionsaerii,

1011 1677 1057 1716 qui
1067 1677 1197 1705 canebant
1207 1675 1333 1713 epistolas
1343 1697 1350 1708 ,
1361 1679 1388 1703 ὅ(
1399 1675 1529 1702 lectiones
1540 1673 1568 1701 in
1580 1673 1735 1701 stationibus
1748 1693 1755 1704 ‚
1779 1675 1808 1700 S<

1011 1718 1074 1745 ideo
1084 1719 1253 1745 Stationarl'c
1263 1716 1440 1743 dicebantur.
1454 1715 1499 1742 De
1508 1713 1602 1752 quibus
1614 1713 1678 1741 vide
1689 1713 1787 1740 Toalia
1799 1730 1806 1737 .

1011 1759 1083 1786 Item
1094 1757 1197 1796 septem
1208 1757 1336 1784 Palatini
1347 1777 1354 1788 ,
1370 1755 1426 1784 five
1437 1754 1595 1791 Bafilicarii
1608 1774 1614 1785 ‚
1625 1753 1672 1791 qui
1683 1753 1756 1781 idem
1769 1751 1807 1779 fa-

1012 1798 1117 1826 ciebant
1139 1798 1167 1825 in
1188 1797 1300 1826 Bafilim
1318 1795 1490 1824 Lateranenfi
1503 1816 1509 1826 ,
1533 1798 1559 1823 δε
1580 1793 1626 1821 alii
1644 1792 1749 1831 septem
1760 1791 1807 1830 qui

1013 1839 1174 1877 Collegium
1192 1837 1393 1866 constituebant
1404 1858 1411 1869 ,
1433 1835 1506 1874 quod
1517 1836 1580 1862 aliis
1599 1834 1662 1862 Scho
1674 1844 1692 1861 a
1702 1838 1805 1862 Canto—

1015 1891 1077 1907 rum
1086 1879 1225 1907 dicebatur
1236 1900 1244 1911 ‚
1265 1881 1291 1906 δ(
1301 1877 1430 1905 canebant
1440 1875 1548 1915 quando
1567 1873 1698 1903 Pontifex
1709 1873 1810 1902 solem-

1015 1921 1088 1948 niter
1098 1920 1253 1951 celebrabat,
1264 1919 1301 1946 ita
1312 1917 1442 1946 Batonius
1453 1927 1526 1944 :inno
1541 1925 1624 1950 1057.
1637 1924 1712 1942 num.
1725 1926 1770 1943 22.
1781 1917 1809 1942 ἃ

1016 1960 1215 1988 Constantinus
1225 1960 1372 1994 Cajetanus
1383 1959 1413 1986 in
1424 1958 1594 1986 Conimcnto
1606 1955 1638 1983 ad
1648 1955 1751 1983 Gelasii
1760 1956 1811 1983 Pa-

1017 2011 1057 2039 pae
1070 2002 1109 2029 ΙΙ.
1122 2001 1208 2029 vitam
1220 2022 1227 2032 ,
1242 2010 1268 2027 n.
1285 2004 1326 2026 18.
1339 1999 1408 2026 circa
1419 1997 1538 2025 inedium
1550 2017 1556 2023 .
1569 1997 1641 2024 Item
1653 1994 1812 2030 hujusmodi

1016 2041 1132 2080 palatini
1153 2040 1314 2069 Subdiaconi
1334 2039 1367 2067 ad
1395 2037 1604 2066 similitudinem
1624 2036 1812 2064 Diaconorum

1016 2082 1195 2110 mittebantur
1206 2091 1256 2119 pro
1267 2079 1377 2119 Legatis
1389 2101 1396 2112 ,
1408 2079 1524 2107 Νιιῖπίις
1535 2099 1542 2110 ,
1553 2081 1579 2106 ἃ
1590 2076 1726 2106 Ministris
1739 2075 1813 2104 Sedis

1017 2123 1186 2161 Apostolicae
1199 2143 1207 2154 ,
1222 2121 1278 2150 five
1288 2120 1408 2148 Diaconi
1418 2130 1497 2147 erant
1507 2116 1609 2147 Nuntii
1620 2117 1690 2156 apud
1701 2119 1791 2154 Reges
1802 2137 1811 2148 ‚

1018 2168 1045 2192 ἃ
1057 2165 1247 2201 Imperatores,
1260 2165 1287 2189 ὅ(
1298 2160 1461 2189 Subdiaconi
1472 2158 1645 2187 Internuncii
1657 2157 1685 2184 in
1696 2157 1813 2186 Provin-

1016 2204 1066 2232 ciis
1075 2225 1083 2236 ‚
1105 2211 1295 2243 argumentum
1307 2202 1343 2230 est
1353 2212 1386 2230 ex
1398 2212 1456 2229 cari.
1469 2198 1598 2238 pervenit
1611 2219 1618 2230 ,
1639 2202 1666 2227 δε
1676 2208 1732 2225 cari.
1743 2205 1811 2237 nun-

1018 2245 1115 2274 tiatum
1126 2266 1133 2277 ,
1152 2244 1214 2271 dist.
1239 2248 1283 2280 83.
1313 2242 1373 2270 Ubi
1392 2240 1544 2280 Gregorius
1563 2241 1632 2278 Papa
1657 2235 1812 2267 Anatholio

1018 2285 1181 2323 Campaniae
1195 2284 1363 2312 subdiacono
1374 2303 1382 2314 ‚
1401 2282 1470 2311 idest
1480 2303 1488 2314 ‚
1510 2280 1582 2308 illius
1593 2277 1746 2307 Provinciae
1764 2276 1811 2302 In-

1019 2325 1165 2354 rernuncio
1175 2323 1269 2352 scribit
1280 2335 1288 2354 5
1309 2323 1396 2351 dictio
1406 2323 1482 2351 enim
1493 2321 1682 2356 latino-graeca
1697 2316 1813 2344 Subdu-

1020 2377 1100 2395 comts
1109 2365 1312 2394 subministrum
1326 2363 1458 2402 significat
1468 2383 1477 2395 ,
1487 2360 1554 2389 idest
1565 2380 1574 2392 ‚
1584 2356 1792 2424 Subdelegatuin
1806 2378 1815 2389 ,

1729 2406 1762 2424 ve
