1866 2526
145 35 229 74 750

130 130 177 152 tur
187 122 266 160 ejesti
276 132 290 150 a
301 122 448 151 Salomone
457 123 487 151 in
499 123 865 162 exilium?Respondeo.Hic
874 135 932 153 non

133 164 311 193 recensentur
321 163 442 192 Ministri
452 174 465 192 a
475 162 535 192 solo
547 164 690 193 Salomone
699 165 843 196 constituti
854 178 862 199 5
886 164 932 194 sed

133 205 215 234 etiam
226 202 426 234 interseruntur
436 204 521 243 aliqui
540 205 676 234 aDavide
693 206 845 246 designati,
867 206 933 235 licet

130 245 233 276 fuerint
242 246 333 284 postea
345 245 424 281 ejeffi
435 265 442 273 .

92 286 192 326 Cap-5·
205 298 262 323 v.4.
278 290 376 323 [Nunc
388 295 478 315 autem
487 287 611 326 requiem
621 287 700 317 dedit
709 288 845 318 Dominus
857 289 932 317 Deus

132 338 208 358 meus
220 329 290 356 mihi
303 338 350 366 per
360 328 515 360 circuitum,
527 332 553 356 ὅ(
564 339 622 357 non
633 329 672 357 est
682 328 756 358 satcm
765 351 774 362 ‚
787 340 876 369 neque
885 339 931 357 oc-

130 369 222 398 cursus
233 370 325 397 malus.
339 371 350 400 ]
364 371 432 399 Sunt
442 370 521 398 verba
534 370 688 399 Salomonis
699 371 770 399 dicta
779 371 812 399 ad
823 374 932 409 Regem

131 411 224 446 Tyri,
242 421 303 449 quse
315 420 408 440 tamen
421 409 553 439 videntur
563 412 700 440 contraria
710 422 767 450 cap.
792 423 801 440 1
812 423 835 441 1.
848 422 874 440 v.
886 420 932 446 25.

135 450 215 487 hujus
223 452 288 481 libri
302 473 309 484 ,
320 452 366 481 nbi
376 453 493 489 loquens
502 454 603 481 Textus
617 454 651 482 de
665 453 745 482 Adad
755 452 810 481 ait:
830 458 842 488 [
855 456 932 482 Erat—

133 502 185 530 que
204 491 373 521 adversamus
398 491 496 521 Israeli
518 495 622 522 cunctis
643 494 737 523 diebus
757 495 913 523 Salomonis
925 515 931 521 .

130 532 301 572 Respondeo
311 555 318 561 .
342 534 396 562 Istc
416 532 497 562 Adad
507 535 615 564 rebellis
627 534 746 564 surrexit
754 545 820 563 tunc
830 557 837 568 ,
849 545 932 573 quan-

132 575 170 604 do
187 574 244 613 ipse
262 576 345 604 etiam
358 576 491 604 Salomon
512 575 601 604 aDeo
620 576 749 605 deficiens
770 577 800 604 in
811 576 933 604 Idolola-

131 616 212 643 triam
226 615 367 654 prolapsus
377 616 468 645 estzita
480 616 570 647 Caiet.
581 617 704 654 Dionys.
717 617 815 647 Carth.
830 619 932 652 Lyran.

130 657 214 686 Abul.
232 660 260 685 ὃ(
282 657 371 687 Sanfl.
388 658 463 687 unde
482 656 512 684 in
524 658 596 686 tanti
604 658 713 687 sceleris
732 668 845 697 poenam
854 658 883 687 id
893 668 933 686 ac—

133 697 202 726 cidit
212 718 219 725 .

89 738 160 777 Cap.
171 750 197 771 7.
210 749 236 768 v.
253 750 294 777 ¹3·
310 738 409 775 [Tulit
420 739 519 770 Hiram
528 741 561 770 de
573 744 650 777 Tyro
662 741 750 770 filium
759 740 883 771 mulieris
893 739 934 769 vi-

131 780 191 810 dum
204 780 237 810 de
248 781 319 809 tribu
329 779 465 820 Nephtali
478 804 485 811 .
500 786 512 815 ]
530 783 583 812 Hic
596 793 688 811 tamen
700 805 707 815 ,
720 795 745 811 2.
755 783 841 811 Paral.
855 794 880 811 τ..
891 781 933 810 di-

630 24 1004 69 Contradiffiones
1033 40 1284 83 apparentes

132 79 283 117 Quomodo
293 89 370 110 erant
379 79 536 110 Sacerdotes
547 103 554 115 ,
566 81 587 111 fi
597 91 620 110 c.
634 94 660 112 2.
671 81 752 119 hujus
761 83 825 113 libri
835 83 933 113 dicun·
949 85 1020 123 Cap.
1037 96 1046 113 1
1058 96 1082 114 1.
1094 96 1121 114 v.
1139 97 1182 124 ¹3·
1206 87 1344 123 [Tribuni
1361 98 1441 121 unam
1450 91 1521 122 dabo
1539 93 1579 124 fili

1059 126 1063 130 ,
1581 106 1599 126 ο
1618 105 1666 128 tuo
1674 102 1794 139 propter

988 126 1086 155 David
1104 125 1213 156 servum
1231 131 1365 162 meum.]
1389 134 1424 159 Et
1443 141 1554 169 tamen,
1576 147 1632 176 cap,
1652 139 1710 179 seq,
1720 142 1793 181 legi-

986 177 1048 195 mus
1059 189 1066 200 ,
1088 166 1188 196 tribum
1197 169 1282 197 etiam
1293 171 1438 206 Benjamin
1447 174 1584 206 adhaefiffe
1595 180 1739 211 Roboamo
1758 183 1792 212 fi-

989 208 1030 236 lio
1039 209 1212 237 Salomonis.
1233 209 1352 249 Insuper
1370 222 1475 242 certum
1495 216 1532 244 est
1547 228 1580 247 ex
1603 231 1629 248 2.
1642 223 1728 252 Paral.
1748 234 1758 252 ι
1769 234 1794 252 1.

990 250 1151 278 Sacerdotes
1161 271 1168 282 ‚
1178 261 1207 278 ac
1219 251 1330 283 Levitas
1341 253 1485 283 universos
1495 259 1622 288 transiifl'e
1631 262 1664 289 ad
1673 263 1773 300 Judam
1784 284 1793 292 .

991 290 1161 330 Respondeo
1171 311 1178 318 .
1190 291 1285 320 Tribus
1295 294 1443 329 Benjamin
1453 306 1549 333 utpote
1559 298 1677 338 implexa
1688 325 1696 336 ,
1709 308 1737 333 δ(
1750 305 1791 332 vi-

989 331 1050 360 cina
1063 332 1145 360 tribui
1158 333 1236 369 Judae
1250 354 1257 362 ,
1276 333 1302 362 ei
1311 333 1442 367 adhaefim
1466 335 1512 366 sed
1525 339 1588 378 quia
1598 340 1663 370 adeo
1673 354 1790 374 numero

989 372 1073 401 accisa
1083 382 1139 400 erat
1148 394 1156 405 ,
1167 383 1197 401 ut
1206 372 1238 402 ad
1249 373 1375 404 sexcenta
1386 376 1510 407 virorum
1521 380 1610 418 capita
1621 381 1727 421 delapsa
1739 386 1772 413 fit
1784 407 1793 418 ,

989 414 1195 452 comparatione
1213 415 1380 454 reliquarum
1393 419 1513 448 tribuum
1525 421 1574 449 vix
1596 432 1700 451 nomen
1710 427 1793 455 tribus

990 455 1160 484 retinueram
1183 455 1241 484 imo
1259 456 1290 484 in
1308 457 1409 486 tribum
1431 460 1501 498 Juda
1522 462 1662 491 transierat
1672 485 1681 497 ,
1710 466 1793 494 &sub

989 497 1045 531 ejus
1056 496 1172 539 nominc
1181 506 1316 535 perpetuo
1326 500 1522 538 comprehensa
1532 512 1590 532 erat
1602 525 1609 536 ‚
1632 504 1698 533 ficut
1711 507 1795 535 &alii
1822 516 1826 520 ·

990 537 1072 565 multi
1090 537 1258 576 reliquarum
1275 539 1395 568 tribuum
1407 563 1414 574 ,
1438 543 1486 580 qui
1508 544 1553 572 vel
1574 555 1636 574 ante
1647 545 1794 584 captivita-

992 587 1049 606 tem
1059 577 1226 613 Ass'yriacam
1235 601 1244 612 ‚
1269 580 1314 608 vel
1326 582 1385 619 post
1395 583 1591 618 Babylonicum
1612 585 1639 614 se
1650 588 1734 615 tribui
1746 588 1795 624 Ju-

991 619 1033 647 dae
1047 629 1229 654 conflixerant
1241 642 1250 653 ‚
1272 621 1370 650 relic‘to
1381 623 1556 662 propriarum
1573 625 1695 656 tribuum
1705 628 1797 656 nomi·

991 670 1046 692 ne,
1069 670 1165 688 omnes
1183 661 1248 688 dein
1270 663 1400 699 appellati
1419 664 1483 693 sunt
1500 667 1610 703 Judaei.
1633 669 1795 707 Colligitur

990 699 1043 728 hoc
1054 711 1087 728 ex
1100 711 1155 738 rap.
1175 700 1231 740 seq.
1243 702 1314 731 vers.
1330 714 1374 736 17.
1399 706 1506 744 [Super
1517 707 1588 736 filios
1605 718 1696 737 autem
1707 708 1795 738 Israel

989 741 1154 810 {Quacumque
1173 741 1330 773 habitabant
1347 745 1377 773 in
1388 746 1561 776 Civitatibus
1577 749 1648 786 Juda
1657 751 1793 789 regnavit

991 793 1036 810 „cO
1055 793 1116 810 Ollm
1128 801 1135 809 α

95 826 114 849 s
133 821 205 850 citur
215 831 293 850 natus
306 833 339 851 ex
350 833 437 852 matre
448 845 454 856 ,
466 835 525 862 quae
536 834 595 852 erat
609 824 643 852 de
655 824 759 852 filiabus
770 825 843 852 Dan.
856 822 935 851 Insu-
949 823 1020 860 Cap.
1037 832 1080 858 15·
1093 834 1119 852 v.
1134 834 1160 851 ε,-
1172 829 1184 858 [
1197 823 1314 854 Maacha
1323 825 1380 854 filia
1388 826 1513 856 Absalon
1523 848 1530 855 .
1544 831 1555 860 ]
1572 829 1688 859 Constat
1702 840 1797 859 tamen

131 872 180 901 per
199 873 313 892 vocatur
330 866 411 893 Pater
429 866 517 903 Regis
535 865 609 901 Tyri
624 887 630 897 ,
649 869 677 894 δε.
695 875 753 903 cap.
774 877 800 900 4.
821 873 934 892 vocatur

132 903 216 932 etiam
228 906 307 933 Pater
318 906 480 934 Salomonis.
494 905 675 944 Respondeo,
686 916 764 934 natus
775 905 821 934 hic
831 915 887 934 erat
900 915 932 933 ex

131 954 219 973 matre
237 946 272 974 de
284 947 356 975 tribu
368 948 434 976 Dan
445 969 452 979 ,
465 956 491 975 at
502 958 534 976 ex
546 950 623 976 Patre
633 949 667 977 de
678 948 748 976 tribu
760 945 915 985 Nephthali
927 966 933 973 .

132 987 300 1024 Appellatur
322 998 412 1016 autem
431 988 530 1023 Tyrius
550 989 585 1017 ob
607 989 768 1017 diuturnam
786 987 934 1016 habitatio-

130 1037 197 1056 nem
211 1049 217 1060 ,
229 1031 256 1057 ὅ(
267 1028 333 1057 artis
344 1027 396 1057 suae
409 1030 574 1058 exercitium
587 1030 616 1058 in
627 1031 675 1059 illa
691 1030 819 1058 Civitate
830 1049 837 1057 .
856 1030 898 1057 Ita
911 1029 936 1056 S.

131 1069 254 1097 Hieron.
265 1072 292 1097 δε
304 1071 421 1099 Marian.
432 1070 545 1099 Dicitur
554 1071 673 1110 denique
684 1072 763 1099 Pater
773 1071 936 1101 Salomonis,

130 1113 159 1138 δε
172 1111 259 1149 Regis
269 1111 348 1145 Tyri,
361 1113 423 1149 qnia
437 1112 471 1140 ob
479 1115 537 1148 ejus
547 1113 680 1140 eximium
692 1112 878 1150 magisterium
888 1122 938 1140 vo-

133 1151 269 1180 citabatur
278 1152 309 1180 ab
320 1152 357 1180 eis
369 1155 449 1182 Pater
463 1173 470 1180 .

92 1192 164 1221 Ibid.
177 1203 203 1221 v.
213 1204 227 1220 ⁴i
239 1203 263 1228 5.
275 1199 287 1229 [
299 1193 394 1222 Finxit
403 1195 467 1224 duas
477 1193 616 1225 columnas
626 1204 716 1227 aereas,
727 1194 865 1227 decenn&
874 1193 938 1223 οᾶο

128 1234 287 1263 cubitorum
308 1235 467 1264 altitudinis
487 1236 644 1265 columnam
666 1246 749 1264 unam
766 1256 773 1263 .
790 1238 802 1266 ]
822 1234 939 1264 Diversa

131 1274 257 1303 mensura.
268 1275 419 1315 affiguntur
431 1290 455 1306 ι.
466 1277 580 1314 Paral.3.
592 1287 649 1305 ver.
666 1289 673 1305 1
685 1288 709 1312 ς.
724 1278 822 1311 [Duas
834 1276 938 1304 colum-

132 1326 181 1344 nas
195 1337 201 1348 ‚
224 1326 284 1354 quae
295 1318 411 1356 triginta
425 1341 432 1351 ‚
453 1321 480 1346 ὅ(
492 1318 613 1357 quinque
627 1319 730 1346 cubitos
751 1317 903 1346 habebant.
924 1319 936 1348 ]

131 1356 303 1395 Respondeo
313 1379 321 1391 ,
341 1361 419 1393 quta
430 1359 517 1388 Vilal.
529 1359 621 1394 Cajet.
634 1363 660 1387 ὃς
675 1359 757 1388 Abul.
768 1359 797 1387 in
818 1358 871 1387 hoc
889 1368 938 1386 nu-

131 1408 208 1426 mero
217 1399 315 1434 mejori
325 1399 602 1438 comprehenduntur
611 1398 693 1433 bases,
705 1400 832 1437 capitella
844 1422 853 1434 ,
864 1402 892 1427 ὅσ
904 1400 938 1427 li—

134 1440 169 1468 112
179 1463 185 1473 ,
196 1443 223 1469 ὃ(
234 1439 269 1468 lic
283 1439 379 1468 crescit
390 1441 510 1470 altitudo
523 1461 530 1468 .

93 1480 165 1509 Ibid.
178 1491 204 1508 v.
220 1488 266 1510 26.
280 1481 368 1517 [Duo
379 1483 469 1511 millia
479 1483 553 1511 batos
562 1480 685 1520 capiebat
696 1502 703 1509 .
715 1483 726 1513 ]
740 1483 779 1510 At
793 1481 839 1510 lib.
851 1493 877 1510 2.
889 1483 937 1510 Pa-

131 1523 178 1550 ral.
191 1533 245 1557 c.4.
258 1522 427 1552 aitTextus:
443 1529 455 1559 [
470 1524 604 1562 Capiebat
615 1524 665 1552 tria
676 1523 763 1552 millia
777 1524 937 1553 metretas]

131 1563 200 1598 Quae
213 1562 336 1592 mensura
345 1575 406 1593 cum
426 1564 458 1593 fit
467 1566 561 1594 eadem
573 1575 634 1593 cum
654 1565 716 1593 brito
728 1563 854 1602 sequitur
873 1574 938 1591 con-

132 1604 263 1632 tradiftio
272 1604 302 1632 in
312 1606 452 1635 Textibus.
465 1606 643 1644 Respondco,
655 1606 711 1634 bati
724 1607 850 1644 vulgares
862 1615 938 1633 crant

133 1646 214 1674 tertia
226 1655 302 1683 parte
320 1647 443 1675 minores
465 1648 533 1676 batis
542 1646 622 1676 sacris
632 1669 640 1680 ‚
663 1647 697 1675 de
717 1647 809 1685 quibus
830 1645 877 1674 hic
898 1646 939 1674 lo-

129 1687 224 1724 quitur
234 1690 338 1716 Tenus
348 1709 355 1719 ‚
380 1692 406 1717 ὅ(
417 1688 452 1717 fic
464 1698 511 1726 per
523 1688 691 1726 consequens
702 1698 779 1715 erant
789 1687 870 1715 etiam
883 1696 939 1714 ma-

131 1730 205 1763 jores
217 1728 342 1756 metretis
353 1750 360 1761 ,
384 1729 421 1757 ita
433 1729 550 1758 Marinn.
564 1731 617 1758 Vel
627 1728 752 1757 dicamus
771 1738 833 1756 cum
842 1731 937 1756 Eman.

129 1767 185 1802 532¹,
208 1769 276 1797 licet
289 1779 396 1807 caperet
419 1770 471 1798 tria
484 1770 589 1801 millia;
615 1768 799 1797 nihilominus
813 1769 869 1797 duo
883 1778 940 1797 tan.

133 1818 193 1838 tum
205 1810 294 1838 millia
305 1810 417 1840 infundi
429 1811 543 1840 solitum
555 1809 630 1840 suissi:
640 1832 647 1838 .
661 1812 734 1840 Nam
745 1809 829 1848 usque
838 1810 871 1838 ad
881 1809 940 1837 ori-

131 1851 226 1880 ficium
236 1852 357 1890 capiebat
367 1853 420 1881 tria
432 1853 520 1881 millia
529 1861 656 1881 metretas
667 1872 673 1879 .
693 1852 746 1880 Sed
758 1850 875 1881 Rabbini
886 1851 939 1879 cla-

130 1893 186 1921 rius
205 1893 380 1922 concordant
391 1892 442 1922 hos
453 1892 563 1922 sensus:
587 1894 683 1922 dicunt
693 1894 768 1921 enim
783 1915 791 1926 ‚
814 1892 890 1930 quod
900 1903 940 1920 ca-

132 1933 225 1972 piebat
237 1934 292 1962 duo
303 1935 391 1964 millia
402 1935 575 1973 liquidorum
585 1956 593 1967 ,
616 1943 646 1962 ut
658 1934 799 1973 colligunt
819 1943 852 1961 ex
865 1943 939 1971 para-

132 1974 222 2014 phrafi
231 1974 373 2007 chaldaea5
397 1976 528 2004 siccorum
541 1986 608 2006 vero
626 1976 748 2014 capiebat
758 1975 810 2003 tria
830 1974 920 2002 millia
930 1996 938 2007 ,

990 863 1076 891 filiam
1096 863 1205 892 unicam
1226 863 1370 895 Absalonis
1381 869 1544 906 appellatam
1566 868 1640 898 fuiss'c
1658 871 1796 900 Thamar.

992 905 1080 934 Unde
1095 907 1123 935 S.
1136 906 1308 941 Hieronym.
1320 917 1398 947 putat
1408 909 1455 937 hic
1468 909 1518 938 ess‘e
1528 910 1685 940 sermonem
1694 912 1728 941 de
1737 912 1797 940 Da-

991 946 1063 974 vidis
1076 946 1136 975 filio
1148 969 1156 981 ,
1179 945 1227 975 sed
1237 947 1270 975 de
1280 950 1335 978 alio
1346 971 1354 983 ,
1377 950 1420 978 cui
1431 961 1536 979 nomen
1546 950 1700 980 Abeflixlom
1709 973 1717 980 .
1729 951 1798 981 Res-

991 987 1102 1025 pondeo
1132 997 1224 1017 tamen
1234 1011 1242 1022 ,
1265 989 1320 1018 hoc
1330 1001 1488 1029 cognomen
1512 992 1623 1021 videtur
1638 992 1714 1022 fuisse
1723 1003 1798 1022 com-

991 1037 1074 1056 mune
1094 1029 1196 1058 filiabus
1215 1031 1414 1070 primogenitis
1437 1033 1467 1061 in
1485 1043 1572 1071 regno
1583 1032 1698 1065 Gessur5
1722 1033 1798 1062 unde

992 1079 1183 1138 etianismater
1202 1070 1349 1101 Absalonis
1359 1073 1503 1103 vocabatur
1523 1074 1656 1104 Mentha.
1677 1087 1704 1104 2.
1725 1077 1799 1113 ch.

993 1120 1020 1147 3.
1035 1121 1080 1139 vei·
1097 1131 1104 1139 .
1115 1122 1141 1149 3.

952 1150 1022 1179 Ibid.
1035 1161 1091 1187 v.5.
1107 1158 1117 1187 [
1130 1157 1170 1181 Eo
1181 1152 1255 1191 quod
1266 1153 1367 1182 feciss'et
1376 1154 1472 1184 David
1484 1156 1588 1184 rectum
1598 1155 1629 1185 in
1640 1156 1727 1185 oculis
1736 1157 1783 1185 Do
1792 1175 1800 1180 -

993 1192 1085 1230 mini,
1102 1196 1129 1221 ὅ(
1142 1205 1199 1221 non
1210 1194 1367 1224 declimsset
1377 1197 1408 1224 ab
1418 1197 1545 1226 omnibus
1555 1218 1563 1230 ,
1584 1207 1645 1236 quae
1656 1207 1797 1236 praecepe—

992 1242 1035 1261 rat
1045 1234 1069 1262 ei
1080 1235 1184 1263 cunctis
1202 1235 1296 1264 diebus
1308 1237 1375 1265 vitae
1387 1236 1441 1266 suae
1456 1260 1461 1267 „
1485 1247 1602 1275 excePto
1610 1237 1740 1267 sermone
1752 1239 1799 1267 U-

994 1274 1053 1303 riae.
1066 1277 1078 1306 ]
1089 1279 1141 1304 Ter
1152 1275 1266 1314 peccasse
1277 1277 1419 1306 Davidem
1428 1279 1533 1306 constat
1544 1288 1577 1306 ex
1588 1279 1664 1307 Sacra
1676 1279 1798 1317 Scriptu-

993 1325 1021 1343 ra
1032 1335 1038 1342 .
1051 1318 1146 1345 Primo
1156 1338 1163 1348 ‚
1184 1317 1293 1355 quando
1306 1319 1367 1345 neci
1379 1317 1530 1347 destinavit
1541 1317 1696 1347 universam
1709 1320 1800 1348 Naba-

992 1356 1026 1384 lis
1038 1356 1170 1386 familiam
1182 1378 1189 1385 .
1213 1358 1356 1391 Secundo,
1375 1359 1486 1396 quando
1497 1357 1590 1387 saeviit
1599 1359 1757 1397 promiscue
1768 1361 1798 1388 in

994 1399 1168 1426 Ammonitas
1179 1419 1186 1425 .
1210 1398 1309 1428 Tertio
1319 1420 1327 1430 ,
1352 1399 1464 1436 quando
1477 1400 1633 1427 numeravit
1645 1401 1779 1438 populum
1789 1422 1798 1433 ,

994 1449 1023 1467 ut
1042 1438 1155 1477 ipsemet
1167 1439 1285 1467 fatetur.
1309 1440 1368 1468 Cur
1379 1439 1464 1478 igitur
1481 1438 1570 1468 asserit
1591 1440 1666 1467 Sacer
1677 1444 1779 1469 Textus
1791 1463 1798 1473 ,

995 1490 1114 1518 excepto
1123 1479 1249 1508 sermone
1259 1480 1354 1512 Uriae,
1367 1490 1507 1519 nunquam
1517 1480 1658 1509 Davidem
1667 1481 1799 1509 declinas.

994 1520 1021 1549 se
1031 1531 1044 1550 s.
1056 1522 1202 1560 praeceptis
1213 1521 1317 1550 divinis
1329 1525 1338 1550 ?
1349 1521 1519 1559 Respondco
1531 1542 1539 1553 ,
1561 1522 1638 1549 Deus
1648 1520 1696 1549 hic
1707 1522 1800 1560 loqui-

995 1571 1040 1589 tur
1049 1584 1055 1595 ,
1079 1573 1108 1590 :ic
1117 1563 1220 1597 judicat
1231 1560 1352 1591 humano
1362 1572 1439 1590 more
1451 1583 1459 1595 ,
1470 1573 1525 1600 quo
1536 1572 1595 1590 non
1606 1562 1800 1591 existimantur

995 1613 1104 1641 peccata
1115 1614 1145 1632 ea
1156 1625 1164 1636 ‚
1187 1613 1246 1642 quae
1257 1602 1376 1631 honesto
1399 1603 1492 1641 aliquo
1509 1612 1646 1641 praetextu
1656 1624 1664 1635 ,
1686 1605 1731 1632 vel
1744 1604 1802 1632 vir-

995 1645 1063 1672 tutis
1073 1645 1228 1683 apparentis
1250 1644 1388 1673 velamine
1407 1652 1596 1682 conteguntur
1605 1663 1612 1670 .
1636 1645 1711 1673 Nam
1721 1644 1761 1673 irs
1771 1645 1802 1673 in

996 1686 1083 1713 Nabal
1094 1707 1101 1718 ,
1121 1686 1190 1714 &in
1211 1686 1388 1715 Ammonitas
1400 1685 1508 1713 velatur
1528 1684 1652 1723 tegmine
1663 1684 1798 1713 vindic‘tae

994 1726 1070 1762 jnstae.
1081 1748 1089 1759 ,
1111 1727 1306 1755 :renumeratio
1316 1726 1411 1764 populi
1422 1735 1557 1763 praetextu
1567 1725 1690 1762 religiosi
1702 1724 1801 1754 tributi

996 1777 1048 1805 pro
1057 1768 1194 1806 Templo5
1217 1767 1276 1795 haec
1286 1768 1380 1805 itaque
1391 1776 1498 1805 peccata
1508 1767 1584 1794 Deus
1597 1776 1653 1794 non
1665 1766 1727 1793 vult
1739 1766 1801 1794 vul-

995 1818 1059 1846 gare
1069 1830 1077 1840 ,
1100 1818 1247 1837 contentus
1257 1829 1265 1840 ,
1289 1818 1318 1836 ut
1327 1808 1433 1843 judicio
1450 1807 1562 1845 privato
1583 1806 1664 1844 ipsius
1675 1816 1802 1843 peccato-

995 1849 1031 1877 ris
1044 1849 1248 1887 cognoscantur
1258 1869 1265 1876 .
1287 1848 1466 1878 Adulterium
1480 1858 1546 1876 vero
1559 1869 1567 1880 ‚
1577 1850 1605 1876 ὅ(
1615 1846 1801 1876 homicidium

993 1891 1117 1918 enormia
1134 1890 1246 1929 quidem
1267 1900 1376 1927 peccata
1395 1890 1426 1918 ab
1447 1888 1573 1917 omnibus
1591 1888 1782 1923 judicabantur
1793 1908 1801 1916 .

997 1931 1084 1960 Unde
1094 1930 1243 1960 secundum
1253 1931 1351 1970 populi
1360 1930 1610 1961 existimationem,
1621 1928 1677 1957 hoc
1690 1929 1802 1957 unicum

995 1983 1093 2000 contra
1105 1973 1206 2002 Uriam
1214 1971 1302 2000 scelus
1311 1970 1420 2010 gravrffi
1426 1981 1500 1999 mum
1511 1979 1567 1999 erat
1579 1991 1585 1997 .

131 2017 193 2054 quin.
205 2015 306 2045 horum
326 2016 454 2046 mensura
466 2017 498 2046 sit
507 2017 633 2046 conserta
643 2039 651 2050 ‚
674 2027 703 2045 ac
715 2017 748 2045 ad
759 2016 870 2045 culmen
879 2025 939 2043 coci-
954 2015 1025 2049 Cap.
1043 2020 1086 2042 16.
1098 2024 1123 2042 v.
1138 2027 1164 2049 7.
1186 2020 1197 2049 [
1209 2013 1261 2043 Ob
1268 2012 1337 2042 hanc
1348 2011 1452 2040 causam
1463 2011 1567 2040 occidit
1581 2019 1642 2038 eum
1652 2030 1660 2038 .
1683 2011 1747 2039 Hoc
1763 2009 1801 2038 est

132 2057 222 2096 gitata
237 2079 245 2090 ,
269 2067 300 2086 ut
311 2059 392 2088 docet
403 2058 577 2097 experientia
588 2079 595 2086 .

89 2097 160 2136 Cap.
172 2110 200 2135 9.
214 2108 240 2126 v.
256 2108 265 2125 1
277 2109 300 2127 ι.
314 2103 416 2133 [Tunc
426 2100 503 2129 dedit
515 2101 646 2129 Salomon
659 2097 758 2127 Hiram
770 2096 876 2136 viginti
887 2106 938 2135 op-

131 2139 197 2177 pida
207 2141 237 2167 in
248 2148 320 2168 term
331 2141 448 2169 Galileae
462 2161 469 2169 .
482 2143 494 2172 ]
521 2142 590 2170 Haec
601 2137 741 2169 concessio
753 2138 864 2166 videtur
873 2149 938 2166 con<

132 2189 173 2209 tra
182 2181 236 2209 Dei
249 2189 417 2219 praeceptum
431 2202 437 2208 .
463 2183 531 2210 lev.
546 2194 560 2210 z
569 2192 592 2217 5.
615 2189 627 2217 [
638 2184 720 2210 Terra
732 2190 789 2207 non
801 2180 938 2208 vendetur

130 2222 162 2250 in
172 2231 337 2261 perpetuum
350 2244 357 2255 ,
369 2223 432 2260 quia
442 2232 500 2250 mea
510 2223 548 2251 est
559 2244 566 2250 .
578 2226 589 2254 ]
603 2221 770 2260 Respondeo
781 2242 790 2253 ‚
809 2221 939 2249 Salomon

133 2273 190 2291 non
201 2262 333 2292 conceffit
345 2264 419 2303 Regi
430 2264 518 2300 Tyrio
528 2263 576 2291 has
585 2264 727 2292 Civitates
737 2262 836 2300 quoad
848 2261 939 2289 domi-

111 2310 114 2311 ’
129 2303 208 2331 nium
225 2309 232 2335 ζ·
256 2303 302 2333 sed
313 2303 402 2334 solum
424 2314 479 2343 quo
490 2305 522 2333 ad
534 2304 609 2333 usum
622 2325 630 2337 ‚
656 2313 752 2342 nempe
766 2324 774 2336 ‚
798 2313 827 2331 ut
841 2301 939 2330 fruetus

130 2343 237 2372 illarum
251 2346 353 2374 tamdiu
365 2347 530 2385 perciperet,
541 2345 625 2385 usque
635 2355 691 2386 quo
701 2342 877 2382 recuperass'et
888 2344 939 2372 im-

131 2383 227 2422 pensas
235 2385 266 2414 ab
278 2385 339 2425 ipso
350 2386 431 2415 factas
441 2406 449 2415 .

995 2053 1068 2092 Jehu
1079 2055 1167 2082 lilium
1186 2055 1298 2083 Hanaui
1311 2052 1480 2091 Prophetam
1490 2073 1497 2080 .
1508 2055 1523 2084 ]
1548 2051 1700 2087 Quomodo
1715 2051 1801 2089 igitur

993 2094 1066 2133 Jchu
1078 2096 1137 2134 post
1147 2095 1330 2134 quadraginta
1342 2104 1428 2122 annos
1439 2093 1559 2122 occurrit
1573 2091 1648 2130 Regi
1657 2090 1802 2129 Josaphat‚

995 2146 1024 2165 ut
1035 2136 1149 2165 habetur
1161 2148 1187 2165 2.
1198 2137 1286 2166 Paral.
1302 2147 1346 2171 19.
1360 2146 1418 2164 v-r.
1433 2133 1591 2169 [Reversus
1601 2136 1639 2161 eit
1649 2142 1741 2160 autem
1752 2133 1804 2169 Jo-

993 2176 1089 2215 saphat
1109 2188 1157 2205 rex
1169 2178 1239 2214 juda
1258 2177 1288 2205 in
1299 2177 1414 2205 domum
1431 2174 1505 2213 suam
1525 2173 1638 2213 pacifice
1655 2171 1802 2210 inJetusa—

994 2219 1049 2246 lem
1062 2240 1070 2251 ‚
1081 2219 1125 2246 cui
1137 2219 1259 2246 occurrit
1270 2217 1342 2256 Jehn
1353 2217 1425 2246 filius
1437 2216 1551 2244 Hanani
1564 2215 1713 2256 videns-¹]
1733 2211 1805 2241 Res-

994 2260 1125 2297 pondm,
1149 2257 1226 2287 fuiss'e
1235 2258 1360 2287 diversos
1377 2267 1512 2291 omnino,
1535 2257 1601 2285 licet
1620 2263 1736 2283 nomina
1754 2263 1802 2291 pa-

995 2311 1107 2328 rentum
1115 2322 1123 2333 ,
1136 2304 1163 2329 ὃ(
1174 2300 1297 2328 filiorum
1311 2301 1366 2328 sint
1375 2299 1481 2331 eadem,
1492 2308 1530 2327 lta
1539 2296 1626 2326 San&
1635 2295 1689 2324 Sed
1699 2295 1730 2322 in
1741 2302 1802 2321 tex-

996 2351 1025 2369 tu
1037 2343 1156 2370 Hebraeo
1167 2341 1241 2369 nulla
1253 2340 1342 2380 surgit
1353 2340 1505 2369 difficultas
1515 2359 1523 2370 ‚
1537 2346 1599 2365 nam
1610 2336 1682 2365 illud
1690 2334 1804 2364 occidit

998 2393 1061 2412 eum
1070 2382 1188 2412 refertur
1197 2382 1232 2412 acl
1241 2383 1391 2422 jeroboam
1404 2401 1413 2416 ,
1433 2383 1461 2410 ὅ(
1473 2389 1534 2410 non
1543 2378 1576 2407 ad
1585 2376 1659 2418 Jehu
1669 2388 1676 2405 ε
1701 2372 1802 2417 desunt

1174 2434 1179 2437 ·
1684 2424 1760 2446 emm
