1866 2526
83 2355 86 2358 -
125 2346 153 2366 ta
160 2346 238 2367 erant
248 2358 256 2366 .
271 2338 345 2368 Vide
354 2344 428 2376 Roga
438 2359 446 2366 .

496 37 602 82 'PE

139 99 240 135 stellis,
248 99 279 130 in
288 95 384 138 quibis
394 96 510 127 stamere
520 95 670 138 Episcopos
679 94 797 126 minime
805 91 937 123 conveni·

138 155 187 175 tet
208 141 402 180 [Pei-iodeutae
419 139 601 169 nominantur
610 160 618 172 ,
636 138 711 177 quod
730 137 783 167 liuc
792 157 800 169 ‚
821 135 942 173 illucque

1304 30 1337 74 P
1370 31 1405 73 E
1659 45 1742 90 5²3

995 92 1044 123 suo
1053 91 1224 128 hymnorum
1232 89 1302 120 libro
1311 89 1425 119 titulum
1435 87 1560 128 apposuit
1569 89 1734 122 Prudentius
1742 114 1752 127 ,
1763 91 1794 123 in

993 145 1050 174 quo
1059 134 1094 163 de
1102 132 1205 163 Sanstis
1215 131 1386 167 Martyribus
1393 130 1483 159 cecini
1490 139 1501 158 t
1513 151 1520 157 .

141 182 324 217 continendis
340 182 371 210 in
390 181 486 209 officio
504 179 628 209 fidelibus
646 188 780 218 vagantur
791 198 798 210 ,
820 177 941 206 Zonaras
954 174 1140 205 Ptxivonum
1149 197 1157 208 ‚
1166 170 1326 202 animalium
1338 193 1346 205 ‚
1367 174 1396 201 ὰ
1405 170 1521 200 ferarum
1531 170 1716 204 venaticamm
1726 186 1795 205 con.

927 226 940 244 Η

140 232 160 264 1
170 225 226 262 Qui
236 225 267 253 in
275 221 590 260 Constantinopolitana
607 220 723 256 Synodo
732 219 884 256 Wfitatores
897 238 904 249 ‚

141 266 284 306 Gregorio
303 261 542 295 Thellaloniccnse
560 261 756 291 Ambularores
767 281 776 294 ‚
795 262 823 288 δε
832 269 846 286 a
855 255 940 287 Balsa-

137 318 225 338 mone
234 307 359 336 exarchi
367 304 508 336 dicuntur,
519 302 594 342 quod
604 301 769 341 postremum
780 298 939 329 vocabulum

139 350 180 379 est
189 349 222 378 ad
242 346 356 387 praesens
366 347 396 374 in
407 343 454 373 usu
476 354 558 384 penes
567 337 683 382 graeca'm
693 341 838 371 Ecclesiam
849 361 857 373 ‚
879 348 938 378 quse

141 390 282 420 exarchos
299 396 380 416 vocat
400 386 555 414 visitatores
573 383 742 413 Dioecesium
760 393 774 411 a
783 379 940 424 Patriarcha

142 429 234 461 miflbs
246 452 254 463 ,
274 439 332 457 non
342 429 375 456 ad
386 426 574 456 reformandos
584 433 673 453 mores
689 433 723 452 ex
731 422 848 460 antiquo
860 421 939 449 insti·

141 481 222 502 tuto÷
246 470 293 499 sed
302 469 335 497 ad
354 467 530 507 colligendos
539 476 636 495 numos
644 464 812 494 decimarum
821 483 829 495 ‚
852 464 880 490 ὅ(
893 471 938 499 pa-

138 511 319 542 triarcharum
339 518 540 548 proventuum:
563 506 644 535 nimis
659 513 752 533 tamen
768 504 871 533 aberrat
882 503 937 530 Sal-

138 554 233 582 masius
249 574 256 585 ,
275 550 414 580 asscrendo
423 547 579 585 hujusmodi
599 545 730 575 officiales
747 554 806 573 non
815 544 849 573 ad
857 542 938 580 spiri-

141 594 227 623 tuales
239 592 410 621 visitationes
418 590 564 628 deputatos
570 587 633 619 effe,
641 585 691 615 sed
701 594 730 614 ut
741 594 868 614 curarent
878 593 937 612 tan-

141 645 221 674 quam
233 632 339 664 Medici
352 632 494 660 infimos
516 639 571 658 vox
583 628 659 657 enim
667 637 755 666 graeca
765 637 822 655 non
831 635 939 664 curato-

138 686 196 705 rem
207 698 214 708 ,
235 674 283 703 sed
294 673 463 702 visitatorem
472 669 609 709 significat
618 690 627 702 ‚
647 668 716 697 licet
726 667 875 706 aliquando
888 676 939 704 pro

139 716 255 745 Medicis
263 714 316 743 hoc
328 712 489 741 vocabulum
500 709 662 739 translative
671 707 827 746 usurpatum
838 707 920 736 fuerit

139 768 173 786 cx
183 767 217 786 eo
227 755 290 796 quia
299 753 342 782 illi
355 753 529 783 infirmorum
540 752 596 781 sint
606 750 759 780 visitatores
769 769 778 778 .
802 749 874 778 Vide
884 752 939 777 Cu-

136 798 223 834 riosus
235 816 243 825 .

90 839 260 867 Pramum
281 830 434 873 περίψημα
446 859 453 870 ,
474 832 652 863 immunditia
663 854 671 866 ,
681 835 708 861 ὅ(
718 832 816 868 abjesta
827 841 868 860 res
879 851 888 864 ‚
910 834 936 859 ὃ(

135 878 248 917 proprie
268 877 319 905 faex
331 875 470 904 metallica
479 897 488 909 ‚
511 874 567 903 sive
578 874 704 902 limatura
723 873 920 912 interpretatur
929 892 935 899 .

140 925 153 956 [
166 920 258 948 Factus
268 917 327 947 sum
344 916 470 945 omnium
481 913 632 955 peripsema
644 935 650 948 ,
675 924 698 942 ι.
709 915 778 944 Cor.
789 925 816 950 4.
827 916 839 946 ]
852 913 934 942 Anti-

136 970 193 999 quo
203 959 363 989 Gentilium
381 957 447 985 ritui
461 956 609 995 Apostolus
617 955 718 985 alludit
728 977 736 988 ‚
757 955 788 982 in
801 965 856 993 quo
867 963 935 982 tem-

136 1011 204 1039 pore
214 1000 294 1038 pestis
303 1020 311 1031 ‚
333 997 380 1027 seu
390 997 500 1026 alterius
510 996 671 1026 universalis
680 1005 808 1025 aerumnae
827 997 934 1032 Neptu-

136 1052 173 1069 no
183 1040 327 1069 hominem
337 1039 455 1076 aliquem
465 1036 611 1067 sacrificare
621 1037 650 1066 in
661 1035 820 1070 mari,illum
830 1035 935 1064 immer-

135 1082 231 1122 gendo
242 1103 250 1115 ‚
271 1079 395 1108 solebant
409 1101 415 1112 ‚
427 1089 455 1107 ac
464 1077 591 1107 dicebant
603 1090 609 1106 :
630 1083 643 1114 [
655 1077 719 1107 Esto
729 1077 852 1106 nostrum
864 1077 932 1115 peri*

139 1122 227 1160 psema
239 1124 250 1154 ]
264 1120 342 1153 idest,
353 1120 475 1148 nostrum
486 1128 697 1159 purgamentum
707 1142 715 1152 ,
726 1129 754 1147 ac
765 1117 885 1147 salutaris
895 1118 935 1146 vi-

137 1163 218 1192 Ctima
229 1183 235 1190 .
254 1161 346 1190 Suidas
356 1182 362 1188 .
381 1163 425 1190 Ita
443 1161 540 1189 Paulus
561 1160 697 1189 insinuare
723 1158 882 1188 intendebat
907 1159 935 1186 in

136 1204 267 1242 praedifia
287 1202 401 1240 epistola
411 1222 419 1234 ‚
437 1211 465 1230 ac
478 1201 496 1230 si
506 1200 570 1230 eflet
583 1209 633 1239 pro
652 1200 779 1229 omnium
790 1199 935 1228 hominum

134 1242 374 1273 maledistionibus
396 1242 507 1270 vistima
517 1242 547 1270 in
557 1242 661 1270 mundo
671 1241 777 1269 habitus
786 1261 794 1268 .
818 1241 880 1269 Hoc
891 1251 935 1269 eo-

136 1285 198 1313 dem
209 1284 342 1313 vocabulo
351 1281 410 1311 usus
420 1282 458 1311 est
472 1284 498 1312 S.
511 1282 668 1312 Bonifatius
681 1283 789 1316 Martyr
799 1281 877 1319 epist.
888 1293 935 1317 74.

134 1325 167 1354 ad
180 1324 389 1364 significandum
399 1323 463 1352 vilis
475 1345 482 1356 ‚
493 1333 522 1351 ac
531 1323 664 1362 neglefiae
677 1322 759 1351 vestis
769 1332 855 1361 genus
869 1323 936 1358 [De

134 1366 230 1394 nostro
239 1375 348 1405 quoque
366 1364 417 1393 vili
430 1363 531 1393 vestitu
542 1373 626 1402 parva
648 1362 707 1392 haec
717 1363 867 1392 direximus
888 1373 936 1391 tuo

135 1406 242 1439 cultui,
260 1415 424 1445 quamquam
435 1405 569 1443 indigna:
595 1414 687 1433 tamen
704 1404 821 1443 petimus
832 1414 934 1432 accom-

137 1447 277 1477 modanda
290 1468 297 1479 ,
314 1445 368 1475 hoc
377 1446 415 1474 est
429 1466 437 1478 ‚
461 1445 583 1473 tunicam
595 1446 699 1473 laneam
709 1466 717 1477 ‚
741 1444 807 1473 sicut
817 1445 855 1473 est
878 1454 936 1473 mos

133 1487 204 1525 apud
214 1497 262 1515 nos
272 1486 391 1515 habendi
402 1507 410 1518 ‚
421 1485 520 1523 caligas
529 1506 536 1517 ,
549 1489 576 1514 ὅ(
587 1484 770 1524 peripsemata
781 1505 787 1512 .
799 1487 811 1516 ]
831 1484 891 1514 Ubi
902 1486 936 1514 de

135 1527 320 1555 calciamentis
332 1526 490 1564 intelligere
502 1525 614 1554 videtur
623 1545 630 1552 .

95 1569 266 1596 Pixiscms
279 1587 286 1595 .
309 1568 366 1595 PR.
388 1564 566 1604 περιτκελῖς,
590 1575 784 1594 ornamentum
806 1565 935 1595 muliebre

136 1607 208 1637 circa
217 1618 294 1636 crura
303 1619 314 1641 ,ς
326 1603 389 1646 πξρῖ
399 1607 474 1634 enim
483 1616 572 1645 graece
582 1610 657 1635 circa
667 1606 804 1646 significat
814 1628 823 1640 ‚
837 1609 864 1635 ὃ(
874 1604 935 1638 σκέ-

135 1654 206 1685 λος,
216 1648 284 1678 idest
298 1669 304 1680 ‚
318 1658 379 1676 crus
392 1658 399 1674 ε
411 1646 447 1675 ita
456 1645 628 1686 Porphyrius
639 1647 669 1676 iri
681 1647 750 1676 illud
762 1647 875 1676 Horatii
886 1648 933 1676 lib.

143 1699 166 1716 ι.
178 1689 255 1728 epist.
266 1689 299 1717 ad
310 1689 429 1717 Scaevam
441 1708 448 1716 .

177 1732 255 1760 Nota
265 1731 323 1757 sero
334 1728 487 1757 meretricis
497 1727 622 1756 acumina
631 1750 639 1761 ,
651 1727 722 1767 saepe
730 1728 856 1757 catellam
866 1749 875 1762 ,

176 1771 253 1808 Saepe
267 1768 457 1808 periscelidem
469 1777 573 1807 raptam
584 1768 629 1797 sibi
639 1769 729 1798 flentis
738 1788 746 1797 .

135 1813 162 1840 δι
175 1811 203 1839 in
214 1812 268 1839 Sac.
279 1811 415 1848 Scriptura
428 1820 433 1835 :
455 1816 467 1845 [
481 1811 541 1838 Nos
549 1808 621 1838 servi
632 1809 671 1838 tui
683 1808 865 1839 recensuimus
884 1819 934 1838 nu-

135 1860 240 1879 merum
251 1860 445 1889 pugnatorum,
457 1860 525 1889 quos
532 1848 673 1878 habuimus
684 1848 732 1878 sub
741 1860 822 1879 manu
831 1850 932 1884 nostra,

135 1895 162 1922 ὅ(
175 1902 209 1920 ne
218 1901 286 1919 unus
295 1891 407 1929 quidem
418 1891 507 1919 defuit
516 1910 524 1918 .
544 1890 592 1920 Ob
604 1889 672 1918 hanc
680 1889 785 1920 causam
796 1890 933 1920 offerimus

135 1932 165 1961 in
175 1931 297 1961 donariis
310 1932 429 1960 Domini
448 1931 565 1970 singuli,
587 1932 662 1970 quod
675 1931 703 1959 in
717 1932 808 1969 praeda
817 1932 873 1960 auri
883 1942 932 1970 po-

134 1973 233 2001 tuimus
242 1971 372 2001 invenire
384 1995 391 2006 ‚
402 1971 575 2011 periscelides
584 1993 592 2004 ‚
605 1975 632 2001 δ(
642 1971 761 2001 armillas
770 1975 822 2001 &c.
845 1974 932 2002 Num.

133 2023 206 2052 cap.3
218 2023 240 2041 1.
251 2014 286 2041 In
298 2012 343 2041 die
354 2013 403 2041 illa
414 2014 515 2042 auferet
525 2012 664 2042 Dominus
675 2022 869 2042 ornamentum
880 2014 933 2042 cal-

992 214 1100 255 septum
1109 222 1128 252 s
1138 217 1245 245 Ducam
1255 222 1283 242 te
1295 234 1303 246 ,
1323 213 1415 252 inquit
1425 234 1433 245 ,
1451 213 1480 240 in
1491 211 1614 242 nostrum
1625 214 1792 253 perivolium

993 255 1055 286 satis
1065 265 1197 297 magnum
1207 276 1216 289 ,
1226 253 1403 284 montuosum
1415 276 1423 287 ‚
1434 249 1599 282 fructuosum
1609 276 1616 287 ,
1633 258 1663 283 δε
1672 257 1793 286 omnino

992 308 1150 328 amoenum.
1162 294 1326 335 Luitprand.
1340 294 1520 334 inlegatione
1530 297 1541 326 ]
1552 305 1584 323 ex
1596 306 1687 335 graeco
1699 299 1792 328 vocab.

993 339 1166 379 περιβόλων,
1183 347 1240 377 quo
1251 336 1311 366 usus
1331 336 1368 365 est
1379 335 1557 374 Marculphus
1576 347 1682 376 graecus
1703 340 1798 368 austot

994 385 1007 415 [
1018 382 1123 410 Hortus
1132 379 1239 409 olerum
1248 381 1277 408 δε
1285 378 1409 407 arborum
1419 399 1427 410 ,
1438 376 1571 406 videlicet
1580 400 1588 412 ‚
1601 379 1738 417 paradisus
1749 402 1756 413 ,
1767 383 1797 409 δε

994 422 1080 460 vulgo
1097 421 1270 460 Perivolium
1280 419 1407 450 distum]
1421 417 1585 457 Antiquitus
1601 422 1740 450 Peribolus
1751 432 1800 461 ap·-

994 463 1143 501 pellabatur
1163 458 1361 491 muriclausura
1372 481 1380 492 ,
1402 469 1462 498 quae
1472 459 1588 489 chorum
1608 462 1734 491 Ecclesiae
1745 474 1800 492 cir-

993 503 1126 533 cumdabat
1136 525 1144 536 ,
1155 504 1199 532 ubi
1212 501 1387 532 Ecclesiastici
1398 500 1548 541 psallebant
1558 523 1566 534 ,
1587 512 1702 542 quarum
1714 504 1798 533 vesti—

991 545 1036 583 gia
1047 545 1078 573 in
1095 544 1239 574 nonnullis
1248 543 1369 582 antiquis
1389 541 1513 571 Ecclesiis
1521 541 1608 572 adhuc
1619 552 1715 573 extant
1737 546 1797 581 [In

995 585 1139 624 primitiva
1160 585 1278 614 Ecclesia
1292 584 1428 623 peribolus
1438 605 1446 617 ,
1469 583 1538 612 idest
1551 609 1556 617 ,
1589 586 1657 614 aries
1667 608 1675 619 ‚
1685 585 1733 624 qui
1743 585 1798 614 cir-

995 626 1051 654 cuit
1062 625 1177 654 chorum
1187 648 1194 659 ,
1216 635 1273 654 non
1283 626 1456 658 elevabatur,
1477 625 1528 654 nisi
1547 635 1563 652 u
1578 635 1630 663 que
1647 627 1679 655 ad
1689 626 1803 665 apodia-'

996 667 1101 696 tionem
1109 688 1118 696 .
1129 667 1254 698 Durand.
1267 667 1296 695 in
1306 666 1431 694 rational.
1446 672 1458 702 [
1470 666 1543 694 Vide
1553 669 1708 705 Paradisus
1720 688 1727 695 .
1740 669 1801 697 PR„

997 710 1061 744 Quo
1073 708 1207 739 vocabulo
1217 709 1336 746 Vulgata
1346 707 1431 735 Biblia
1442 706 1526 735 etiam
1536 707 1641 736 utitur.
1655 713 1667 744 [
1679 712 1712 737 Et
1723 709 1798 748 peri-

995 750 1071 779 bolus
1080 749 1201 779 exterior
1210 748 1358 777 secundum
1370 746 1571 786 gazophylacia
1583 770 1591 781 ,
1605 758 1666 787 quae
1677 759 1755 778 erant
1766 749 1797 779 in

995 791 1041 820 via
1051 791 1114 820 atrii
1134 790 1281 820 exterioris
1290 798 1353 817 ante
1361 787 1566 827 gazophylacia
1576 809 1582 816 .
1596 789 1736 818 Ezechiel.
1747 802 1799 826 42.

996 835 1060 861 Erat
1071 830 1162 861 subter
1181 829 1386 870 gazophylacia
1404 828 1464 858 haec
1486 829 1620 858 introitus
1629 830 1659 859 ab
1668 831 1796 860 Oriente

995 872 1215 912 ingredientium
1227 873 1256 900 in
1266 881 1296 900 ea
1307 870 1340 899 de
1350 870 1421 899 atrio
1430 870 1563 899 exteriori
1575 890 1582 898 .
1602 873 1638 900 In
1648 871 1799 900 latitudine

995 914 1114 952 periboli
1123 913 1187 943 atrii
1199 935 1206 946 ,
1216 912 1292 952 quod
1303 921 1360 940 erat
1371 920 1470 940 contra
1480 910 1555 940 viam
1566 911 1729 942 orientalem
1741 934 1749 947 ,
1764 913 1797 941 in

992 954 1089 983 faciem
1104 954 1215 983 aedisicii
1236 952 1353 992 separati
1371 956 1424 982 διε.
1441 951 1567 982 Ibidem.
1590 956 1623 982 Et
1634 951 1799 992 scripturam

994 994 1072 1024 istam
1083 995 1214 1024 dixerunt
1226 1004 1328 1033 ponere
1340 993 1369 1022 in
1379 993 1476 1022 tabulis
1485 993 1561 1021 aereis
1572 1015 1580 1027 ,
1600 996 1627 1022 δ(
1641 1004 1744 1032 ponere
1754 1005 1797 1023 cas

993 1035 1022 1064 in
1034 1036 1158 1074 peribolo
1169 1036 1339 1067 Sanctorum,
1349 1035 1380 1063 in
1390 1034 1452 1062 loco
1460 1034 1571 1067 celebri,
1588 1046 1610 1064 1.
1621 1036 1723 1064 Macab.
1737 1045 1797 1075 cap.

998 1087 1041 1112 14.
1054 1079 1066 1109 ]
1079 1078 1160 1106 LXX.
1173 1086 1265 1105 tamen
1275 1075 1437 1114 praedic'tum
1447 1075 1570 1114 priorem
1591 1075 1746 1105 Ezechielis
1757 1077 1798 1106 lo-

993 1128 1054 1146 cum
1066 1117 1169 1156 legunt:
1183 1123 1194 1153 [
1207 1119 1242 1146 Et
1253 1117 1339 1145 limen
1349 1115 1471 1144 exterius
1482 1116 1548 1145 sicut
1557 1117 1665 1146 exedrae
1676 1116 1740 1145 atrii
1750 1128 1800 1147 ex-

995 1158 1107 1187 terioris
1116 1157 1292 1197 respicientes
1303 1166 1398 1185 contra
1409 1157 1523 1185 exedras
1531 1178 1539 1190 ‚
1562 1167 1622 1196 qua:
1633 1157 1667 1185 ad
1680 1159 1801 1197 Aquilo-

993 1209 1058 1228 nem
1070 1202 1081 1231 ]
1101 1199 1254 1228 Secundum
1264 1208 1332 1228 vero
1341 1196 1463 1234 ejusdem
1475 1197 1622 1236 Prophetae
1642 1207 1750 1228 textum
1759 1210 1801 1229 et-

993 1240 1047 1269 iam
1057 1241 1092 1270 sic
1114 1240 1226 1279 legunt:
1249 1245 1262 1276 [
1274 1243 1308 1269 Et
1317 1239 1386 1268 ostia
1394 1238 1557 1267 exedrarum
1573 1238 1685 1268 istarum
1696 1240 1800 1269 introi-

993 1291 1035 1310 tus
1046 1303 1054 1315 ‚
1065 1281 1113 1320 qui
1122 1281 1155 1309 ad
1164 1281 1304 1309 orientem
1314 1301 1322 1312 ,
1335 1289 1375 1308 *ut
1386 1279 1557 1318 ingrediatur
1568 1290 1615 1319 pet
1626 1290 1669 1309 eas
1679 1291 1713 1309 ex
1725 1282 1798 1311 atrio

993 1321 1125 1351 exteriori
1135 1320 1284 1350 secundum
1294 1321 1380 1350 limen
1390 1320 1442 1349 hoc
1454 1321 1483 1349 in
1494 1320 1634 1360 principio
1644 1321 1800 1352 deambula-

993 1363 1060 1392 torii
1072 1365 1084 1394 ]
1106 1362 1237 1391 Hebraica
1256 1362 1340 1391 lessio
1361 1372 1395 1390 ex
1416 1361 1588 1398 Hieronymi
1606 1363 1722 1401 interpr.
1735 1365 1799 1393 eod«.

993 1414 1022 1432 n.
1031 1415 1061 1440 9.
1082 1407 1140 1439 [Et
1152 1413 1208 1432 erat
1218 1402 1307 1432 subter
1325 1401 1524 1442 gazophylacia
1545 1403 1605 1431 haec
1626 1403 1756 1432 introitus
1766 1406 1797 1433 ab

992 1445 1101 1473 oriente
1112 1444 1330 1483 ingredientium
1343 1444 1370 1471 in
1382 1453 1411 1471 ea
1422 1443 1456 1471 de
1467 1443 1538 1471 atrio
1548 1443 1701 1478 exteriori,
1717 1444 1748 1473 in
1759 1445 1798 1473 la-

993 1485 1116 1514 titudine
1128 1485 1244 1524 periboli
1256 1485 1320 1513 arrii
1330 1506 1338 1517 ,
1356 1483 1430 1522 quod
1441 1493 1498 1512 erat
1510 1493 1607 1512 contra
1619 1484 1692 1513 viam
1703 1485 1798 1514 orien-

995 1527 1078 1554 talem
1089 1526 1119 1554 in
1130 1526 1225 1554 ficiem
1243 1525 1354 1554 :edificii
1366 1523 1497 1562 separari.
1511 1527 1523 1556 ]
1546 1523 1698 1554 Chaldaica
1706 1536 1799 1556 autem

995 1565 1162 1606 paraphrasis
1171 1565 1252 1595 habet
1264 1567 1294 1594 in
1305 1565 1397 1604 primo
1409 1565 1470 1596 loco
1479 1564 1550 1593 hanc
1564 1566 1776 1595 translationem
1787 1579 1797 1596 .-

993 1611 1050 1644 [Et
1069 1608 1154 1647 paries
1176 1606 1298 1636 exterior
1317 1617 1332 1635 e
1353 1606 1466 1645 regione
1486 1607 1752 1645 gazophylaciorum
1763 1608 1798 1637 ad

994 1648 1067 1677 viam
1078 1649 1140 1677 atrii
1159 1647 1303 1677 exterioris
1315 1648 1347 1678 .]
1367 1648 1403 1676 In
1422 1645 1541 1675 secundo
1563 1657 1630 1675 vero
1647 1648 1798 1687 Propheta:

991 1690 1071 1718 loco:
1086 1691 1144 1725 [In
1156 1689 1300 1717 latitudine
1310 1697 1399 1716 autem
1411 1687 1520 1726 parietis
1530 1687 1593 1716 atrii
1607 1688 1635 1716 in
1649 1690 1691 1717 via
1701 1689 1798 1719 orien-

992 1729 1039 1758 tali
1053 1751 1061 1763 ,
1078 1739 1138 1768 quae
1150 1740 1227 1758 erant
1237 1739 1300 1758 ante
1308 1727 1415 1768 septum
1427 1750 1435 1761 ‚
1453 1732 1479 1757 δε
1491 1738 1551 1767 quae
1562 1738 1625 1757 ante
1645 1730 1797 1760 aedificium

992 1781 1069 1800 erant
1088 1770 1289 1810 gazophylacia
1299 1790 1307 1797 .
1319 1771 1331 1801 ]
1350 1769 1410 1799 Ubi
1422 1770 1493 1798 clare
1515 1769 1624 1798 videtur
1635 1792 1641 1803 ,
1663 1772 1737 1809 quod
1747 1782 1796 1810 per

993 1812 1149 1840 Pmbolum
1160 1813 1240 1840 Lxx.
1253 1814 1348 1840 Limen
1358 1820 1469 1838 vertunt
1483 1832 1490 1843 ,
1502 1814 1528 1838 ὅ(
1542 1810 1707 1849 paraphrasis
1719 1811 1797 1841 chal-

991 1851 1068 1881 daica
1088 1858 1205 1881 Murum
1215 1852 1284 1890 legit
1296 1872 1302 1878 .
1326 1853 1398 1880 Item
1407 1851 1609 1889 Gazophilacia
1628 1853 1710 1881 LXX.
1722 1859 1796 1883 Exe-

991 1894 1057 1922 dras
1077 1893 1314 1930 interpretantur.
1336 1892 1451 1920 Exedrae
1464 1901 1553 1920 autem
1566 1913 1572 1925 ,
1592 1902 1623 1920 ut
1641 1893 1793 1933 Calcpinus

991 1933 1113 1962 advertit
1125 1954 1133 1965 ,
1149 1933 1280 1961 dicuntur
1289 1932 1401 1970 proprie
1411 1942 1471 1971 quae
1482 1933 1564 1961 Stalla
1575 1933 1648 1961 inter
1661 1935 1795 1974 Religio-

992 1973 1034 2002 sos
1042 1974 1231 2012 appellantur,
1254 1973 1329 2011 quod
1340 1982 1437 2001 contra
1457 1974 1627 2009 Hieronym.
1640 1975 1753 2005 fabrum
1764 1976 1796 2006 in

992 2015 1057 2043 dict.
1069 2014 1240 2043 Cubiculum
1249 2015 1329 2053 tetigi
1340 2013 1419 2052 supra
1430 2034 1437 2041 .

135 2062 339 2082 ceamentorum
369 2057 397 2082 ἀ
409 2054 512 2082 lunulas
522 2057 567 2089 ,ἃ
579 2063 690 2092 torques
699 2075 707 2087 ‚
719 2058 747 2082 δ(
759 2054 874 2082 monilia
886 2075 893 2087 ‚
904 2058 931 2083 ὃς
950 2058 1104 2086 ΡειυζοΜΑ
1118 2076 1126 2088 ‚
1139 2052 1286 2094 ’περίζωμα
1301 2079 1305 2084 .
1317 2055 1451 2093 significat
1461 2053 1606 2094 cingulum
1617 2077 1625 2089 ‚
1639 2056 1694 2086 sive
1704 2057 1795 2086 brevis

132 2095 252 2124 armillas
264 2115 270 2127 ‚
281 2097 309 2123 ὃ(
319 2092 413 2123 mitras
423 2116 431 2129 ,
443 2098 470 2123 ὅ(
480 2094 676 2124 discriminalia
685 2115 694 2128 ‚
717 2098 744 2124 &
756 2093 932 2133 periscelides

130 2139 184 2165 διε.
194 2134 258 2164 Isai.
269 2144 326 2172 cap.
338 2145 366 2173 3.

91 2177 352 2205 Peurssocoueoin
364 2197 372 2209 ,
392 2172 618 2213 περιοσοχυρηγία
629 2197 637 2208 ,
655 2174 858 2215 supererogatio
868 2197 876 2209 ‚
898 2186 932 2205 ex

129 2216 228 2264 grae'cis
237 2215 404 2244 dictionibus
412 2215 528 2255 περιωδς
538 2221 556 2249 ,1⁴
566 2216 635 2245 idest
645 2237 653 2249 ,
671 2216 828 2249 abundans,
845 2220 873 2246 δε
884 2226 933 2255 χο·

991 2107 1063 2125 zona
1084 2096 1154 2124 circa
1166 2095 1270 2123 lumbos
1280 2117 1287 2128 ,
1301 2094 1390 2139 ’usquc
1401 2096 1434 2124 ad
1451 2096 1584 2124 naturales
1599 2106 1688 2135 partes
1697 2108 1795 2137 tegens

992 2143 1005 2172 [
1017 2139 1144 2175 Cumque
1155 2136 1351 2174 cognorissent
1360 2134 1386 2164 se
1396 2135 1447 2164 esse
1458 2137 1545 2165 nudos
1555 2158 1563 2170 ,
1574 2136 1739 2167 consuerunt
1752 2139 1795 2167 so-

990 2178 1027 2206 lia
1038 2178 1120 2210 ficus,
1138 2181 1166 2206 δ(
1187 2177 1311 2205 fecerunt
1330 2176 1378 2205 sibi
1396 2178 1608 2216 perizomata.]
1631 2180 1705 2208 Vide
1724 2184 1795 2209 Cin-

983 2219 1083 2257 gulum
1095 2238 1102 2245 .

127 2267 207 2296 ρηγια
218 2279 227 2290 ,
237 2266 346 2295 nempe,
357 2257 500 2295 erogatio:
513 2256 547 2285 sic
557 2257 689 2285 donativa
701 2278 709 2290 ‚
719 2267 779 2296 quae
792 2257 866 2286 inter
877 2258 932 2286 Mi·
948 2261 1103 2289 Prutuceo
1116 2280 1123 2291 ‚
1143 2258 1254 2286 verbum
1266 2257 1441 2288 transitivum
1451 2280 1459 2292 ‚
1482 2259 1570 2287 oculis
1581 2260 1722 2289 collimare
1732 2281 1742 2294 ‚
1764 2264 1793 2291 δι

129 2298 194 2326 lites
203 2298 273 2326 ultra
280 2296 393 2326 solitum
402 2296 529 2327 salarium
540 2297 769 2328 distribuebantur
781 2319 789 2331 ‚
811 2298 932 2338 appella-

988 2301 1058 2329 bene
1068 2298 1202 2337 inspicere
1213 2299 1382 2338 lignificanS.
1396 2305 1407 2335 [
1421 2301 1472 2329 Sua
1481 2310 1565 2328 caecus
1575 2300 1608 2329 ad
1619 2300 1746 2336 crimina,
1760 2302 1794 2332 ad

989 2342 1078 2370 aliena
1089 2350 1177 2369 errata
1187 2341 1308 2377 perlucet
1320 2361 1327 2368 .
1339 2339 1475 2377 Chrysol.
1485 2340 1564 2372 serm.
1581 2351 1647 2381 139.

85 2378 339 2411 Pannonius-on
349 2399 360 2414 ‚
371 2376 435 2419 περὶ
446 2375 569 2419 ςεφεὶνων,
589 2378 658 2411 idest
667 2399 676 2416 ‚
699 2379 733 2410 de
742 2378 853 2410 totonis
863 2401 873 2416 ,
894 2380 930 2410 sic
948 2383 1107 2413 Pam-iuro
1118 2401 1125 2410 .
1149 2380 1223 2420 Vide
1233 2386 1292 2413 Non
1303 2391 1364 2421 nego
1373 2400 1382 2410 .

1697 2424 1751 2454 Ps-
