1866 2526
149 61 225 103 372
511 36 557 90 H
588 45 629 87 O

136 102 302 138 celebranti,
324 101 355 133 ad
366 103 498 133 thronum
508 115 558 144 pci-
576 101 772 133 Subdiaconum
796 99 931 129 sistentem

136 146 171 175 ad
192 149 247 182 ejus
257 146 355 175 laevam
367 168 376 179 ‚
397 141 518 175 ‹set‘ertur
537 145 635 174 Hostia
651 142 804 172 consecrata
816 161 824 173 ‚
846 140 932 168 stante

137 187 267 216 Diacono
275 196 335 215 cum
344 187 425 215 calice
434 186 468 215 ad
477 187 617 215 dexteram
628 187 684 221 ejus
694 204 701 211 .
723 183 796 212 Vide
806 185 933 209 Commu-

138 231 184 256 nio
193 249 200 256 .
212 229 276 262 Quo
288 238 354 256 vero
363 227 396 256 ad
405 226 598 255 caeremoniam
609 224 748 253 frastionis
758 221 876 253 Hostiae-‚
888 230 934 248 va—

140 269 177 296 ria
188 267 312 303 symbola
321 268 491 297 adducuntur
500 267 530 295 ab
540 265 704 295 Austoribus
716 275 723 295 5
735 261 844 291 Microl.
861 261 933 289 enim

138 309 194 339 loc.
205 308 252 337 cit.
265 319 321 347 cap.
338 313 380 336 18.
392 308 499 346 inquit:
514 308 610 343 [Cum
622 305 705 333 dicit:
721 306 774 332 Per
782 301 937 331 Dominum

139 348 279 380 nostrum,
293 348 394 386 rumpit
405 348 531 376 Hostiam
542 358 575 375 cx
586 347 703 374 dextero
713 344 794 372 latere
805 345 881 378 juxta
892 351 937 369 or-

138 389 233 417 dinem
246 410 254 421 ‚
277 389 309 417 ad
319 389 512 427 designandam
522 385 668 416 Dominici
687 383 778 413 lateris
791 381 937 421 percuffio-

140 439 203 457 nem
213 450 220 457 .
242 430 353 458 Deinde
365 433 494 465 majorem
506 437 610 466 partem
620 426 651 454 in
659 426 714 453 duo
725 423 879 462 confringit
890 445 897 456 ,
908 431 937 451 ut

140 480 194 498 tres
205 470 349 509 portiones
369 470 402 498 de
412 468 563 498 Dominico
582 476 696 504 corpore
706 466 814 493 efficere
836 462 936 501 poffit5

142 521 205 538 nam
217 521 297 539 unam
307 511 337 538 in
346 510 456 538 calicem
467 531 474 541 ‚
489 508 611 536 faciendo
621 509 740 536 Crucem
750 527 757 538 ,
770 505 880 533 mittere
891 503 939 532 de-

140 552 185 579 bet
197 573 204 584 ,
215 561 277 579 cum
285 551 353 579 dicit
365 572 373 583 ‚
384 552 435 578 Pax
448 549 565 578 Domini
576 549 607 576 fit
619 546 724 585 semper
738 544 878 574 vobiscum
889 565 896 577 ‚
907 544 939 572 ad

143 592 337 630 designandam
348 590 471 628 corporis
482 611 489 622 ‚
511 593 539 618 ὅ(
551 589 649 617 anima>
673 585 899 623 conjunflionem
910 585 939 612 in

141 632 354 661 Resurrectione
363 631 470 659 Christi
481 650 489 657 .
512 630 635 658 Alteram
649 639 715 656 vero
726 626 786 666 ipse
794 626 939 660 Presbyter

141 673 286 701 necessario
295 671 379 700 sumit
400 682 463 699 ante
475 669 564 698 calicis
582 669 823 707 participationem
834 688 842 699 ,
863 669 939 702 juxta

143 713 319 741 Dominicam
339 711 543 740 institutionem
554 732 562 739 .
584 708 705 739 Tertiam
715 718 806 737 antem
816 716 941 735 commu-

142 753 274 782 nicaturis
286 775 292 786 ‚
314 753 371 781 five
381 752 498 780 infirmis
508 773 515 784 ,
538 750 684 779 necessario
693 749 814 777 dimittit
825 749 854 778 .]
879 746 939 775 Alii

143 793 212 822 hanc
223 795 360 832 triplicem
372 793 478 821 Hostiae
490 792 654 820 divisionem
664 790 804 828 triplicem
816 787 939 816 Ecclefiae

142 834 240 863 statum
251 834 402 873 significare
412 834 513 861 docent
524 854 531 865 ‚
554 841 654 869 nempe
663 853 670 864 ,
694 830 826 868 particula
837 830 866 856 in
876 827 940 855 cali-

141 885 174 903 ce
183 896 192 907 ,
215 874 360 904 Ecclesiam
369 875 503 902 continuo
514 873 681 901 militantem
698 871 728 899 in
741 871 823 898 calice
833 868 941 897 tribula-

142 915 229 944 tionis
239 916 366 954 agitatam
388 915 522 943 denotare
532 914 628 941 dicunt
639 934 646 945 ,
668 922 697 940 ac
708 912 768 940 alias
778 911 841 939 duas
853 918 940 949 partes

142 957 288 986 Ecclefiam
307 955 523 993 triumphantem
535 955 563 982 in
576 951 730 992 purgatorii
743 974 749 984 ,
766 950 873 979 scilicet
886 972 892 983 ,
915 953 941 977 ὃ(

144 997 262 1026 Paradifi
276 997 344 1025 statu
355 1016 362 1023 .
373 995 442 1025 Biel.
453 995 482 1023 in
494 1006 551 1023 can.
564 998 591 1022 ὃ(
602 992 726 1022 Durand.
737 993 781 1020 lib.
793 1003 819 1026 4.
830 1001 885 1029 cap.
898 1000 909 1025 ς
921 1000 942 1016 ι.

144 1037 232 1066 Divus
243 1047 330 1066 autem
343 1036 462 1065 Thomas
471 1046 498 1073 3.
508 1042 576 1074 part.
588 1045 632 1073 qu.
646 1040 690 1072 83.
703 1043 752 1061 art.
767 1042 791 1068 5.
802 1032 835 1060 :td
849 1037 873 1059 8.
886 1041 944 1069 par-

146 1078 255 1107 ticulam
266 1078 294 1106 in
305 1077 435 1116 sanguine
445 1075 599 1104 immersam
615 1074 758 1104 Christum
768 1071 942 1110 triumphan-

988 108 1014 126 ta
1029 96 1092 128 satis
1109 97 1211 129 ibidem
1231 101 1351 136 Quartus
1369 98 1532 139 respondet.
1554 96 1719 129 Notandum
1735 95 1783 126 hic

988 148 1097 182 quoque
1108 140 1146 168 est
1157 162 1166 173 ,
1184 142 1301 181 quodjin
1312 141 1434 179 Liturgia
1445 139 1560 178 gothica
1570 160 1579 172 ,
1598 148 1678 177 quam
1687 139 1784 176 aliquae

991 178 1132 218 Hispaniae
1151 181 1274 210 Ecclefiae
1295 181 1383 210 adhuc
1405 179 1549 211 observant
1557 201 1566 213 ,
1588 183 1616 208 δε
1637 179 1787 218 vulgariter

991 230 1049 248 eam
1068 222 1278 250 Mazarabicam
1289 221 1430 259 appellant
1447 222 1502 255 (de
1513 231 1563 260 qua
1573 219 1621 248 suo
1640 220 1702 248 loco
1713 220 1787 248 dice-

991 265 1070 293 mus)
1088 261 1226 290 dividitur
1237 261 1266 289 in
1274 271 1308 289 eo
1317 262 1371 290 ritu
1385 262 1481 290 Hostia
1498 261 1530 290 in
1542 270 1643 289 novem
1652 270 1739 298 partes
1758 259 1788 287 in

992 302 1151 330 memoriam
1163 312 1268 330 novem
1277 301 1477 340 praecipuorum
1491 302 1556 331 vitae
1569 300 1678 330 Christi
1689 301 1791 336 myste-

993 342 1096 371 riorum
1106 363 1113 375 ‚
1125 342 1301 371 attribuendo
1312 361 1320 375 ‚
1330 341 1444 375 scilicet,
1455 342 1567 371 cuilibet
1577 341 1645 379 parti
1654 339 1732 369 suum
1743 350 1790 378 pe-

993 383 1094 412 culiare
1104 394 1206 412 nomen
1218 405 1226 416 ‚
1244 382 1312 411 idest
1322 404 1330 415 ,
1349 385 1520 420 corporatio.
1540 385 1693 411 Nativitas
1705 403 1712 409 .
1724 385 1789 411 Cir-

994 423 1118 461 cumcifio
1129 445 1136 452 .
1148 426 1297 461 Apparitio
1309 445 1316 455 ,
1326 428 1339 457 (
1350 423 1480 452 videlicet
1493 421 1667 460 Epiphania)
1687 423 1770 461 Passio
1780 440 1789 448 ·

993 469 1078 493 Mors.
1092 466 1268 502 Resurreffim
1279 464 1382 492 Gloria.
1392 470 1515 501 Regnum
1525 465 1562 497 ³ll²
1574 462 1702 492 Ulterius
1712 473 1787 502 quae-

994 505 1064 532 ritur
1082 534 1083 539 ¹
1106 516 1139 533 an
1150 505 1281 543 particula
1292 504 1396 533 Hostiae
1408 525 1415 537 ‚
1439 513 1498 542 quae
1510 502 1540 530 in
1558 503 1669 533 calicem
1678 504 1790 532 immer-

995 545 1084 583 genda
1094 546 1126 574 sit
1138 567 1144 578 ‚
1156 546 1251 574 debeat
1260 545 1351 583 frangi
1362 556 1395 573 ex
1407 554 1484 583 parte
1493 541 1628 581 superiori
1639 565 1648 576 ‚
1665 545 1710 573 vel
1719 544 1791 572 infe-

996 586 1061 614 riori
1073 606 1080 613 .
1104 588 1198 614 Petrus
1210 586 1297 616 Ruitz
1315 586 1345 613 in
1354 585 1402 614 suo
1421 583 1606 613 caeremonial.
1625 587 1652 613 ἃ(
1670 586 1790 613 Graffius

997 626 1042 654 lib.
1056 638 1080 655 ι.
1091 636 1146 664 cap.
1157 638 1184 661 4.
1195 636 1291 655 tenent
1301 648 1309 659 ,
1320 626 1396 664 quod
1405 637 1438 655 ex
1449 634 1525 664 parte
1536 622 1669 662 superiori
1681 624 1792 653 demen-

996 665 1029 694 da
1040 667 1081 695 fit:
1092 669 1263 696 contrarium
1277 677 1368 695 tamen
1377 666 1500 695 sentiunt
1511 666 1693 698 Gavantus,&
1703 666 1792 699 Quar-

997 717 1037 735 tus
1047 728 1054 734 .
1076 708 1290 736 Advertendum
1312 708 1422 736 tandem
1435 707 1473 736 est
1483 729 1491 740 ‚
1512 705 1586 744 quod
1603 707 1633 734 in
1654 705 1729 734 Feria
1739 707 1793 734 VI.

998 746 1161 785 parasceveS,
1172 749 1282 788 quando
1292 749 1419 777 Sacerdos
1430 748 1557 776 immittit
1567 746 1723 785 praedifham
1733 753 1794 784 par-·

998 789 1109 817 ticulam
1120 790 1150 817 in
1163 790 1274 818 calicem
1286 812 1293 822 ,
1314 800 1370 816 non
1379 789 1458 817 debet
1469 788 1553 817 facere
1561 787 1701 816 consuetas
1710 797 1797 817 caere÷

998 829 1104 856 monias
1114 829 1142 857 in
1153 830 1225 858 illius
1234 830 1342 858 orificio
1353 850 1360 856 .
1371 831 1479 868 Congr.
1491 830 1556 858 Rit.
1564 833 1609 857 28.
1621 830 1694 866 Aug.
1709 834 1797 859 1627.r

998 873 1025 898 ἃ
1034 869 1130 897 clarius
1152 870 1181 898 in
1193 870 1390 899 Caeremoniali
1399 869 1464 906 jullii
1484 868 1645 897 Innocentii
1654 870 1686 896 X.
1704 878 1795 895 corre-

1000 911 1045 937 eto
1058 910 1104 938 lib.
1117 922 1142 938 z.
1152 921 1208 948 cap.
1221 918 1267 939 26.
1282 910 1327 939 ubi
1338 909 1427 938 habet:
1441 910 1514 944 [Sed
1522 910 1580 938 sine
1589 909 1668 948 ligno
1679 908 1794 938 Crucis]

999 950 1105 978 Hostiae
1118 949 1275 987 synonyma
1284 972 1291 979 .
1316 950 1388 979 Vide
1398 951 1586 987 Holocaustum
1597 969 1604 975 .
1616 951 1777 977 Communia
1788 967 1798 975 .

999 996 1159 1028 Illargtartta
1170 1013 1177 1019 .
1199 991 1373 1020 Caeremonia
1382 990 1534 1019 adhibenda
1545 989 1574 1017 in
1585 989 1723 1017 oblatione
1735 990 1797 1016 Ho-

1001 1031 1058 1059 stiae
1072 1054 1079 1065 ‚
1103 1035 1130 1061 <Sc
1140 1032 1187 1060 alii
1200 1032 1271 1062 casus
1282 1033 1312 1061 in
1322 1030 1464 1060 offertorio
1474 1030 1581 1059 Hostia:
1605 1036 1777 1058 occurrentes
1788 1049 1798 1057 .

1002 1072 1074 1100 Vide
1083 1073 1258 1110 Offertorium
1269 1093 1276 1101 .

142 1129 200 1147 tem
211 1119 362 1157 significare
372 1117 482 1146 instruit
494 1139 501 1150 ‚
524 1117 638 1145 &illam
652 1141 655 1147 ,
676 1125 755 1154 quam
765 1114 892 1143 Sacerdos
903 1112 944 1140 ab-
961 1113 1041 1141 Hos]
1051 1123 1081 1141 m
1094 1115 1262 1142 SenimstA
1275 1134 1281 1140 .
1303 1116 1358 1142 FR.
1369 1112 1531 1141 sacrificium
1543 1121 1618 1141 extra
1628 1110 1795 1139 catholicum

145 1159 240 1192 sumit,
251 1160 383 1188 denotare
392 1168 488 1196 corpus
497 1157 605 1187 Christi
615 1155 803 1185 conversantis
816 1166 822 1184 ς
835 1152 944 1181 tertiam

144 1200 335 1238 denique‚quae
348 1201 375 1228 in
386 1198 526 1228 transactis
535 1197 639 1226 saeculis
648 1196 730 1234 usque
741 1196 773 1224 ad
785 1195 868 1222 finem
880 1192 946 1221 Mis-

145 1241 180 1269 sae
191 1240 400 1269 conservabatur
412 1262 419 1273 ,
430 1246 441 1273 (
453 1239 526 1278 quod
536 1243 563 1267 ὃς
573 1239 665 1266 Grzci
675 1236 761 1265 adhuc
775 1234 920 1264 observant
933 1238 944 1265 )

146 1281 255 1310 Christi
264 1282 387 1320 corporis
397 1281 426 1308 in
436 1279 580 1318 sepulchro
589 1278 744 1314 symbolum
755 1275 805 1304 esse
818 1296 824 1303 .
847 1278 888 1304 Ac
900 1275 946 1302 ali-

146 1322 172 1352 bi
184 1323 256 1350 idem
266 1323 376 1351 Sanftus
388 1322 496 1350 Dostor
506 1321 554 1352 ait,
565 1319 639 1357 quod
651 1318 693 1346 hae
705 1328 758 1346 tres
770 1316 875 1345 Hostiae
887 1325 945 1352 par-

146 1372 189 1392 tes
201 1384 209 1396 ‚
227 1363 407 1392 divinitatem
419 1384 425 1395 ‚
438 1370 554 1389 animam
565 1382 572 1393 ,
583 1364 610 1389 δε
619 1369 716 1397 corpus
727 1357 832 1386 Christi
843 1355 945 1394 signiri-

147 1413 210 1432 ccm
221 1425 228 1431 .
250 1407 305 1433 PR.
319 1404 459 1439 Quaeritur
479 1402 551 1429 inter
569 1401 695 1429 dofiores
705 1420 713 1431 ‚
733 1407 824 1426 utrum
843 1407 876 1424 cx
896 1396 944 1423 hac

1001 1153 1084 1181 ritum
1096 1174 1103 1180 .
1126 1161 1137 1189 [
1152 1155 1284 1192 Unquam
1295 1165 1345 1194 pro
1354 1154 1492 1182 desideriis
1503 1153 1597 1181 vestris
1609 1153 1664 1180 line
1683 1162 1743 1179 ritu
1753 1161 1797 1179 ca-

1001 1193 1108 1222 tholico
1117 1216 1126 1227 ,
1148 1198 1174 1223 ὅ(
1186 1205 1252 1223 cano
1265 1206 1340 1223 more
1350 1194 1513 1232 semiplenas
1533 1192 1667 1221 nominati
1677 1191 1797 1221 Antisti-

1005 1234 1039 1262 tis
1048 1234 1148 1262 hostias
1158 1236 1335 1264 obtulerunt?
1347 1236 1488 1263 Ennodius
1500 1234 1530 1262 in
1542 1235 1694 1272 Apologct.

962 1277 1138 1303 Hom-mni
1151 1297 1160 1308 ‚
1183 1275 1280 1308 theca,
1303 1277 1331 1304 in
1352 1286 1403 1314 qua
1421 1274 1526 1303 Hostiae
1545 1273 1733 1302 consecrandae
1743 1270 1797 1300 ser—

1003 1325 1100 1342 vantur
1112 1335 1118 1342 .
1139 1316 1300 1350 [Diaconus
1311 1317 1412 1344 latinus
1422 1315 1556 1351 accipiens
1579 1324 1631 1341 tres
1642 1313 1751 1341 Hostias
1761 1321 1795 1340 ex

1001 1354 1129 1384 hostiaria
1141 1377 1148 1388 ,
1160 1357 1239 1394 ponit
1248 1367 1289 1384 eas
1298 1357 1447 1384 ordinatim
1459 1355 1537 1392 super
1548 1363 1672 1391 patenam
1682 1373 1689 1381 .
1700 1354 1734 1381 In
1743 1362 1797 1381 cce-

1002 1397 1280 1434 1·em0nial.pontific.
1293 1398 1339 1426 lib.
1351 1409 1376 1425 z.
1387 1407 1446 1434 cap.
1457 1407 1504 1429 24·

150 1445 248 1474 Hostia
269 1444 356 1473 divisa
367 1443 449 1481 poffir
468 1442 594 1470 Sacerdos
616 1450 697 1468 unam
707 1448 810 1477 partem
824 1437 892 1465 laico
914 1437 944 1464 nd
963 1438 1087 1466 Hmmir
1098 1459 1105 1470 ‚
1127 1447 1270 1475 porcorum
1281 1448 1347 1476 grex
1359 1458 1365 1465 .
1391 1435 1568 1472 [Porcellum
1576 1434 1724 1464 dchranne
1737 1455 1744 1467 ,
1767 1433 1798 1462 in

151 1485 411 1513 communicandum
421 1485 498 1512 dare.-
526 1483 599 1520 quod
610 1481 792 1509 communiter
815 1488 943 1516 negatum

1003 1478 1056 1516 leg.
1069 1477 1148 1505 salica
1159 1479 1203 1505 tit.
1215 1490 1242 1512 4.

149 1526 210 1564 quia
222 1525 343 1554 sacerdos
360 1523 605 1553 debetconsumare
616 1532 700 1550 totam
719 1518 843 1548 sacrificii
863 1528 945 1546 mate-
963 1520 1069 1546 Hono.
1093 1518 1165 1546 Vide
1186 1520 1291 1547 Cnido.

148 1568 216 1594 riam
228 1588 236 1599 ‚
259 1577 338 1605 quam
351 1566 397 1594 sibi
409 1565 556 1594 destinavit
566 1563 723 1592 sumendam
733 1583 740 1594 ,
760 1570 789 1589 ut
799 1559 894 1597 colligi
906 1559 947 1587 vi-
965 1560 1175 1587 Hocoxorrus
1186 1580 1193 1586 .
1215 1562 1269 1589 PR.
1290 1559 1325 1588 fic
1337 1568 1450 1588 vocatur
1467 1559 1496 1588 in
1512 1555 1603 1588 Gallia
1624 1554 1776 1585 calvinista
1787 1575 1796 1587 ,

147 1608 228 1635 detur
239 1618 271 1635 ex
284 1618 337 1646 cap.
350 1607 462 1634 relatum
473 1627 480 1638 ‚
500 1609 527 1633 δε
548 1615 605 1642 cap.
616 1602 797 1641 comperimus
807 1622 815 1633 ‚
837 1600 870 1627 de
881 1610 945 1628 con-

151 1647 218 1676 secr.
229 1648 290 1676 dist.
304 1660 329 1677 ι..
341 1647 383 1676 cui
395 1648 477 1675 etiam
490 1645 561 1673 favet
570 1645 656 1674 Rubr.
669 1642 737 1672 Mifl'.
748 1642 781 1671 de
791 1640 888 1669 dei'ec't.
901 1640 946 1667 tit.

155 1700 199 1718 10.
212 1700 239 1717 n.
250 1700 278 1726 3.
288 1689 321 1717 fic
333 1699 429 1716 tenent
441 1687 533 1725 Jacob.
545 1687 578 1714 de
588 1685 739 1716 Graffiis,&
752 1683 799 1711 alii
809 1681 878 1718 apud
889 1683 946 1709 Ma-

150 1730 266 1768 gistrum
277 1739 367 1757 meum
378 1730 451 1757 Paul.
462 1727 576 1756 Mariam
596 1727 729 1762 Quartum
740 1726 768 1753 in
780 1722 864 1751 Rubr.
877 1720 947 1750 Miss'.

151 1779 219 1809 part.
233 1782 258 1798 2.
272 1770 318 1797 tit.
334 1781 375 1797 ιο.
387 1769 449 1797 sect.
461 1779 487 1807 3.
500 1768 561 1796 dub.
575 1779 601 1806 3.
612 1767 758 1801 difficul.4.
770 1764 821 1793 Sed
832 1764 947 1790 affirma-

152 1812 211 1839 tive
229 1811 451 1848 respondendum
471 1819 530 1837 cum
541 1808 704 1837 Auctoribus
723 1806 823 1834 ibidem
842 1803 946 1834 citatis,

150 1861 218 1890 quos
227 1851 348 1890 sequitur
360 1851 433 1879 idem
445 1853 602 1886 Praeceptor
612 1871 620 1882 ,
643 1852 670 1876 ἃ
681 1856 781 1886 praeter
793 1844 911 1873 rationes
920 1843 950 1871 ab

152 1903 185 1922 eo
194 1894 338 1920 cumulatas
351 1914 358 1924 ,
381 1891 522 1920 addendus
533 1889 602 1917 mihi
614 1890 724 1918 videtur
734 1886 909 1924 antiquorum
921 1894 947 1911 ιιΑ

152 1931 193 1960 sus
205 1953 212 1965 ‚
236 1943 293 1961 non
304 1931 391 1961 solum
410 1933 571 1961 Latinorum
581 1952 588 1963 ‚
611 1941 641 1958 ut
651 1930 730 1967 supra
750 1939 783 1956 ex
802 1926 948 1963 Mitrolog.

152 1974 196 2002 ubi
207 1974 307 2010 ajebat:
321 1979 332 2008 ἱ
346 1974 466 2002 Tertiam
478 1981 568 2000 autem
579 1968 830 1999 communicaturis,
842 1966 898 1994 sive
908 1966 949 1994 in>

154 2014 239 2041 firmis
251 2013 394 2042 necessario
404 2014 547 2043 demittit]
559 2016 587 2041 δε
598 2022 630 2040 cx
643 2013 679 2040 D.
689 2010 795 2040 Thoma
805 2008 880 2036 citat.
902 2006 949 2034 ha-

156 2055 248 2086 betur,
271 2055 344 2091 quod
358 2055 469 2083 Latinus
488 2053 615 2082 Sacerdos
637 2062 717 2080 unam
728 2059 832 2079 tantum
844 2047 948 2086 portio-

158 2104 220 2122 nem
232 2094 279 2122 fibi
287 2094 416 2128 sumebat,
426 2098 453 2123 &
463 2095 542 2123 aliam
552 2093 636 2131 usque
646 2093 679 2120 ad
689 2092 771 2120 finem
782 2089 865 2118 Miisae
878 2099 934 2116 non
942 2106 949 2110 -

157 2135 208 2162 nili
218 2144 268 2172 pro
287 2135 528 2164 communicaturis
549 2133 758 2171 relinquendam
769 2129 819 2159 css'e
840 2129 950 2167 colligi—

159 2184 204 2203 tur
214 2186 221 2205 5
234 2174 280 2202 sed
290 2176 371 2203 etiam
381 2187 413 2203 ex
427 2178 586 2204 Graecorum
598 2175 652 2201 ritu
660 2173 852 2211 comprobatur
861 2190 868 2197 .
878 2172 950 2198 Nam

159 2224 304 2253 antequam
312 2226 416 2253 graecus
425 2217 486 2244 Sacc
492 2216 554 2243 rdos
562 2214 649 2243 sumat
656 2212 900 2243 consecrationem,
909 2210 951 2238 di-

1003 1603 1076 1635 cujus
1085 1609 1203 1634 etymon
1223 1600 1297 1629 varie
1306 1612 1319 1629 a
1338 1600 1450 1629 diverfis
1460 1599 1604 1629 deducitur
1613 1617 1619 1624 .
1642 1596 1797 1625 Florimun-

1003 1641 1051 1669 dus
1062 1641 1220 1669 Remundus
1240 1642 1267 1669 in
1279 1642 1394 1669 mactatu
1402 1641 1436 1669 de
1456 1638 1630 1670 Antichristo
1641 1648 1697 1675 cap.
1708 1647 1734 1674 3.
1757 1636 1799 1663 in-

1005 1681 1065 1720 quit
1078 1703 1085 1714 ‚
1108 1682 1182 1719 quod
1192 1682 1354 1710 Calvimstae
1373 1682 1506 1716 conjurati
1528 1680 1560 1708 ad
1579 1679 1729 1706 necandum
1741 1679 1798 1705 Re-

1003 1732 1065 1761 gem
1076 1744 1083 1754 ,
1106 1723 1239 1750 dederant
1258 1723 1330 1751 inter
1340 1721 1366 1751 se
1376 1721 1428 1750 hoc
1447 1719 1652 1759 aenigmaticum
1671 1717 1776 1755 iignum
1789 1738 1799 1750 ,

1004 1768 1066 1791 Huc
1077 1773 1123 1791 nos
1134 1785 1141 1795 ,
1154 1773 1182 1790 ut
1192 1762 1218 1791 se
1229 1763 1256 1791 se
1265 1762 1462 1801 cognoscerent
1471 1759 1634 1789 adinvicem
1649 1779 1655 1786 .
1675 1757 1735 1786 Alii
1745 1766 1799 1784 ma-

1004 1805 1065 1832 lunt
1076 1824 1083 1836 ,
1096 1804 1170 1842 quod
1183 1803 1217 1832 fic
1228 1804 1362 1832 Haeretici
1372 1803 1405 1831 ad
1415 1802 1559 1830 tribunalia
1572 1798 1648 1827 citati
1657 1797 1690 1826 ad
1698 1796 1725 1825 se
1737 1807 1799 1836 pur-

1005 1844 1106 1883 gandos
1117 1845 1207 1872 dicere
1214 1843 1339 1872 solebant
1350 1849 1411 1872 Huc
1420 1854 1465 1871 nos
1478 1863 1484 1870 .
1499 1842 1637 1870 Famianus
1649 1838 1741 1867 Sti-ada
1752 1837 1802 1866 lib.

1005 1896 1030 1922 3.
1042 1884 1105 1912 hist.
1122 1884 1255 1913 Flandriae
1267 1885 1358 1922 inquit
1369 1906 1376 1917 ‚
1396 1883 1470 1922 quod
1489 1881 1607 1911 Turonis
1619 1901 1627 1913 ‚
1647 1879 1691 1907 ubi
1710 1878 1802 1916 primo

1005 1928 1057 1953 lioc
1069 1925 1230 1954 vocabulum
1241 1926 1414 1963 divulgatum
1425 1924 1511 1952 fuerat
1521 1945 1528 1956 ,
1546 1931 1642 1950 matres
1651 1919 1684 1948 ad
1693 1928 1800 1948 terren-

1005 1966 1054 1994 dos
1066 1975 1160 2004 pueros
1180 1966 1284 2006 fingere
1295 1965 1416 1994 solebant
1436 1963 1520 1993 adesse
1537 1963 1701 1991 nofturnum
1713 1958 1799 1997 phan-

1006 2006 1090 2035 tasma
1101 2028 1109 2039 ,
1123 2008 1273 2045 Hugonem
1285 2007 1315 2034 ab
1324 2006 1363 2034 eis
1373 2006 1545 2033 nominatum
1555 2015 1563 2035 5
1587 2002 1653 2030 hinc
1664 2001 1726 2039 quia
1737 2000 1802 2027 Cal..

1007 2047 1116 2075 vinistae
1127 2050 1262 2076 nocturno
1273 2057 1398 2084 tempore
1407 2053 1547 2083 coeperant
1557 2043 1594 2072 ibi
1615 2039 1777 2079 congregari
1790 2061 1801 2073 ‚

1005 2088 1304 2126 Hugonottiappellati
1316 2088 1388 2117 fint5
1411 2086 1457 2114 sed
1466 2086 1545 2114 aliter
1556 2086 1651 2113 Petrus
1673 2079 1802 2111 Matlieiit

1004 2129 1035 2156 in
1046 2128 1158 2156 historia
1169 2128 1285 2158 Henrici
1297 2130 1350 2156 IV.
1369 2126 1525 2156 Galliarum
1537 2125 1622 2163 Regis
1633 2121 1715 2151 refert
1725 2143 1732 2154 ,
1756 2120 1801 2149 ni—

1006 2169 1106 2198 mirum
1118 2191 1126 2202 ‚
1139 2180 1152 2197 a
1162 2169 1280 2207 quodam
1290 2170 1412 2206 Hugone
1425 2167 1455 2194 in
1465 2170 1537 2202 cujus
1546 2174 1640 2203 crypta
1650 2171 1802 2201 congregae*

1005 2210 1099 2238 bantur
1111 2210 1274 2240 calvinistae
1284 2231 1292 2242 ,
1304 2208 1495 2237 denominatos
1505 2206 1556 2235 csse
1571 2207 1706 2243 Hugonot
1712 2212 1754 2231 tos
1766 2222 1773 2229 .

159 2254 245 2284 scedit
257 2256 288 2283 ab
299 2256 395 2288 altari,
409 2256 562 2294 circuitque
572 2266 633 2283 cum
642 2256 814 2284 Sacramento
825 2262 854 2279 in
865 2250 951 2279 mani-
966 2251 1099 2280 ΗυΜΑΝΑ
1110 2253 1270 2280 ΤεΝτΑτιο
1282 2271 1290 2282 ,
1312 2260 1361 2288 per
1370 2248 1436 2288 quid
1446 2246 1553 2276 differat
1566 2256 1579 2274 a
1588 2243 1720 2273 diabolica
1730 2263 1738 2270 .
1750 2240 1800 2270 Vi-

160 2298 205 2325 bus
213 2295 296 2334 usque
306 2296 337 2324 ad
347 2296 463 2324 mediam
474 2296 616 2324 Ecclesiam
629 2318 637 2329 ,
656 2300 684 2324 ὅ(
694 2294 746 2323 hoc
757 2293 819 2323 facit
829 2314 838 2325 ,
849 2302 878 2321 ut
888 2301 952 2320 ante

1004 2292 1040 2320 de
1049 2294 1183 2320 Tentatio
1191 2292 1228 2319 bu
1233 2301 1318 2319 mana
1326 2311 1333 2318 .

161 2336 423 2366 consummationem
441 2337 606 2365 Sacramenti
620 2336 768 2374 investiget
778 2355 787 2367 ,
810 2344 844 2362 an
853 2332 951 2371 aliquis
966 2333 1132 2363 ΗυΜεκΑωε
1143 2351 1150 2359 .
1173 2331 1247 2360 Vide
1256 2332 1386 2361 Amic'lus
1397 2351 1404 2358 .
1422 2328 1468 2358 Ad
1477 2326 1659 2357 differentiam
1668 2320 1800 2360 superhu*¹

122 2404 127 2408 .
163 2387 196 2407 ex
206 2377 294 2408 Laicis
301 2376 547 2408 communicaturus
557 2376 597 2407 fit.
608 2376 656 2408 Ad
665 2374 800 2407 contraria
809 2383 951 2414 argumen-

1007 2373 1116 2403 meralis
1124 2392 1133 2403 .
1143 2371 1217 2403 Vide
1227 2370 1451 2411 superhumerale
1461 2390 1467 2399 .
1484 2371 1522 2408 V.
1531 2365 1760 2398 Rebrachmtorm
1768 2382 1776 2391 v

1698 2403 1762 2434 He<
