1866 2526
89 105 185 136 Sem
197 126 206 134 .
224 107 280 136 FR.
291 42 816 144 poculigenus,sin<h:istor.1„ongobar.
835 99 883 132 lib.
899 107 922 128 ι.

91 158 348 217 Scies-{gemuit
359 205 367 214 .
380 186 439 215 PR.
448 195 526 214 erant
537 184 565 214 in
578 182 723 222 Capitolio
733 186 816 214 Rom.
827 185 861 215 de
871 183 929 224 qui-

133 229 179 258 biis
188 230 289 257 Baton.
299 227 330 256 in
342 226 416 256 notis
425 227 459 256 ad
471 225 620 262 Martyrol.
636 237 679 261 ¹4·
689 226 775 254 Mart.
786 226 815 254 in
826 223 928 265 digres-

139 269 216 298 sione
225 268 375 307 Apologia·
385 267 491 296 deloco
500 266 625 296 Carceris
634 266 757 296 Tulliani
778 276 873 295 contra
888 267 931 296 U-

131 309 248 348 goniiim
258 309 293 338 de
306 309 364 336 stat.
376 307 465 338 Urbis
477 329 485 341 ‚
496 309 521 340 ξ.
533 307 628 345 Qualis
637 316 726 336 autem
737 328 746 340 ,
758 307 830 336 circa
840 307 932 336 finem.

134 353 167 378 Et
179 350 317 378 Nirdinus
329 350 357 378 iii
370 353 458 379 Roma
470 349 581 387 antiqua
592 368 600 376 .

94 392 126 419 Sc
134 400 233 419 Mitius
249 394 311 420 ΑιΑ
323 410 330 417 .
348 391 403 420 l-R.
415 400 471 418 erat
485 389 596 419 Cohors
609 387 638 417 in
648 386 750 417 militia
770 398 821 426 pro
838 398 930 428 aggre-

133 431 243 459 diendis
253 430 363 459 moeniis
372 431 548 459 inimicorum
558 429 691 458 destinata
710 428 796 467 [Ipse
804 439 931 458 armatam

1290 43 1319 83 S
1349 44 1389 86 C
1648 58 1728 98 599

985 98 1062 130 candi
1074 100 1185 139 prtebeo
1197 120 1205 132 ‚
1217 99 1273 129 five
1284 100 1406 130 offendoi
1417 100 1527 130 verbum
1539 99 1612 131 inter
1620 101 1784 134 Ecclesiasti-

986 151 1032 170 cos
1042 142 1184 171 ufitatum:
1205 140 1337 170 sedimer
1348 141 1462 171 Latinos
1479 152 1627 181 numquam
1646 146 1787 182 reperitur

989 182 1212 222 pronunciatum.
1223 183 1300 218 [Qui
1312 192 1403 212 autem
1413 177 1642 211 scandalizaverit
1653 193 1737 214 unum
1747 184 1784 213 de

991 222 1094 262 pusillis
1105 223 1163 251 istis
1173 246 1180 257 ,
1200 224 1248 262 qui
1260 223 1288 252 in
1298 234 1340 252 iiie
1349 223 1466 252 credunt
1478 244 1484 250 .
1504 222 1605 251 Mattli.
1620 228 1686 256 18.]
1710 225 1784 254 unde

990 263 1144 294 scandalum
1155 263 1325 303 spiritualem
1334 263 1454 303 proximi
1464 263 1714 303 ruinam,exeniplo
1725 276 1786 294 vei·-

991 305 1104 339 bomm,
1125 306 1171 334 vel
1181 315 1296 344 operum
1306 304 1458 334 exhibitam
1468 304 1619 343 fignificat.
1639 308 1713 340 [Vae
1733 305 1783 333 lin·

991 346 1061 375 mini
1074 345 1116 375 illi
1128 367 1135 379 ,
1158 356 1205 385 per
1215 356 1296 385 quem
1305 344 1460 375 scandalum
1471 346 1550 374 venit
1562 345 1649 374 .Ibid.
1661 349 1673 378 J
1696 347 1786 376 Etiam

991 386 1021 415 in
1032 387 1094 427 lege
1103 386 1182 416 civili
1193 387 1280 416 rixam
1294 385 1476 420 ,seditionem
1486 407 1495 419 ‚
1507 386 1666 419 tumultum,
1675 391 1702 416 ἃ
1715 388 1784 415 sinu.

989 427 1026 456 lia
1036 425 1174 467 fignificat
1185 450 1192 457 .
1204 429 1247 457 De
1256 427 1387 457 scandalis
1399 451 1405 461 ,
1419 427 1436 456 l.
1448 437 1475 465 3.
1484 430 1511 456 δε
1524 427 1558 455 ibi
1569 425 1660 455 Gioss'i
1671 448 1678 456 .

134 471 265 500 militiam
286 471 316 499 in
326 470 511 500 adolescentia
528 470 634 500 secutus
643 491 651 503 ,
674 470 746 499 inter
757 468 869 498 scalares
880 470 931 497 alas
949 466 1134 499 Scaxniiiuia
1146 490 1155 502 ,
1172 468 1247 497 scalae
1257 469 1371 508 gradus:
1393 468 1493 504 [octo
1503 467 1586 496 etiam
1597 466 1698 496 inserui
1709 467 1782 496 scan-

132 510 179 540 sub
190 514 268 550 Rege
278 511 486 540 Constantino:
509 511 609 540 deinde
624 509 670 539 sub
689 510 802 548 Juliano
822 509 930 539 Caesai·e
988 508 1055 537 dilia
1066 531 1073 542 ,
1084 509 1239 548 supremum
1250 510 1397 539 attribuens
1407 507 1524 537 Christo
1534 528 1543 535 .
1559 508 1663 545 reliqua
1681 508 1725 537 sex
1737 519 1781 536 or-

133 553 279 585 militavit,
292 552 323 580 in
334 552 389 580 vita
399 553 425 581 S.
437 552 554 582 Martini
565 553 708 581 Riironen.
721 549 846 588 Episcop.
859 561 872 578 a
885 552 928 579 Se·
988 549 1096 579 dinibus
1106 550 1265 579 Sanctorum
1275 570 1284 578 .
1293 549 1410 581 Caesan]
1423 553 1464 578 Ex
1474 548 1561 577 latino
1573 549 1657 577 verbo
1667 550 1780 578 scando.

133 603 200 620 vero
213 592 351 622 Monacho
361 594 517 631 compilata,
529 595 557 620 δ(
569 592 598 620 in
607 592 722 630 antiquo
732 590 871 620 Breviario
884 591 927 619 Li-
947 589 1132 620 Semurium
1142 610 1151 619 -
1161 592 1217 621 FR.
1229 601 1354 630 rumpere
1364 610 1376 627 ,
1388 591 1516 619 mutilare
1524 610 1532 622 ,
1543 592 1571 618 ὅ(
1581 589 1710 618 inutilem
1719 590 1782 618 red-

135 632 219 662 ciensi
240 633 324 672 polita
337 654 344 661 .

93 674 265 702 Scamnum
277 693 284 700 .
293 674 349 702 FR.
360 672 428 702 scala
438 673 564 711 gradibus
573 672 723 711 composita
733 678 765 708 .·[
776 673 827 701 Per
842 671 926 700 laicos

130 714 254 742 custodes
263 713 459 746 coemcoerium,
471 713 516 742 vel
525 712 666 742 scalarium
677 713 800 742 Eccleliae
812 712 922 740 circum-

985 630 1050 658 dere
1063 652 1071 663 ,
1088 632 1106 659 l.
1120 632 1139 661 fi
1150 631 1210 670 quis
1221 633 1360 661 Molinum
1370 653 1378 664 ‚
1393 632 1411 659 l.
1423 631 1441 660 fi
1451 630 1510 669 quis
1521 630 1650 662 Ploitum,
1661 630 1695 658 de
1706 631 1780 659 dam-

985 681 1023 699 no
1033 693 1040 703 ,
1051 675 1080 699 ὅ(
1090 671 1190 708 injuria
1199 694 1207 705 ,
1219 673 1236 700 l.
1251 673 1270 702 ιῖ
1281 671 1438 712 quis.vitcin
1450 692 1458 704 ‚
1475 671 1537 699 eod.
1549 671 1594 699 tit.
1611 670 1633 698 l·
1642 670 1662 700 ίῑ
1671 671 1731 709 quis
1743 672 1781 700 la-

986 721 1047 744 tro,
1069 711 1104 740 de
1127 713 1221 741 luctis.

131 754 211 782 datur
220 774 226 781 .
240 753 340 782 Matth.
351 752 435 783 Paris.
446 754 475 782 in
488 754 630 783 Additam.
640 755 653 786 ]
665 758 692 783 ὅ(
704 752 838 783 Caesarius
848 775 856 786 ,
878 753 924 781 lib.
943 753 1058 781 SCAPHA
1070 774 1078 785 ,
1102 753 1178 781 navis
1187 774 1195 781 .
1218 754 1292 783 Vide
1312 753 1499 782 chelandium
1509 771 1518 779 .

134 799 160 822 8.
182 795 278 822 mirac.
295 804 319 822 c.
341 805 390 830 90.

90 834 296 863 Sciiuniaron.
309 836 366 864 FR.
377 835 583 867 nummularius,
593 834 736 874 trapezita,
749 834 841 863 italice
852 840 924 864 Etm-

130 875 250 902 cherotto
269 875 392 908 dicitur,
415 876 462 914 qui
481 886 531 914 pro
555 876 774 904 commutatione
793 875 924 904 variarum

943 793 1135 823 SCAPHISMUM
1144 816 1151 827 ,
1161 798 1189 823 ὅ(
1200 795 1373 833 staphismus
1384 816 1390 827 ,
1401 791 1568 832 σκαφισμᾶς,
1579 802 1664 831 genus
1676 802 1780 828 marty-

982 834 1034 867 rii,
1045 835 1079 863 de
1093 845 1148 874 quo
1158 837 1288 864 Baronius
1300 857 1308 869 ‚
1330 835 1359 863 in
1379 836 1454 864 notis
1465 835 1612 869 Martyrol·
1633 838 1678 862 28.
1690 833 1758 871 Julii
1770 854 1781 867 ,

981 875 1008 906 ξ.
1023 874 1176 904 Muscarum
1186 876 1284 905 aculeis
1294 898 1302 910 ,
1313 875 1389 914 lius:

92 935 95 938 -
132 925 304 944 monetarum
323 916 353 944 in
370 918 481 945 materia
502 938 508 949 ,
532 927 560 944 ac
572 915 660 953 specie
677 916 711 944 ad
724 915 832 945 libitum
853 918 925 950 cuju·
941 916 1075 945 SCAPULA
1087 938 1094 950 ,
1108 927 1209 945 nomen
1223 917 1277 946 viri
1288 939 1298 951 ,
1310 928 1339 947 ac
1352 916 1421 946 varii
1430 916 1483 945 hoc
1494 914 1606 945 nomine
1618 914 1718 943 vocati.
1731 915 1781 943 Vi-

130 954 259 993 stumque
270 967 331 985 cum
343 956 436 994 aliquo
446 957 485 986 sui
496 959 571 986 lucro
584 955 689 994 semper
699 966 804 995 paratus
814 955 924 985 exhibe-

981 957 1016 985 de
1037 959 1162 995 Nympha
1171 978 1181 985 r

131 1005 174 1023 tur
184 1016 191 1022 .
204 1002 216 1031 [
228 998 311 1025 Nunc
321 998 440 1026 Domini
453 1000 530 1036 Papa:
542 1007 706 1026 mercatores
718 1019 725 1030 ,
746 999 790 1026 vel
799 996 925 1026 scanibia-
941 999 1112 1027 SCADULARP„
1124 1020 1131 1031 ‚
1143 998 1304 1028 monasticus
1314 998 1418 1028 habitus
1430 1019 1438 1032 ,
1460 998 1498 1026 ita
1506 998 1655 1037 appellatus
1664 1005 1677 1024 a
1687 993 1780 1034 scapu-

132 1046 205 1063 tores
214 1036 476 1066 obmurmurantibus
483 1039 596 1077 JudteiS,
608 1038 696 1076 palam
707 1039 831 1067 Londini
842 1037 926 1067 soene-

132 1086 226 1104 rantur
236 1096 244 1104 .
256 1077 356 1106 Matth.
366 1078 448 1107 Paris.
461 1090 505 1108 an.
521 1090 551 1108 η
560 1088 605 1117 53.

91 1118 280 1146 δεΑιΡειιυΜ
291 1137 299 1145 .
321 1119 393 1147 Vide
411 1120 500 1149 Celtes
513 1140 520 1147 .
541 1118 677 1149 similaria
689 1141 697 1153 ,
719 1120 762 1149 vel
772 1119 876 1148 Similia
896 1119 926 1147 in

132 1157 196 1185 dic‘t.
218 1159 331 1196 Capha-

984 1039 1015 1067 lis
1026 1061 1032 1070 ,
1044 1039 1146 1067 duobus
1156 1039 1289 1069 nimirum
1300 1039 1398 1069 ollibus
1408 1061 1416 1072 ,
1435 1048 1494 1078 quae
1507 1049 1536 1066 in
1547 1047 1624 1076 parte
1634 1036 1780 1073 posteriori

935 1084 937 1086 ’
981 1079 1047 1107 colli
1059 1079 1179 1108 resident
1188 1101 1195 1112 ,
1206 1080 1250 1109 ubi
1259 1080 1438 1120 baptizandus
1448 1078 1705 1108 catechumenorum
1715 1077 1781 1105 olco

981 1120 1081 1149 linitur
1089 1141 1095 1152 ,
1105 1120 1177 1149 utin
1187 1121 1254 1149 diet.
1265 1128 1360 1150 Vertea:
1370 1121 1477 1149 dicetur
1490 1141 1498 1152 ,
1507 1120 1542 1148 sic
1551 1120 1636 1148 etiam
1648 1117 1678 1145 ab
1691 1120 1780 1147 Armo

982 1161 1157 1199 Armilausia
1166 1172 1336 1200 nuncupatur
1344 1182 1352 1189 .
1363 1161 1436 1190 Vide
1447 1159 1623 1197 Armilaufia
1633 1180 1639 1188 .

91 1198 232 1227 Sci-mnu!-
244 1218 250 1225 ·
265 1201 320 1229 PR.
331 1198 485 1238 speculator
494 1223 502 1235 ‚
511 1202 671 1239 explorator
681 1222 689 1233 ,
699 1201 716 1229 l.
729 1200 747 1229 fi
758 1201 819 1240 quis
829 1199 926 1229 scame-
943 1201 1140 1231 Semurium
1151 1202 1255 1232 Doioit
1264 1224 1271 1230 .
1282 1203 1354 1232 Vide
1364 1203 1552 1239 opisthotonus
1560 1220 1568 1228 ·

131 1248 186 1266 ram
205 1239 238 1266 de
259 1240 398 1268 maleficiis
407 1262 415 1274 ,
437 1246 464 1270 δε
475 1242 589 1279 publicis
608 1242 764 1270 criminibus
777 1263 784 1269 .
807 1242 927 1270 Lexicon
943 1241 1038 1271 SCARA
1051 1263 1058 1275 ,
1071 1242 1191 1271 militum
1200 1253 1300 1282 agmen
1309 1265 1317 1276 ,
1340 1243 1430 1272 italice
1439 1242 1567 1274 Schiera,
1579 1250 1612 1268 ex
1621 1238 1784 1279 germanico

129 1280 372 1317 graeco-barbarum
382 1281 462 1310 habet
472 1287 613 1310 Scamares
623 1304 630 1314 ‚
643 1281 710 1310 idei}
722 1303 729 1314 ,
743 1285 873 1311 Latrones
883 1304 890 1315 ‚
901 1286 927 1311 δε

130 1320 162 1347 in
173 1320 301 1358 lingulati
309 1325 448 1350 Scamarts
458 1322 553 1360 Papias
564 1343 572 1355 ,
585 1321 652 1350 idest
663 1344 670 1355 ‚
681 1323 769 1351 Pretio
779 1342 786 1349 .
797 1323 928 1352 Meurlius

131 1358 260 1397 spionein
269 1361 476 1400 interpretatur.
487 1363 539 1391 Sed
551 1372 632 1393 erran
643 1373 704 1390 nam
714 1373 726 1390 a
737 1369 873 1396 scamma,
886 1363 926 1391 id-

130 1400 168 1428 est
181 1422 188 1433 ‚
200 1400 334 1430 athletico
343 1403 404 1431 loco
415 1403 527 1432 nonnifi
538 1401 718 1442 aggressorem
731 1425 738 1437 ‚
758 1406 787 1431 δε
806 1402 926 1432 incurso-

132 1450 190 1468 rem
202 1441 336 1480 significat
344 1453 354 1474 ς
363 1443 410 1471 alii
422 1449 579 1472 Scamnum
593 1447 635 1476 ,ἃ
645 1449 696 1473 Sca
702 1455 786 1472 meras
796 1441 934 1473 scribunt:-

132 1483 256 1519 [Neque
267 1493 314 1520 pei·
325 1484 445 1512 exercita
454 1504 462 1516 ‚
473 1493 518 1512 aut
526 1483 612 1512 cursas
621 1506 628 1517 ‚
640 1494 730 1523 neque
741 1494 787 1521 pei·
797 1481 926 1513 scamme-

135 1529 174 1563 ras
186 1541 193 1546 .
206 1522 242 1548 In
252 1522 488 1559 Capitul.-Sic.3rdi
498 1525 568 1562 apud
577 1525 727 1554 Camillum
739 1526 881 1563 Peregrin.
891 1526 928 1554 de

132 1558 195 1588 hist.
205 1562 294 1600 Long.
305 1563 334 1590 in
344 1564 504 1602 principio]
525 1568 558 1593 Et
569 1565 680 1593 inferius
691 1586 702 1598 ,
720 1576 742 1593 c.
759 1576 781 1594 1·
804 1569 861 1601 [Et
873 1565 926 1595 hoc

132 1602 319 1638 promittimus
329 1623 337 1634 ,
355 1613 384 1630 ut
395 1604 413 1632 fi
425 1606 484 1642 quis
495 1604 581 1633 hostis
592 1627 599 1639 ‚
618 1615 663 1633 aut
673 1605 789 1635 seat-nera
800 1621 808 1634 a
829 1608 841 1638 ]
854 1608 924 1636 Item

132 1641 234 1670 dicitur
244 1647 420 1672 Scamarator
430 1666 438 1677 ,
450 1645 516 1673 ibid.
526 1656 550 1673 c.
561 1657 589 1675 2.
601 1646 672 1674 Vide
681 1651 767 1676 Scara
777 1666 786 1674 .

91 1681 219 1711 &aaran
230 1704 238 1715 ,
251 1683 400 1712 utinm-hoc
413 1685 546 1714 vocabulo
555 1687 592 1715 D.
604 1688 795 1723 Hieronymus
804 1687 835 1716 ad
848 1690 925 1717 Pam-

987 1283 1119 1311 vocabulo
1138 1284 1259 1317 Selium,
1277 1294 1310 1312 ex
1323 1294 1377 1322 quo
1387 1281 1561 1321 proveniunt
1579 1280 1678 1309 italicae
1698 1290 1778 1309 voces

983 1327 1179 1352 Scaramuccia
1191 1346 1197 1356 ,
1216 1328 1243 1353 δ(
1254 1327 1477 1353 Scaramucciare
1489 1343 1497 1355 ‚
1518 1321 1584 1351 idest
1595 1343 1604 1355 ,
1615 1322 1678 1350 leve
1691 1330 1779 1350 certa-

983 1374 1046 1392 men
1057 1386 1065 1397 ,
1085 1375 1114 1392 ac
1124 1364 1223 1393 leviter
1243 1365 1394 1394 dimicare.
1413 1366 1505 1400 [Haec
1524 1362 1563 1391 est
1582 1362 1629 1390 illa
1645 1362 1781 1390 nobilium

981 1403 1050 1433 scara
1062 1407 1228 1433 Francorum
1239 1407 1290 1435 .In
1300 1406 1352 1435 vit.
1364 1406 1392 1434 S.
1400 1403 1560 1434 Genovefae
1581 1414 1604 1431 c.
1615 1413 1641 1440 3.
1654 1405 1711 1431 FR.
1727 1405 1775 1437 [Et

983 1456 1050 1478 vos,
1070 1446 1243 1484 vestrumque
1263 1447 1396 1484 populum
1414 1446 1493 1474 liceat
1505 1453 1553 1482 per
1572 1453 1673 1471 terram
1691 1452 1780 1471 meam

983 1486 1094 1515 manlii-e
1104 1495 1198 1515 contra
1211 1487 1271 1515 illos
1283 1486 1421 1515 hostiliter
1431 1507 1438 1519 ,
1450 1488 1477 1513 3<
1489 1494 1550 1513 cum
1560 1483 1632 1512 scara
1641 1483 1674 1512 ad
1686 1483 1778 1511 vindi—

983 1527 1101 1556 candum
1118 1526 1215 1565 absque
1225 1526 1379 1556 homicidio
1389 1530 1441 1556 &c-
1463 1527 1499 1554 In
1515 1524 1665 1562 capitulare
1677 1523 1780 1553 Radcl-

981 1566 1048 1596 chist
1059 1568 1152 1596 Princ-
1162 1570 1314 1597 Benevent.
1332 1578 1354 1596 c.
1366 1577 1393 1605 3.
1412 1566 1482 1605 apud
1493 1565 1643 1594 Camillum
1654 1564 1781 1603 Peregri-

982 1617 1047 1636 num
1056 1608 1086 1636 in
1105 1608 1170 1637 hist.
1181 1608 1301 1648 l’rincip.
1323 1608 1474 1647 Longobar.
1487 1608 1499 1637 ]
1523 1604 1627 1634 Eodem
1646 1605 1779 1633 vocabulo

982 1649 1071 1677 utitur
1091 1650 1198 1678 Austor
1207 1650 1271 1678 vitae
1292 1650 1389 1679 Caroli
1402 1646 1498 1687 Magni
1508 1657 1520 1675 a
1539 1645 1660 1676 Pitlioeo
1669 1646 1757 1674 editus
1768 1665 1778 1673 .

981 1689 1054 1718 Vide
1063 1693 1154 1718 Scurio
1164 1710 1171 1716 .
1181 1693 1307 1718 Sarnus
1318 1711 1324 1717 .
1334 1696 1462 1718 Scaemera
1471 1709 1479 1716 .

131 1723 270 1752 muchium
281 1745 288 1756 ,
298 1727 325 1752 ἀ
336 1734 399 1753 ante
409 1725 496 1764 ipsum
506 1727 624 1755 Tertull.
635 1727 681 1756 lib.
693 1728 727 1756 ad
737 1731 852 1764 Martyr.
865 1729 923 1758 Ali·
940 1730 1145 1759 ScAuAMANGA
1157 1751 1165 1763 ‚
1189 1730 1347 1760 vestimenti
1363 1740 1449 1769 genus
1458 1751 1467 1762 ‚
1487 1727 1521 1757 de
1530 1738 1584 1766 quo
1596 1727 1778 1766 luitprandus

130 1763 179 1806 qui
198 1764 389 1794 existimarunt
410 1765 611 1796 concavitatem
621 1766 733 1797 Theatri
753 1768 906 1808 significare
915 1791 923 1803 ‚

131 1804 369 1846 ubi-gladiatorum
377 1817 475 1845 pugnae
487 1829 495 1841 ‚
516 1807 620 1846 aliique
637 1808 695 1837 ludi
705 1808 905 1838 'exercebantur
916 1831 922 1838 .

133 1844 195 1872 Alii
205 1853 296 1874 tamen
306 1845 421 1875 Tlieatri
434 1847 535 1878 limites
545 1868 554 1880 ,
573 1851 601 1877 &
619 1849 923 1890 terminosintelligere

131 1884 235 1912 malunt
247 1907 256 1918 ‚
267 1886 356 1924 quiex
365 1887 499 1922 assbribus,
509 1899 538 1917 ac
548 1889 664 1918 trabibus
673 1889 922 1923 constituebantur3

132 1934 196 1952 nam
209 1935 263 1953 vox
274 1936 360 1965 graeca
371 1925 498 1965 σκέμμα
507 1951 516 1962 ‚
527 1929 640 1963 limites,
651 1934 679 1960 ὅ(
689 1929 776 1966 sylvae
792 1932 923 1960 terminos

132 1966 248 1994 denotat
257 1987 264 1998 ,
276 1967 322 2005 qui
333 1967 406 1996 soffia
418 1991 424 2001 ,
444 1980 474 1998 ac
484 1979 564 1999 tertae
575 1969 655 1999 sulcis
665 1971 904 2001 circumdabantur
914 1995 922 2006 ‚

980 1770 1010 1798 in
1021 1770 1162 1809 legatione
1172 1792 1178 1804 ,
1202 1771 1247 1799 ubi
1257 1772 1290 1800 dc
1300 1770 1441 1800 donativis
1460 1771 1491 1798 ab
1507 1771 1679 1807 Imperatore
1698 1768 1777 1796 Con-

981 1810 1230 1849 stantinopolitano
1239 1811 1299 1840 fieri
1307 1811 1396 1840 solitis
1408 1811 1439 1839 in
1449 1810 1557 1839 sabbato
1568 1819 1631 1839 ante
1643 1807 1777 1838 Domini-

979 1861 1038 1880 cam
1049 1852 1198 1889 palmarum
1207 1863 1216 1883 5
1225 1862 1283 1881 erat
1292 1854 1366 1881 enim
1374 1850 1485 1880 crass'um
1496 1873 1503 1885 ‚
1512 1855 1540 1880 <Sc
1550 1849 1777 1889 conduplicatum

980 1892 1177 1921 vestimentum
1194 1892 1344 1928 hybernale
1355 1914 1362 1920 .
1387 1899 1398 1928 [
1409 1892 1588 1920 Patriciorum
1597 1890 1697 1919 deinde
1706 1890 1776 1918 ordo

977 1931 1081 1961 secutus
1093 1955 1102 1966 ,
1120 1933 1302 1962 &duodecim
1322 1932 1516 1962 numismatum
1526 1932 1603 1961 libris
1620 1941 1682 1961 cum
1691 1929 1777 1964 scara—

979 1983 1076 2012 manga
1086 1984 1139 2002 una
1148 1974 1263 2002 donatus
1273 1994 1283 2002 .

131 2007 292 2036 translative
302 2017 371 2037 vero
380 2008 470 2039 fossim
480 2031 490 2043 ,
509 2020 588 2050 quam
596 2014 660 2047 joco
668 2012 854 2041 transiliebant
863 2023 922 2042 cur—
937 2014 1170 2043 Scaxmmxcum
1179 2035 1188 2047 ‚
1199 2015 1272 2043 idem
1283 2014 1475 2044 indumentum
1486 2036 1492 2047 ‚
1505 2014 1580 2054 quod
1589 2013 1668 2052 supra
1679 2034 1686 2041 .
1699 2013 1778 2048 [Lo-

131 2045 214 2090 sores,
224 2048 270 2090 rel
281 2047 366 2086 ipsam
377 2049 467 2079 cursus
476 2061 585 2081 metam.
599 2057 611 2086 [
623 2053 740 2091 Quoties
750 2053 828 2081 nobis
837 2065 852 2082 a
860 2054 922 2083 Deo

132 2087 212 2115 dives
221 2089 360 2132 ingeritur
367 2100 526 2129 purpuratus
537 2112 547 2125 ,
563 2093 672 2130 quoties
683 2094 840 2122 vulneratus
858 2105 920 2133 pau-

979 2055 1063 2083 ricam
1077 2055 1158 2093 ipfius
1168 2066 1232 2083 auro
1241 2065 1400 2084 contextam
1411 2078 1420 2089 ,
1441 2059 1470 2084 ὃ(
1479 2054 1681 2094 scaramangum
1694 2053 1775 2092 ipsius

977 2095 1136 2124 detulerunt
1146 2106 1207 2124 cum
1219 2096 1310 2134 capite
1319 2096 1398 2135 iplius
1408 2117 1417 2124 -
1427 2097 1501 2126 Paul.
1510 2097 1594 2125 Diae.
1603 2095 1634 2123 in
1644 2095 1754 2123 Heracl-

129 2137 178 2166 per
198 2137 348 2166 apponitur
364 2153 372 2164 ,
393 2132 477 2162 toties
492 2132 571 2161 nobis
589 2131 789 2162 misericordiae
806 2134 921 2165 scamma
937 2137 1188 2166 Scanammomus
1200 2158 1210 2170 ‚
1229 2136 1441 2177 ascaramanga,
1463 2136 1509 2165 seu
1518 2135 1694 2174 scaramango
1703 2135 1776 2171 adje-

130 2169 261 2206 pznditui·
269 2191 277 2202 ‚
288 2173 371 2200 toties
382 2173 460 2201 nobis
468 2173 585 2202 studium
594 2174 702 2211 pietatis
711 2175 841 2213 aperitur.
849 2178 920 2206 Petr.

127 2208 264 2245 Chrysei.
273 2209 327 2239 ser.
340 2223 349 2240 i
358 2224 405 2248 24.
415 2212 449 2242 de
460 2214 563 2243 Divite
573 2236 581 2247 ,
593 2217 621 2242 δι
632 2216 735 2243 Lazaro
743 2235 753 2242 .

976 2176 1080 2205 ftivum
1092 2198 1101 2205 .
1121 2178 1258 2212 [Obtulit
1267 2178 1297 2206 in
1306 2177 1435 2207 hocloco
1445 2178 1582 2215 planetam
1590 2176 1774 2214 scaramangi-

980 2226 1040 2245 nam
1051 2239 1059 2246 .
1068 2217 1180 2246 Chron.
1190 2218 1375 2247 Casium-lib.
1391 2230 1433 2248 12.
1444 2229 1467 2247 c.
1478 2223 1529 2255 98.

89 2251 203 2278 San-cio
217 2271 225 2283 ‚
235 2251 353 2289 Dapifer
361 2275 369 2286 ‚
380 2253 437 2283 five
445 2256 577 2293 poculum
584 2255 741 2284 ministrans
751 2277 759 2289 ,
773 2266 806 2285 ex
821 2256 922 2295 gallico
937 2258 1050 2287 ScAiuo
1060 2279 1069 2287 .
1079 2260 1135 2286 FR.
1146 2268 1247 2287 nomen
1258 2281 1265 2292 ‚
1274 2259 1350 2298 quod
1361 2259 1482 2288 Militem
1491 2259 1640 2298 fignificat:
1655 2255 1776 2295 [Siquis

130 2291 264 2334 vocabulo
278 2293 411 2335 Eschason
422 2316 430 2328 ,
440 2295 475 2324 de
485 2306 540 2334 quo
551 2295 581 2324 fit
591 2296 702 2324 mentio
711 2297 741 2325 in
752 2299 825 2336 Lege
834 2295 922 2332 salica,

128 2340 172 2359 tit.
185 2343 195 2360 ι
207 2343 230 2360 ι.
253 2334 326 2362 Vide
346 2335 482 2373 Dapifer.

88 2372 278 2403 ScaunAiizo
289 2395 299 2408 ,
319 2373 419 2415 σκοίζω
430 2397 438 2411 ,
459 2376 530 2405 malo
540 2378 668 2416 exemplo
677 2377 845 2408 occafionem
866 2388 924 2418 [iec-

369 2485 378 2499 t

978 2307 1069 2328 autem
1078 2299 1180 2327 Comes
1190 2321 1199 2332 ,
1211 2299 1371 2329 Vicccomes
1382 2321 1390 2333 ,
1400 2299 1544 2330 Gastaldio
1553 2321 1561 2332 ‚
1574 2299 1675 2330 Scario,
1689 2297 1775 2325 alicu·

979 2341 1019 2376 jus
1028 2339 1140 2378 insuper
1155 2340 1327 2369 conditionis
1337 2344 1390 2369 δίε.
1411 2340 1511 2370 Bullar.
1523 2339 1653 2369 Cafinen.
1665 2347 1733 2367 tom.
1742 2349 1769 2367 2.

984 2380 1186 2417 eost-124.]De
1197 2380 1292 2412 Milite
1300 2380 1406 2452 scilIicet
1416 2380 1514 2419 Equite
1525 2389 1621 2410 aurato
1630 2378 1779 2449 iigtcekliligit.

1379 2432 1396 2461 P
1439 2433 1457 2457 4
1728 2434 1741 2442 “
