1866 2526
486 13 487 25 l

449 47 485 96 Sl
507 53 552 96 U

111 111 217 142 constat
225 110 317 146 Bedae,
327 109 444 152 aliisque
453 110 531 151 supra
542 109 634 140 citatis
643 108 726 139 multa
738 107 813 138 inter
821 118 916 140 eorum

115 163 196 192 opera
206 150 280 180 fuisse
288 151 390 182 inserta
400 175 408 186 ,
419 164 481 192 qua:
496 162 560 181 vere
571 161 666 181 eorum
678 161 735 179 non
744 147 808 178 sunt
818 171 825 178 .
838 151 915 188 Quin

115 193 215 223 &talis
231 202 344 222 erronea
362 195 461 232 opinio
480 193 553 232 quasi
574 191 790 231 Hypocritarum
803 189 873 220 secta
887 192 916 221 ab

113 237 221 264 Evanto
232 233 333 263 Abbate
349 233 537 272 antiquiffiino
555 233 694 272 scriptore
714 231 784 270 apud
796 232 916 262 Heneri-

116 282 175 302 cum
183 273 326 303 Cannium
336 296 344 308 ‚
355 285 422 303 tom.
437 285 462 310 5.
474 274 563 312 antiq.
575 274 636 302 left.
649 274 915 311 inipugnatur,cujus

115 312 226 342 titultus
237 315 297 342 talis
309 315 357 343 est.-
370 316 502 350 [Contra
510 325 555 343 eos
565 335 573 347 ‚
583 313 629 352 qui
639 312 800 352 sanguinem
811 323 915 342 :inima—

114 352 182 381 lium
192 353 363 384 immundum
381 354 432 384 esse
450 356 572 393 judicant
583 376 590 387 ,
611 358 639 383 ἃ
650 363 763 382 carnem
785 354 912 383 mundam

114 391 165 421 ess'e
176 394 281 423 dicunt.
294 398 306 427 ]
318 397 439 425 Carnem
451 395 729 432 mundamintelligit
739 393 794 422 line
805 394 913 433 sangui—

112 443 150 462 ne
161 454 169 466 ,
180 434 225 462 ubi
233 433 306 464 hunc
316 446 436 465 errorem
445 446 521 466 extra
533 436 642 465 Italiam
650 444 740 472 primo
749 433 910 463 seminatum

113 473 189 503 suissi:
199 474 461 515 testatur,inquiens:
475 483 488 512 [
499 476 545 505 Ad
551 475 724 515 agnitionem
735 475 855 503 nostram
867 485 912 504 ve-

112 514 244 554 nit,quod
253 527 417 556 exurgentes
427 517 456 545 in
467 515 623 556 quibusdam
631 516 659 544 C
661 514 844 554 aesaraugustae
854 526 912 554 par-

114 555 184 583 tibus
196 555 320 594 reperissi:
332 568 380 586 vos
389 557 501 587 ass‘eritis
519 556 695 586 Christianos
716 556 832 584 necdum
851 567 912 585 ern-

111 594 184 623 ditos
204 597 311 635 paginis
320 597 398 626 sacris
408 621 416 632 ,
432 597 541 634 judaico
560 607 636 625 more
644 595 719 635 sequi
732 596 855 625 litteram
865 608 911 626 oc-

117 635 257 665 cidentem
268 662 273 666 .
285 641 312 666 &
320 639 485 677 postponere
497 637 625 676 spiritum
636 637 828 666 vivificantem
840 650 851 671 ,-
863 638 910 676 qui

113 675 211 704 dicunt
228 678 398 707 immundum
419 679 479 708 fieri
498 678 645 707 hominem
665 678 776 714 alicujus
786 678 910 707 animalis

116 714 279 755 sanguinem
291 720 480 748 comedentem
492 741 500 752 ,
521 717 672 748 nescientes
682 740 690 752 ‚
703 729 791 757 neque
803 719 908 747 intelli-

114 766 212 794 gentes
230 767 366 797 praecepta
383 759 469 797 prisca
489 759 572 799 magis
590 769 679 788 mores
698 759 843 789 hominum
861 760 908 788 de-

1271 23 1300 95 ὲ
1331 55 1372 96 U
1633 60 1714 109 649

970 117 1105 147 quaerens:
1120 108 1201 145 [Cur
1210 108 1290 148 plane
1301 111 1336 140 de
1345 110 1468 140 carnibus
1478 110 1592 142 edendis
1602 113 1693 153 legem
1702 111 1770 142 tulit

970 149 1071 181 Densi]
1084 150 1118 178 {ic
1129 149 1288 188 respondit:
1314 152 1402 186 [Mox
1415 152 1459 181 ubi
1475 152 1584 182 creass'et
1603 153 1747 183 hominem
1757 174 1768 186 ‚

969 189 1047 218 dedit
1058 190 1100 219 illi
1111 199 1190 219 terrae
1201 190 1404 228 frustus,jubens
1414 192 1492 221 illum
1504 193 1575 221 vesci
1595 194 1710 223 frustum
1727 193 1770 222 se-

970 230 1074 259 minum
1085 252 1094 264 ,
1104 234 1132 259 &
1141 231 1282 260 arborum:
1304 231 1364 271 post
1375 232 1512 262 dilnvium
1523 243 1613 262 autem
1624 235 1768 272 pretiosio-

970 281 1029 300 rem
1037 270 1125 300 cibum
1135 271 1179 300 illi
1189 273 1298 302 confert
1310 295 1317 306 ,
1335 274 1431 310 jubens
1439 274 1566 303 occidere
1577 296 1584 307 ‚
1602 278 1630 304 δε
1640 275 1768 303 comede-

969 321 997 339 re
1008 311 1132 341 volatilia
1141 333 1149 345 ‚
1161 316 1189 342 ὃς
1199 313 1321 342 natatilia
1330 335 1338 346 ‚
1358 317 1385 342 δε
1395 314 1530 343 terrestria
1539 315 1666 344 animalia
1676 336 1685 347 ‚
1703 313 1766 343 affe—

967 352 1041 380 stum
1054 350 1148 381 affectu
1157 355 1292 393 repellens
1301 375 1309 388 ‚
1330 358 1358 383 ὅ(
1369 354 1468 383 leviori
1481 365 1573 384 curans
1590 355 1746 394 graviorem
1755 376 1764 382 .

967 392 1130 422 Praevidens
1139 395 1216 423 enim
1227 393 1440 428 Deus‚h0mincs
1450 395 1480 423 in
1490 406 1640 424 extremam
1650 396 1767 425 demen-

969 434 1035 461 tiam
1047 433 1134 471 lapsos
1142 455 1150 467 ‚
1169 434 1229 464 haec
1238 435 1332 465 omnia
1341 435 1466 464 animalia
1476 446 1525 474 pro
1534 437 1596 465 Diis
1606 436 1744 466 habituros
1754 458 1764 470 ,

968 473 1090 512 permifit
1102 474 1213 504 illorum
1222 474 1336 509 esum‚ut
1346 475 1516 514 impietatem
1527 477 1604 506 illam
1612 476 1765 506 cohiberet.

967 516 1074 543 Summa
1091 516 1166 543 enim
1187 516 1223 545 cll
1244 516 1351 545 insania
1371 517 1483 545 adorare
1502 518 1576 556 quod
1592 518 1748 546 comeditur
1757 537 1766 545 .

966 556 1114 592 Propterea
1126 566 1192 585 vero
1200 557 1329 586 animalia
1338 557 1462 596 quaedam
1472 557 1611 587 immunda
1618 559 1702 591 dixit,
1712 560 1764 586 alia

969 604 1036 623 vero
1047 597 1146 625 munda
1157 618 1164 629 ,
1184 607 1213 625 ut
1225 598 1288 632 illa,
1311 607 1371 636 quar:
1381 597 1522 627 immunda
1531 598 1595 628 sunt
1607 621 1616 632 ‚
1632 609 1683 639 pro
1700 599 1764 628 Deo

966 637 1057 664 colere
1067 636 1261 667 exhorrescant
1272 650 1278 666 :
1291 649 1350 677 quae
1364 648 1432 667 vero
1443 639 1541 668 munda
1549 639 1611 668 sunt
1620 662 1629 674 ,
1646 639 1709 679 quia
1717 650 1764 668 co—

967 675 1113 705 meduntur
1123 690 1135 711 ,-
1146 688 1203 706 non
1211 679 1354 710 adorent]
1369 679 1441 708 Vide
1451 681 1584 708 Botulus.
1594 681 1630 709 In
1643 691 1699 719 quo
1707 679 1764 708 dif-

962 716 1015 745 fert
1025 716 1172 748 suffocatus
1181 729 1194 746 a
1203 719 1358 748 Praefocato
1367 738 1375 747 .
1399 719 1472 748 Vide
1486 719 1650 758 Prasocatus
1661 741 1668 749 .
1689 721 1763 750 Vide

963 758 1149 798 Idolothytum
1163 779 1170 787 .

113 795 265 826 monstrare
277 819 285 831 ,
304 809 384 838 quam
395 801 425 829 in
435 811 528 829 natura
537 799 643 828 serrare
653 821 660 828 .
680 803 752 830 Nun
772 801 792 829 fi
804 801 852 830 ista
870 801 907 829 ita
922 798 1146 829 SUFFRAGANEus
1158 822 1165 833 ‚
1178 799 1325 840 Episcopus
1335 798 1555 840 Archiepiscopo
1565 823 1572 835 ‚
1583 801 1639 831 five
1651 805 1759 833 Metro-

109 833 176 864 [ΗΜ
185 857 194 869 2
204 847 251 866 cur
259 848 350 877 aperta
361 841 451 870 fronte
460 851 522 869 cuin
533 841 635 878 Judaeis
646 844 673 869 δε
683 842 735 870 alia
746 864 753 875 ,
765 851 824 880 qux
839 842 906 871 veti-

111 883 139 903 ta
147 874 222 910 sunt,
232 888 370 918 precepta
381 880 473 919 priscae
484 882 552 920 legis
561 882 705 910 carnaliter
717 893 774 911 non
785 891 904 915 teneant,

112 915 207 958 nescio
217 922 269 948 &c-
282 922 294 952 ]
306 925 334 949 δε
345 921 468 951 inferius.
483 928 496 957 [
508 922 590 956 Quod
601 923 620 951 fi
630 922 701 951 forte
711 922 846 958 objiciunt
857 923 905 951 ista

114 965 144 984 in
156 959 302 989 canonibus
315 960 415 990 haberi.
427 965 486 992 Nec
496 974 548 1002 ego
559 963 661 991 meista
673 963 759 993 fateor
768 963 902 1002 ignorare.

111 996 164 1024 Sed
182 999 212 1026 in
223 1001 345 1040 antiquis
355 1004 502 1032 canonibus
520 1005 569 1033 illa
587 1005 760 1042 reperiuntur
770 1028 776 1038 ,
796 1004 904 1042 quando

117 1038 233 1067 Ecclesia
244 1050 277 1069 ex
288 1042 492 1073 circumcisione
501 1066 509 1078 ,
519 1048 547 1074 &
559 1045 694 1083 praepiitio
703 1046 734 1073 ad
747 1044 828 1074 fidem
837 1055 902 1073 con-

111 1079 273 1121 gregabatur
285 1093 292 1112 5
306 1084 416 1120 quando
426 1084 510 1114 adhuc
522 1096 580 1114 non
590 1084 680 1114 solido
689 1087 750 1115 cibo
760 1108 768 1120 ‚
778 1085 824 1114 sed
835 1085 902 1114 laste

111 1120 280 1161 nutriebatur
289 1142 296 1150 .
315 1125 382 1152 Tale
393 1126 460 1163 qnid
479 1127 511 1155 ad
522 1125 690 1155 Corinthios
701 1126 850 1165 Apostolos
858 1125 898 1154 di-

111 1157 177 1186 xisse
187 1163 318 1191 noverint
326 1185 334 1197 ‚
356 1168 384 1193 ὃ(
396 1174 424 1194 in
442 1167 553 1196 Actibus
566 1168 763 1205 Apostolorum
783 1167 850 1195 smsta
860 1167 902 1194 in-

961 839 1088 878 politano
1095 838 1285 870 subordinatus
1294 863 1302 874 ‚
1313 842 1351 869 ita
1360 842 1510 880 appellatus
1518 843 1581 882 quia
1591 842 1758 882 suffragium,

961 884 988 909 δ(
1008 891 1104 910 votum
1123 881 1264 919 praestabat
1284 882 1316 910 in
1334 881 1490 920 electione,
1507 887 1535 912 ὃ(
1555 884 1584 912 in
1601 884 1682 913 cauas
1702 886 1759 919 ejus

959 921 1250 960 Comprovincialium
1260 923 1458 961 Episcoporum
1467 945 1476 957 ‚
1497 926 1554 954 FR.
1564 925 1639 952 Item
1648 923 1760 963 supple·

958 962 1000 989 bat
1013 964 1101 991 vicem
1111 964 1167 998 ejus
1178 962 1385 1002 Archiepiscopi
1397 983 1404 991 .
1422 964 1509 992 Gloss'.
1520 964 1549 993 in
1560 975 1619 994 can.
1639 965 1738 1004 placuit
1750 986 1759 997 ,

958 1012 986 1030 ut
998 1003 1171 1038 Presbyteri,
1186 1014 1212 1031 2.
1222 1004 1315 1042 quaest.
1326 1010 1352 1032 6.
1367 1003 1438 1032 Vide
1449 1005 1568 1042 Collega,
1581 1009 1760 1043 comprovin—

956 1043 1037 1071 cialis
1057 1045 1095 1077 ³ll='
1117 1043 1211 1072 Hodie
1229 1053 1321 1073 tamen
1350 1043 1456 1072 abuiive
1477 1045 1648 1084 intelligitur
1673 1047 1758 1074 etiam

956 1083 1075 1111 titularis
1097 1083 1262 1122 Episcopus,
1285 1085 1332 1123 qui
1349 1083 1379 1111 in
1397 1083 1583 1114 fimetionibus
1605 1086 1756 1115 Pontifica-

961 1124 1028 1152 libus
1046 1123 1154 1163 supplet
1183 1125 1271 1154 vicem
1298 1126 1412 1160 alicuius
1441 1124 1671 1166 Archiepiscopi,
1699 1127 1756 1156 five

960 1163 1088 1203 Episcopi
1101 1185 1108 1192 .

112 1199 228 1228 venient
237 1221 244 1228 .
257 1204 339 1232 Nunc
352 1215 418 1234 vero
427 1208 543 1236 Ecclelia
551 1209 604 1236 Dei
614 1206 704 1236 solido
722 1208 783 1237 cibo
792 1207 902 1236 robora-
917 1206 1104 1235 SUFFRAoluM
1115 1226 1121 1233 .
1140 1207 1198 1236 FR.
1209 1205 1342 1245 significat
1354 1217 1452 1236 votum
1463 1229 1471 1241 ‚
1483 1208 1609 1237 volunt'as
1620 1229 1629 1242 ,
1639 1208 1757 1238 consen-

111 1247 138 1267 ta
147 1241 281 1275 consistit,
292 1254 321 1272 ut
334 1245 456 1274 viriliter
464 1258 560 1276 contra
571 1249 687 1286 impetus
699 1249 900 1277 Haereticorum

109 1288 225 1318 pugnet,
238 1293 296 1311 non
306 1284 334 1312 in
344 1285 497 1316 infantium
506 1289 626 1317 mollitie
638 1299 769 1318 enervata
778 1287 900 1318 succum-

109 1321 154 1349 bat
163 1323 192 1351 .]
215 1323 242 1349 Is
253 1333 342 1352 autem
351 1327 444 1354 :iustor
454 1349 462 1360 ,
483 1339 512 1356 ut
521 1329 646 1358 Canifius
666 1330 695 1357 in
705 1329 811 1368 praefat.
825 1340 900 1358 :iutu-

112 1369 167 1388 mat
180 1372 244 1406 ann.
257 1373 270 1399 5
278 1368 322 1392 88.
333 1364 480 1396 scribebat:
494 1373 528 1398 Et
540 1369 598 1407 post
609 1370 682 1398 varia
692 1380 863 1409 argumenta,
873 1374 900 1399 δ(

107 1401 276 1432 αιιὲὶοηῑαῐες
285 1405 320 1433 fic
331 1408 489 1437 concludit:
504 1412 592 1445 [Nam
603 1410 750 1439 ridiculum
761 1411 798 1439 est
809 1421 901 1440 carnes

107 1442 222 1486 mundas
232 1465 240 1476 ‚
248 1484 251 1486 -
259 1454 323 1482 quas
332 1447 406 1474 Deus
416 1458 519 1477 crcaVit
533 1471 541 1482 ‚
561 1450 712 1479 immundas
723 1473 732 1484 ‚
754 1455 781 1480 ὁ(
792 1451 900 1491 sangui-

107 1491 172 1524 nem
180 1492 302 1513 carnium
313 1507 321 1517 ,
333 1487 380 1524 qui
391 1488 484 1526 utique
494 1491 698 1519 nutrimentum
710 1513 717 1524 ,
727 1495 755 1520 ὃς
764 1490 832 1520 salus
844 1502 901 1521 car·

107 1531 151 1564 nis
161 1521 197 1549 est
208 1543 216 1555 ‚
236 1522 331 1553 feccrit
344 1527 513 1558 immundum
523 1534 575 1559 ἃς.
587 1531 664 1559 Absit
682 1543 697 1560 a
706 1531 831 1561 fidelium
841 1543 901 1561 cor-

108 1561 185 1589 dibus
197 1583 208 1608 ἶ
224 1573 253 1591 ut
266 1565 313 1592 ista
322 1567 467 1597 carnaliter
486 1570 677 1610 intelligentes
687 1594 695 1606 ,
713 1583 727 1600 a
737 1573 795 1602 finu
806 1574 900 1602 Matris

109 1602 234 1648 Eccleliie
246 1604 386 1635 discedant
396 1629 404 1640 ,
425 1612 451 1637 ὅ(
462 1609 551 1640 secum
563 1612 658 1640 taliter
667 1613 840 1642 credentibus
852 1625 896 1653 ge-

107 1641 209 1674 henna:
219 1646 328 1684 ignibus
340 1647 449 1677 tradant
458 1671 466 1677 .
478 1653 490 1682 ]
504 1651 557 1680 Sed
565 1652 624 1691 quis
636 1653 722 1682 fuerat
734 1654 782 1682 iste
790 1654 895 1682 Dedis-

107 1682 186 1727 firiius
207 1686 287 1728 Pater
295 1709 303 1719 ,
322 1690 350 1715 δε
359 1690 454 1726 quibus
472 1689 564 1720 scribit
583 1693 664 1723 ralia?
683 1696 769 1723 Certe
779 1694 828 1723 iste
838 1705 897 1723 curri

106 1723 167 1751 aliis
178 1725 320 1766 Episcopis
340 1730 424 1758 multa
437 1732 631 1762 conciliorum
648 1735 757 1764 decreta
768 1735 898 1764 roborasse

107 1763 191 1807 refert
203 1767 326 1796 Canilins
335 1771 364 1798 in
375 1781 430 1808 pne
436 1771 486 1800 fata
498 1772 703 1811 praefatiuncula
713 1796 720 1803 .
743 1776 830 1804 Unde
840 1774 895 1805 cre-

107 1804 192 1832 dibile
201 1806 239 1834 est
250 1806 310 1850 liare
320 1831 328 1842 ,
348 1821 407 1849 qnae
420 1814 560 1842 retulimus
569 1835 578 1847 ‚
596 1824 690 1844 contra
701 1816 896 1846 Ecclesiasticus

108 1843 172 1872 ²¹10³
183 1865 191 1877 J
209 1856 256 1889 qui
278 1849 309 1876 in
319 1852 456 1882 Conciiis
473 1855 663 1884 Aurelianenfi
676 1858 716 1885 11.
726 1867 784 1895 cap.
797 1869 845 1886 20.
867 1862 893 1887 ὅ(

110 1885 294 1917 Vommienii
304 1911 312 1922 ‚
323 1901 378 1930 cap.
391 1900 438 1928 65.
451 1895 518 1922 acin
529 1895 768 1933 poenitentialibus
775 1896 895 1936 supradi-

956 1245 998 1275 sus
1012 1267 1020 1279 ,
1039 1247 1155 1275 calculus
1167 1254 1180 1282 [
1199 1248 1234 1283 Q.
1244 1248 1403 1287 Caponium
1414 1249 1572 1280 'invenimus
1583 1249 1698 1278 ambitus
1709 1249 1755 1278 da-

958 1296 1080 1315 mnatum
1090 1308 1098 1320 ‚
1121 1288 1183 1325 quia
1193 1289 1250 1317 vini
1261 1290 1419 1327 amphoram
1430 1289 1546 1320 dedifl'et
1555 1290 1631 1319 dono
1641 1290 1686 1324 ei,
1708 1300 1757 1318 cu-

955 1331 995 1363 jus
1006 1326 1126 1365 suffragii
1136 1328 1203 1357 latio
1212 1338 1268 1357 erat
1279 1350 1285 1356 .
1296 1330 1368 1358 Plin.
1380 1331 1425 1359 lib.
1436 1343 1450 1370 3
1460 1340 1484 1365 5.
1495 1341 1517 1358 c.
1535 1333 1600 1361 iz.]
1614 1333 1688 1359 Item
1698 1331 1756 1359 col-

955 1369 1052 1396 letiam
1062 1389 1070 1400 ,
1090 1378 1382 1400 commemorationem
1392 1391 1400 1399 .
1419 1372 1492 1401 Vide
1510 1370 1563 1399 suis
1576 1371 1640 1400 locis
1651 1392 1658 1399 .
1680 1374 1755 1400 Item

954 1409 1179 1447 genuflexionem
1188 1421 1201 1438 a
1214 1410 1327 1439 nomine
1336 1414 1456 1450 Suffrago
1466 1412 1643 1449 ‚suffraginis
1652 1434 1661 1445 ,
1681 1413 1755 1450 quod

955 1451 1085 1477 flexuram
1103 1450 1281 1487 posteriorem
1291 1452 1320 1479 in
1329 1454 1448 1481 cruribus
1457 1454 1573 1481 denotat
1582 1473 1590 1484 ‚
1611 1452 1685 1491 quasi
1694 1451 1755 1481 sub-

957 1489 1037 1517 frac‘ta
1049 1492 1080 1521 .]
1100 1492 1282 1519 Vift'i'maruni
1300 1492 1428 1530 probatio
1447 1493 1477 1522 in
1491 1491 1581 1520 vitulo
1592 1513 1600 1525 ‚
1623 1502 1653 1520 ut
1672 1493 1755 1522 cauda

956 1531 1102 1559 articulum
1111 1530 1262 1570 suffraginis
1272 1533 1452 1572 constringat.
1463 1533 1536 1562 Plin.
1547 1532 1753 1571 lib.8.cap.45.]

954 1574 983 1599 ὅ(
1003 1571 1032 1598 in
1048 1570 1102 1599 hoc
1122 1570 1201 1600 sensu
1219 1583 1270 1611 pro
1288 1575 1484 1611 genuflexione
1511 1572 1598 1601 Idolis
1615 1574 1752 1611 praestita:

957 1617 971 1646 [
981 1612 1071 1645 Quem
1088 1622 1150 1640 cum
1160 1614 1306 1650 praedictus
1325 1614 1473 1652 Episcopus
1483 1613 1607 1652 increpat
1618 1635 1626 1647 ,
1645 1623 1751 1643 tantum

954 1651 982 1680 se
991 1651 1147 1691 suffragium
1164 1652 1309 1691 permisisse
1326 1653 1469 1692 respondit
1481 1674 1487 1681 .
1500 1656 1510 1685 ]
1531 1653 1605 1681 ldest
1616 1676 1623 1687 ,
1635 1654 1749 1692 Episco-

957 1702 1005 1731 pus
1017 1693 1149 1721 Sardiniae
1163 1715 1170 1726 ,
1188 1695 1234 1732 qui
1246 1693 1366 1730 ejusdem
1377 1695 1475 1724 Insula:
1497 1693 1616 1729 judicem
1629 1695 1752 1734 increpa-

955 1733 1014 1765 vit,
1032 1734 1095 1772 quia
1105 1734 1135 1762 ab
1146 1733 1277 1763 insulanis
1295 1735 1447 1773 gentilibus
1459 1730 1617 1773 pe'nsionem
1632 1745 1751 1775 accepta-

954 1783 1029 1802 verat
1040 1795 1047 1807 ,
1069 1784 1099 1802 ut
1109 1785 1154 1803 eos
1166 1775 1254 1804 Idolis
1261 1775 1410 1804 sacrificare
1421 1777 1520 1805 lineret
1532 1786 1540 1806 5
1563 1775 1614 1804 sed
1624 1777 1713 1814 Judex
1724 1775 1752 1805 se

952 1812 1093 1843 excusavit
1105 1837 1113 1848 ,
1123 1816 1197 1853 quod
1207 1825 1311 1844 tantum
1320 1815 1474 1855 suffragium
1485 1838 1492 1849 ,
1521 1815 1589 1846 idest
1600 1837 1609 1850 ,
1628 1819 1753 1855 genufle-

950 1855 1064 1883 xionem
1077 1855 1115 1883 eis
1124 1855 1284 1894 permiserat
1294 1857 1381 1886 Idolis
1389 1858 1518 1896 prestare
1528 1877 1536 1884 .
1555 1859 1591 1886 In
1601 1857 1694 1895 regist.
1711 1859 1751 1888 D.

955 1897 1042 1934 Greg.
1051 1896 1097 1924 lib.
1107 1908 1135 1931 4.
1146 1897 1224 1935 epist.
1235 1908 1282 1935 33.

103 1923 145 1952 ἃᾶ
155 1925 245 1955 futilia
255 1927 415 1961 all'ernerant
425 1956 433 1967 ‚
452 1933 580 1974 scripfiss'e
590 1956 598 1964 .
619 1939 692 1966 Nam
701 1948 795 1966 contra
804 1939 895 1968 Sacer-
909 1936 1022 1965 succes
1029 1947 1080 1964 1‘10
1090 1958 1098 1969 ,
1110 1937 1272 1966 informatio
1280 1960 1288 1971 ,
1305 1937 1443 1966 attestatio
1452 1939 1483 1967 ab
1491 1938 1584 1976 aliquo
1592 1937 1647 1967 fide
1657 1938 1749 1978 digno

104 1965 182 1994 dotes
193 1966 350 2003 hujusmodi
359 1972 424 2002 satis
433 1976 503 2004 clare
512 1976 636 2015 loquitur
645 1999 653 2010 ,
664 1988 693 2006 ut
703 1989 736 2007 ex
746 1979 828 2008 titulo
839 1983 895 2016 ejus

105 2007 227 2044 epillolae
236 2007 324 2052 ’supra
342 2014 424 2043 allato
442 2025 517 2054 patet
526 2038 534 2050 ‚
555 2021 583 2046 δε
594 2029 627 2046 ex
639 2019 694 2047 illis
715 2019 820 2048 verbis:
846 2024 894 2056 [A

101 2047 289 2079 Sacerdotibus
297 2052 426 2086 debilibus
434 2061 487 2085 &c.
499 2057 565 2086 liber
576 2058 718 2088 Pastorslis
726 2061 752 2088 S.
762 2061 894 2099 Gregorii

102 2087 222 2132 legatur]
236 2094 263 2119 ὃς
275 2093 304 2120 in
316 2093 377 2123 fine:
389 2097 498 2131 [Secum
509 2099 601 2126 taliter
611 2099 783 2128 credentibus
791 2101 894 2139 gehen-

100 2138 144 2156 nae
154 2130 262 2174 ignibus
272 2134 378 2163 tradant
388 2155 395 2163 .
408 2139 420 2168 ]
435 2138 526 2176 Igitur
536 2138 682 2168 dicendum
694 2161 702 2173 ,
713 2141 788 2178 quod
796 2152 826 2169 in
835 2152 894 2170 can.

100 2171 266 2212 npoitolico
277 2176 316 2203 nil
325 2176 399 2204 aliud
407 2179 595 2208 continebatur
605 2201 613 2212 ‚
623 2181 674 2209 nifi
686 2191 752 2218 pure
764 2181 792 2210 id
801 2203 810 2216 ‚
820 2183 895 2220 quod

100 2211 251 2255 m-Aftibus
262 2215 470 2254 Apostolorum,
481 2230 538 2258 cap.
555 2231 564 2249 i
573 2229 598 2253 5.
609 2222 895 2259 reperitur-Caeterum

102 2259 185 2294 eriam
196 2261 225 2280 in
237 2255 292 2284 Sic.
303 2257 441 2296 Scriptura
450 2263 634 2294 Mattianum
652 2262 798 2300 aliquando
809 2263 895 2292 Idolis

100 2292 273 2324 immolatum
283 2297 437 2337 fignificat:
460 2306 472 2335 [
484 2301 554 2336 Quia
563 2302 822 2332 contaminaverunt
840 2313 894 2332 ter-

100 2341 157 2359 ram
167 2343 254 2364 ineam
266 2337 295 2366 in
314 2341 468 2374 morticinis
487 2341 632 2370 Idoloruni
649 2341 758 2372 suorum
767 2363 775 2371 .
795 2345 895 2382 Jetem.

105 2376 146 2402 ¹⁸-
157 2376 169 2408 i
183 2377 244 2408 Iino
254 2377 444 2413 Theodoreus
454 2382 485 2412 in
495 2382 589 2422 quaest.
600 2382 630 2414 in
639 2384 863 2424 Genefi,quaest.5
872 2394 896 2421 5.

949 1975 1074 2015 suggesta
1083 1999 1092 2011 ‚
1101 1981 1130 2006 ὅ(
1141 1978 1263 2006 exhibita
1274 1998 1281 2005 .
1291 1979 1334 2006 Sic
1348 1978 1377 2006 in
1385 1979 1485 2007 ordine
1496 1981 1625 2008 Romano
1634 2000 1642 2012 ‚
1654 1980 1699 2008 ubi
1709 1980 1746 2009 de

943 2017 1079 2051 ,ostiariis
1089 2028 1178 2055 agitur
1188 2040 1195 2051 ,
1214 2018 1274 2047 haec
1284 2017 1416 2047 habentur
1428 2030 1433 2046 :
1457 2025 1469 2055 [
1481 2021 1526 2048 Ad
1544 2019 1749 2058 suggestionem

951 2057 1150 2086 Archidiaconi
1160 2080 1169 2091 ‚
1189 2059 1277 2087 tradat
1287 2059 1325 2086 eis
1335 2058 1484 2098 Episcopus
1503 2061 1592 2089 claves
1603 2061 1728 2090 Ecclefiae
1739 2081 1749 2088 .

949 2099 1023 2127 Item
1040 2099 1175 2136 fignificat
1192 2098 1343 2138 supplicem
1354 2101 1476 2129 libellum
1486 2122 1495 2134 ‚
1514 2111 1570 2140 quo
1590 2102 1705 2139 populus
1715 2112 1746 2130 in

954 2140 1089 2168 electione
1109 2138 1238 2178 Episcopi
1247 2141 1419 2169 attestabatur
1428 2142 1462 2169 de
1472 2142 1542 2170 rec‘ta.
1556 2141 1747 2170 idoneitatem

954 2180 1076 2209 favorem
1086 2180 1212 2218 postulati
1224 2192 1230 2208 :
1253 2186 1264 2215 [
1277 2182 1402 2209 Veniunt
1413 2182 1446 2210 ad
1456 2183 1646 2221 Apostoli'cum
1658 2183 1724 2218 idest
1734 2203 1743 2215 ,

950 2222 989 2249 ad
998 2226 1101 2257 Papam
1113 2225 1124 2253 )
1134 2231 1195 2249 cum
1204 2219 1252 2249 suo
1260 2221 1355 2250 filecto
1365 2243 1373 2255 ‚
1385 2221 1539 2252 deferentes
1547 2222 1636 2251 secum
1646 2221 1745 2260 sugge-

949 2261 1065 2290 stionem
1076 2283 1085 2294 ‚
1105 2260 1159 2289 hoc
1168 2261 1206 2289 est
1217 2263 1367 2301 rogatorias
1377 2264 1480 2292 littei-:is
1490 2286 1498 2296 ,
1517 2273 1546 2292 ut
1557 2273 1594 2290 eis
1603 2261 1745 2291 consecret

949 2301 1113 2341 Episcopum
1124 2321 1131 2329 .
1153 2302 1268 2331 Albinus
1278 2304 1384 2332 Flaccus
1393 2325 1401 2336 ‚
1413 2304 1447 2332 de
1456 2304 1544 2332 divin.
1555 2302 1600 2331 off.
1610 2313 1668 2341 cap.
1678 2305 1745 2341 36]

949 2343 993 2371 Sic
1005 2353 1088 2371 eiiam
1098 2344 1138 2371 D.
1148 2344 1300 2382 Gregorius
1309 2343 1340 2372 in
1349 2346 1404 2381 ejus
1415 2344 1521 2382 Regin.
1531 2349 1666 2380 Paginam
1678 2344 1750 2382 sagq

947 2385 1074 2423 gestione&
1083 2384 1208 2416 libellum
1224 2384 1435 2426 mibrpgativum
1443 2384 1515 2424 sxpe
1524 2384 1661 2428 intelligit
1671 2404 1679 2412 .
1701 2385 1747 2414 Ita

1626 2435 1711 2454 etiam
