1866 2526
455 59 551 105 RI

50 126 211 156 Rnomcus
221 142 228 150 .
240 119 314 150 Vide
322 119 462 151 Rhodium
472 140 481 148 .

52 169 212 197 Ruomuos
222 183 231 195 ‚
250 156 342 202 ῥοιῦνός
353 179 364 196 ‚
381 157 482 189 rosacei
492 158 594 190 coloris
604 180 612 189 .
635 160 771 196 [Vestem
779 159 885 195 rubeam

92 209 128 237 de
138 203 254 235 rhoditis
262 222 270 230 .
281 202 374 231 Antist.
386 199 519 230 Biblioth.
528 211 557 229 in
568 201 698 230 Benedic.
709 202 790 233 HL]
810 211 824 229 2
834 211 888 269 Ἕω

93 256 186 277 tamen
195 243 314 274 Auc'kore
323 241 407 270 etiam
417 242 553 272 Rhodia-us
563 241 665 270 dicitur
674 261 681 268 .
694 245 708 276 [
719 242 788 270 Vela
795 241 843 270 alit
869 241 885 269 i-

94 298 130 318 na
139 308 147 321 ,
164 295 224 325 quae
235 282 383 313 &ornavit
393 292 455 310 cum
465 281 587 310 rhodicis
599 303 606 311 .
630 283 666 310 In
677 281 782 313 Zach.]
796 281 887 310 Potest

89 325 296 367 quidemctiam
305 321 427 361 intelligi
439 321 490 351 efl'e
498 332 690 352 ormmentnrn
700 321 820 352 rosarum
829 332 889 350 acus

91 369 195 408 pictura
205 386 214 394 .
390 402 400 409 ἱ
507 403 510 407 .
670 408 674 411 Ι

47 412 258 442 Rnomorn'a
268 417 275 436 ς
287 405 461 442 ῥομβοθιται.
475 403 548 432 Vide
557 405 705 433 sarabaita
718 423 726 431 .

50 452 230 481 Ruoupuffl
242 468 250 480 ‚
269 444 393 485 ρομφαῖα
405 466 415 481 ,
434 444 533 473 framea
542 466 550 478 ‚
568 445 686 480 jaculum
694 464 703 472 .
726 443 799 472 Vide
817 445 886 472 Siro-

96 501 143 519 ma
168 500 194 518 es
205 508 212 515 .

47 491 219 562 Κκγτξλιυς
231 547 239 555 .
252 525 325 555 Vide
335 526 466 554 Echoicas
477 545 484 556 .
495 526 577 563 Profa
587 545 594 552 .
605 525 696 562 Versm·
703 525 828 553 leoninus
839 543 846 551 .

51 574 143 601 an
155 590 162 597 .
175 568 248 597 Vide
259 567 366 597 Rabhi.
532 582 534 585 .
639 605 644 608 .

48 613 273 642 Rinufflomvm
285 609 344 635 Lex
356 625 363 633 .
386 608 442 635 PR.
451 606 507 634 Lex
527 605 557 634 in
567 603 661 635 Tuscia
671 624 678 632 .
699 605 801 635 Bullzr.
811 604 885 634 Casi-

89 662 155 680 nen.
167 659 235 679 tom.
249 661 274 677 2..
286 646 371 675 const.
382 656 430 681 75.

50 694 131 722 RicA
144 712 151 719 .
164 690 237 720 Vide
249 694 349 719 Roccus
361 706 369 713 .

1242 60 1288 104 R
1316 61 1360 105 0
1621 81 1699 121 577

911 120 1038 150 Rivaus
1047 140 1054 147 .
1065 120 1120 150 FR.
1133 119 1244 158 proprie
1252 120 1356 150 dicitur
1367 122 1398 156 is,
1411 122 1459 162 qui
1469 132 1518 162 per
1527 124 1644 155 eundem
1655 127 1748 155 rivum

944 169 1038 198 aquam
1049 160 1178 194 deducit,
1197 171 1227 190 ut
1237 160 1263 191 ff.
1273 162 1308 191 de
1318 172 1385 201 aqua
1404 163 1512 202 quotid.
1524 168 1551 194 δε
1574 167 1629 194 aest.
1647 168 1665 195 l.
1683 179 1705 196 ι.
1716 171 1745 196 δε

945 199 1104 232 translative
1123 202 1239 230 Rivales
1248 202 1378 233 dicuntur
1387 203 1407 232 ii
1420 225 1426 237 ,
1450 205 1496 243 qui
1506 204 1540 233 ad
1550 207 1666 234 eandem
1685 217 1744 235 mu-

942 241 1038 269 lierem
1049 251 1099 279 pro
1109 239 1309 272 consuetudine
1317 265 1326 278 ‚
1345 245 1419 283 quasi
1427 245 1459 273 ad
1470 245 1588 274 eundem
1601 246 1692 275 rivum
1701 257 1743 275 :ic-

947 281 1050 310 cedunt
1060 293 1067 309 :
1077 284 1106 310 &
1117 284 1276 312 Comvales
1286 294 1367 313 etiam
1379 285 1506 314 dicuntur
1516 306 1522 312 .
1535 289 1598 321 [Tu
1610 290 1741 325 conjuga-

945 322 1000 351 lem
1010 331 1087 351 tuum
1097 322 1222 361 repudias
1231 344 1239 356 ‚
1248 327 1276 353 et
1285 324 1357 363 saepe
1369 336 1443 364 putas
1456 327 1628 356 notandum?
1650 336 1724 355 muta
1736 349 1744 359 ,

942 366 972 392 ὁ(
987 362 1006 392 fi
1025 373 1081 392 uno
1090 363 1222 392 defecerit
1232 364 1278 393 die
1288 386 1296 398 ,
1313 364 1445 404 superduc
1458 368 1572 396 rivalem
1585 389 1592 400 ‚
1613 371 1641 396 ὃ(
1653 368 1744 396 statim

943 402 1086 442 incognita
1095 403 1180 436 causa,
1190 406 1263 442 quali
1274 407 1416 445 cognitam
1426 408 1537 446 pudoris
1547 408 1688 446 exequaris
1700 408 1742 437 in-

941 443 1038 478 juriam
1049 465 1056 475 ‚
1065 454 1125 472 can.
1136 444 1289 475 horrendus
1298 468 1307 479 ,
1318 458 1331 484 3
1339 459 1365 476 2.
1375 459 1422 487 qu.
1436 457 1462 484 5-

903 486 948 514 Ro
954 494 1006 512 nux
1018 505 1025 511 .
1047 486 1105 514 FR.
1114 485 1188 514 locus
1198 487 1321 515 Tulliani
1332 489 1444 518 carceris
1454 491 1554 519 Romae
1564 509 1572 517 .
1591 490 1691 518 Baron.
1713 487 1745 517 in

943 534 1001 552 not.
1012 525 1045 553 ad
1055 527 1202 561 Martyrol.
1210 537 1218 555 ι
1226 538 1253 563 4.
1266 528 1347 556 Mart.
1357 529 1402 557 lit.
1412 530 1440 558 h.
1453 531 1494 558 Ac
1506 530 1580 559 idem
1590 539 1680 558 carcer
1691 534 1744 558 Ro-

942 566 1033 601 bustus
1043 566 1179 594 dicebatur
1189 587 1197 594 .
1209 567 1314 597 Ibidem
1325 568 1354 597 in
1365 569 1412 598 rit.
1421 570 1466 598 De
1479 570 1542 599 loco
1552 570 1665 599 carceris
1676 570 1744 599 Tul-

939 605 1009 673 ·liogii
1021 604 1165 635 sententiae
1176 610 1229 636 διε.
1238 608 1308 638 circa
1317 610 1438 639 medium
1448 632 1456 644 ‚
1478 620 1512 639 ex
1522 611 1620 641 Plauto
1630 631 1638 639 .
1657 611 1684 643 §.
1693 609 1742 640 sed

941 655 967 673 vi
991 656 1016 675 es
1027 666 1035 674 .

900 687 1006 715 Rocci
1019 707 1027 714 .
1041 686 1114 716 Vide
1123 693 1195 718 Rota
1200 690 1389 730 porphyretica
1399 711 1406 719 .

47 733 129 763 ΚΝΑ
141 753 149 764 ,
159 731 194 760 fic
204 729 355 768 appellatus
367 725 418 754 fuit
428 724 496 754 liber
506 748 515 760 ,
526 725 555 755 in
565 737 620 766 quo
633 725 736 757 tributa
746 748 754 760 ‚
773 730 802 756 δι
811 725 886 755 datia
898 728 1021 756 Roccus
1034 749 1041 760 ,
1062 727 1143 756 vestis
1153 739 1240 773 genus
1252 752 1260 763 ,
1278 741 1311 759 ex
1320 733 1479 770 germanico
1499 734 1632 762 vocabulo
1650 736 1720 764 Rock
1730 755 1739 766 ,

88 771 250 801 notabantur
260 790 267 800 ‚
279 779 293 796 a
303 767 425 795 <haione
433 777 587 805 germanica
597 771 663 805 Rige
675 790 682 801 ,
695 778 754 807 quae
765 767 864 796 seriem
875 788 883 800 ,

85 816 115 841 δε
124 810 330 840 connexionem
341 806 484 845 fignificat,
497 809 559 846 quia
570 808 598 836 in
606 819 641 836 eo
652 809 722 838 libro
732 807 884 837 ordinatim

83 852 248 881 notabantur
258 848 403 880 teloni2,&
413 847 604 886 impositiones
612 849 769 887 exigendae.
782 849 885 884 [Exin-

82 893 118 921 de
127 891 236 921 solvere
247 900 296 919 nec
307 898 336 917 tu
345 910 352 921 ,
364 898 413 916 nec
423 898 466 915 tua
476 889 618 926 posteritas
630 890 705 918 nobis
716 911 724 922 ‚
735 899 784 917 nec
795 890 882 919 haere-

85 934 161 962 dibus
173 931 272 961 nostris
281 929 399 959 debeatis
410 950 417 961 ‚
430 929 480 957 nili
492 939 598 958 tantum
612 952 618 962 ‚
640 930 660 958 li
669 931 707 958 it:
719 931 778 958 vult
790 932 864 969 Riga
875 951 881 958 .

86 973 210 1002 Mar-tulf.
221 973 266 1001 lib.
280 982 306 1010 3.
327 970 438 998 formul.
448 980 470 997 c.
482 981 495 1007 3
504 972 552 1001 6.]
574 970 714 1010 Significat
724 970 806 1000 etjam
817 982 882 1001 can-

85 1014 169 1042 cellos
179 1034 186 1041 .
198 1013 272 1041 Vide
282 1010 408 1040 Cancellt
418 1030 425 1037 .

939 767 973 796 de
983 778 1034 806 qua
1055 767 1086 796 fit
1098 778 1205 798 mentio
1215 770 1244 799 in
1253 771 1311 800 vitri
1321 773 1419 801 Caroli
1430 774 1545 812 Magni,
1567 774 1613 802 lib.
1625 785 1651 812 3.
1665 779 1678 809 [
1691 776 1740 801 Kx»

939 809 1011 837 rolus
1029 807 1109 838 habet
1119 811 1264 848 pelliceum
1287 812 1466 842 berbicinium
1488 824 1546 842 non
1555 815 1673 844 multum
1682 824 1739 842 :tm-

939 849 1034 887 plioris
1045 850 1127 887 pretii
1138 872 1147 883 ‚
1156 861 1237 889 quam
1249 862 1304 881 erat
1314 864 1407 882 roccus
1416 855 1441 883 S.
1452 854 1568 883 Martini
1579 875 1587 883 .
1599 857 1611 886 ]
1638 854 1738 893 Aliqui

939 899 1031 918 tamen
1041 891 1147 920 Rochus
1157 891 1257 921 habent
1268 914 1276 925 ,
1295 895 1361 922 &in
1373 895 1434 923 aliis
1443 901 1567 925 Rucenm
1586 894 1741 935 reperitur.

938 934 979 959 Ex
988 929 1042 959 hoc
1052 931 1164 970 inquam
1183 934 1316 963 vocabulo
1336 946 1394 963 non
1403 937 1479 973 pauci
1499 937 1662 966 Rachettnm
1672 957 1680 968 .
1703 937 1738 965 de

939 981 994 1010 quo
1004 981 1068 1000 mox
1079 972 1139 1002 dice
1145 982 1203 1002 mus
1215 996 1222 1007 ,
1242 974 1363 1004 derivati
1374 985 1472 1014 putant
1482 999 1489 1005 .
1511 979 1546 1006 In
1556 979 1652 1016 Pomp.
1664 977 1740 1006 Fessu

938 1012 1084 1041 invenitur
1093 1017 1165 1043 Κέω
1174 1015 1204 1043 in
1215 1015 1312 1044 eodem
1324 1016 1475 1053 significatu
1486 1017 1567 1046 vestis
1577 1039 1584 1045 .

44 1056 148 1084 RfflQR
164 1075 169 1081 ,
190 1055 248 1082 FR,
267 1052 379 1081 verbum
396 1050 550 1089 diligenter
570 1051 709 1090 inquirere
730 1054 881 1093 significat.
900 1054 1090 1085 Romnum,-
1109 1054 1184 1083 linea
1194 1055 1275 1084 vestis
1294 1055 1493 1095 Episcoporum
1506 1059 1648 1096 peculiaris
1661 1080 1668 1091 ‚
1690 1057 1738 1087 sed

84 1101 94 1129 [
108 1096 196 1132 Jiidex
215 1094 248 1122 ad
261 1091 445 1132 prolationem
454 1090 600 1120 sententiae
619 1093 697 1122 debet
708 1094 834 1123 universa
845 1096 882 1123 ri-

82 1146 159 1163 mari.
171 1137 204 1164 In
216 1133 343 1163 decretal.
353 1133 387 1161 de
397 1131 450 1160 fide
461 1133 634 1161 instrument.
645 1144 668 1161 c.
684 1137 748 1166 10.]
761 1136 824 1173 quia
834 1138 881 1174 Ju-

82 1177 150 1205 dicis
158 1186 263 1204 animus
273 1185 331 1204 non
341 1173 419 1201 debet
428 1172 536 1211 semper
546 1174 579 1202 ad
588 1184 668 1202 unam
691 1174 776 1204 solam
787 1177 881 1215 proba-

81 1216 168 1245 tionis
176 1215 293 1254 speciem
302 1213 432 1243 inclinari
442 1234 451 1246 ‚
463 1214 493 1242 in
504 1214 531 1242 d.
541 1214 616 1243 decr.
627 1215 661 1244 de
671 1214 810 1246 sententia
821 1239 830 1251 ‚
853 1222 880 1247 ἃ

83 1268 111 1286 re
121 1258 202 1294 ‚udic-
210 1268 235 1284 c.
252 1267 293 1291 ¹4·

41 1301 174 1328 Rmm
187 1319 195 1330 ,
206 1299 309 1326 flumen
318 1316 326 1327 ‚
337 1305 351 1323 a
360 1294 433 1333 Ripa
444 1295 479 1322 ita
489 1295 698 1324 denominatum
710 1318 716 1324 .
738 1303 750 1332 [
765 1302 798 1326 Et
807 1299 880 1337 quod

80 1337 169 1367 natine
180 1337 349 1366 transeuntes
360 1336 487 1373 ripariam
497 1356 504 1363 .
523 1337 558 1364 In
570 1336 627 1365 vita
639 1339 773 1367 Vener-ab.
786 1340 879 1368 Mariae

81 1380 115 1408 de
128 1379 245 1408 Maliaco
256 1399 266 1415 ,
277 1390 291 1406 ι
299 1382 324 1406 8.
335 1377 416 1404 Mart.

37 1423 188 1449 Rivauius
199 1440 208 1446 .
227 1421 282 1448 FR-
295 1418 413 1455 riparum
424 1417 525 1446 Custos
535 1439 543 1450 ‚
562 1421 589 1446 ὃ(
607 1429 695 1447 earum
715 1420 880 1458 gabellarum

79 1461 190 1488 exactor
200 1481 208 1492 ,
220 1459 319 1488 Bullar.
329 1457 421 1486 Cafin.
434 1467 502 1485 toni.
515 1469 540 1486 ε..
559 1458 645 1486 const.
658 1471 723 1492 227.
734 1471 808 1489 num.
823 1473 848 1490 ι.

38 1501 214 1529 Rima-icum
226 1519 232 1526 .
242 1501 297 1528 PR.
307 1501 348 1533 jus
359 1495 556 1525 transvehendi
564 1509 629 1534 'cum
642 1501 704 1528 maisi
717 1511 745 1528 in
755 1501 821 1539 ripis
831 1504 879 1530 flu-

80 1541 205 1572 minum,
225 1542 253 1567 &
263 1549 296 1566 ex
307 1548 340 1566 eo
358 1537 492 1575 gabeuam
502 1539 634 1576 exigendi
646 1562 653 1572 ‚
675 1541 694 1568 l.
715 1541 733 1569 fi
747 1552 878 1579 portuna-

78 1580 132 1608 rius
144 1601 151 1612 ,
162 1580 197 1608 de
211 1578 298 1608 Fui-tis
309 1599 316 1610 ,
329 1581 355 1605 ὅ(
367 1577 463 1605 Bullar.
474 1578 567 1606 Calin.
578 1588 646 1607 tom.
661 1592 686 1608 2,-
697 1582 782 1610 const.
793 1590 840 1620 36.

37 1623 54 1650 Γ
77 1618 202 1651 lym-isis:
212 1640 218 1647 .
242 1619 355 1647 Flabella
365 1617 398 1645 ad
407 1617 552 1656 abigendas
563 1618 664 1648 muscas
673 1631 686 1649 a
698 1620 772 1650 sacro
782 1624 878 1652 Calice

78 1660 199 1689 adhibita
210 1680 217 1686 .
229 1659 352 1688 Constit.
366 1657 490 1695 Apostol.
505 1659 550 1687 lib.
565 1664 588 1688 8.
601 1670 623 1688 c.
641 1672 683 1690 ιι.
694 1667 756 1691 Duo
765 1667 861 1702 mquit
870 1687 877 1697 ‚

78 1705 199 1730 Diacom
211 1712 244 1728 ex
254 1709 376 1737 utraque
384 1707 464 1735 parte
473 1699 575 1727 altaris
585 1704 830 1741 teneantflabella,
843 1716 877 1733 ex

78 1742 207 1770 tenuibus
220 1741 388 1768 membrams
398 1759 407 1771 ,
417 1748 470 1767 aut
479 1750 512 1767 ex
522 1744 618 1777 pennis
624 1747 742 1779 pavonis
752 1765 760 1776 ,
780 1754 833 1772 aut
844 1757 876 1773 ex

76 1782 164 1809 linteo
172 1804 180 1814 ,
189 1789 322 1818 utparva
334 1780 476 1808 animalia
488 1781 647 1821 volitantiq
656 1783 774 1821 abigant
782 1806 791 1818 ,
802 1796 835 1814 ne
845 1788 876 1813 in

80 1822 345 1850 Calzcemmcidant
355 1841 362 1847 .

37 1865 141 1892 Risit!
155 1883 162 1893 ‚
174 1871 234 1889 acus
276 1871 330 1899 quo
341 1861 466 1889 mulieres
475 1871 525 1899 pro
536 1861 677 1892 firmaculo
689 1864 746 1894 veli
756 1865 789 1894 ad
798 1875 878 1903 caput

78 1911 210 1930 utuntur.
225 1902 334 1935 [Rilile
345 1923 352 1933 ‚
365 1911 420 1939 quo
428 1901 507 1940 super
516 1913 607 1932 aurem
617 1905 691 1932 orale
703 1905 856 1935 confixerat
868 1928 876 1939 ,

77 1941 137 1970 casu
149 1941 272 1980 perdidit
283 1962 291 1969 .
304 1943 336 1970 ln
349 1942 406 1970 vita
417 1942 442 1970 S.
454 1943 598 1982 Valburgis
608 1944 688 1984 Virg.

35 1985 92 2013 Rm
102 1994 184 2011 οκτᾼ
197 2003 203 2009 .
225 1982 393 2010 Vocabulum
412 1993 570 2022 corruptum
591 1985 622 2013 ab
641 1985 735 2017 italico
747 1990 859 2017 Ritorta
872 2008 879 2014 .

80 2029 92 2058 [
107 2027 139 2052 Et
151 2022 229 2051 omni
252 2033 326 2050 anno
336 2025 391 2058 ejus
402 2024 486 2052 altare
493 2034 554 2052 cum
578 2025 686 2054 ritonta
696 2026 726 2054 in
736 2028 800 2065 gula
813 2047 820 2055 .
843 2029 879 2056 In

77 2063 134 2093 vita
145 2062 234 2093 Sanfti
245 2062 371 2092 Ambros.
381 2064 478 2092 Senen.
492 2076 537 2093 ιο.
549 2067 631 2094 Mart.

33 2106 174 2133 ‘Rs-ruzin
187 2125 194 2136 ‚
211 2104 278 2131 liber
288 2104 478 2132 aeclesiasticis
496 2104 651 2135 notissimus
662 2128 670 2139 ,
690 2106 721 2135 in
731 2117 787 2146 quo
797 2118 877 2138 ezre-

73 2145 176 2173 inoniae
190 2155 239 2182 pro
259 2143 492 2173 administratione
503 2146 737 2176 sacramentorum
755 2148 878 2186 praescri-

75 2185 178 2213 buntur
189 2206 196 2217 ,
207 2194 254 2222 qui
266 2184 295 2212 in
305 2185 438 2213 Concilio
448 2187 584 2215 Toletano
596 2188 649 2216 IV.
660 2198 720 2215 can.
732 2199 778 2224 ις.
788 2190 876 2219 Libel-

71 2227 116 2253 lus
127 2225 249 2262 officialu
271 2225 420 2263 appellatus
431 2227 468 2254 est
479 2237 487 2257 5
505 2225 553 2254 sed
574 2227 666 2265 potius
675 2227 728 2256 hoc
747 2231 879 2259 vocabulo

72 2265 236 2303 praedistum
255 2265 418 2294 Concilium
427 2267 599 2295 Breviarium
618 2268 783 2298 intellexisse
792 2280 860 2308 puto
869 2292 878 2300 .

72 2305 193 2334 Ritualis
203 2305 362 2341 synonyma
372 2326 379 2333 .
393 2307 466 2336 Vide
478 2311 654 2337 Contactam.
664 2310 858 2348 euchologium
869 2333 876 2340 .

71 2347 206 2374 Ordinale
216 2365 223 2373 .
235 2347 420 2375 Saces-dotalis
433 2368 439 2375 .
451 2352 714 2378 sacramentarium
724 2370 730 2377 .

30 2386 128 2417 Rnus
142 2406 149 2413 .
162 2386 235 2414 Vide
248 2391 414 2416 Caremonia
424 2408 431 2415 .
442 2389 540 2424 Castus
552 2409 559 2416 .

96 2441 99 2443 ·
111 2428 302 2462 Hierolexicm
325 2431 418 2459 Macri
430 2449 436 2456 .

938 1095 1071 1131 temporis
1082 1095 1221 1134 progtessii
1232 1096 1292 1124 aliis
1310 1097 1485 1126 inferioribus
1497 1099 1687 1127 Ecclesiasticis
1705 1110 1738 1127 ex

937 1134 1089 1174 privilegio
1100 1135 1221 1165 conceffi
1234 1138 1320 1165 luerat
1331 1158 1338 1165 .
1361 1144 1375 1173 t
1386 1140 1516 1168 Utuntur
1526 1140 1628 1168 croceis
1646 1139 1745 1168 obitu--

938 1175 974 1202 ris
984 1196 992 1207 ,
1012 1179 1039 1204 δ(
1051 1175 1140 1204 subtus
1163 1187 1248 1215 parvo
1257 1188 1369 1216 caputio
1386 1179 1464 1217 supra
1476 1179 1621 1208 rochetum
1631 1201 1639 1213 ,
1651 1181 1696 1209 lib.
1713 1190 1753 1208 ι.-

937 1216 1097 1245 Caeremon.
1106 1228 1129 1245 c.
1140 1220 1190 1252 4.]
1211 1218 1414 1257 Aliqniputant
1425 1220 1478 1248 hoc
1493 1221 1655 1249 vocabulum
1666 1232 1679 1249 a
1693 1231 1740 1250 vo.
1763 1251 1765 1255 X

937 1266 967 1284 ce
978 1261 1082 1294 Requet
1090 1258 1189 1296 gallica
1199 1259 1352 1297 originari3
1372 1262 1420 1289 :rlii
1429 1271 1443 1289 ι
1452 1267 1542 1291 Ruceo
1551 1283 1558 1293 ,
1578 1271 1607 1290 ut
1619 1260 1697 1300 supra
1710 1263 1740 1290 in

935 1296 1000 1325 dist.
1011 1302 1111 1326 Roccus
1122 1298 1225 1327 dietum
1237 1299 1275 1328 est
1284 1320 1291 1327 .
1302 1301 1363 1330 Alii
1376 1301 1487 1330 tandem
1497 1311 1613 1338 etymon
1624 1312 1657 1331 ex
1667 1312 1740 1341 grae-

935 1337 973 1364 cis
986 1337 1100 1366 vestibus
1110 1339 1174 1377 ρ’ὠν,
1194 1339 1262 1368 idest
1275 1362 1283 1373 ‚
1294 1342 1379 1370 fluens
1389 1363 1396 1375 ,
1420 1343 1464 1372 vel
1478 1343 1570 1371 mollis
1584 1365 1588 1374 ‚
1600 1347 1627 1372 Β(
1639 1341 1721 1373 20⁷an
1731 1364 1739 1375 ‚

937 1377 1005 1406 idest
1014 1399 1024 1411 ‚
1034 1379 1125 1407 tunica
1137 1401 1144 1407 .
1165 1381 1220 1409 FR.
1232 1380 1266 1409 de
1276 1381 1325 1410 hac
1336 1383 1411 1412 veste
1420 1384 1590 1421 Curopalata
1599 1383 1655 1422 agit
1667 1405 1675 1416 ‚
1689 1384 1734 1412 ubi

935 1418 969 1446 de
982 1416 1114 1448 habitibus
1135 1422 1296 1450 Graecorum
1319 1424 1497 1461 Imperatoris
1517 1426 1688 1453 mentionem
1699 1424 1737 1452 fa-

934 1459 974 1486 cit
983 1479 992 1491 ›
1001 1469 1082 1497 quam
1093 1458 1173 1500 ρἔον
1182 1483 1190 1494 ,
1201 1465 1229 1490 &
1240 1459 1335 1501 ρ’έχιαν
1348 1474 1428 1492 vocat
1438 1475 1450 1497 ,-
1461 1464 1533 1493 unde
1543 1464 1678 1492 formatur
1688 1474 1737 1492 vo-

934 1499 1061 1528 cabulum
1069 1501 1245 1531 Ruchart'um
1257 1523 1264 1535 ,
1278 1503 1345 1533 idest
1356 1525 1364 1538 ‚
1376 1504 1533 1533 vestiarium
1543 1525 1552 1533 .
1571 1507 1610 1538 th:
1621 1506 1738 1533 Diceba-

937 1549 981 1568 tut
988 1543 1076 1570 Linea
1085 1561 1094 1569 .
1112 1544 1210 1570 Baron.
1220 1552 1264 1571 an.
1285 1551 1322 1572 26
1331 1555 1353 1572 ι.
1376 1545 1468 1572 Habet
1486 1544 1598 1583 quidem
1618 1546 1736 1574 manicas

934 1580 1073 1610 obstrictas
1082 1580 1226 1611 rochetum
1237 1604 1244 1616 ,
1255 1584 1289 1612 ad
1298 1584 1488 1613 denotandum
1500 1608 1506 1617 ,
1519 1586 1593 1623 quod
1603 1587 1736 1614 Praelatus

935 1621 1031 1649 debeat
1041 1621 1140 1652 habere
1159 1633 1253 1652 mutus
1263 1634 1403 1664 promptzs
1416 1647 1423 1658 ‚
1446 1628 1473 1654 δ(
1483 1626 1625 1664 expeditas
1644 1627 1676 1654 :id
1687 1627 1737 1654 lar-

933 1662 1064 1700 giendam
1073 1663 1278 1699 eleemosynam
1287 1685 1295 1693 .
1308 1667 1448 1698 Praelatus,
1458 1668 1504 1705 qui
1515 1666 1595 1694 habet
1604 1665 1680 1695 usum
1691 1677 1735 1696 ro-

933 1701 1010 1730 cheti
1021 1724 1029 1736 ,
1050 1703 1080 1731 in
1089 1703 1219 1742 obsequio
1228 1706 1337 1741 alicujus
1346 1707 1503 1735 Cardimlis
1514 1707 1593 1735 debet
1603 1707 1673 1736 illud
1684 1708 1719 1736 de
1726 1727 1734 1730 ⁴

934 1742 1004 1771 ferre
1013 1765 1021 1777 ,
1033 1743 1098 1772 dum
1110 1745 1266 1774 cardinalis
1279 1747 1350 1775 illud
1360 1747 1444 1775 etiam
1456 1747 1554 1778 desem
1563 1757 1625 1776 nam
1639 1749 1658 1777 st
1668 1749 1736 1777 Car-

934 1783 1115 1813 dinalisillud
1127 1795 1185 1813 non
1194 1786 1282 1815 defert
1295 1808 1302 1820 ,
1326 1789 1445 1816 Praelato
1455 1799 1519 1816 tunc
1532 1799 1589 1816 non
1599 1799 1735 1818 convenit

935 1825 987 1852 illo
997 1824 1038 1853 uti
1048 1845 1057 1852 .
1076 1826 1149 1854 Item
1160 1825 1240 1855 deber
1252 1827 1320 1856 illud
1330 1838 1439 1866 portare
1450 1830 1577 1857 Praelatus
1591 1850 1598 1861 ‚
1617 1829 1680 1857 dum
1693 1841 1733 1858 rc-

933 1864 987 1903 giis
997 1865 1162 1896 Oratoribus
1172 1865 1329 1906 obsequium
1341 1869 1495 1907 praestarnn
1508 1870 1647 1898 audientia
1658 1871 1735 1899 Sum-

935 1906 974 1934 mi
983 1905 1129 1935 Pontificis
1140 1928 1147 1939 ,
1169 1906 1214 1935 seu
1224 1908 1253 1936 in
1267 1909 1424 1938 vilicatione
1435 1910 1592 1939 cardinalis
1605 1912 1712 1940 novelli
1727 1934 1736 1944 ,

933 1946 990 1976 five
1000 1957 1015 1974 a.
1024 1946 1160 1984 legatione
1172 1948 1313 1977 redeuntis
1325 1960 1331 1980 ς
1351 1951 1464 1978 tandem
1476 1949 1582 1979 deferre
1591 1950 1671 1980 debet
1690 1962 1736 1980 ro—

933 1986 1043 2016 chetum
1054 1988 1184 2016 Praelatus
1194 1989 1305 2017 vilitatis
1316 1990 1434 2028 aliquem
1446 1990 1612 2020 Sereniffirni
1624 1992 1736 2022 titulum

934 2026 1095 2056 habentem.
1114 2029 1226 2057 Praelati
1239 2041 1248 2058 t
1257 2040 1304 2058 ero
1326 2032 1476 2069 Regulares
1489 2042 1547 2060 non
1565 2041 1679 2061 utuntur
1689 2044 1735 2062 ro-

933 2067 1028 2101 cheto,
1039 2067 1125 2096 sedin
1137 2067 1213 2098 Miss'a
1222 2069 1375 2099 induuntur
1384 2070 1590 2110 superpelliceo.
1605 2074 1662 2103 FR.
1674 2077 1735 2103 An-

933 2109 1047 2147 tiquitus
1058 2118 1149 2137 tamen
1169 2109 1328 2139 Rochetum
1340 2122 1396 2140 erat
1419 2114 1553 2152 longum,
1570 2123 1651 2152 atque
1669 2116 1736 2144 tala-

932 2159 961 2178 re
971 2170 980 2183 ,
1002 2150 1067 2178 sicut
1075 2149 1242 2188 perspicitur
1253 2152 1282 2178 in
1292 2152 1412 2191 antiquis
1424 2153 1533 2191 piduris
1546 2176 1553 2186 ,
1574 2165 1602 2183 ac
1614 2154 1667 2183 tale
1677 2155 1734 2184 fue-

929 2200 971 2219 rat
981 2190 1115 2219 Bonifacii
1136 2192 1215 2228 Papa:
1231 2193 1316 2220 VIII.
1328 2194 1515 2228 exvrelatione
1526 2195 1570 2233 Jo:
1584 2195 1659 2224 Pauli
1674 2197 1734 2225 Mu-

933 2231 1019 2258 cantii
1040 2230 1143 2259 oculati
1152 2231 1227 2259 testis
1239 2252 1246 2264 ,
1265 2235 1339 2268 cujus
1349 2234 1429 2262 verbii
1439 2245 1452 2263 a
1461 2236 1594 2274 Torrigio
1614 2235 1648 2263 de
1656 2236 1735 2272 Cry-

934 2271 988 2309 ptis
999 2271 1124 2299 vatican.
1135 2281 1197 2310 pag.
1206 2282 1219 2309 3
1227 2283 1241 2303 7
1249 2284 1274 2300 ε..
1291 2273 1408 2312 impressi
1416 2272 1535 2304 secunda
1545 2276 1628 2303 relata
1640 2296 1648 2308 ‚
1668 2277 1734 2307 talia

933 2311 1013 2344 sunt,
1032 2321 1092 2349 quae
1103 2313 1176 2340 lubet
1187 2311 1232 2340 hic
1243 2313 1376 2343 adducere
1386 2336 1396 2349 ,
1414 2325 1444 2344 ut
1463 2316 1640 2354 antiquorum
1651 2327 1735 2347 orna-

932 2360 1089 2381 mentorum
1103 2352 1271 2382 Pontificum
1283 2354 1368 2384 forma
1376 2356 1567 2395 dignoscatur:
1592 2363 1605 2393 [
1617 2357 1672 2385 Die
1688 2369 1696 2385 1
1708 2371 1732 2389 ι,

932 2393 1062 2423 octobris
1086 2400 1168 2430 1605.
1189 2393 1253 2424 dum
1273 2396 1474 2467 demolire-gur
1494 2397 1586 2427 altaria
1610 2398 1731 2468 υἷές-,με

1452 2448 1470 2465 ο
1659 2448 1686 2467 a·
