1866 2526
132 31 205 70 114
464 17 498 58 Β
529 19 550 58 Ι

111 75 226 114 antiquo
237 73 404 103 Paffionario
415 73 444 103 in
454 84 620 114 pergameno
631 75 668 103 M.
681 75 706 104 S.
718 74 747 104 in
761 73 898 105 Archivio

113 115 285 145 Lateranensi
296 114 461 144 conservato
472 117 529 144 afta.
540 116 702 146 Sanctorum
712 115 901 154 descripserat,

113 160 141 186 oc
151 166 276 194 tempore
285 156 359 186 Sixti
371 158 423 185 IV.
435 156 510 195 typis
520 156 706 190 maudaverat,
718 157 753 186 sic
764 158 796 185 de
808 158 833 186 S.
843 157 903 191 Cy·
924 157 930 162 ”

114 198 214 236 priano
224 196 304 225 habet
316 207 322 225 :
337 200 394 232 [Et
404 197 440 226 ita
450 197 608 235 Cyprianus
620 196 778 236 Episcopus,
792 202 819 226 ὅ(
831 198 900 225 Mar-

115 248 162 273 tyr
181 237 208 266 se
228 237 337 266 lacerno
355 238 430 268 birro
444 259 451 271 ‚
473 242 500 267 ὃ(
511 238 659 267 dalmatica
680 238 835 277 expoliavit
845 258 853 269 ‚
875 240 901 265 δε

115 278 284 308 Diaconibus
296 278 409 307 tradidit
422 300 430 311 ‚
452 282 479 307 δ(
492 278 562 307 linea
574 278 648 307 stetit
659 300 667 311 ‚
689 279 829 317 coepitque
848 276 901 314 spi-

117 318 268 349 culatorem
279 318 418 348 sustinere.
431 320 443 350 ]
455 319 513 348 Ubi
526 319 609 349 etiam
621 319 817 351 manifestatur,
829 317 902 356 quod

115 366 268 390 Lucernam
276 360 383 388 birrum
393 358 470 398 supra
480 360 656 390 dalmaticam
667 358 904 397 induebatur‚quia

117 401 148 430 in
158 395 257 429 ordine
267 400 386 438 primum
396 401 472 429 exuit
485 402 522 431 D.
533 401 691 438 Cyprianus
702 413 708 429 .·
730 410 808 439 atque
819 399 902 432 infer-

116 451 161 472 tur
170 463 179 475 ‚
202 441 277 479 quod
289 440 395 469 habitus
410 441 573 479 praelatitius
583 440 712 470 habuiss'er
725 441 829 480 semper
840 451 904 469 ean-

115 483 178 515 dem
189 481 304 510 formam
314 503 322 514 ‚
345 485 372 510 ὃ(
384 482 510 511 ordinem
521 503 530 515 ‚
552 482 617 511 dum
628 492 674 521 per
685 488 839 511 Lacernum
850 483 905 510 bir-

76 550 77 553 ,
116 534 179 553 rum
192 544 199 555 ‚
211 522 286 561 quod
299 522 384 560 vulgo
394 528 553 551 Mozettam
562 545 569 556 ‚
583 533 630 561 per
639 523 823 552 Dalmaticam
833 543 841 555 ,
861 521 904 550 seu

117 562 269 598 Tunicam,
293 572 373 600 quam
382 564 617 596 Manto-Mettum,
641 568 668 592 δε
681 564 800 596 lineam,
823 573 905 601 quam

118 604 298 634 Rocchettum
308 603 404 630 dicunt
413 609 425 635 ”,
447 604 649 632 demonstratur
659 624 666 632 .
689 606 760 633 Item
779 605 906 633 Clericos

118 645 193 674 birro
203 665 210 676 ,
234 643 377 672 &lacerna
397 643 475 673 indui
494 643 554 673 usos
572 643 646 672 sutsse
668 646 782 674 Severus
806 645 904 683 Sulpit.

118 685 185 713 dial.
201 695 223 712 1.
233 694 290 722 cap.
307 694 349 719 14.
359 683 471 712 testatur
481 705 487 712 .
512 684 585 713 Vide
597 685 720 714 Clericus
731 707 738 713 .
760 687 905 716 Dalmati-

118 736 160 761 ρα-
173 725 246 753 Vide
255 725 338 752 etiam
350 727 506 753 Bamn-An.
519 732 584 754 261.
596 734 729 761 num.'40.
742 731 768 756 &
780 726 854 765 seqq.
867 728 903 760 εΗ.

119 765 198 794 Idem
208 764 268 793 usus
280 764 309 792 in
319 765 461 793 Orientali
472 766 587 794 Ecclesia
596 776 653 794 erat
664 777 671 797 5
682 767 818 796 Palladius
829 767 905 795 enim

120 807 149 835 S.
161 805 340 834 Athanasium
352 806 527 835 Alexandria:
543 806 710 845 Episcopum
720 818 781 840 cum
793 808 884 836 tunica
897 829 903 839 ‚

120 850 149 883 ὅ(
158 845 233 875 birro
243 844 384 874 disceffifl‘e
393 845 502 874 scribit:
525 850 553 875 ὃ(
566 850 728 877 Fortunatus
739 870 746 881 ‚
771 848 815 877 ubi
834 847 867 876 de
877 849 901 876 S.

121 889 263 916 Germano
275 886 415 915 Parisienli
426 886 542 915 Praesule
554 888 677 927 loquitur
688 910 695 921 ,
706 893 821 917 Birrum
831 888 904 916 hunc

119 928 268 956 Palliolum
280 937 360 955 vocat
370 947 377 953 .
387 930 485 956 Romae
496 927 567 957 solus
578 929 710 958 Pontifex
724 929 775 957 fert
786 930 887 959 birrum
898 951 904 962 ‚

119 967 165 996 seu
176 977 325 996 mozettnm
334 967 413 1005 super
422 969 591 1001 lineam‚live
600 969 766 1002 rochettum,
779 979 808 1000 ut
819 973 905 1005 ajunt,

119 1008 215 1046 absque
225 1008 399 1036 mantelletto
408 1031 416 1041 ,
440 1009 514 1047 quod
525 1019 574 1047 per
581 1010 714 1039 Tunicam
724 1032 732 1044 ,
755 1015 782 1040 ὃ(
795 1011 904 1039 Dalma-

120 1049 202 1076 ticam
215 1048 336 1087 intelligi
349 1049 469 1078 diximus
479 1071 486 1082 ‚
497 1050 571 1090 quod
580 1050 617 1079 est
628 1051 733 1089 signum
742 1050 907 1087 iurisdietio-

119 1090 162 1117 nis
174 1101 180 1116 :
193 1099 254 1117 nam
266 1099 326 1117 cum
337 1090 435 1129 aliquis
444 1090 520 1118 domi
534 1091 651 1129 propri-e
664 1102 786 1121 moratur
797 1113 804 1124 ‚
815 1091 838 1120 ei
852 1102 907 1119 non

120 1130 158 1160 est
169 1139 236 1167 opus
248 1130 380 1159 mantello
391 1131 430 1159 uti
445 1150 451 1157 .
474 1131 607 1170 Idemque
618 1132 749 1161 Pontifex
767 1133 795 1160 in
806 1131 907 1159 hebdo-

122 1170 240 1205 maclam
251 1170 317 1200 albis
326 1192 334 1203 ,
356 1172 430 1200 birro
451 1171 511 1201 albo
532 1172 657 1200 induitur
667 1193 673 1199 .
697 1172 859 1201 Cardinales
878 1172 907 1199 in

124 1211 249 1241 Ecclesiis
261 1221 355 1239 corum
365 1212 441 1240 tituli
453 1234 460 1245 ,
484 1212 513 1239 in
524 1212 797 1251 Congregationibus
807 1212 907 1240 habitis

123 1251 154 1280 ln
165 1261 259 1280 eorum
272 1253 379 1289 palatiis
388 1275 396 1286 ,
407 1252 450 1282 seu
462 1253 562 1282 ibidem
573 1251 734 1282 solemniter
746 1253 866 1285 visitati,
881 1257 907 1281 δε

125 1292 156 1320 in
165 1293 232 1322 Sede
244 1294 365 1322 Vacante
374 1303 489 1322 utuntur
498 1293 571 1322 birro
583 1315 590 1326 ,
602 1298 629 1323 ὃ(
639 1293 784 1323 rocchetto
794 1316 802 1327 ,
812 1292 910 1331 absque

125 1332 302 1361 mantelletto
314 1355 322 1366 ,
353 1335 416 1372 quia
435 1344 499 1362 tunc
518 1334 737 1371 jurisdictionem
755 1344 884 1363 exercent
902 1354 908 1361 .

125 1373 254 1412 Episcopi
264 1383 341 1402 extra
362 1385 457 1403 eorum
469 1373 618 1404 Dioeccsim
638 1386 695 1403 non
715 1375 821 1413 possunt
841 1374 910 1403 ferre

123 1424 273 1442 mozettam
283 1436 291 1447 ,
313 1415 488 1453 excipiuntur
498 1423 588 1445 tamen
601 1416 729 1454 Episcopi
738 1416 908 1454 Regulares;

125 1456 173 1493 qui
186 1465 213 1482 in
224 1465 318 1483 eorum
329 1456 482 1494 Religione
492 1457 637 1486 utebantur
657 1457 769 1495 capucio
781 1478 787 1488 ,
810 1461 836 1486 ἃ
856 1455 909 1483 hoc

126 1495 217 1534 potius
229 1506 262 1524 ex
272 1495 349 1524 abusu
360 1507 368 1528 5
381 1506 444 1525 narn
455 1499 537 1527 talem
549 1497 703 1526 facultatem
712 1497 750 1525 eis
760 1495 909 1525 concessam

128 1536 226 1564 nullibi
244 1546 355 1575 apparet
366 1557 372 1563 .
395 1538 518 1576 Angelus
539 1541 632 1567 Rocca
648 1538 679 1566 in
697 1537 816 1576 quodam*
832 1539 870 1566 M.
883 1538 909 1565 Si

128 1576 308 1605 Bibliotliecae
320 1578 463 1615 Angelicae
474 1579 507 1607 de
520 1579 598 1607 Urbe
610 1579 670 1616 post
680 1579 792 1617 longam
806 1577 910 1616 disqui-

127 1616 254 1645 sitionem
267 1638 274 1650 ‚
294 1618 405 1646 tandem
415 1619 556 1647 concludit
567 1618 639 1657 poss‘e
649 1618 813 1657 Episcopum
825 1619 855 1648 in
865 1618 909 1646 sua

128 1657 247 1691 Dioecesi
258 1655 326 1686 ferre
338 1668 489 1687 mozettam
511 1670 602 1688 coram
615 1661 718 1698 Legato
730 1682 736 1692 ,
754 1659 799 1688 seu
810 1659 908 1689 Cardi-

129 1698 186 1726 nali
198 1719 205 1730 ,
224 1699 298 1736 quod
310 1700 376 1735 Julii
397 1701 438 1728 11.
456 1704 483 1729 ὅ(
494 1700 534 1729 Ρ11
545 1701 584 1729 ΙΙ.
604 1700 736 1739 exemplis
746 1701 890 1729 confirmat
902 1723 908 1734 ,

129 1748 196 1776 quos
209 1739 342 1767 incorum
357 1740 457 1768 itinere
470 1762 478 1773 ,
495 1741 586 1769 Diarii
609 1741 729 1769 referunt
740 1763 748 1774 ‚
769 1740 910 1779 Episcopis

129 1779 159 1806 in
169 1789 262 1807 eorum
273 1780 442 1809 Dioecefibus
453 1782 621 1810 morantibus
631 1780 706 1810 usum
717 1792 848 1812 mQLettJ:
862 1804 869 1814 ,
882 1786 907 1810 ἃ

130 1818 264 1848 rocchetti
276 1822 451 1849 mantelletto
463 1822 585 1859 cooperti
595 1821 747 1851 concessisse
759 1834 764 1850 :
782 1822 856 1851 affert
869 1822 909 1850 inv

131 1859 208 1896 super
219 1861 275 1890 Sac.
288 1860 448 1899 Episcopor.
462 1865 488 1890 ὅ(
499 1862 599 1900 Regul.
610 1864 754 1901 Congreg.
773 1863 910 1891 decretum

132 1909 182 1937 pro
191 1902 382 1930 Gubernator-e
391 1903 565 1930 Maceratenli
578 1923 584 1934 ‚
595 1902 641 1941 qui
653 1913 713 1930 cum
724 1902 786 1931 ell‘et
799 1902 910 1932 Asana>

133 1949 180 1967 nus
190 1940 346 1978 Episcopus,
358 1942 389 1971 ab
400 1943 554 1971 Ordinatio
573 1943 628 1971 loci
646 1943 843 1981 impediebatur
855 1954 910 1972 mo-

134 1990 236 2008 zettam
247 1981 360 2013 deferre,v
370 1993 450 2011 tenor
460 1993 550 2012 autem
560 1984 674 2013 Decreti
690 1982 736 2011 sub
757 1984 802 2012 die
814 1989 838 2012 8.
857 1986 911 2013 De*

135 2021 220 2049 cemb-
235 2031 316 2056 ¹579.
331 2023 367 2050 est
378 2024 439 2051 talis
450 2023 626 2052 Maceratensi
636 2023 775 2062 Episcopo
786 2025 911 2053 diretstus.

133 2066 148 2096 1
157 2061 183 2088 S'
195 2061 208 2088 ἐ
233 2070 345 2089 trattato
366 2063 395 2091 in
414 2065 650 2103 Congregazione
671 2065 848 2102 longamente
868 2065 911 2093 del

133 2100 216 2129 dubio
228 2122 235 2133 ,
246 2100 296 2128 che
308 2103 342 2130 V.
356 2103 380 2130 S.
391 2114 483 2132 aveva:
494 2105 521 2133 se
533 2105 696 2143 Monsignor
707 2105 734 2133 d’
746 2104 841 2134 Ascoli
854 2109 911 2134 Oo-

134 2150 279 2170 vernatore
288 2141 316 2170 di
325 2143 413 2180 quella
422 2145 564 2181 provincia
574 2154 675 2183 poteva
685 2155 794 2183 portare
804 2146 827 2173 la
837 2156 912 2174 moz-

135 2190 210 2210 zetta
217 2181 297 2210 senza
307 2184 477 2221 pregiudicio
488 2186 559 2214 della
569 2184 757 2223 Jurisdizione
769 2185 797 2213 di
809 2186 872 2217 lei;e
883 2188 912 2214 ln

134 2220 211 2260 presa
219 2221 389 2251 risoluzione
399 2224 426 2251 di
438 2224 559 2253 riseri-ire
579 2226 686 2254 iliano
703 2236 716 2254 a
727 2227 763 2254 N.
775 2226 892 2264 Signore
904 2250 911 2259 ,

137 2262 157 2290 il
167 2262 246 2300 quale
257 2262 347 2290 inteso
356 2263 376 2291 il
389 2263 457 2292 fatto
468 2267 640 2305 propostogli
652 2288 659 2299 ‚
682 2265 785 2304 rispose
796 2277 809 2293 a
819 2268 912 2304 questo

138 2302 224 2331 modo
233 2323 241 2335 ‚
259 2303 319 2331 cio&
331 2304 493 2343 Monfignor
510 2307 537 2334 d'
548 2306 643 2335 Ascoli
654 2307 726 2344 porti
737 2307 762 2335 la
772 2317 913 2336 mozzetta

137 2353 190 2372 con
202 2344 221 2371 il
231 2342 357 2374 rochetto
368 2354 481 2385 coperto
490 2346 533 2375 dal
544 2347 718 2377 mantelletto
729 2368 737 2381 ‚
749 2357 763 2376 e
774 2347 825 2377 che
837 2350 872 2378 V.
884 2350 908 2377 S.

986 48 998 51 Ἣ
1259 18 1346 60 BI

959 71 1034 113 porti
1043 71 1064 102 il
1075 73 1205 105 rochetto
1213 74 1340 115 scopet-to
1350 85 1403 104 con
1413 74 1439 104 12
1450 80 1601 113 monn-ta,
1610 86 1688 107 come
1698 74 1743 106 sos

957 116 1058 153 gliono
1068 114 1143 145 usare
1153 119 1221 145 tutt'
1230 117 1239 146 i
1251 115 1373 146 Vescovi
1383 116 1458 145 nelle
1469 116 1573 151 Chiese
1583 118 1645 147 loro
1654 137 1662 146 .
1669 113 1742 147 ⁴Sar&

957 156 1036 188 bene,
1050 155 1100 184 che
1110 156 1130 188 fi
1140 156 1276 197 disponga
1285 168 1298 186 a
1307 156 1419 186 credere
1429 178 1436 190 ‚
1449 156 1500 186 che
1511 159 1672 197 quell’abito
1682 169 1741 188 non

957 196 976 224 l'
989 196 1002 224 ὲ
1016 196 1222 235 pregiudiciale5
1233 209 1276 227 ma
1285 208 1353 227 anco
1363 197 1396 226 ad
1405 198 1563 236 acquietarsi
1573 199 1665 229 affatto
1676 199 1744 228 coll’

958 237 1061 269 animo,
1071 235 1148 267 sotto
1159 239 1180 267 il
1190 249 1282 278 parere
1292 239 1321 267 di
1330 240 1381 268 Sua
1391 239 1569 269 Beatitudine
1579 261 1585 268 .
1597 243 1610 272 ]
1633 243 1742 270 Contra

960 287 1038 316 quam
1058 278 1223 317 opinionem
1240 279 1287 308 alii
1306 279 1447 308 decretum
1459 281 1604 320 Congreg.
1623 282 1744 314 Rituum

960 317 1074 347 asterunt
1086 340 1094 352 ,
1117 319 1160 347 sic:
1175 325 1187 354 [
1198 321 1325 353 Mozetta
1334 341 1343 353 ,
1361 319 1408 349 seu
1417 319 1575 350 rochettum
1587 321 1745 361 discooper-

960 368 1017 388 tum
1028 370 1086 389 non
1095 360 1183 398 potest
1191 359 1292 388 deferri
1303 361 1331 389 ab
1342 360 1480 400 Episcopo
1491 383 1498 395 ‚
1509 361 1644 400 praesente
1656 365 1745 401 Lega-

961 409 991 428 to
1004 401 1143 429 Perusino.
1160 401 1301 429 1.06t0br.
1317 404 1423 433 1601.]
1437 403 1558 432 Habetur
1569 402 1681 442 insuper
1693 412 1745 441 pro

961 442 1126 471 affirmativa
1135 439 1272 470 sententia
1284 442 1441 479 exemplum
1453 444 1490 471 D.
1502 444 1619 478 Caroli,
1632 444 1679 482 qui
1687 441 1745 479 jus-

960 480 1029 510 serat
1045 484 1102 518 ejus
1112 481 1287 520 suft'raganeis
1299 481 1440 520 Episcopis
1450 503 1458 515 ‚
1480 491 1509 512 ut
1520 494 1609 515 coram
1626 484 1687 523 ipso
1696 485 1746 512 de·

960 522 1062 550 ferrent
1083 532 1234 552 mozettam
1246 545 1253 557 ‚
1274 534 1308 551 eo
1326 523 1429 556 modo,
1448 533 1504 562 quo
1520 523 1725 563 supradiximus
1736 543 1747 552 .

961 565 1019 592 PR.
1035 563 1195 592 Dicendum
1215 563 1400 593 nihilominus
1421 563 1502 592 allata
1520 566 1654 599 ambarum
1665 567 1745 596 Con-

961 605 1157 643 gregationum
1167 607 1288 634 Decreta
1301 615 1359 633 non
1369 603 1419 633 css'e
1429 604 1506 633 inter
1515 603 1542 634 se
1552 606 1746 645 repugnantia,

961 654 1021 672 cum
1033 645 1127 682 quibus
1138 646 1308 674 concordant
1319 646 1403 674 etiam
1412 644 1483 673 casus
1503 646 1581 675 relati
1601 647 1635 676 de
1645 647 1746 676 duobus

961 685 1150 720 PontificibuS‚
1162 691 1189 716 ὃ(
1199 688 1237 717 D.
1251 686 1357 715 Caroli:
1367 690 1395 716 ὃ(
1404 686 1495 723 primo
1505 687 1539 715 de
1552 687 1696 725 postremis
1705 697 1748 715 ca-

962 726 1039 759 sibus,
1051 728 1096 756 ubi
1110 737 1241 756 mozettae
1252 727 1281 755 ab
1292 725 1434 765 Episcopis
1446 738 1504 755 non
1514 727 1610 758 delatae
1624 727 1748 760 fuerunt,

962 767 1012 795 nisi
1022 768 1081 805 post
1092 767 1278 796 concessiones
1290 767 1466 800 Pontificum,
1477 771 1504 796 <Sc
1515 769 1552 797 D.
1564 769 1671 800 Caroli5
1684 777 1749 796 nam

961 807 994 834 de
1002 809 1061 843 jure
1073 829 1080 841 ,
1094 813 1120 837 &
1133 809 1243 847 propria
1254 807 1414 836 auctoritate
1424 807 1522 846 absque
1534 809 1582 837 tali
1594 807 1750 848 permissio-

961 857 995 875 ne
1006 848 1102 886 utique
1114 849 1254 888 Episcopis
1271 848 1327 877 illis
1347 858 1409 877 cum
1428 858 1551 878 mozetta
1562 860 1653 879 coram
1663 851 1748 887 Supe-

960 888 1075 917 rioribus
1092 901 1151 918 non
1168 900 1224 918 erat
1242 890 1351 918 licitum
1362 889 1507 923 incedere,
1529 890 1564 919 de
1583 901 1638 929 quo
1655 891 1750 929 rigore

960 929 1084 968 loquitur
1095 931 1213 959 Rittium
1227 931 1420 969 congregatio
1438 929 1469 958 in
1481 931 1568 960 relato
1588 933 1643 966 ejus
1653 931 1751 966 decre2

961 980 1010 1001 τοὶ
1033 981 1090 998 non
1099 981 1192 999 tamen
1203 972 1311 1009 privare
1323 971 1469 1008 superioris
1482 970 1640 1000 facultatem
1660 971 1746 1000 intel-

961 1011 1026 1050 ligit
1037 1032 1045 1043 ,
1068 1011 1114 1049 qui
1127 1012 1289 1040 urbanitatis
1298 1012 1383 1050 gratia
1395 1032 1403 1043 ,
1426 1010 1473 1038 seu
1481 1012 1515 1040 ob
1524 1011 1604 1041 aliam
1613 1011 1749 1051 gratifica-

963 1052 1069 1080 tionem
1081 1051 1358 1090 inferiorisspiscopo
1368 1051 1520 1080 concedere
1533 1051 1687 1082 facultatem
1697 1052 1749 1080 mi-

962 1093 1037 1121 nime
1049 1091 1134 1130 poll'et
1145 1114 1154 1125 ‚
1179 1093 1322 1122 deserendi
1333 1114 1341 1125 ‚
1364 1102 1462 1130 nempe
1473 1114 1480 1125 ‚
1505 1093 1533 1122 in
1557 1096 1612 1129 ejus
1631 1092 1749 1132 praesen·

962 1133 1000 1160 tia
1012 1133 1127 1170 insignia
1140 1154 1147 1164 ‚
1158 1133 1191 1161 de
1202 1134 1297 1171 quibus
1308 1133 1401 1171 agitur
1410 1154 1416 1161 .
1428 1133 1510 1162 Circa
1521 1144 1588 1163 vero
1601 1136 1656 1164 S2c.
1667 1135 1747 1163 Con-

962 1183 1040 1211 greg.
1061 1171 1188 1210 Episcop.
1206 1172 1368 1209 rescriptum
1379 1195 1387 1206 ‚
1409 1174 1558 1203 dicendum
1577 1176 1661 1203 ctiam
1681 1175 1719 1203 est
1739 1196 1748 1208 ‚

963 1213 1037 1251 quod
1047 1222 1108 1240 cum
1118 1212 1220 1242 decisio
1230 1212 1277 1242 illa
1287 1212 1391 1250 saperet
1399 1216 1517 1251 gratiam
1538 1225 1587 1253 pro
1605 1216 1749 1244 Guberna-

963 1263 1023 1281 tore
1034 1253 1211 1282 Macci-arensi
1223 1275 1231 1286 ‚
1254 1257 1281 1282 ὅ(
1292 1263 1353 1282 cum
1364 1252 1520 1288 hujusmodi
1529 1256 1625 1293 gratiae
1637 1255 1687 1284 soli
1699 1259 1750 1284 Pa—

963 1304 1003 1333 pae
1027 1294 1079 1322 sint
1097 1292 1257 1323 reservatae:
1278 1294 1341 1322 ideo
1351 1294 1459 1331 0Ptime
1479 1294 1525 1322 illa
1535 1294 1639 1324 censuit
1650 1317 1657 1328 ‚
1678 1295 1750 1324 fasto

964 1335 1038 1373 prius
1049 1334 1132 1362 verbo
1143 1344 1204 1362 cum
1215 1334 1396 1367 Sanffiffimo,
1407 1334 1563 1368 rescribere,
1573 1338 1646 1373 cujus
1656 1345 1749 1369 tenor,

965 1375 1029 1403 licet
1042 1373 1260 1409 modestissimus,
1271 1375 1425 1404 manifestat
1434 1374 1629 1409 nihilominus,
1640 1377 1674 1405 sic
1685 1387 1749 1406 cen-

964 1415 1042 1445 suisl'e
1054 1415 1194 1443 Pontificis
1206 1416 1499 1454 Beatitudinem,quod
1510 1417 1584 1445 idem
1595 1417 1633 1445 est
1644 1438 1652 1449 ‚
1666 1427 1695 1445 ac
1705 1420 1748 1454 ju—

963 1455 1153 1494 bei-eJnsupei-
1166 1457 1245 1484 verba.
1254 1458 1299 1485 illa
1311 1469 1316 1485 :
1329 1457 1425 1498 Quell’
1435 1457 1510 1485 abito
1520 1468 1572 1485 non
1591 1458 1610 1485 l‘
1622 1459 1750 1494 &pregiu-

963 1497 1257 1533 diciale,ponderanda
1268 1496 1331 1526 sunt
1344 1509 1351 1528 5
1366 1507 1428 1525 nam
1438 1497 1626 1525 Macetatensis
1637 1496 1750 1534 Episco-

964 1547 1011 1575 pus
1022 1537 1161 1565 deferebat
1172 1537 1328 1566 rochettum
1337 1537 1542 1576 discoopertum
1554 1538 1583 1565 in
1594 1537 1699 1575 signum
1707 1541 1751 1573 ju-

964 1577 1141 1611 risditstionis,
1151 1578 1225 1616 quod
1235 1578 1422 1607 Gubernatori
1434 1589 1492 1607 non
1511 1588 1567 1607 erat
1579 1577 1730 1607 concessum
1741 1600 1749 1607 .

965 1620 1107 1647 Ceterum
1124 1619 1157 1648 ad
1176 1619 1373 1658 praedictorum
1401 1619 1654 1648 corroborationem
1682 1618 1750 1648 duos

965 1659 1037 1687 aftus
1049 1660 1077 1687 in
1089 1659 1166 1697 praxi
1177 1660 1237 1688 vidi
1248 1660 1277 1688 in
1287 1660 1384 1690 Melita
1398 1671 1406 1691 ς
1427 1660 1544 1698 primuni
1559 1659 1628 1688 Fabii
1639 1657 1727 1695 Chifij
1740 1681 1750 1692 ,

964 1700 1011 1737 qui
1021 1699 1111 1738 postea
1125 1700 1284 1729 Alexander
1295 1702 1363 1730 VH.
1384 1701 1414 1729 in
1424 1703 1523 1739 Papam
1541 1699 1691 1737 appellatus
1711 1700 1750 1728 est

964 1739 1081 1774 (sanetae
1094 1762 1102 1773 ‚
1113 1745 1140 1769 ἅ
1150 1751 1234 1779 grata?
1246 1743 1410 1772 memor-ix)
1431 1751 1488 1769 erat
1497 1741 1545 1768 ille
1558 1750 1622 1768 tunc
1633 1739 1750 1768 Nerito-

965 1781 1052 1809 ncnsis
1065 1781 1211 1819 Episcopus
1220 1785 1245 1809 ὃ(
1258 1783 1363 1809 Melitae
1373 1781 1523 1819 Delegatus
1536 1779 1752 1818 Apostolicus,in

965 1832 1020 1860 quo
1035 1822 1108 1851 inter
1117 1832 1228 1850 exteras
1246 1822 1323 1850 dotes
1334 1821 1436 1850 summa
1457 1821 1588 1850 modestia
1598 1820 1729 1850 emicabat
1741 1843 1751 1854 ,

967 1863 1000 1890 ob
1018 1873 1115 1900 quam,
1136 1862 1202 1890 licet
1219 1861 1328 1890 haberet
1339 1864 1426 1890 Breve
1439 1861 1586 1891 favorabile
1607 1860 1750 1891 deferendi

967 1912 1118 1931 mozettam
1130 1912 1206 1931 extra
1224 1901 1298 1930 suam
1310 1903 1476 1933 Dioecefim5
1501 1903 1592 1931 voluit
1604 1900 1750 1931 nihilomi-

967 1954 1017 1972 nus
1037 1944 1068 1972 ab
1087 1942 1224 1981 Episcopo
1250 1943 1322 1976 loci,
1344 1943 1402 1971 fine
1423 1953 1515 1971 tamen
1535 1941 1749 1982 participatione

969 1984 1064 2012 Brevis
1075 2005 1082 2015 ,
1101 1983 1171 2011 hanc
1181 1982 1386 2021 permistionem
1396 1985 1539 2015 obtineres
1564 1983 1607 2012 cui
1622 1994 1683 2014 cum
1695 1983 1749 2011 loci

969 2023 1137 2054 Ordinarius
1156 2024 1185 2051 in
1204 2023 1258 2051 hoc
1270 2024 1367 2052 durum
1390 2024 1417 2051 se
1437 2023 1587 2062 prsebuiss'et
1597 2046 1605 2057 ‚
1628 2034 1692 2053 tunc
1715 2024 1750 2051 de

971 2064 1101 2093 facultate
1113 2064 1159 2092 fibi
1171 2074 1183 2091 a
1195 2064 1334 2094 pontifice
1343 2064 1465 2102 concessa
1475 2075 1537 2093 eum
1548 2064 1641 2093 Fabius
1652 2064 1750 2092 norisi-

970 2105 1062 2132 cavit:
1082 2105 1154 2133 unde
1164 2104 1310 2143 colligitur
1321 2127 1328 2138 ‚
1351 2105 1425 2143 qnod
1435 2106 1531 2144 gratia:
1553 2105 1583 2133 in
1592 2106 1753 2142 exemplum

970 2156 1028 2173 non
1044 2144 1108 2173 sunt
1127 2145 1293 2173 adducendae
1306 2167 1313 2178 ‚
1336 2146 1402 2175 sicut
1423 2145 1473 2174 fuit
1492 2146 1538 2174 illa
1549 2146 1631 2177 etiam
1645 2147 1752 2174 Guber-

970 2186 1061 2214 natori
1071 2186 1249 2214 Moceratenli
1270 2196 1303 2214 ex
1315 2187 1458 2215 voluntate
1467 2185 1611 2215 Pontificis
1633 2187 1731 2224 largita
1742 2206 1750 2213 .

971 2227 1107 2255 Secundus
1118 2226 1189 2254 casus
1199 2227 1332 2256 acciderat
1344 2227 1441 2256 bonne:
1454 2227 1599 2256 Cardinali
1609 2227 1751 2257 Trivultio

970 2267 1054 2295 etiam
1065 2268 1094 2295 in
1106 2267 1201 2295 Melita
1212 2288 1220 2298 ,
1243 2268 1275 2295 ad
1287 2278 1367 2306 quem
1378 2269 1467 2307 prima
1479 2268 1542 2296 vice
1551 2266 1674 2307 obsequii
1691 2277 1749 2304 gra-

972 2308 1010 2335 tia
1025 2308 1155 2337 accedens
1174 2307 1230 2336 loci
1243 2308 1390 2347 Eptscopus
1401 2331 1409 2342 ,
1427 2319 1507 2348 quem
1519 2309 1610 2337 statim
1620 2329 1628 2341 ,
1649 2317 1676 2335 ac
1693 2306 1751 2334 sine

972 2357 1093 2378 mozetta
1103 2347 1260 2378 Cardinaliz
1270 2349 1427 2388 respexerat
1439 2371 1446 2383 ,
1468 2348 1545 2386 jussit
1553 2370 1562 2383 ‚
1585 2359 1614 2377 ut
1635 2347 1751 2380 domuin

1675 2388 1709 2421 ad

1483 2476 1489 2488 ί
