1866 2526
490 18 592 61 PA

130 78 335 120 superstes,cum
345 77 374 107 in
383 73 518 107 Concilio
526 75 599 106 suam
610 72 772 116 praetensam
781 73 923 120 auetorita-

131 131 189 151 tem
197 121 353 160 deponeret
360 140 370 153 ,
390 118 486 147 eadem
496 117 619 154 synodus
630 127 680 156 pro
689 117 823 157 eligendo
832 116 924 156 legiti-

133 173 180 192 mo
187 159 321 192 pontifice
342 160 459 199 triginta
470 159 665 189 Ecclesiasticos
680 159 816 187 Electores
826 157 924 187 Cardi-

133 203 234 242 nalibus
242 200 384 230 coaddidit
394 222 402 234 ‚
415 210 516 239 nempe
526 222 534 234 ‚
551 200 597 229 sex
609 199 695 229 Italos
707 220 715 232 ‚
726 199 846 228 totidem
856 198 924 227 Gal-

133 244 173 273 los
181 264 188 276 ‚
200 240 338 281 Hispanos
351 263 359 275 ‚
379 244 532 271 Germanos
543 262 550 274 ,
569 244 597 270 δ(
617 241 726 280 Anglos
737 261 745 274 ‚
763 240 810 278 qui
828 248 924 268 omnes

132 282 302 313 unanimiter
312 282 455 322 praefatum
466 283 619 312 Mai-tinum
629 281 782 321 elegerunt.
789 281 923 324 FR-Quo-

130 324 216 353 modo
225 334 314 352 autem
326 324 455 353 Nicolaus
464 325 505 353 11.
517 323 681 353 eledionem
691 321 795 351 Summi
806 320 925 350 Pontifi-

130 365 168 394 cis
179 364 306 393 Henrico
317 366 374 394 111.
387 366 551 403 Imperatori
562 362 798 401 conceslerat,quae
809 360 926 390 habetur

133 406 162 434 iu
176 415 236 433 can.
258 406 292 434 In
306 405 418 434 nomine
428 405 563 437 Domini,
582 405 644 434 dist.
657 414 703 441 ²3-
725 402 799 431 Vide
807 401 924 431 eundem

132 446 310 476 cardinalem
322 449 422 475 Baton.
433 447 461 475 in
471 446 604 485 predicto
612 454 686 473 anno
695 451 770 471 nunt.
783 452 828 479 ²3·
838 445 866 470 ὃ(
879 453 925 477 24.

131 491 226 526 Atque
247 486 317 515 hanc
340 489 543 526 Imperatorum
559 485 764 523 usurpationem
775 484 924 511 Gratianus

132 527 178 556 sub
203 538 261 556 can.
292 538 357 556 vota
386 528 504 557 Civium
524 548 533 560 ‚
560 526 623 555 dist.
645 531 693 563 ⁶3·
724 524 759 553 sic
785 521 897 566 excusat
917 534 924 553 5

134 575 145 603 [
160 568 331 606 Principibus
340 579 408 597 vero
418 590 428 602 ‚
447 578 528 607 :itque
547 564 761 605 Imperatoribus
778 563 926 607 electiones

131 611 323 638 Romanorum
341 608 510 638 Pontificum
518 629 526 641 ‚
544 617 624 646 atque
641 606 758 634 aliorum
777 601 927 649 Episcopo-

132 659 193 677 rum
210 649 382 682 referendas,
405 648 464 677 usus
472 670 481 682 ,
500 652 527 677 &
545 647 710 677 constitutio
727 645 858 689 tradidit,¹
878 655 928 684 pro

130 689 363 718 schismaticorum
373 711 383 723 ‚
399 699 481 728 :itque
490 688 694 718 Haereticorum
702 685 907 730 dissensionibus
919 707 926 719 ,

129 730 226 769 quibus
235 740 440 769 nonnumquam
461 730 578 759 Ecclesia
588 729 643 758 Dei
653 727 773 756 concussa
791 727 930 765 periclita-

129 771 206 799 batur
214 781 222 797 .-
244 780 340 799 contra
350 781 417 810 quos
429 771 535 810 legibus
545 767 762 799 fidelissimorum
773 769 927 806 Imperato-

128 820 189 839 rum
199 809 356 849 frequenter
371 811 476 841 munita
486 811 590 851 legitur
599 814 651 839 &c-
665 812 677 841 ]
702 807 848 838 Anselmus
859 818 925 836 vero

128 851 255 880 Lucensis
267 852 415 891 Episcopus
426 853 457 881 in
474 855 532 887 ejus
543 849 731 890 Apologetico
742 849 842 893 diserte
853 848 938 913 hunc!

127 891 235 920 abusum
245 893 357 922 damnat
367 913 374 920 .
398 893 504 922 Primus
514 893 600 932 igitur
609 891 692 927 hujus
710 890 843 919 libertatis
852 889 926 935 usui·-

129 942 207 970 paror
215 934 326 964 Basilius
336 934 474 964 Odoacris
484 937 587 963 Prorex
599 955 606 966 ‚
619 932 666 970 qui
675 941 814 974 pretextu
826 941 927 968 quietis

129 973 250 1011 politica:
263 984 387 1014 tempore
398 974 554 1010 Symmachi
569 976 648 1012 Papae
659 973 706 1001 sibi
715 971 862 1002 Pontificis
873 972 927 999 ele-

128 1014 250 1050 ctionem
260 1025 386 1054 arrogare
395 1026 509 1044 conatus
518 1015 566 1047 est,
576 1025 636 1043 can.
646 1015 721 1042 Bene
731 1011 853 1052 quidem,
863 1013 926 1040 dist.

129 1061 180 1090 96.
192 1054 226 1083 ibi
247 1057 334 1084 Glofl.
348 1059 388 1085 Ac
397 1057 479 1085 etiam
491 1067 524 1085 ex
546 1065 612 1083 tunc
621 1055 752 1092 temporis
762 1053 929 1082 demonstra.—

129 1104 173 1122 tur
187 1116 194 1127 ‚
213 1096 377 1125 Pontificem
387 1100 542 1127 Romanum
551 1094 667 1124 habuisti:
677 1094 756 1133 super
770 1103 864 1128 omnes
875 1097 927 1138 Ecss

127 1135 219 1164 clelias
229 1137 373 1175 primatum
384 1150 392 1168 ς
404 1138 477 1166 unde
486 1137 630 1166 Ennodius
639 1136 770 1165 Ticinen.
781 1134 870 1173 Episc.
881 1145 928 1173 qui

126 1176 224 1205 eodem
235 1187 358 1216 tempore
370 1179 479 1207 vixerat
491 1200 498 1210 ‚
511 1178 588 1216 epist.
600 1187 628 1209 7.
640 1176 674 1204 sic
685 1174 827 1219 scripserat
839 1186 845 1202 :
859 1181 871 1210 [
883 1178 929 1204 Me

128 1220 182 1245 ἃς.
195 1218 233 1245 ire
241 1219 274 1246 ad
283 1217 414 1246 famosum
425 1219 550 1247 officium
562 1217 719 1255 compulisti
730 1237 738 1249 ‚
761 1226 790 1243 in
804 1226 859 1255 quo
868 1227 928 1245 om-

130 1267 177 1285 nes
188 1268 309 1287 errorum
319 1260 385 1288 tami
398 1259 521 1298 magistra
535 1258 653 1287 vivendi
671 1256 761 1285 solent
776 1256 842 1285 falce
852 1267 928 1286 triin-

128 1298 182 1325 cari
193 1319 200 1325 -
213 1304 224 1333 [
237 1299 294 1328 Ubi
304 1303 459 1330 Romanam
469 1301 584 1329 Curiam
593 1298 731 1336 intelligit
743 1318 749 1325 .
763 1298 854 1333 Quem
862 1309 930 1327 vero

127 1339 220 1366 locum
240 1341 348 1369 tenebat
360 1342 466 1370 Elestus
477 1351 527 1379 pro
546 1339 595 1368 illo
603 1338 718 1367 interim
729 1360 736 1371 ‚
761 1348 816 1377 quo
826 1339 929 1368 confir-

128 1379 214 1407 matio
232 1383 425 1420 expeRabatur
434 1402 440 1409 .
465 1382 538 1410 Vide
556 1380 673 1408 eundem
691 1381 790 1408 Baron.
803 1390 846 1407 an.
858 1387 891 1417 63
898 1391 926 1416 9.

129 1430 205 1447 num.
218 1428 244 1449 6.
264 1423 299 1450 In
310 1421 419 1457 synodo
438 1425 564 1452 Romana
581 1419 627 1448 sub
639 1419 777 1457 Stephano
786 1422 840 1449 IV.
857 1422 929 1449 cele-

129 1461 204 1488 brata
216 1462 342 1490 statutum
354 1463 403 1491 fuit
417 1473 475 1490 non
485 1461 556 1499 posl'e
568 1461 636 1499 eligi
646 1470 676 1488 in
688 1460 853 1489 Pontificem
863 1483 871 1494 ‚
881 1462 927 1500 qui

129 1501 292 1537 Presbyter,
315 1505 359 1532 vel
370 1503 404 1530 ad
413 1503 503 1530 minus
515 1523 522 1534 ,
543 1502 682 1530 Diaconus
692 1511 750 1529 non
760 1501 792 1529 sit
803 1523 810 1530 .
831 1504 928 1530 Barou-

130 1550 194 1567 ann.
205 1548 274 1577 769.
286 1553 359 1570 num.
374 1550 398 1577 ς.
409 1544 447 1576 su.
462 1541 612 1576 Quomodo
621 1542 734 1579 eligitur
746 1544 832 1581 Papa.
857 1543 930 1571 Vide

131 1581 270 1610 Conclave
282 1602 289 1609 .
309 1583 336 1611 Si
347 1584 497 1611 occurrerit
507 1592 600 1611 tamen
611 1583 765 1610 Diaconum
778 1593 881 1612 novum
899 1583 930 1611 in

131 1622 231 1658 Papam
240 1622 391 1652 consecrari
402 1646 410 1657 ‚
427 1628 478 1657 (ut
490 1623 637 1662 aliquando
655 1622 755 1651 accidit
767 1628 778 1657 )
798 1635 863 1652 tunc
882 1625 929 1652 ob-

131 1660 236 1690 servari
246 1664 348 1693 debent
367 1666 464 1702 aliquae
475 1664 646 1693 caeremoniae
657 1685 664 1696 ,
684 1674 744 1703 quae
754 1676 766 1693 a
786 1667 928 1694 Reveren-

129 1700 190 1730 dissi
196 1712 240 1731 mo
251 1704 494 1744 Christophoroin
503 1708 558 1740 ejus
568 1704 752 1733 caeremoniali
763 1706 908 1735 traduntur
919 1728 927 1739 ‚

130 1743 262 1772 nimirum
275 1766 281 1777 ‚
293 1749 363 1785 Papa
376 1757 439 1775 tnnc
449 1746 617 1784 comparebit
627 1745 660 1774 ad
669 1746 875 1775 ordinationem
884 1747 929 1775 in-

132 1783 212 1811 dutus
223 1786 322 1814 amifiu
333 1809 340 1820 ,
352 1788 496 1824 manipulo
508 1808 515 1820 ‚
527 1786 641 1826 cingulo
652 1808 658 1819 ,
671 1786 798 1824 pluviali,
808 1791 835 1816 ἃ
847 1788 928 1816 mitra

131 1821 161 1849 in
171 1825 269 1861 capite,
280 1836 339 1864 qua:
350 1828 510 1866 deponitur,
521 1828 630 1866 quando
640 1826 788 1866 Episcopus
797 1828 928 1857 ordinans

134 1862 217 1891 saciet
228 1865 418 1904 impositiones
429 1878 534 1901 manus,
544 1869 611 1896 stans
621 1867 717 1907 ipse‚&
727 1870 796 1908 Papa
808 1869 837 1897 in
849 1869 928 1898 thro-

135 1914 170 1932 no
180 1903 295 1938 sedens5
308 1907 354 1936 sed
365 1909 481 1948 erigitur
492 1930 500 1941 ,
518 1910 627 1947 quando
636 1910 667 1938 ab
678 1908 813 1948 Episcopo
824 1911 928 1949 recipe-

133 1955 162 1973 re
171 1945 251 1974 debet
263 1947 358 1977 stolam
368 1970 374 1976 .
387 1951 470 1978 Mitra
479 1958 572 1978 tamen
581 1960 724 1988 coopertus
734 1972 741 1983 ,
754 1961 780 1979 ac
790 1950 885 1980 sedens
895 1952 928 1979 li-

132 1985 209 2014 brum
229 1990 445 2028 Evangeliorum
455 1990 544 2029 tangit
555 2011 562 2018 .
586 1991 613 2020 Si
632 1992 662 2019 in
681 1992 853 2020 Sacerdotem
863 1991 927 2021 esset

132 2026 330 2058 consecrandus
341 2050 348 2057 .
369 2031 441 2060 Vide
457 2033 599 2071 Presbyter
608 2051 616 2059 .
633 2031 700 2060 siin
709 2032 908 2062 subdiaconum
920 2055 927 2062 .

131 2067 206 2096 vide
216 2071 403 2099 subdiaconus
414 2092 421 2099 .
443 2073 564 2107 Quando
574 2074 603 2100 in
612 2070 776 2111 Episcopum
787 2072 925 2104 consecra-

132 2108 156 2136 ri
165 2108 272 2140 deberet
283 2122 292 2142 ς
305 2120 370 2139 tunc
379 2111 466 2141 solitae
476 2112 682 2141 exhortationes
693 2134 701 2146 ‚
720 2123 800 2153 atque
810 2115 929 2145 interro-

129 2149 255 2188 gationes
265 2152 434 2182 omittuntur
443 2175 451 2187 ‚
462 2163 541 2191 atque
549 2153 709 2182 consecrans
720 2175 728 2187 ‚
748 2156 812 2183 dum
824 2155 927 2186 litaniae

133 2189 266 2220 dicuntur
276 2215 283 2226 ,
293 2195 391 2231 Papam
402 2195 565 2223 benedicens
573 2216 581 2227 ,
595 2194 662 2222 stare
671 2196 750 2224 debet
759 2196 816 2224 sine
824 2197 928 2231 baculo,

131 2233 158 2258 ὃ(
169 2233 309 2270 genuflexi
319 2235 376 2262 duo
386 2234 564 2272 Assistentes,
586 2235 662 2263 Dum
673 2237 788 2274 ponitur
799 2233 842 2266 illi
852 2236 931 2277 super

131 2270 260 2302 h'umeros
271 2274 341 2303 liber
352 2297 360 2308 ‚
381 2275 488 2304 sedebit
500 2276 530 2304 in
548 2275 652 2305 throno
663 2278 719 2306 fine
738 2279 822 2306 Mitra
840 2281 929 2319 Papa5

131 2313 276 2344 Ordinans
288 2325 356 2344 vero
367 2317 461 2345 stando
470 2338 477 2344 .
489 2317 568 2345 Idem
577 2317 607 2345 in
622 2318 754 2346 unstione
764 2319 862 2359 capitis
873 2342 880 2353 ,
903 2325 929 2350 ὅ(

90 2366 94 2367 ’
131 2363 226 2386 mnus
236 2354 438 2387 observandum
447 2379 456 2392 ‚
479 2367 528 2387 nec
538 2357 660 2388 baculum
670 2358 701 2389 in
710 2369 792 2389 msnu
804 2362 930 2394 tenebit,-

966 1038 968 1040 .
980 1015 1030 1043 bro
1040 1015 1126 1042 aureis
1139 1017 1230 1044 floccis
1238 1036 1249 1053 ,
1261 1027 1342 1056 atque
1350 1019 1442 1047 bireto
1450 1040 1458 1052 ,
1471 1029 1519 1047 roc

1273 18 1306 62 P
1338 21 1375 60 A
1635 35 1718 75 499

978 74 1026 104 sed
1035 83 1141 104 tantum
1158 77 1291 107 annulum
1301 99 1310 113 ‚
1333 86 1414 118 quem
1424 78 1490 107 dum
1508 77 1551 108 illi
1572 78 1722 119 Episcopus
1732 90 1783 120 po-

981 116 1023 145 nit
1032 137 1040 149 ,
1049 113 1186 146 osculetur
1194 119 1273 158 Papae
1285 128 1396 148 manum
1404 139 1412 147 .
1433 120 1498 158 Quo
1509 121 1640 159 imposito
1650 121 1781 151 accedunt

979 157 1142 187 cardinales
1151 158 1185 187 ad
1194 159 1268 188 illius
1277 161 1354 198 pedis
1367 181 1376 194 ,
1389 170 1482 189 manus
1492 182 1500 193 ,
1510 164 1539 190 &
1551 161 1628 191 faciei
1638 161 1760 191 osculum
1770 184 1780 195 ,

979 209 1007 228 ae
1019 197 1093 226 idem
1111 197 1194 228 faciet
1213 201 1362 240 Episcopus
1371 201 1503 230 ordinans
1513 224 1521 235 ‚
1542 213 1556 231 a
1567 213 1622 241 quo
1635 223 1642 234 ,
1654 212 1780 240 tempore

980 237 1130 270 offertorii
1142 239 1213 269 stans
1222 241 1372 281 Episcopus
1384 265 1392 276 ‚
1405 242 1522 281 recipiet
1533 242 1631 273 faculas
1641 265 1650 276 ‚
1663 253 1761 282 panem
1773 265 1780 276 ‚

981 284 1008 309 δ(
1019 279 1117 308 vinum
1135 280 1191 310 sine
1201 282 1283 312 mitra
1295 305 1303 316 ,
1319 287 1348 313 Β(
1357 293 1467 312 manum
1487 283 1626 314 offerentis
1639 283 1783 314 Pontificis

982 319 1120 349 osculetur
1130 342 1138 354 ,
1149 324 1220 360 Papa
1232 324 1338 354 veroin
1348 323 1452 353 throno
1462 324 1577 354 sedente
1587 337 1597 359 ‚-
1607 325 1655 365 qui
1667 325 1780 354 tandem

983 372 997 390 a
1008 361 1152 391 cardinali
1163 363 1291 394 Diacono
1300 365 1415 404 accipiet
1427 366 1541 404 pallium
1560 365 1608 395 sub
1620 366 1707 396 forma
1720 374 1783 394 ver-

982 402 1078 431 borum
1088 424 1095 435 ,
1113 404 1182 432 utin
1194 404 1257 434 dist.
1268 407 1391 435 Pallium
1401 406 1505 435 dictum
1516 406 1567 435 fuit
1577 428 1584 435 .
1605 409 1658 436 Hae
1669 406 1784 446 quidem

982 442 1045 471 sunt
1055 445 1229 474 caeremoniae
1242 447 1272 475 in
1282 447 1443 476 Pontificali
1452 443 1638 477 caeremoniali
1657 447 1783 486 praescri-

984 492 1037 521 ptae
1048 504 1056 516 ‚
1068 483 1097 512 in
1106 495 1162 523 quo
1170 486 1252 515 etiarn
1262 488 1417 521 ordinatur,
1429 488 1496 526 quid
1505 489 1668 528 singillatim
1677 489 1708 517 in
1717 498 1784 527 qu:-

983 524 1050 552 libet
1062 525 1172 554 ordinis
1191 528 1342 557 collatione
1354 529 1385 557 sit
1402 529 1539 568 agendum
1553 551 1561 563 ,
1583 530 1617 558 de
1626 530 1722 569 quibus
1731 538 1781 557 nos

985 564 1014 592 in
1025 563 1078 592 suis
1087 567 1265 603 peculiaribus
1273 569 1342 597 locis
1353 569 1486 603 dicemus,
1499 580 1601 609 praetcr
1609 571 1784 599 Diaconatus

982 606 1174 640 collationem,
1183 608 1218 636 de
1228 620 1279 647 qua
1287 608 1425 648 supmjim
1434 610 1556 640 diximus
1567 631 1574 639 .
1584 612 1638 640 Sed
1646 621 1711 640 ante
1721 620 1783 639 om-

984 647 1027 674 nia
1039 667 1046 679 ‚
1059 646 1148 675 statim
1158 659 1186 676 :ic
1197 649 1327 678 Pontifex
1338 651 1437 680 electus
1447 652 1485 680 est
1496 674 1504 686 ,
1530 652 1559 681 in
1571 651 1713 682 cathedra
1722 651 1782 680 col-

984 688 1088 715 locatur
1101 709 1108 721 ‚
1119 692 1147 716 δε
1157 690 1274 727 ponitur
1281 691 1398 720 annulus
1407 691 1549 730 piscatoris
1560 693 1590 721 in
1598 693 1691 732 digito
1703 715 1711 726 ,
1731 703 1782 721 ¹10-

984 737 1076 766 voque
1086 731 1198 759 nomine
1215 731 1262 760 fibi
1272 731 1405 770 assumpto
1416 754 1424 765 ,
1443 733 1588 762 confestim
1601 736 1703 773 primus
1712 734 1784 762 Dia-

983 779 1066 797 conus
1086 770 1245 800 Cardinalis
1262 772 1340 801 illum
1352 774 1456 812 populo
1465 773 1593 813 divulgat
1603 796 1611 807 ,
1634 784 1665 803 ut
1676 775 1706 803 in
1715 774 1783 803 dict.

983 811 1122 839 conclave
1131 811 1236 850 egimus
1246 833 1253 840 .
1265 814 1373 843 Electus
1383 824 1450 843 vero
1459 815 1490 844 in
1499 815 1666 844 Pontificem
1676 814 1785 853 deposi-

983 851 1017 879 tis
1026 851 1219 881 Cardinalitiis
1237 853 1410 883 indumentis
1420 877 1428 888 ,
1449 856 1573 885 induitur
1584 856 1658 885 veste
1668 855 1783 884 candida

981 892 1061 924 lanae,
1071 893 1116 921 vel
1127 891 1211 922 serica
1219 897 1298 931 juxta
1307 896 1438 934 temporis
1447 897 1617 936 exigentiam
1629 919 1638 930 ,
1648 908 1677 926 ac
1686 896 1783 936 caligis

982 931 1102 967 ejusdem
1111 935 1214 962 coloris
1223 957 1230 968 ‚
1251 946 1312 964 cum
1322 937 1515 966 calceamentis
1523 938 1610 974 rubris
1619 960 1628 972 ,
1645 939 1676 967 in
1684 937 1781 976 quibus

981 974 1110 1011 acupiftae
1122 975 1174 1002 sint
1182 985 1266 1004 aurea:
1279 978 1408 1006 Cruces:
1417 978 1526 1017 Praecin
1549 979 1603 1008 'tut
1613 979 1728 1018 cingulo
1739 988 1782 1006 rn-

1519 989 1714 1053 figitofflmiau
1728 1019 1784 1057 ,al-

987 1056 1017 1084 ba
1028 1077 1035 1087 ,
1047 1055 1161 1094 cingulo
1170 1066 1285 1086 ornatur
1294 1080 1302 1092 ‚
1315 1062 1343 1088 ὃ(
1355 1059 1421 1089 stola
1429 1060 1462 1088 ad
1470 1060 1574 1089 collum
1584 1061 1725 1099 pendente
1734 1082 1742 1094 ,
1761 1059 1782 1088 fi

983 1096 1036 1125 erit
1048 1097 1184 1129 Sacerdos,
1195 1097 1239 1127 seu
1250 1099 1282 1127 ad
1294 1099 1433 1129 sinistrum
1441 1099 1596 1134 humerum,
1608 1101 1627 1130 fi
1637 1101 1703 1131 ell'et
1714 1101 1785 1131 Dia-

983 1147 1067 1165 conus
1075 1157 1086 1173 ‚
1099 1137 1118 1165 si
1128 1147 1218 1166 autern
1232 1140 1336 1168 nullum
1345 1139 1456 1170 haberet
1467 1142 1596 1170 ordinem
1606 1164 1614 1175 ,
1633 1153 1692 1171 non
1701 1144 1783 1181 poni-

983 1187 1028 1206 tur
1040 1177 1107 1206 stola
1118 1197 1125 1204 .
1150 1181 1193 1207 Ac
1204 1179 1233 1208 in
1244 1180 1313 1209 Sede
1335 1182 1436 1220 positus
1454 1193 1469 1211 a
1478 1183 1672 1212 cardinalibus
1680 1184 1783 1212 croceis

984 1218 1088 1247 indutis
1096 1218 1226 1248 adoratur
1236 1243 1244 1254 ,
1263 1221 1356 1250 denuo
1365 1223 1514 1251 osculando
1521 1225 1578 1260 ejus
1589 1224 1686 1263 pedem
1698 1245 1707 1258 ‚
1727 1234 1784 1253 ma-

985 1269 1060 1292 nunt,
1070 1263 1098 1288 ὃ(
1108 1270 1224 1298 gen3m5
1236 1261 1358 1291 defertur
1369 1264 1412 1292 illi
1424 1263 1528 1293 interea
1537 1265 1671 1303 pluviale,
1687 1265 1782 1294 mitra-

985 1311 1038 1339 que
1049 1300 1167 1338 pretiosa
1177 1325 1184 1336 ,
1203 1306 1230 1331 &
1242 1303 1277 1331 sic
1288 1303 1399 1333 indutus
1410 1305 1443 1333 ad
1451 1304 1604 1334 sedendum
1614 1305 1728 1344 ponitur
1737 1305 1784 1335 su·

983 1351 1032 1379 per
1052 1342 1197 1380 cappella:
1210 1345 1324 1377 Altare,
1345 1346 1389 1374 ubi
1400 1345 1500 1374 iterum
1520 1356 1550 1375 ut
1561 1345 1640 1385 supra
1659 1347 1689 1375 in
1698 1347 1783 1375 tribus

983 1383 1102 1420 partibus
1113 1382 1171 1421 post
1180 1384 1260 1412 :iliam
1270 1385 1626 1417 adorationemCai-dinales
1634 1397 1696 1416 eum
1705 1387 1785 1416 oscu-

983 1424 1078 1452 lentur
1090 1444 1097 1450 .
1108 1427 1185 1453 Tunc
1196 1425 1335 1463 patefastis
1347 1427 1501 1463 Conclsvis
1512 1422 1600 1456 valviis
1608 1450 1616 1461 ,
1626 1428 1725 1466 ubique
1734 1429 1783 1457 lae-

982 1463 1053 1492 titiae
1065 1463 1180 1499 sonitus,
1191 1467 1418 1496 acclamationum
1427 1489 1436 1500 ‚
1445 1477 1648 1507 campanarum,
1661 1479 1784 1498 tormen-

985 1515 1130 1544 torumque
1140 1507 1301 1536 bellicorum
1312 1508 1422 1537 auditur
1431 1529 1439 1536 .
1458 1511 1552 1548 Atque
1563 1510 1597 1539 sic
1609 1511 1639 1538 in
1649 1510 1716 1538 Sede
1726 1511 1784 1538 col-

983 1547 1086 1575 locatus
1097 1547 1332 1584 processionaliter
1341 1570 1348 1581 ‚
1370 1550 1543 1587 praecedente
1560 1551 1700 1579 Vaticanae
1711 1551 1786 1579 Basi-

982 1588 1044 1615 licae
1057 1588 1148 1616 Clero
1158 1610 1166 1621 ‚
1186 1589 1435 1618 concomitantibus
1445 1590 1639 1619 Cardinalibus
1648 1612 1656 1623 ,
1676 1591 1783 1620 indutis

984 1628 1099 1656 rocheto
1108 1650 1116 1661 ,
1128 1632 1156 1657 ὅ(
1166 1640 1248 1667 cappa
1260 1640 1368 1669 magna,
1379 1631 1414 1659 ad
1422 1631 1538 1660 eandem
1548 1631 1687 1660 Basilicam
1697 1632 1723 1660 S.
1731 1633 1784 1660 Pe-

987 1670 1023 1697 tri
1032 1669 1355 1710 desertus-,populumque
1366 1672 1585 1701 conclamantem
1595 1671 1728 1701 Pontifex
1738 1673 1785 1701 be-

982 1710 1086 1738 nedicit
1096 1731 1104 1743 ,
1125 1711 1236 1739 tandem
1247 1711 1328 1750 super
1339 1713 1434 1741 Altare
1444 1716 1526 1749 majus
1543 1713 1710 1752 deponitur,
1733 1712 1785 1742 ibi-

983 1761 1035 1789 que
1044 1749 1146 1779 sicruni
1157 1752 1320 1792 Collegium
1331 1754 1426 1782 denuo
1436 1755 1516 1783 illum
1526 1755 1632 1792 publice
1642 1776 1650 1787 ,
1668 1753 1782 1783 ordina-

983 1801 1064 1830 teque
1074 1791 1170 1820 adorat
1180 1814 1188 1826 ‚
1198 1796 1225 1822 &
1237 1794 1337 1833 singuli
1348 1804 1456 1824 ternam
1465 1793 1661 1824 osculationem
1671 1817 1677 1827 ,
1697 1804 1728 1823 ut
1739 1794 1783 1823 su—

984 1842 1032 1871 pra
1044 1853 1052 1865 ,
1062 1833 1205 1872 complent
1216 1858 1222 1863 .
1246 1835 1368 1864 Interim
1375 1837 1589 1874 Purpuratorum
1597 1837 1724 1864 Decanus
1734 1846 1783 1875 ge-

983 1874 1109 1901 nuflexus
1119 1875 1230 1903 intonat
1238 1881 1276 1904 Te
1287 1881 1378 1904 Deum
1390 1898 1397 1908 ,
1417 1887 1472 1914 quo
1483 1888 1496 1905 a
1507 1877 1673 1905 Musicarum
1683 1876 1783 1906 Choro

985 1915 1097 1951 expleto
1109 1937 1116 1948 ,
1127 1916 1254 1943 Decanus
1264 1915 1343 1954 super
1353 1917 1518 1945 Pontificem
1528 1918 1675 1949 nonnullas
1686 1927 1778 1956 preces

984 1955 1081 1983 recitat
1092 1977 1100 1988 ,
1122 1954 1182 1994 post
1194 1966 1257 1994 quas
1267 1958 1336 1995 Papa
1346 1958 1476 1996 populum
1495 1957 1658 1987 solemniter
1667 1959 1783 1987 benedi-

982 1995 1020 2023 cit
1031 2015 1037 2022 .
1059 1998 1093 2025 In
1105 1996 1150 2024 die
1159 2007 1249 2025 autem
1269 2007 1319 2035 pro
1328 1998 1522 2027 coronatione
1540 1999 1693 2032 destinato,
1717 1999 1783 2028 dum

982 2038 1052 2074 Papa
1063 2037 1095 2065 ad
1107 2038 1269 2066 Vaticanam
1281 2039 1419 2067 Basilicam
1427 2039 1549 2068 defertur
1558 2061 1566 2073 ,
1589 2041 1784 2069 Cceremonia-

983 2087 1042 2105 rum
1055 2078 1182 2117 Magister
1191 2078 1522 2117 immediatel‘ontificem
1531 2081 1694 2110 antecedens
1706 2103 1714 2114 ‚
1735 2082 1783 2109 de-

985 2117 1037 2146 fert
1049 2118 1079 2146 in
1100 2119 1222 2148 manibus
1231 2120 1294 2149 duas
1305 2120 1437 2159 oblongas
1447 2121 1592 2150 arundines
1603 2144 1611 2155 ‚
1635 2123 1665 2150 in
1677 2122 1782 2150 vertice

981 2159 1061 2187 unius
1072 2158 1165 2199 stuppa
1177 2160 1327 2193 hebetum&
1340 2161 1368 2190 in
1378 2163 1488 2190 alterius
1495 2163 1616 2191 culmine
1627 2173 1707 2201 parva
1717 2174 1782 2191 can-

984 2199 1044 2228 dela
1056 2221 1063 2233 ,
1081 2211 1132 2239 qua
1141 2201 1205 2229 dum
1217 2202 1318 2241 stupam
1328 2202 1452 2231 incendit
1461 2224 1470 2236 ,
1489 2203 1577 2233 dicit3
1600 2209 1612 2238 [
1625 2202 1782 2232 Beatissimo

983 2242 1064 2269 Pater
1073 2264 1081 2275 ‚
1093 2242 1233 2277 sic‘trensit
1244 2243 1332 2283 gloria
1344 2244 1439 2272 mundi
1451 2265 1459 2278 ,
1470 2246 1483 2276 ]
1503 2253 1583 2283 quam
1591 2245 1783 2273 caeremoniam

987 2281 1049 2309 facit
1058 2278 1222 2320 triplicite}.
1243 2285 1363 2313 Caerem.
1373 2287 1457 2314 Rom.
1467 2285 1514 2313 lib.
1532 2283 1626 2314 useel.
1638 2297 1663 2314 2.
1681 2293 1739 2323 cap.
1753 2297 1780 2313 2.

985 2326 1012 2351 δε
1023 2333 1049 2360 3.
1068 2325 1220 2352 Ciacconus
1231 2335 1323 2354 tamen
1343 2325 1374 2354 in
1395 2326 1453 2354 vita
1474 2326 1621 2364 Antipapae
1641 2325 1786 2354 Benediffi

985 2364 1052 2393 XII.
1062 2364 1125 2393 alias
1132 2366 1219 2395 XIII·
1228 2366 1364 2405 quandam
1373 2367 1566 2395 caeremoniam
1576 2366 1726 2406 antiquitus
1736 2366 1788 2394 ufi-

1393 2409 1408 2436 1
1430 2407 1440 2442 i
1485 2419 1499 2437 z
1666 2417 1751 2437 iatam
