1866 2526
617 64 670 92 ex
703 50 904 103 Ieremia,
932 45 980 89 &
1011 44 1258 90 Ezechiele.

143 109 215 149 Reg.
227 120 273 145 ²4·
283 108 443 144 [Dormivit
455 106 581 147 Joachim
590 118 651 136 curn
662 108 779 147 patribus
787 106 852 140 suis,
860 110 888 136 δε
899 116 938 136 re.

142 149 380 188 gnavitJoachim
390 149 461 178 filius
470 159 526 185 eius
538 159 587 188 pro
597 149 664 183 eon]
676 147 853 186 Respondeo.
864 149 938 191 Ten-

142 191 214 219 tavit
222 189 333 227 quidem
343 190 414 218 filius
423 189 523 218 solium
531 188 674 218 ascendere
685 189 792 228 regium
804 209 812 221 ,
830 187 869 231 in·
878 197 939 226 qui-

140 232 188 260 bufl
194 230 280 258 tribus
289 230 400 258 circiter
409 230 539 260 menfibus
549 229 630 262 sedit,
645 239 700 258 non
711 238 803 257 tamen
813 228 934 267 pacifica

140 278 204 298 nam
215 269 339 299 abductus
355 271 421 299 dein
439 271 490 299 fuit
509 271 538 299 in
549 270 720 305 Babylonem
731 279 792 298 cum
802 278 860 297 tota
879 271 935 304 ejus

141 309 210 342 aula,
224 309 340 349 ideoque
349 311 508 344 aestimatur,
518 321 547 339 ac
557 311 576 340 si
586 320 644 339 non
655 309 839 348 regnant-nita
846 308 935 338 Theo.

140 349 245 378 Posteri
255 360 346 380 autem
356 354 412 387 ejus
423 362 481 380 non
495 351 603 380 suerunt
615 360 693 389 reges
704 372 712 383 ‚
730 350 776 378 led
787 350 881 394 duceS,
907 353 934 377 ὅ(

139 389 252 428 quidem
262 392 398 420 tributarii
409 391 548 421 Persarum
556 391 663 430 regibus
671 411 679 418 .
699 389 848 419 Machabaei
869 399 935 417 vero

139 432 241 468 alioqui
255 430 364 460 fuerunt
374 442 450 471 reges
462 454 469 465 ,
479 431 527 461 scd
535 443 569 461 ex
579 432 652 460 tribu
663 430 776 459 levitica
787 452 796 464 ‚
815 440 873 458 non
882 439 935 467 ⁵au-

137 480 194 500 tem
204 482 240 500 ex
250 472 332 511 stirpe
341 473 469 511 Joachim
478 472 619 512 originem
629 471 764 499 ducebant
773 490 781 498 .
796 511 802 515 Ι

97 510 167 550 Cap.
179 523 226 547 4¹·
238 523 264 540 v.
277 520 304 542 6.
317 518 328 548 [
340 516 373 542 Et
385 523 495 542 munera
504 534 512 546 ,
525 517 553 542 δε
568 511 631 541 thus
641 511 774 540 habebant
795 521 824 539 in
833 519 914 538 manu
926 531 934 542 ,

136 561 166 580 ut
177 552 307 582 offerrent
326 553 355 582 in
365 554 450 582 domo
459 553 575 583 Domini
587 554 617 583 .]
638 551 789 585 Quomodo
806 558 934 589 poterant

136 592 234 622 offerre
244 594 274 623 in
284 594 369 622 domo
387 594 505 623 Domini
517 615 525 627 ‚
553 593 573 622 fi
594 593 729 630 templum
755 595 811 628 jam
822 591 934 620 succen-

136 632 196 661 sum
215 633 302 662 suerat
312 655 320 668 ,
343 644 371 663 ut
381 635 419 663 est
431 635 460 663 iri
473 646 500 669 4.
510 637 583 673 Reg.
597 634 648 662 ult.
662 631 831 670 Respondeo
844 654 852 665 ‚
871 633 932 660 Do-

134 683 194 702 mus
202 674 322 703 Domini
334 684 445 703 vocatur
454 676 528 703 locus
539 675 586 703 ille
595 683 695 712 ‚quem
706 674 780 702 Deus
790 673 910 711 elegerat
924 693 930 704 ,

134 724 164 742 ut
174 714 202 742 in
212 725 246 742 eo
255 716 401 752 Templum
413 714 606 753 erigeretur,ac
617 715 722 742 iterun}
729 713 930 744 restauraretur,

134 764 164 782 ut
173 757 249 789 ajunt
259 765 272 782 a
283 754 380 783 Castro
392 777 399 787 ,
409 759 437 784 δ(
448 754 583 788 Santliez,
593 759 621 784 δε
631 754 749 783 Coi-nel.
759 765 772 782 a
784 755 848 791 Lap.
861 753 930 798 Col-

131 794 229 832 ligitur
256 805 290 823 ex
300 795 415 823 Bai-uch-
431 806 453 823 1.
476 806 501 826 v.
519 807 562 824 10.
581 795 626 824 ubi
637 794 767 823 dicuntur
778 795 866 838 Judae)
877 804 929 822 mi-

132 832 189 862 sille
199 835 325 873 pecunias
345 845 381 863 ex
391 836 532 871 Babylone
551 846 604 874 pro
615 835 734 864 viftimis
743 835 806 863 Deo
815 835 929 877 offeren—

131 874 183 903 dis.
192 875 343 903 Maldonat.
356 885 448 905 tamen
457 886 535 915 putat
547 877 610 904 istos
620 876 763 914 octoginta
773 885 830 903 non
842 874 929 903 venis.

131 913 160 943 se
172 915 203 943 in
210 914 361 953 Jerusalem
371 938 379 950 ,
388 915 435 945 scd
446 917 477 945 in
486 916 633 955 Masphath
642 936 650 948 ‚
661 917 706 945 ubi
716 917 876 954 Jiidaeorum
886 925 927 944 re-

129 954 224 994 liquiae
235 956 358 985 eolleftae
371 967 450 985 erant
459 956 506 986 sub
516 957 640 987 Godolia
651 979 659 990 ‚
682 957 775 996 ibique
785 957 869 985 altare
879 956 929 984 :ili-

1657 74 1677 101 s
1691 63 1739 101 57

993 115 1052 134 tuni
1062 105 1156 134 faciam
1167 116 1241 135 mare
1248 106 1328 141 ejas-J
1343 108 1375 134 Et
1386 114 1476 135 tamen
1487 105 1592 136 nullum
1602 105 1638 136 ibi
1649 107 1687 136 est
1696 117 1768 136 marc
1779 126 1786 134 .

991 146 1122 184 Denique
1133 168 1140 179 ,
1153 157 1211 175 ver.
1223 157 1270 181 4¹ae
1284 155 1396 174 vocatur
1407 148 1504 184 Sesach
1515 168 1521 175 .
1540 148 1708 185 Respondeo
1719 170 1725 180 ,
1750 148 1783 176 αιί

991 186 1107 225 primam
1116 187 1311 215 difficultatem
1321 207 1328 214 .
1343 188 1464 215 Vocatur
1477 188 1600 222 Babylon
1613 199 1690 217 mons
1702 189 1737 217 ob
1750 188 1787 217 fa-

989 227 1058 256 stum
1070 226 1180 266 imperii
1192 248 1200 260 ‚
1220 227 1259 255 ita
1269 226 1377 256 Theod.
1394 231 1421 256 ὃ(
1432 229 1534 263 Lyran.
1547 230 1593 256 vel
1602 229 1636 257 ob
1644 239 1787 259 murorum

991 267 1169 296 altitudinem
1179 288 1187 300 ,
1198 277 1229 296 ut
1241 267 1352 296 censent
1366 268 1462 297 Vatab.
1471 272 1499 297 ὅ(
1509 269 1593 298 Mald.
1603 270 1650 307 qui
1662 271 1732 299 muri
1751 270 1786 300 ad

989 308 1121 336 ducentos
1141 307 1246 336 cubitos
1264 309 1461 338 attollebantur
1474 330 1482 342 ,
1499 319 1531 339 ut
1543 308 1659 338 afferunt
1678 311 1784 340 Herod.

989 348 1063 378 Plin.
1078 347 1249 377 Diod.Sicu1.
1262 351 1289 377 ἀ
1299 347 1383 377 Oros.
1398 350 1442 377 Ad
1451 348 1609 383 secundum,
1621 351 1684 379 dico
1695 353 1787 380 nonii-

989 399 1023 417 nc
1033 388 1112 416 maris
1123 388 1338 428 intelligendum
1357 387 1408 416 este
1418 391 1532 419 fluvium
1545 390 1712 431 Euphratem
1731 402 1789 421 tur-

987 428 1083 467 gidum
1094 429 1174 457 maris
1185 430 1280 462 instar,
1290 438 1319 458 ut
1330 429 1367 457 ait
1377 431 1479 464 Lyran.
1492 433 1550 460 Alii
1563 442 1629 463 vero
1638 442 1667 462 ut
1677 432 1786 462 Theod-

988 469 1230 498 &Vatabmomine
1242 470 1322 498 maris
1332 470 1496 509 intelligunt
1506 470 1690 507 boninum-nac
1701 484 1786 512 opum

988 510 1241 539 abundantiam.Ad
1251 511 1362 539 tertium
1372 511 1492 549 denique
1504 513 1565 541 dico
1577 515 1666 542 vocari
1677 515 1784 552 Sesach.

987 549 1057 578 idest
1069 549 1143 585 Byffi
1154 550 1260 580 saccum
1270 572 1278 583 ,
1290 561 1320 580 uc
1329 550 1367 579 :iit
1377 552 1403 579 S.
1416 552 1536 582 Hieron.
1547 554 1580 583 ob
1592 553 1675 591 byffi,
1684 565 1712 582 ac
1723 565 1786 593 put—

988 600 1062 628 pura:
1073 591 1264 620 abundantiam
1274 602 1283 623 ,-
1295 591 1344 620 nili
1355 592 1432 620 malis
1441 603 1502 621 cum
1512 594 1651 624 Athenaeo
1662 617 1669 627 ‚
1681 595 1725 623 lib.
1741 606 1784 630 ¹4·

985 634 1013 658 ὃ(
1031 630 1091 659 aliis
1102 631 1191 660 dicere
1201 653 1210 665 ,
1227 633 1321 670 Sisach
1339 632 1431 671 lingua
1444 634 1609 669 Babylonica
1631 635 1784 674 fignificat-e

987 670 1063 699 diem
1074 671 1170 700 festum
1180 672 1371 702 celebrantem.
1384 675 1456 702 Nam
1465 685 1498 703 eo
1510 675 1567 709 die,
1577 688 1632 715 quo
1645 676 1714 706 festu
1724 676 1787 704 Deo

987 710 1035 739 suo
1047 712 1112 740 Belo
1122 713 1280 746 celebrabat,
1290 713 1391 742 cecidit
1401 713 1497 744 civitas
1508 716 1565 750 ista,
1576 728 1609 746 ex
1619 718 1786 751 Dan-5.Nec

989 753 1178 789 praetereunda
1187 753 1225 782 est
1239 754 1327 783 vei-fio
1337 755 1422 784 nostri
1433 758 1535 785 Textus
1547 759 1787 798 Arabici,qu0rum

987 801 1055 820 unus
1067 793 1135 831 legit
1146 796 1269 832 Arischa
1278 816 1286 827 ,
1305 795 1371 824 alius
1383 799 1500 826 Civitas
1506 799 1626 837 gloriosa
1637 824 1643 830 ,
1665 802 1735 829 Haec
1743 796 1785 827 se-

985 833 1072 862 cunda
1085 834 1172 863 versio
1184 836 1301 864 multum
1313 837 1376 865 facit
1386 836 1419 865 ad
1428 847 1484 866 rem
1495 860 1503 867 .

1103 918 1173 945 EX
1223 919 1622 953 EZECHIELE.

128 997 204 1033 quod
215 999 270 1032 ejus
278 996 345 1031 jussii
355 998 504 1027 excitatum
514 998 589 1027 suffl'e
598 1019 607 1026 .
621 1000 677 1027 FR.
687 999 723 1026 V.
733 995 887 1036 Masphath.
899 997 929 1025 in
943 994 970 1023 C
974 995 1031 1024 ΑΡ.
1045 1007 1090 1024 20.
1103 997 1171 1026 vers.
1183 1011 1196 1027 2
1205 1009 1228 1034 5.
1248 1006 1260 1035 [
1273 1003 1346 1040 Ergo
1357 1006 1385 1031 &-
1396 1012 1449 1042 ego
1459 1002 1522 1032 dedi
1535 1004 1572 1033 eis
1583 1015 1717 1044 praeccpta
1727 1018 1785 1037 non

128 1036 194 1064 dist.
206 1041 356 1075 synagoga.

88 1076 160 1114 C²P·
173 1087 219 1112 47·
232 1087 258 1106 v.
270 1090 297 1113 4.
311 1080 515 1117 [Depopulatus
524 1080 562 1109 est
571 1079 647 1109 enim
658 1078 798 1108 Dominus
807 1077 928 1107 Palaesti-

129 1127 180 1145 nos
191 1138 198 1150 ,
208 1119 336 1157 reliquias
346 1119 440 1148 insulae
453 1121 636 1159 Cappadociae
646 1140 653 1148 .
667 1123 679 1152 ]
694 1119 843 1164 Quomodo
853 1120 914 1156 Cap

127 1158 241 1226 ριῧίοςία
253 1160 461 1229 νοςειωὲὶηῐιιΙε
470 1183 478 1194 ,
488 1171 549 1218 curn
558 1163 592 1206 lit
603 1162 755 1230 rai-(3:323
761 1162 926 1230 lt-,iiagiaehcliiai

127 1208 609 1282 ἒίεὲξέἑὲἒὲπέἓρῖαῖὶὶξῗαῗἘὲἒιιιςςι
617 1242 662 1270 hic
673 1243 796 1280 loquitur
804 1223 926 1279 Prophe⁴

128 1280 208 1312 ta‚est
219 1279 303 1309 insula
312 1291 398 1320 prope
406 1284 513 1317 Tyrum
522 1282 672 1312 secundum
681 1282 868 1320 Torniel.quae
879 1281 927 1309 de-

128 1319 194 1348 inde
204 1320 276 1349 dista
286 1322 324 1350 est
335 1332 407 1350 nova
418 1322 583 1358 Tyrumhuic
594 1323 724 1362 opinioni
738 1323 811 1351 favet
821 1323 926 1350 hcbraea

1046 1037 1116 1065 bona
1128 1060 1135 1070 ,
1146 1043 1172 1067 δ(
1181 1041 1294 1075 judicia,
1305 1043 1334 1069 in
1345 1043 1440 1081 quibus
1452 1055 1509 1073 non
1520 1046 1644 1079 vivent.]
1656 1049 1783 1084 Quomo-

983 1075 1020 1104 do
1031 1076 1083 1105 hoc
1096 1079 1232 1109 verificari
1242 1082 1331 1119 potest
1343 1084 1377 1112 de
1386 1084 1492 1113 divinis
1504 1089 1646 1125 praeceptis
1658 1110 1666 1121 ,
1679 1089 1713 1118 de
1723 1090 1785 1128 qui-

983 1117 1028 1145 bus
1038 1117 1163 1148 habemus
1175 1120 1227 1149 hoc
1237 1123 1335 1152 eodem
1345 1135 1402 1163 cap.
1414 1135 1441 1152 v.
1457 1137 1466 1154 i
1477 1136 1500 1154 ι.
1517 1131 1530 1162 [
1543 1130 1576 1156 Et
1588 1129 1652 1157 dedi
1663 1129 1701 1158 eis
1714 1140 1785 1168 pra·-

982 1168 1060 1196 cepta
1071 1169 1140 1193 mea,
1149 1165 1176 1190 δε
1185 1162 1288 1197 judicia
1297 1173 1356 1193 mea
1364 1165 1522 1203 ostendiQeis
1531 1189 1539 1201 ,
1550 1178 1611 1206 quae
1624 1168 1723 1199 faciens
1733 1170 1782 1199 ho.

984 1209 1029 1227 mo
1040 1210 1119 1228 vivet
1130 1203 1159 1229 in
1171 1213 1208 1230 eis
1217 1205 1241 1234 .]
1254 1203 1435 1243 Responde0‚
1446 1207 1520 1236 Deus
1530 1210 1653 1247 permisit
1665 1211 1723 1240 dari
1736 1221 1782 1250 po-

983 1241 1050 1278 pulo
1061 1251 1195 1281 praecepta
1206 1243 1269 1282 pesli
1276 1255 1316 1273 nia
1326 1268 1334 1279 ,
1355 1247 1522 1278 difficilium
1533 1271 1541 1282 ,
1559 1260 1588 1278 ac
1597 1252 1785 1281 molestiffima

982 1282 1017 1309 de
1028 1282 1084 1310 ritu
1093 1284 1203 1312 colendi
1214 1285 1289 1314 idola
1300 1309 1306 1318 ‚
1328 1287 1459 1317 nimirum
1470 1290 1606 1319 Gentium
1625 1303 1761 1332 praecepta
1773 1305 1780 1320 :

983 1332 1020 1350 ita
1034 1323 1184 1356 1-1ebraei,&
1194 1326 1270 1354 exiis
1278 1328 1422 1362 Pmdus‚&
1432 1328 1489 1358 hoc
1499 1331 1529 1359 in
1540 1341 1696 1369 poenam,eo
1708 1334 1783 1372 quod

128 1361 218 1389 versio
226 1381 234 1393 ,
247 1371 308 1399 quae
319 1362 389 1400 legit
398 1364 527 1400 Caphtor5
538 1374 601 1392 nam
613 1364 688 1401 Caph
700 1385 706 1396 ‚
719 1363 757 1391 est
765 1367 926 1396 manus,T0r
979 1363 1138 1400 spreverant
1149 1375 1285 1405 praecepta
1295 1368 1404 1398 divina.
1416 1371 1458 1398 Ita
1466 1371 1614 1401 S.Hieron.
1625 1377 1653 1402 &-
1664 1375 1784 1402 MaLVel

126 1400 196 1429 idest
207 1403 296 1435 Tyrus
307 1421 316 1433 ,
325 1401 400 1439 quasi
408 1402 482 1431 dicat
492 1413 585 1433 manus
594 1425 606 1441 ‚
622 1404 667 1433 seu
687 1405 755 1431 latiis
766 1404 836 1439 Tyri
848 1424 854 1431 .
874 1403 926 1431 Sed
979 1410 1118 1441 Praecpta
1129 1416 1180 1434 non
1191 1407 1260 1436 bona
1270 1429 1278 1440 ,
1291 1409 1422 1439 nimirum
1433 1421 1554 1440 nontam
1567 1413 1684 1451 perfecta
1692 1435 1700 1447 ‚
1712 1424 1742 1443 ut
1752 1414 1784 1443 in

126 1439 235 1470 Theod.
245 1444 273 1469 St
282 1451 296 1469 a
307 1442 406 1470 Castro
416 1452 530 1472 vertunt
538 1455 598 1473 non
607 1444 796 1483 Cappadocia,
804 1443 850 1472 sed
862 1445 922 1479 Cy-

982 1446 1154 1483 Evangelio:
1169 1457 1206 1476 ita
1217 1447 1361 1495 expsonunt
1371 1452 1397 1480 S.
1409 1453 1504 1481 Ainbr.
1514 1456 1542 1481 &
1552 1455 1657 1489 Cyrill.

127 1490 208 1518 prum
217 1500 225 1508 .
244 1481 329 1510 Multi
339 1482 464 1521 denique
471 1483 581 1514 sumunt
598 1484 670 1513 hanc
682 1495 779 1513 vocem
798 1494 849 1523 pro
859 1495 924 1512 vera
940 1487 1008 1524 Cap.
1020 1495 1066 1521 30.
1080 1496 1105 1514 v.
1119 1497 1163 1522 14.
1176 1494 1188 1523 [
1200 1490 1303 1518 Faciam
1313 1491 1419 1526 judicia
1436 1492 1466 1521 in
1479 1494 1656 1524 Alexandria.
1669 1497 1682 1526 ]
1694 1495 1782 1534 Atqui

127 1521 304 1559 Cappadocia
313 1544 322 1555 ‚
331 1532 392 1561 quae
401 1524 468 1552 licet
477 1524 510 1553 fit
521 1525 550 1554 in
563 1526 749 1558 continenti,
760 1527 822 1564 quia
832 1534 924 1553 tamen

127 1562 288 1590 extenditur
300 1563 390 1602 longo
401 1564 498 1594 littore
507 1565 537 1593 in
546 1576 662 1605 pontum
675 1567 815 1595 Euxinum
825 1588 833 1600 ‚
844 1576 924 1594 voca-

126 1612 172 1630 tur
182 1601 454 1642 insula-Cappadoces
464 1615 552 1634 autem
561 1616 730 1647 occuparunt
742 1607 923 1639 Palaestinam,

127 1642 244 1681 expulsis
257 1644 360 1673 Heveis
372 1666 379 1677 ‚
389 1654 419 1673 ut
427 1655 500 1684 patet
508 1648 663 1678 Deuteron.
676 1660 690 1676 2.
713 1658 790 1685 v-z3.
803 1649 845 1676 Ita
855 1649 923 1677 Rab-

126 1683 229 1712 Noster
241 1684 369 1714 Arabicus
379 1686 467 1725 legin
480 1687 623 1729 Reliquias
637 1690 810 1726 succtfiirum
819 1693 925 1727 Cappa-

124 1724 220 1752 docum
233 1745 241 1757 ,
263 1726 420 1764 nullamque
431 1727 494 1755 facit
504 1737 675 1759 mentionem
687 1727 781 1757 insulae
792 1749 799 1756 .

85 1762 155 1802 Cap.
171 1775 216 1799 50.
228 1775 255 1792 v.
266 1776 313 1803 39.
328 1768 419 1801 [Non
431 1766 596 1799 habitabitur
606 1771 676 1799 ultra
688 1768 770 1807 usque
782 1768 812 1797 in
823 1768 923 1808 sempi-

124 1814 233 1832 ternum
246 1826 252 1832 .
264 1809 275 1837 ]
287 1807 422 1846 Loquitur
434 1810 572 1848 Propheta
583 1811 618 1840 de
626 1810 766 1845 Babylone
777 1831 785 1842 ,
794 1820 875 1848 quain
883 1819 922 1838 ta-

124 1854 188 1873 men
196 1855 229 1874 ex
238 1847 310 1875 Dan.
321 1854 348 1876 6.
360 1859 388 1884 9.
398 1852 426 1877 ὃ(
442 1859 483 1877 ιο.
506 1851 612 1880 constat
632 1852 731 1879 iterum
748 1850 922 1879 restauratam

124 1885 200 1913 suiss'e
209 1906 217 1913 .
238 1885 408 1925 Respondeo
419 1909 426 1916 .
450 1891 518 1919 Haec
528 1891 677 1930 Prophetia
684 1901 746 1919 non
756 1891 851 1924 simul,
873 1890 920 1920 sed

981 1526 1151 1555 Alexandria
1162 1539 1226 1557 tunc
1237 1540 1295 1559 non
1307 1543 1349 1561 era
1358 1543 1368 1561 t
1378 1555 1386 1565 ,
1394 1544 1458 1572 quae
1469 1533 1517 1562 vix
1527 1535 1659 1565 ducentos
1669 1558 1676 1569 ‚
1691 1539 1719 1565 ὃ(
1730 1536 1782 1564 tri-

979 1567 1058 1606 ginta
1068 1567 1128 1605 post
1137 1579 1223 1597 annos
1232 1573 1351 1601 extrufta
1362 1573 1413 1602 fuit
1423 1595 1430 1602 .
1442 1574 1610 1613 Respondeo
1621 1597 1627 1603 .
1648 1578 1718 1605 ch
1728 1577 1780 1606 Ci-

981 1608 1047 1636 vitas
1057 1617 1104 1645 per
1113 1610 1339 1648 prolepfim‚idest
1348 1614 1574 1653 anticipationem
1587 1627 1700 1646 vocatur
1713 1618 1784 1646 Ale-

981 1648 1096 1677 xandria
1107 1670 1113 1676 .
1126 1651 1200 1678 Nam
1211 1653 1345 1683 Hebraice
1355 1656 1496 1684 dicebatur
1505 1663 1544 1685 No
1554 1678 1562 1689 ,
1575 1667 1634 1695 quae
1648 1657 1713 1686 teste
1724 1660 1782 1687 Na-⁴

980 1687 1046 1716 hum
1059 1710 1067 1721 ,
1077 1700 1136 1729 cap.
1146 1702 1172 1729 3.
1183 1702 1210 1720 v.
1223 1698 1247 1721 8.
1257 1696 1439 1733 amplitudine
1457 1707 1516 1725 non
1526 1698 1637 1727 cedebat
1648 1698 1758 1727 Ninive
1770 1721 1779 1732 ‚
1831 1700 1836 1705 ’

979 1730 1263 1771 complectebaturque
1275 1734 1323 1763 suo
1333 1736 1433 1765 ambitu
1452 1737 1556 1776 viginti
1576 1739 1663 1767 leucas
1675 1761 1683 1772 ‚
1701 1749 1730 1768 ut
1742 1740 1780 1768 ait

978 1771 1065 1800 Diod.
1078 1771 1159 1800 Sicul.
1170 1773 1216 1801 lib.
1228 1785 1319 1813 3.c:ip.
1333 1787 1359 1807 7.
1381 1779 1493 1806 Graecus
1513 1781 1616 1807 Textus
1628 1780 1699 1818 legit
1709 1776 1780 1809 Διδ-

976 1821 1092 1845 σπολιγ,
1103 1813 1133 1841 id
1142 1813 1272 1852 ethovis
1281 1817 1467 1846 urbem-Hanc
1480 1818 1565 1857 igitur
1575 1819 1712 1849 subvertit
1722 1822 1779 1850 Na-

977 1853 1191 1881 buchodonosor
1204 1876 1210 1886 ,
1231 1866 1311 1894 quani
1323 1859 1413 1896 postea
1428 1859 1586 1888 instauravit
1599 1861 1758 1891 Alexander
1769 1884 1778 1895 ‚

977 1903 1142 1932 vocavitque
1153 1893 1200 1922 suo
1211 1898 1326 1925 nomine
1339 1899 1535 1927 Alexandriam
1550 1921 1556 1927 .

122 1925 223 1954 sensim
232 1947 240 1959 ‚
251 1930 278 1955 a&
287 1927 433 1957 lucceffive
443 1931 557 1970 impleta
569 1932 622 1961 fuit
632 1953 638 1959 .
648 1931 744 1961 Primo
753 1940 802 1969 per
812 1933 1003 1972 CyrumCrip·
1016 1945 1029 1972 3
1038 1946 1063 1963 2.
1075 1945 1101 1963 ι’.
1114 1945 1160 1966 27·
1172 1942 1183 1971 [
1197 1937 1250 1972 Qui
1260 1937 1459 1968 descenderunt
1469 1941 1501 1968 ad
1514 1940 1653 1970 infernum
1665 1952 1726 1972 cum
1737 1953 1779 1972 ar-

123 1966 247 2004 adempta
257 1967 308 1996 fuit
320 1968 364 1997 illi
375 1971 545 2001 Monarchia.
559 1973 682 2002 Secundo
694 1982 709 2000 a
720 1972 810 2000 Dario
819 1974 920 2004 moeni-

122 2007 168 2034 bus
178 2004 294 2046 spoliata
303 2009 371 2037 teste
381 2011 529 2042 Herodoto
538 2014 557 2042 l.
567 2024 595 2052 3.
606 2017 634 2042 δι
643 2013 762 2051 Justino‚
775 2012 820 2040 lib.
828 2016 916 2042 i.Tei·-

122 2048 164 2075 tio
173 2057 187 2075 a
197 2048 312 2076 sereneo
321 2069 330 2081 ‚
340 2053 368 2078 ὃς
379 2052 522 2082 Nicanore
531 2055 635 2083 civibus
644 2075 652 2087 ,
673 2057 702 2082 δε
711 2053 806 2090 opibus
817 2053 919 2083 exhau-

121 2090 159 2115 i'ta
168 2099 176 2118 ς
186 2087 300 2125 insuper
310 2089 377 2118 teste
385 2092 490 2125 Plinio,
502 2093 546 2122 lib.
559 2099 586 2121 ⁶.
595 2102 652 2131 cap.
664 2098 710 2122 2⁶.
720 2091 814 2120 Parthi
824 2095 919 2122 onmia

119 2127 319 2156 transtulerunt
332 2129 406 2159 inde.
416 2132 546 2172 Denique
556 2132 603 2161 sub
614 2133 738 2161 Adriano
750 2133 919 2170 Imperatore

118 2167 187 2197 teste
197 2167 326 2198 Pausania
338 2191 346 2202 ,
365 2171 411 2200 lib.
427 2177 452 2200 8.
464 2173 535 2202 nihil
546 2174 674 2203 relietum
696 2182 797 2210 praetcr
809 2183 900 2204 muros
911 2192 928 2204 ..

977 1985 1026 2003 mis
1035 1974 1099 2007 suis,
1110 1979 1137 2003 ὅ(
1152 1976 1302 2014 posuerunt
1314 1980 1421 2017 gladios
1430 1980 1490 2009 suos
1501 1980 1547 2009 sub
1557 1983 1687 2021 capitibus
1699 1983 1778 2016 suis]

973 2017 1090 2043 Certum
1103 2025 1196 2045 tamen
1206 2018 1243 2046 est
1256 2029 1288 2047 ex
1302 2018 1399 2048 psalm.
1411 2026 1458 2056 48.
1469 2031 1530 2050 cum
1542 2021 1657 2051 homine
1668 2034 1778 2053 mortuo

974 2055 1048 2084 niliil
1060 2055 1233 2085 descendere.
1245 2059 1421 2096 Respondco.
1433 2061 1570 2100 Propheta
1578 2063 1622 2092 his
1633 2065 1720 2092 verbis
1729 2065 1778 2094 de-

974 2105 1053 2124 notat
1065 2095 1130 2124 istos
1141 2096 1226 2125 fortes
1235 2107 1383 2128 morituros
1395 2102 1529 2139 inglorios
1543 2124 1550 2135 ‚
1571 2107 1598 2132 δε
1611 2103 1647 2132 ita
1657 2115 1720 2132 cum
1736 2116 1778 2133 ar·

973 2136 1023 2164 mis
1034 2157 1042 2168 ‚
1065 2140 1093 2165 δε
1103 2136 1200 2175 absque
1222 2139 1276 2166 ulla
1291 2150 1389 2179 pompa
1401 2152 1495 2170 eorum
1515 2153 1629 2181 corpora
1642 2143 1776 2184 insepulta

972 2177 1079 2205 canibus
1089 2177 1268 2216 discerpenda
1279 2199 1286 2206 .

118 2209 208 2237 Unde
217 2210 243 2237 S.
256 2209 374 2239 Hieron.
395 2212 425 2240 in
435 2224 492 2252 cap.
510 2225 553 2252 ¹3-
564 2213 628 2243 lsai.
644 2214 683 2243 ait
695 2223 818 2251 tempore
828 2205 1001 2256 Theo-‘Capu
1013 2228 1060 2254 39.
1072 2227 1098 2245 v.
1113 2229 1125 2246 2
1134 2224 1157 2246 S.
1175 2224 1186 2253 [
1201 2223 1233 2247 Et
1247 2230 1304 2248 non
1313 2221 1508 2260 dereliquerim
1518 2234 1682 2263 quemquam
1693 2235 1726 2254 ex
1737 2227 1775 2255 eis

117 2249 188 2278 dolii
201 2249 361 2279 venationes
373 2262 481 2282 tantum
494 2265 580 2294 regias
591 2254 665 2284 suissi:
674 2254 816 2288 Babylone
825 2276 834 2288 ‚
852 2256 919 2292 ejus-

115 2299 168 2328 que
179 2299 322 2319 murorum
331 2293 434 2322 ambitu
442 2295 537 2324 bestias
546 2295 686 2324 contineri
699 2315 707 2323 .

72 2329 143 2369 Cap.
159 2340 171 2365 5
182 2341 205 2358 i.
217 2340 243 2358 v.
255 2341 269 2359 2
274 2341 300 2373 7τ
317 2334 413 2366 [Mons
422 2335 560 2373 pestifer-l
575 2337 712 2375 Loquitur
723 2335 758 2364 de
768 2338 915 2374 Babylone.

112 2380 176 2410 quae
186 2380 280 2400 tamen
292 2380 322 2400 m
334 2374 453 2411 planitia
462 2376 511 2407 fita
520 2377 567 2406 est.
580 2378 690 2410 Postea,
703 2387 729 2407 ι’.
740 2386 787 2416 36.
801 2380 916 2418 [Descr-

145 2413 340 2445 Hierolexicon
361 2419 460 2448 Macri
469 2438 476 2448 ,

975 2259 1036 2289 ibn]
1047 2261 1087 2286 At
1098 2260 1182 2287 multa
1194 2260 1353 2297 Judaeorum
1365 2263 1456 2291 millia
1469 2265 1528 2302 post
1539 2265 1728 2294 reductionem
1739 2266 1775 2296 sa-

974 2308 1042 2327 etam
1054 2308 1101 2336 per
1111 2300 1311 2330 Zorobabelcm
1321 2325 1330 2336 ‚
1340 2307 1367 2332 &
1380 2304 1490 2337 Cyrum
1499 2326 1507 2337 ‚
1530 2306 1575 2334 vel
1585 2305 1755 2336 Machabaeos
1766 2330 1775 2340 ,

974 2340 1042 2379 apud
1054 2349 1178 2368 externas
1189 2341 1314 2371 nationes
1330 2342 1774 2387 remanserunt-RespondeaHec

972 2379 1118 2422 prophetia
1141 2391 1198 2410 non
1207 2383 1298 2422 potest
1311 2383 1446 2412 verificari
1465 2385 1516 2414 nili
1534 2386 1568 2415 de
1587 2386 1684 2416 ultima
1693 2388 1776 2426 redu:

1324 2426 1344 2453 Β
1356 2424 1371 2452 b
1381 2424 1396 2452 b
1438 2435 1452 2462 3
1662 2428 1732 2457 &io-
