1866 2526
348 12 523 56 DE·

64 72 208 107 DcvorA,
218 71 348 102 Monialis
358 91 366 99 .
377 77 391 107 [
403 71 489 100 Min-a
497 69 536 100 est
545 67 648 108 pileum
660 68 820 109 Phrygium,
831 79 894 110 qua-

103 115 132 144 le
141 115 179 145 est
187 108 379 144 orei-mentum
388 111 485 150 capitis
494 111 844 142 Devotarum.]1lidor.lib.
852 122 859 139 ι
867 121 894 147 9.

105 156 268 195 Orig.ezp.3
279 164 302 182 1.
314 155 457 182 Devotam
468 152 626 191 peccantem
637 162 694 180 non
706 152 891 190 recipiendam

104 196 137 226 in
147 194 292 226 Ecclesiam
302 215 310 222 .
320 194 435 229 Concil.
446 194 535 223 Tolct.
552 203 574 220 ι.
583 203 644 220 can.
659 199 702 220 16.
715 195 726 225 ]
739 193 774 222 de
786 193 892 221 Min-el-

104 238 138 266 lis
146 235 311 266 Monialium
321 255 328 263 .
341 234 415 264 Vide
425 237 534 264 Mirm.
545 234 635 263 mlum
647 253 654 260 .
666 234 828 269 synonyma
838 235 894 264 De-

104 283 179 307 Vbtae
191 297 199 305 .
220 276 294 305 Vide
302 280 399 314 Agapae
408 276 510 312 sorores
523 294 532 302 .
550 275 713 311 Annphona
723 295 731 302 -
740 275 874 317 Monialtr
887 295 892 301 .

61 315 324 347 Dumnissum
333 337 342 350 ,
363 315 525 345 vocabulum
534 336 541 343 .
561 315 637 353 quod
647 316 675 344 in
685 316 786 344 bonum
798 336 806 348 ‚
826 319 853 344 ἃ
866 324 893 341 in

103 359 205 387 malum
222 357 330 386 sensum
341 356 473 394 accipitur
484 367 491 387 ς
511 356 659 394 aliquando
680 356 756 384 enim
765 365 823 384 rem
831 356 894 384 Deo

101 398 223 428 dicatam
232 420 240 432 ‚
250 402 278 427 δε
289 408 304 426 e
314 396 449 427 converso
458 397 639 426 execrandam
650 396 785 436 fignificat
798 417 806 428 ‚
818 407 847 424 ut
860 395 893 424 de

104 439 226 468 dietione
238 439 401 469 Anatbema
411 438 514 466 dierum
527 437 577 466 fuit
591 458 599 470 ‚
613 438 675 475 quia
684 437 751 466 ficut
761 447 819 481 rem
829 437 892 479 Deo

103 480 220 509 dicatam
233 501 241 512 ,
253 490 310 508 non
319 479 356 507 est
369 478 405 507 fas
417 488 545 517 tangere5
568 479 606 507 ita
617 479 699 506 etiam
709 487 766 505 rem
775 477 892 506 interdi-

103 521 174 549 Ram
183 541 190 549 .
203 526 216 556 [
227 520 272 549 Ut
281 519 503 548 interficerentur
511 528 606 548 omnes
615 518 768 547 incolentes
776 528 834 547 eam
848 539 856 551 ,
866 521 891 546 &

102 561 300 590 devotamenta
319 560 417 589 fierent
436 559 561 600 universa
570 563 626 596 ejus
634 579 642 586 .
662 560 778 588 Tertull.
797 559 892 597 Scorp.

105 612 135 629 ca
157 623 164 630 .
195 622 203 630 .

60 612 163 675 Dzusp,
174 613 245 671 {aret
256 640 370 670 nomine
380 661 387 668 .
400 640 474 670 Vide
486 641 596 670 Atheus
608 661 615 669 .
626 641 695 669 Non
706 639 777 668 fallit
787 662 795 674 ,
806 650 893 678 neque

103 682 227 711 fallitur.
248 683 322 711 Vide
329 681 449 717 Ecclesia
459 701 466 708 .
477 683 539 716 Ejus
547 681 677 710 attributa
686 702 693 708 .
706 680 779 710 Vide
789 685 876 719 Opera
886 701 892 707 .

62 723 147 753 Deus
168 726 202 752 Iu
222 726 422 757 AnJuroiuuiu
435 742 442 748 .
467 722 540 750 Vide
557 727 630 750 Hora
641 725 781 750 Canania
794 741 802 748 .
825 723 893 750 Non

100 764 241 792 dicebatur
251 763 283 790 :id
293 761 423 801 Vesperas
434 772 559 799 tempore
569 761 625 800 pas<
631 761 685 790 hali
697 783 704 789 .
724 761 799 790 Vide
809 764 891 800 Vespe-

99 815 132 832 u
145 823 152 831 .
175 805 244 833 Non
255 803 311 831 dici
320 803 420 832 debent
431 803 461 831 in
473 801 600 841 Vesperis
611 803 717 832 Sabbati
728 802 819 831 Saneti
830 824 838 836 ,
855 813 892 831 ct-

100 843 155 872 iam
170 844 189 873 fi
198 844 355 872 recitentur
366 843 494 882 Vespera:
505 853 584 872 extra
593 842 721 873 Cliorum
734 863 741 871 .
754 842 827 873 Vide
837 849 872 882 Vc,
883 862 892 865 -

115 896 163 913 era
172 905 181 913 .

57 892 289 954 Depureitmiims
299 946 307 958 ‚
320 924 441 957 Abbatis,
450 923 495 954 seu
508 923 743 954 Archimandritre
756 923 892 954 Vicarius5

99 967 226 994 officium
241 966 316 994 inter
336 965 489 994 Monachus
509 966 706 995 considerabile
716 979 726 994 .·
749 976 782 993 ex
802 975 892 1003 graeco

98 1002 242 1037 Asta—Amr
253 1027 261 1038 ‚
282 1005 357 1044 quod
368 1005 556 1034 secundarium
577 1006 713 1045 fignificat
724 1026 732 1039 ,
753 1005 823 1035 idest
831 1005 892 1043 post

100 1045 235 1073 Abbatem
243 1045 389 1074 secundum
400 1066 408 1072 .
420 1047 493 1074 Vide
503 1048 688 1076 Secundarius
699 1066 707 1074 .

54 1084 267 1116 Devuitosts.
287 1085 361 1115 Vide
380 1087 549 1124 Pharisaus.

55 1125 327 1156 Dturenoxoiimu
338 1147 347 1159 ,
357 1136 391 1154 ex
401 1137 494 1165 gr-eco
506 1124 713 1166 Δώνερονᾶμιον
723 1149 730 1160 ,
740 1126 809 1156 idest
821 1148 829 1160 1
851 1124 891 1154 se-

98 1167 187 1195 cunda
197 1167 253 1200 lex,
263 1167 301 1195 est
314 1176 381 1195 unns
390 1177 423 1195 ex
435 1167 511 1195 libris
522 1167 713 1196 Pentateuchi.
723 1168 837 1197 Dicitur
845 1172 888 1195 Se-

99 1208 191 1235 cunda
198 1208 255 1240 lex,
267 1207 330 1245 quia
338 1207 368 1234 in
379 1217 413 1236 eo
423 1207 545 1236 levitici
556 1217 693 1246 praecepta
703 1208 872 1246 replicantur
882 1228 888 1234 .

97 1247 251 1275 Dubitatur
259 1269 268 1280 ‚
277 1257 312 1276 an
321 1259 334 1275 a
344 1247 443 1283 Moyse
452 1247 587 1286 scriptum
598 1249 697 1280 fuerit5
711 1249 775 1287 quia.
783 1249 813 1276 in
823 1248 888 1276 ulti-

96 1296 143 1315 mo
153 1290 208 1322 ejus
218 1288 306 1326 capite
316 1288 351 1316 de
360 1289 482 1325 ejusdem
491 1288 666 1327 Legislatoris
675 1299 766 1318 morte
775 1289 806 1318 fit
817 1299 889 1317 men.

97 1327 140 1355 tio
149 1338 159 1358 ,-
182 1328 246 1357 ideo
254 1329 333 1357 multi
344 1329 520 1367 Expofitores
539 1330 571 1358 ab
580 1331 712 1358 Eleazaro
722 1351 730 1363 ,
749 1329 793 1359 seu
806 1329 888 1367 Josue

94 1369 277 1406 compositum
296 1368 371 1398 fuisse
379 1370 553 1401 existimants
575 1369 622 1399 sed
643 1369 745 1410 Joseph
758 1371 889 1399 Hebraeus

94 1410 212 1438 eundem
224 1409 343 1445 Moysen
354 1411 502 1439 Austorem
515 1410 580 1440 facit
590 1433 597 1444 ,
621 1413 760 1450 propriam
771 1420 889 1440 mortem

98 1448 345 1487 prophetizantem
356 1472 363 1483 ‚
378 1451 505 1489 inquiens
517 1465 524 1480 ε
537 1457 549 1487 [
561 1452 672 1486 Moyses
681 1454 711 1481 in
720 1452 798 1480 {acris
808 1452 888 1480 volu-

96 1489 215 1518 minibus
225 1490 332 1528 scripsit
341 1491 368 1519 se
377 1500 518 1521 mortuum
528 1503 536 1522 5
550 1493 662 1525 veritus,
673 1504 708 1521 ne
717 1503 831 1531 propter
842 1503 889 1521 ex-

96 1529 245 1558 cellentem
255 1534 312 1566 ejus
322 1531 455 1560 virtutem
466 1543 479 1560 a
497 1534 560 1562 Deo
571 1543 660 1571 raptus
675 1534 870 1572 praedicaretur
881 1556 889 1568 ‚

97 1569 142 1597 lib.
155 1581 182 1604 4.
195 1571 293 1610 Antiq.
308 1572 359 1600 ult.

53 1606 201 1639 Duum.
214 1622 223 1642 ς
244 1612 394 1650 aliquando
402 1613 608 1653 meridionalem
619 1615 727 1654 plagam
736 1613 888 1653 fignificam

55 1671 59 1674 -
94 1649 182 1678 homo
200 1653 277 1680 enim
287 1653 320 1681 ad
339 1653 478 1683 orientem
489 1655 621 1693 aspiciens
632 1677 639 1687 ,
658 1656 772 1684 dextera
782 1658 838 1691 ejus
856 1656 888 1684 ad

93 1691 240 1721 meridiem
250 1694 420 1722 collocatur:
432 1693 498 1723 hinc
508 1696 553 1724 ubi
563 1696 592 1724 in
602 1695 710 1725 Psalmo
722 1701 765 1724 88.
778 1696 887 1735 vulgata

94 1730 174 1760 habet
185 1747 193 1761 .·
203 1735 382 1772 Aquilonem,
395 1735 429 1768 ά
438 1747 513 1764 mare
522 1745 556 1764 tu
567 1739 662 1774 creasti
672 1749 684 1770 ,ς
696 1737 884 1772 Hieronymus

94 1773 199 1800 vertit:
211 1776 389 1812 Aquilonem,
400 1775 435 1809 ό·
443 1777 591 1805 dexteram
601 1798 608 1804 .
623 1778 682 1806 Alii
692 1788 758 1806 vero
767 1778 864 1816 legunt
878 1789 884 1805 ε

93 1814 262 1850 Aquilonem
274 1835 281 1846 ,
302 1815 336 1848 (92
346 1817 490 1846 meridiem
501 1837 508 1845 .
530 1820 586 1846 PR.
605 1818 738 1845 auxilium
756 1828 884 1846 nonnun-

95 1862 177 1890 quam
187 1853 303 1883 denotat
312 1859 440 1885 Dextera
448 1879 455 1889 ,
480 1859 517 1886 ita
527 1858 658 1887 Nicolaus
668 1860 737 1896 Papa
749 1860 806 1887 111.
817 1859 882 1886 alizs

98 1894 151 1922 IV.
164 1893 193 1921 in
205 1903 261 1931 cap.
276 1906 318 1927 ¹7·
330 1896 364 1924 de
375 1897 490 1927 eleth&
502 1899 581 1927 electi
593 1900 681 1937 potest
692 1900 721 1927 in
732 1898 810 1927 sexto
822 1920 829 1931 ,
849 1899 882 1927 de

95 1933 140 1963 SS.
150 1935 236 1962 Petro
245 1939 272 1964 ὅ(
284 1937 365 1965 Paulo
375 1937 490 1976 loquens
501 1961 509 1972 ,
520 1940 576 1967 ait:
591 1946 602 1975 [
615 1942 650 1969 In
660 1940 738 1968 Petri
747 1940 882 1968 constaret

93 1974 223 2004 firmitate
237 1987 243 2003 :
264 1976 307 2004 cui
319 1978 466 2007 Salvatoris
485 1980 570 2008 nostri
585 1981 709 2009 miranda
718 1981 840 2019 provisio
852 1983 881 2009 Β.

93 2016 206 2045 Paulum
223 2017 252 2045 in
272 2018 465 2056 Apostolatum
477 2021 601 2059 genitum
614 2032 660 2059 per
670 2022 811 2050 dexterim
836 2022 879 2049 so-

93 2057 200 2085 cietatis
210 2058 335 2092 adjunxit
344 2079 351 2085 .
365 2062 376 2091 ]
391 2059 432 2087 Ibi
441 2061 532 2089 Glofl'a
545 2071 592 2098 per
604 2067 757 2090 Dexteram
768 2072 860 2100 pacem

95 2097 178 2125 fidem
190 2120 197 2131 ‚
207 2102 234 2127 ὅ(
246 2100 423 2136 concordiam
432 2099 568 2139 intelligit
581 2113 588 2132 ς
601 2101 646 2130 sed
657 2103 769 2140 proprie
778 2103 824 2130 hic
834 2109 878 2132 du<

94 2138 193 2166 xilium
205 2161 212 2171 ‚
222 2143 248 2167 ὅ(
258 2140 461 2169 allocutionem
472 2141 617 2180 fignificm
629 2143 662 2170 sic
674 2143 747 2170 idem
761 2145 877 2181 Aposto-

91 2178 132 2205 lus
140 2179 174 2206 ad
185 2180 294 2208 Galatas
304 2202 311 2213 ‚
330 2191 385 2219 cap.
400 2192 425 2208 τ..
435 2180 592 2220 scripserat:
619 2183 754 2220 [jacobus
764 2205 771 2216 ‚
784 2188 811 2212 δι
822 2186 879 2213 cc—

89 2218 157 2256 phas
166 2241 174 2252 ,
183 2223 210 2248 &
221 2221 349 2259 joannes,
361 2221 407 2260 qui
419 2221 581 2251 videbantur
591 2224 725 2252 columnae
738 2222 799 2256 effe,
811 2225 875 2253 dex-

91 2267 161 2287 teras
170 2260 304 2290 dederunt
316 2261 403 2295 milii,
413 2266 440 2290 ὅ(
452 2264 576 2291 Barnabae
586 2262 723 2292 societatis
734 2268 785 2293 &c-
798 2267 810 2296 J
831 2267 876 2294 De

78 2300 207 2329 ›dexterae
218 2323 226 2334 ‚
245 2306 272 2331 ὃ(
283 2303 395 2332 linistrae
405 2304 588 2332 collocatione
598 2305 758 2332 corumdem
768 2306 877 2334 Princi-

75 2349 145 2379 §mm
155 2343 353 2382 Apostolorum
364 2365 370 2372 .
385 2344 459 2373 Vide
469 2346 553 2374 Bulla
563 2366 571 2374 .
594 2345 655 2375 Ubi
665 2345 720 2374 alio
731 2346 802 2375 ratio
813 2347 875 2375 addi

356 2476 363 2491 t

1252 15 1297 56 D
1328 17 1347 57 1
1614 32 1692 74 239

952 68 1037 108 pollet
1048 92 1056 104 ,
1079 69 1154 110 quod
1162 79 1226 100 cum
1234 73 1330 102 Petrus
1338 73 1449 103 haberet
1460 73 1586 112 spiritum
1597 76 1721 107 lenitatis
1734 99 1742 109 ‚

952 113 980 139 δε
989 109 1055 140 ideo
1072 111 1106 141 ad
1116 121 1217 151 partem
1226 113 1320 142 cordis
1329 135 1337 147 ,
1355 113 1425 143 idest
1437 136 1444 147 ,
1468 115 1601 145 finisti-:im
1611 118 1742 155 ponitur-5

950 160 978 179 at
987 151 1083 180 Paulus
1091 161 1205 192 propter
1214 152 1371 183 ferventem
1382 176 1390 188 ‚
1401 165 1431 184 ac
1441 155 1596 195 rigni-osum
1605 157 1745 196 spiritum,

950 191 984 221 ad
994 191 1136 222 dexteram
1148 215 1156 227 ‚
1166 203 1264 232 utpote
1274 195 1477 234 vigorofiotem
1488 218 1496 230 ‚
1506 197 1658 227 collocatur
1667 218 1675 226 .
1694 200 1746 227 Vi-

951 232 986 261 de
995 235 1153 270 Distric‘fio.
1165 236 1238 264 Item
1251 236 1282 264 in
1292 246 1319 274 3.
1331 239 1403 276 Reg.
1413 247 1469 276 cap.
1480 248 1506 270 7.
1519 248 1596 268 num.
1607 250 1622 268 2
1631 237 1742 268 i.habe.

951 282 996 301 tur
1006 295 1015 306 ‚
1024 275 1100 313 quod
1110 275 1239 304 Salomon
1249 279 1328 306 Rex:
1343 283 1355 313 [
1367 279 1470 308 Statuit
1479 279 1542 308 duas
1551 281 1692 309 columnas
1714 279 1743 308 in

951 315 1060 352 porticu
1067 317 1176 354 Templi
1186 328 1195 348 ,-
1210 327 1326 356 cumque
1337 319 1469 348 statuisset
1479 320 1636 350 columnam
1645 321 1743 349 dexte-

951 364 1008 382 ram
1018 376 1026 388 ,
1050 358 1164 385 vocavit
1171 368 1228 386 eam
1252 360 1366 388 nomine
1376 359 1492 398 Jachin:
1515 361 1642 391 {imiliter
1651 362 1740 390 erexit

950 395 1106 426 columnam
1116 396 1270 433 secundani,
1283 403 1310 428 &
1322 401 1430 430 vocavit
1440 411 1544 430 nomen
1555 405 1610 437 ejus
1622 405 1698 431 ssooz
1708 423 1714 430 .
1729 405 1741 433 1

952 436 1037 468 Quod
1057 437 1160 467 ibidem
1181 439 1215 468 fic
1224 440 1424 479 interpretatur
1439 442 1591 477 Dionysius
1609 441 1743 472 Carthus.

951 485 1001 504 art.
1017 488 1059 506 12.
1073 479 1246 515 [Dexterain
1257 482 1413 511 columnam
1423 483 1535 511 vocavit
1544 483 1654 522 Jachiu,
1666 483 1742 521 quod

951 516 1148 556 interpretatur
1158 519 1270 550 firmitas
1283 533 1290 553 ;
1311 527 1340 552 δε
1350 523 1483 552 sinistram
1491 526 1570 554 Booz
1581 536 1590 557 i
1611 524 1687 564 quod
1697 523 1740 552 in-

950 566 1114 596 terpretatur
1124 561 1205 590 robur
1215 583 1223 595 ‚
1233 566 1261 592 δε
1273 562 1408 593 fortitudo
1418 585 1427 592 .

912 598 1108 629 Dffixrnmuus
1121 622 1129 634 ,
1139 602 1237 631 militis
1247 604 1384 633 auxiliarii
1395 615 1478 644 equus
1488 627 1496 638 ,
1507 604 1575 634 hinc
1583 605 1674 635 italice
1684 608 1744 634 De-'

942 640 1042 675 striero
1051 640 1154 670 dicitur
1163 653 1245 681 equus
1257 664 1264 671 .
1280 651 1294 680 [
1303 645 1410 675 Omnia
1417 645 1461 674 sua
1469 656 1541 674 arma
1553 647 1632 675 valde
1641 647 1742 676 decen·

951 680 988 707 tia
998 690 1059 709 cum
1080 682 1164 711 tribus
1173 684 1321 713 dextrariis
1339 696 1388 724 per
1396 686 1515 715 eundem
1525 689 1665 726 Paganum
1677 690 1740 717 No-

951 721 1068 750 randino
1078 723 1149 752 milit
1158 744 1166 750 .
1186 723 1288 752 C-esar.
1302 726 1349 753 lib.
1361 738 1388 762 4.
1398 737 1454 766 cap.
1471 737 1514 763 ις.
1527 728 1680 756 Multitudo
1690 728 1739 756 sta-

951 760 994 789 bat
1003 761 1204 792 dextrariorum
1222 763 1301 793 sellas
1320 767 1459 796 deauratas
1471 789 1480 801 ,
1502 768 1644 807 sroenzique
1663 779 1741 798 aurea

949 800 1107 832 habentium
1118 824 1125 832 .
1137 804 1217 833 Idem
1228 826 1236 837 ,
1248 806 1293 834 lib.
1305 813 1332 836 6.
1344 818 1401 846 cap.
1411 809 1462 837 ult.

910 842 1038 871 Dexrito
1049 865 1058 876 ‚
1078 844 1195 877 associo5
1208 846 1283 875 sicin
1292 848 1412 887 antiquis
1421 850 1460 877 Μ.
1471 849 1516 878 SS.
1524 849 1738 879 Caeremoniali-

950 882 996 911 bus
1006 904 1015 916 ‚
1024 883 1054 912 in
1063 885 1159 923 quibus
1169 887 1331 917 Addextera
1339 911 1346 923 ‚
1356 892 1384 918 ὃς
1394 890 1630 919 Addextemtores
1639 891 1739 921 Ponti-

951 922 1007 952 ficis
1017 925 1119 964 legitur
1127 947 1135 954 .
1147 927 1220 955 Vide
1229 929 1376 958 Addextro
1386 949 1395 957 .

909 965 1131 995 DiAnAmssrtum
1141 987 1148 994 .
1172 968 1246 996 Vide
1254 970 1493 1010 Monobambylum
1506 991 1514 999 .

910 1006 1062 1034 Dmeows
1074 1028 1082 1040 ‚
1100 1017 1133 1036 ex
1145 1009 1246 1036 Graeco
1265 1007 1397 1045 Σιαίβολος
1413 1036 1417 1041 .
1439 1011 1508 1040 idest
1519 1034 1525 1044 ‚
1535 1012 1720 1043 calumniator
1728 1035 1736 1047 ,

949 1046 1082 1084 deceptor
1092 1068 1099 1079 ‚
1110 1048 1239 1086 proditor
1249 1070 1256 1076 .
1269 1050 1410 1084 Didymus
1420 1050 1449 1079 in
1460 1052 1538 1090 epist.
1549 1054 1665 1090 Joannis
1675 1065 1698 1082 c.
1708 1066 1736 1093 3.

950 1086 1026 1115 Hinc
1036 1089 1155 1116 Nonnus
1166 1110 1174 1121 ‚
1183 1099 1241 1127 cap.
1254 1096 1280 1118 6.
1293 1089 1423 1126 515sson
1432 1088 1482 1122 νεόν
1493 1113 1500 1125 ,
1522 1093 1591 1122 idest
1601 1114 1611 1130 ‚
1634 1096 1737 1124 Diabo-

947 1127 1007 1154 lum
1017 1138 1120 1156 novum
1129 1129 1228 1166 Judam
1239 1131 1389 1168 appellavit
1401 1153 1409 1164 ,
1428 1143 1461 1161 ex
1471 1144 1506 1161 eo
1516 1134 1580 1172 quia
1600 1138 1656 1170 ejus
1665 1135 1738 1164 dile-

947 1157 1058 1196 &immi
1068 1169 1193 1208 Magistri
1211 1171 1340 1208 proditor
1351 1172 1438 1201 suerat
1447 1193 1455 1201 .
1476 1174 1515 1203 D.
1527 1176 1678 1204 Bernardus
1695 1176 1738 1205 su-

947 1216 996 1245 per
1006 1208 1052 1237 illa
1066 1210 1146 1238 verba
1156 1231 1163 1243 ‚
1178 1214 1267 1246 [Ecce
1277 1223 1328 1240 nos
1338 1213 1496 1252 reliquimus
1504 1216 1599 1244 omnia
1609 1219 1675 1248 &e.]
1687 1218 1736 1251 ait,

946 1249 1021 1286 quod
1037 1249 1153 1279 Diaboli
1164 1262 1269 1281 nomen
1288 1253 1327 1282 est
1347 1255 1528 1293 compositum
1548 1267 1561 1284 a
1570 1256 1737 1286 dictionibus

945 1289 1043 1327 graecis
1053 1290 1102 1322 δῖα
1114 1311 1120 1322 ,
1139 1301 1200 1339 ‹Juae
1211 1292 1238 1321 in
1248 1295 1448 1332 compositione
1459 1296 1640 1326 divinitatem
1651 1299 1737 1338 signi-

946 1329 1009 1358 ficar
1021 1351 1028 1362 ,
1039 1335 1067 1360 ἀ
1076 1334 1163 1367 βολις
1174 1354 1182 1365 ,
1193 1333 1260 1362 idest
1272 1356 1280 1367 ,
1291 1333 1366 1363 hasta
1377 1357 1384 1368 ,
1395 1336 1430 1365 fic
1440 1336 1569 1375 inquiens
1579 1349 1586 1365 .-
1598 1345 1614 1375 t
1629 1342 1655 1368 A
1666 1340 1735 1368 duo-

945 1370 992 1398 bus
1011 1371 1103 1410 itaque
1121 1372 1189 1402 bolis
1198 1374 1331 1404 Diabolus
1353 1376 1454 1406 dicitur
1463 1398 1470 1405 .
1482 1380 1494 1409 ]
1513 1378 1588 1407 Vide
1605 1384 1715 1409 Damon
1725 1401 1734 1409 .

945 1413 1071 1441 zabulus
1081 1432 1090 1440 .

907 1451 1137 1483 ΒιΑειεκιςιΜυς
1148 1474 1156 1482 .
1178 1457 1235 1485 PR.
1244 1468 1332 1497 graeca
1343 1468 1398 1486 vox
1408 1458 1592 1496 «Γιακᾳινισμός
1603 1481 1610 1493 ,
1632 1467 1646 1496 t
1658 1462 1735 1490 Fet-ia

948 1493 1044 1530 quinta
1052 1493 1233 1525 hebdomadis
1242 1520 1249 1531 ‚
1269 1509 1348 1536 quam
1360 1509 1373 1526 a
1382 1499 1566 1528 renovatione
1574 1500 1733 1531 Diacaenili-

946 1543 1022 1562 mum
1032 1536 1159 1564 vocitant
1167 1558 1176 1570 ‚
1187 1540 1289 1577 recepit
1297 1538 1324 1567 se
1335 1538 1491 1568 Patriarcha
1500 1550 1561 1569 cum
1572 1541 1713 1581 Episcopis
1724 1564 1733 1576 ,

947 1578 974 1603 ὅς
987 1575 1099 1614 reliquis
1115 1579 1240 1607 Ecclefiae
1253 1579 1415 1617 primoribus
1436 1579 1547 1618 insuper
1567 1586 1593 1610 ἃ
1604 1593 1664 1611 cum
1677 1586 1735 1612 Ar-

946 1614 1141 1646 chimandritis
1151 1640 1168 1654 ‚‚
1177 1622 1203 1648 ὅ(
1215 1620 1440 1649 monasteriorum
1451 1621 1590 1650 Praefeftis
1609 1623 1644 1651 ad
1654 1624 1734 1652 Pala-

946 1655 1015 1684 tium
1026 1678 1033 1684 .
1043 1659 1133 1687 Mutat
1142 1659 1228 1698 igitur
1238 1660 1394 1689 patriarcha
1406 1661 1492 1688 vestes
1501 1683 1508 1694 ,
1528 1666 1555 1690 ὃς
1566 1663 1599 1690 :id
1611 1664 1735 1702 Impera-

945 1706 1034 1725 torem
1044 1700 1123 1726 venit
1135 1699 1247 1728 stantem
1257 1701 1286 1728 in
1295 1700 1399 1729 throno
1409 1701 1456 1729 suo
1465 1722 1472 1729 .
1495 1704 1625 1731 Proceres
1637 1706 1731 1734 Aulici

944 1748 1006 1766 tun„
1019 1736 1075 1766 no'n
1086 1739 1182 1768 adsunt
1194 1762 1200 1772 ,
1217 1752 1305 1779 neque
1314 1742 1486 1770 circumstant
1498 1754 1506 1772 ;
1527 1742 1574 1772 sed
1583 1754 1678 1773 eorum
1692 1746 1732 1774 lo-

941 1789 1003 1807 cum
1012 1777 1142 1817 supplent
1153 1780 1298 1819 Episcopi,
1309 1791 1339 1810 ut
1349 1782 1468 1810 diximus
1479 1804 1486 1814 ,
1498 1787 1525 1811 ὃ(
1538 1784 1662 1813 Ecclesiae
1673 1787 1730 1824 pri-

941 1829 1030 1847 mores
1041 1829 1101 1847 cum
1111 1821 1172 1849 aliis
1183 1843 1190 1853 ,
1202 1822 1235 1850 de
1245 1823 1339 1860 quibus
1348 1825 1402 1858 jam
1413 1824 1514 1851 dic‘tum
1524 1824 1561 1851 eil·
1572 1845 1578 1852 .
1590 1825 1730 1860 Inoensar,

939 1859 984 1888 seu
995 1859 1137 1889 thurificat
1148 1883 1156 1894 ,
1173 1861 1265 1890 suffitu
1276 1862 1397 1892 honorat
1408 1863 1562 1894 I’ntriarcha
1574 1866 1730 1904 Imperato-

942 1910 1014 1929 rem:
1028 1901 1130 1930 deinde
1139 1903 1221 1930 tradit
1239 1902 1406 1932 thuribulum
1419 1903 1625 1934 Archidiacono
1636 1926 1644 1934 .
1666 1907 1730 1946 Ipse

939 1951 1006 1969 vero
1026 1942 1156 1971 accedens
1164 1943 1302 1972 benedicit
1313 1966 1320 1977 ,
1340 1948 1366 1972 δ(
1377 1943 1512 1972 osculatur
1529 1947 1730 1985 Imperatorem

938 1981 968 2009 in
979 1992 1027 2010 ore
1038 1993 1045 2012 5
1067 1983 1219 2021 eodemque
1229 1985 1312 2012 modo
1324 1984 1374 2012 fert
1392 1983 1449 2022 ipsc
1461 1983 1582 2014 osculum
1593 1988 1623 2016 ab
1633 1989 1727 2028 Impe-

936 2032 1026 2051 ratore
1035 2043 1044 2050 .
1066 2024 1161 2052 Postea
1182 2024 1336 2053 patriarcha
1349 2025 1397 2053 stat
1418 2026 1522 2054 vicinus
1541 2029 1706 2066 Imperatori
1718 2051 1726 2059 .

938 2063 1065 2101 Episcopi
1087 2074 1169 2102 porro
1187 2065 1242 2092 duo
1254 2065 1330 2093 iiinul
1350 2076 1394 2094 acc
1400 2065 1510 2095 edentes
1530 2067 1726 2099 osculantur&

937 2104 985 2141 :pii
996 2106 1196 2142 Imperatorem
1209 2117 1214 2132 :
1228 2106 1345 2143 primum
1355 2105 1466 2145 quidem
1476 2117 1585 2136 manum
1596 2131 1603 2142 ,
1622 2110 1726 2140 deinde

936 2155 1034 2183 genam
1046 2165 1053 2171 .
1077 2146 1170 2173 Postea
1181 2146 1252 2173 iden».
1265 2146 1367 2174 iaciunt
1375 2156 1472 2175 omnes
1492 2149 1616 2177 Ecclesiae
1627 2152 1726 2180 Proce-

937 2196 977 2213 res
988 2206 995 2217 ,
1007 2184 1241 2214 Archmandrirae
1253 2188 1334 2214 etiam
1345 2208 1353 2220 ,
1371 2191 1400 2215 ὃ(
1412 2189 1642 2219 Monasteriorum
1652 2193 1725 2220 Pm-

935 2225 996 2254 sesti
1009 2238 1015 2252 .·
1027 2226 1121 2264 quibus
1130 2227 1252 2263 pera-ftis,
1263 2226 1416 2256 Patriarcha
1428 2229 1615 2266 precationem
1626 2230 1726 2261 sacram

935 2264 1129 2303 superaddens,
1141 2265 1194 2294 dist
1201 2267 1260 2294 edit
1270 2287 1276 2294 .
1291 2269 1445 2306 Imperator
1454 2268 1529 2298 suum
1543 2271 1571 2298 in
1581 2272 1724 2301 conclave

935 2306 962 2334 se
973 2306 1080 2336 confert
1091 2327 1098 2334 .
1120 2307 1245 2336 Codinus
1256 2309 1423 2348 Curopalata
1444 2309 1479 2337 de
1489 2310 1547 2340 off.
1558 2312 1723 2340 Constanti-

934 2357 999 2387 nop.
1010 2358 1034 2376 c.
1049 2351 1116 2384 ιφ]
1130 2347 1221 2385 Quare
1233 2349 1332 2389 Junius
1340 2350 1371 2379 in
1379 2348 1433 2379 suis
1452 2350 1606 2382 notislianc
1617 2355 1721 2381 Draca-

1617 2391 1681 2430 nisi-
