1866 2526
452 48 565 94 AC

87 113 156 144 lium
165 109 328 143 Pontificale
340 132 349 144 ,
358 111 386 139 8<
395 108 430 138 ad
442 109 534 148 pedus
543 106 624 146 ipfius
636 129 645 142 ,
658 115 720 135 cum
727 103 878 135 Pontifica-

86 154 154 184 liter
165 153 213 181 ille
227 151 381 184 incederet,
395 150 459 179 zelo
468 159 559 178 motus
570 148 682 187 quidam
693 146 771 184 hujus
782 149 879 176 Mona-

91 194 168 224 sterii
179 194 315 226 alumnus,
326 190 471 231 praefatam
483 190 653 219 sententiam
661 189 752 217 affixit
766 208 773 216 .
791 190 879 232 Meta-

85 235 206 274 phrastes
226 234 257 261 in
276 233 333 262 vita
362 232 486 261 Marcelli
499 234 705 260 Acoemetarum
715 228 879 272 Archinianf

85 276 166 303 dritae
188 273 282 303 scribit
300 272 493 303 Alexandrum
506 272 642 301 Abbatem
663 270 742 305 hujus
754 269 879 298 instituti

86 315 162 345 fuifl'e
174 316 332 347 Auctorem,
345 313 421 353 quod
430 313 531 342 deinde
543 313 573 340 in
585 311 666 340 vai-iis
675 310 805 340 Orientis
817 321 878 349 par-

83 357 155 384 tibus
164 356 309 384 dilatatum
322 354 372 383 fuit
384 375 391 383 .
405 357 462 384 PR.
473 353 523 382 lios
534 354 657 381 alumnos
667 373 675 384 ‚
688 352 734 390 qui
748 351 879 386 Byzantii

82 396 273 425 eruditionum
282 394 357 424 causa
366 396 516 427 alebantur,
528 396 665 423 Doctores
674 392 877 422 Oecumenicos

87 437 208 476 appellat
220 437 342 465 Zonaras
360 436 390 464 in
402 438 494 465 Leone
505 457 513 468 ,
535 445 603 463 tom.
617 444 641 469 5.
664 444 725 473 prig-
737 433 807 461 m'ihi
832 438 877 476 ξς.

83 479 159 507 Item
177 481 323 507 Acaemetae
336 477 422 505 latine
436 477 571 512 insomnes
583 497 590 508 ‚
609 473 655 503 seu
668 473 761 511 Vigiles
772 473 877 512 signifi-

82 528 222 557 cathuare
232 518 366 557 Evagrius
378 518 409 545 in
420 516 482 545 hist.
495 517 567 544 Eccl.
577 516 622 543 lib.
635 526 662 553 3.
672 524 730 552 cap.
746 524 788 550 ¹9·
802 514 876 542 hunc

83 559 198 588 titulum
207 558 299 592 habet,
310 563 352 586 De
364 558 466 595 Cyrillo
478 557 677 585 Monacborum
687 578 695 588 ,
710 558 759 593 qui
772 555 872 586 insom-

81 611 128 628 nes
141 609 281 628 vocantur
291 620 299 631 ‚
320 597 444 636 Praefeci‘o
455 596 513 630 ότ-
534 598 570 625 In
581 606 659 625 textu
670 606 738 624 vero
756 593 851 624 scribit
867 607 873 623 :

84 640 288 678 [Cyrilliis,qui
299 638 443 667 Monachis
454 647 522 675 quos
533 635 683 674 α’κοιμιζηις
694 646 793 665 vocant
804 638 872 667 &cd

83 690 113 709 :ic
124 681 197 709 idem
211 679 292 709 habet
303 680 332 707 in
341 689 399 717 cap.
409 676 534 716 sequenti
547 699 554 706 .

42 722 195 750 Actium
209 742 216 753 ,
226 720 420 749 list-eticorum
430 717 498 747 secta
510 742 517 750 ‚
530 714 682 755 Α’κέφειλαι
693 739 701 750 ,
713 717 781 746 idest
793 739 801 751 ‚
813 716 873 754 fine

83 770 181 799 capite,
194 772 251 790 non
263 771 337 788 enim
346 770 437 798 capnt,
449 758 494 787 seu
504 757 710 788 heresiarcham
720 758 855 786 habebant
865 777 871 784 .

84 803 142 830 FR.
152 802 286 830 dicuntur
298 802 433 838 Acephali
455 810 538 828 etiam
548 800 654 830 Clerici
667 821 675 832 ,
686 799 732 840 qui
744 799 871 838 Superio-

84 851 144 870 rem
159 840 329 881 cognoscere
344 842 444 870 nolunt
455 863 463 874 ‚
487 852 545 870 can.
559 846 583 869 8.
594 840 656 869 dist.
669 853 718 879 93.
740 845 778 870 A.
797 842 871 868 Item

82 884 256 920 Ace-phalam
277 883 380 910 dicitur
402 882 566 911 Concilium
589 903 597 915 ‚
628 880 674 910 seu
692 881 870 911 conciliabu-

80 923 138 951 lum
149 945 157 956 ‚
180 923 280 962 absque
288 923 434 952 pontificis
445 924 567 952 Romani
579 922 708 951 facultate
718 932 870 961 congrega-

81 973 140 992 tum
153 985 161 997 ,
184 975 245 993 cum
257 964 347 993 fitille
359 964 444 992 tocius
464 964 609 992 militantis
629 964 752 993 Ecclefiae
771 972 851 1001 caput
863 983 870 989 .

85 1005 222 1033 Haeretici
236 1005 379 1043 itaqueilli
390 1005 550 1042 Haefitantes
562 1027 569 1037 ,
584 1004 652 1032 idest
662 1026 670 1037 ,
690 1004 793 1032 dubiost
804 1003 871 1032 disti

83 1044 194 1072 fuerunt
205 1048 264 1083 post
275 1044 506 1073 chalcedonense
525 1045 688 1073 Concilium
699 1067 707 1077 ‚
726 1045 869 1079 Cyrillum

81 1085 305 1114 Alexandnnum
317 1107 325 1117 ,
336 1089 363 1113 ἃ
372 1086 510 1122 Joannem
524 1084 734 1113 Antiochenum
752 1085 869 1113 Patri-ar-

81 1124 144 1153 chas
159 1136 216 1154 non
225 1124 358 1153 sestmtes
370 1144 377 1151 .
400 1126 457 1154 PR.
466 1125 596 1154 dicuntur
605 1127 689 1154 etiam
701 1126 868 1162 Acephalita

83 1166 210 1204 praedicti
219 1166 342 1194 haeretici
353 1185 360 1191 .
378 1166 478 1193 Nullus
489 1166 564 1193 enim
574 1176 669 1194 eorum
678 1176 816 1204 reperitur
826 1176 871 1194 au-

81 1207 142 1234 c‘tor
152 1228 159 1238 ‚
182 1216 215 1234 ex
226 1216 280 1244 qao
299 1205 356 1234 orti
365 1203 428 1233 sunt
438 1225 445 1232 .
456 1206 480 1233 Ii
506 1216 590 1234 trssum
601 1207 870 1240 Chalcedonenfiuru

80 1247 277 1284 capitulorum
290 1255 507 1284 impugnatores,
519 1247 634 1276 duarum
644 1248 673 1275 iii
683 1247 798 1277 Christo
808 1246 868 1275 sub-

80 1285 243 1316 stantiarum
252 1295 453 1325 proprietatem
474 1297 579 1326 negant
588 1311 596 1322 ,
617 1292 646 1316 δε
659 1299 740 1316 unam
762 1288 792 1315 in
813 1292 869 1324 ejus

79 1326 196 1364 persona
205 1338 329 1356 naturam
349 1328 500 1365 praedicant
513 1349 522 1360 ,
546 1341 592 1364 24.
611 1329 704 1367 quaest.
724 1340 752 1367 3.
769 1339 868 1357 canon.

79 1377 129 1405 39.
140 1370 215 1397 Item
225 1370 396 1407 Acepbalum
410 1370 566 1404 Cpncalc'um
578 1370 680 1398 dicitur
702 1369 867 1398 conciliabu-

79 1409 137 1436 lum
150 1409 247 1448 absque
256 1409 403 1449 superioris
412 1410 524 1438 licentia
533 1420 728 1444 convocatum,
740 1421 800 1439 can.
809 1409 869 1439 sub-

80 1449 126 1476 mi·
137 1450 226 1483 titur,
239 1450 300 1480 dist.
313 1464 328 1480 ι
338 1462 360 1479 ι.

38 1491 165 1519 Acran».
178 1512 186 1523 ,
196 1493 299 1521 incenfi
311 1493 436 1522 navicula
446 1513 453 1519 .
465 1499 477 1528 [
492 1493 580 1531 Quam
592 1491 720 1530 quidem,
740 1495 767 1520 ἃ
778 1489 864 1529 ipsum

81 1531 200 1566 proinde
210 1534 428 1562 examinatorem
450 1533 675 1562 Christianorum
692 1532 816 1561 adhiberi
837 1542 867 1560 ut

82 1570 209 1599 i'ocalium
222 1593 230 1604 ,
250 1577 278 1601 ὃ(
295 1584 413 1602 acerram
434 1576 582 1612 oportebat
591 1595 598 1602 .
620 1574 737 1602 Tei-tull.
762 1572 866 1602 advers.

82 1611 192 1638 Gentil.
204 1622 261 1650 cap.
283 1625 312 1649 9.
327 1617 338 1645 ]
351 1615 528 1652 Diripiebant
543 1637 551 1648 ,
571 1614 679 1652 suisque
697 1624 866 1642 ornamentis

79 1650 233 1689 spoliabant
243 1675 251 1686 ‚
270 1654 367 1681 multas
377 1656 490 1692 quidem
499 1656 599 1684 amulan-
612 1655 697 1683 sacms
706 1676 714 1687 ‚
737 1653 793 1682 five
807 1652 865 1683 vasi

80 1691 236 1722 historialia
245 1715 254 1727 ,
275 1696 302 1721 ὃ(
314 1694 461 1733 ai'pcrgilla
471 1706 504 1724 ex
516 1706 584 1734 puro
593 1706 659 1724 auro
668 1718 676 1728 ,
698 1696 866 1734 quampluri-

79 1742 138 1760 inos
149 1733 233 1761 etiam
242 1734 338 1762 calices
348 1756 356 1767 ‚
368 1739 395 1764 ὃ(
407 1746 508 1764 acerras
517 1756 524 1764 .
540 1741 652 1774 Agatias
664 1758 671 1768 ,
685 1737 731 1763 lib.
743 1747 769 1774 3.
782 1738 793 1767 ]
806 1746 864 1776 quae

80 1776 163 1812 1¹ny5
174 1774 257 1803 etiam
266 1775 369 1804 dicitur
379 1796 387 1803 .
399 1777 559 1812 [Pyxidem
569 1799 577 1810 ‚
598 1787 651 1816 qua
662 1776 725 1804 thus
736 1777 849 1806 nabetur
858 1799 865 1810 ,

82 1823 113 1841 in
123 1816 302 1844 manuferens
312 1836 320 1844 .
329 1817 413 1846 Ordo
424 1820 508 1846 Rom.
521 1820 532 1849 ]
547 1819 590 1846 ubi
601 1817 647 1858 qzii
659 1818 736 1846 illam
748 1820 821 1846 Pont
835 1818 865 1846 fi-

81 1854 106 1881 ci
119 1856 238 1894 porrigit
248 1878 256 1889 ,
275 1856 392 1890 Custos,
413 1859 458 1886 vel
467 1859 597 1897 Princeps
609 1859 733 1887 Eccleiiae
745 1860 866 1896 appella-

81 1900 144 1925 ταῖς
166 1897 350 1926 ministerium
358 1908 474 1937 namque
485 1898 539 1927 hoc
548 1900 582 1928 ad
593 1900 720 1928 Eccleiiae
736 1900 810 1927 illius
819 1900 866 1929 Ti-

81 1935 198 1963 tularem
206 1935 338 1975 spectabat
349 1951 355 1966 :
374 1938 459 1968 hodie
471 1949 563 1968 tamen
579 1941 615 1969 ad
625 1943 769 1970 Decanum
781 1941 868 1979 perti-

81 1985 130 2003 net
143 1996 150 2007 ‚
168 1979 197 2005 &
207 1978 315 2015 quando
325 1989 384 2007 non
394 1980 510 2009 celebrat
522 1983 594 2019 Papa
605 2003 612 2014 ‚
634 1991 698 2009 tunc
711 1982 793 2020 primi
803 1983 868 2010 Pre-

80 2015 184 2051 sbyteri
195 2016 248 2045 hoc
259 2027 354 2048 munus
364 2020 426 2049 erit.
436 2024 499 2057 Ejus
507 2020 611 2057 synon.
622 2022 695 2051 Vide
707 2023 849 2060 Colzmpha
859 2044 866 2056 ,

80 2057 268 2087 Chelandu‘m
279 2080 288 2092 ‚
299 2065 450 2099 Hamapus
460 2083 468 2095 ,
480 2064 666 2099 Incensorium
675 2084 684 2096 ‚
692 2066 776 2096 pyxis
789 2082 796 2090 .

0 2100 2 2141 ξ
35 2099 252 2127 ΆΕΗἉΒυιυΜ
261 2120 270 2131 ‚
280 2098 382 2129 scutula
390 2123 400 2136 ,
410 2102 478 2132 vasis
487 2112 573 2141 genus
588 2123 595 2130 .
609 2109 621 2137 [
633 2103 814 2132 Acetabuluin
824 2114 864 2132 ar-

78 2147 211 2177 genteum
220 2140 316 2179 pondo
326 2151 436 2170 centum
444 2143 564 2182 triginta
578 2144 714 2173 siclorum.
726 2146 761 2173 In
771 2144 867 2172 testam

79 2181 106 2207 S.
116 2180 230 2219 Remig.
242 2190 318 2208 num.
329 2184 381 2213 7.]

37 2221 179 2254 Acmvus
201 2223 373 2249 Mencuitii.
393 2224 451 2252 PR.
469 2222 572 2262 phrasis
592 2224 705 2263 quidem
724 2224 866 2253 intelledu

79 2260 222 2289 difficili-s.
246 2267 258 2297 [
281 2263 356 2290 Sicut
378 2262 426 2301 qui
444 2265 533 2293 mittit
550 2265 673 2303 lapidem
690 2266 720 2293 in
739 2275 866 2294 acervum

78 2301 210 2329 Mercurii
222 2322 230 2335 ,
249 2302 285 2331 {ic
295 2303 342 2341 qui
355 2303 453 2332 tribuit
462 2304 604 2343 insipienti
626 2305 764 2334 honorem
775 2326 782 2333 .
799 2307 866 2334 Pro-

79 2340 153 2367 νει-1).
164 2351 222 2379 cap.
235 2346 305 2375 ιω]
320 2354 372 2382 pro
381 2346 455 2379 cujus
464 2345 655 2384 intelligentia
665 2345 808 2374 sciendum
816 2346 865 2379 est,

69 2379 254 2415 *Phornutum
273 2384 307 2414 de
316 2386 418 2416 Natur-
435 2385 527 2421 Dsox.
545 2396 603 2426 cap.
620 2398 643 2420 1.v
660 2387 695 2416 de
704 2386 863 2420 Mercurio,

1219 44 1331 86 AC
1621 62 1668 103 13

933 100 994 131 haec
1005 100 1146 141 scripfissc.
1159 107 1171 137 [
1184 103 1219 130 In
1230 102 1284 131 viis
1293 102 1455 135 collocatur,
1467 112 1496 130 ac
1506 102 1610 138 triviis,
1621 110 1649 136 ὅ(
1657 108 1725 137 Dux

937 143 1040 172 dicitur
1051 165 1061 176 ‚
1080 147 1133 172 &c.
1143 143 1246 172 deinde
1263 142 1368 182 lapides
1387 143 1557 172 accumulant
1578 147 1727 182 Mercurii,

938 183 1054 223 quisque
1063 195 1098 212 ex
1118 185 1350 223 praetereuntibus
1360 193 1445 212 unum
1463 183 1592 220 adjiciens
1602 208 1610 219 ‚
1630 189 1684 218 five
1695 188 1725 218 id

937 235 1070 265 tanquam
1080 226 1149 254 utile
1160 225 1292 263 quiddam
1303 247 1309 258 ,
1329 235 1358 254 ac
1369 235 1514 254 commune
1532 226 1567 254 ob
1578 225 1667 265 ipsum
1687 229 1726 258 fa-

937 267 1010 294 ciens
1021 289 1028 299 ,
1039 276 1068 294 ut
1080 267 1126 294 via
1134 276 1269 305 purgetur
1279 288 1286 299 ,
1298 267 1354 295 five
1364 266 1465 294 testans
1476 268 1643 297 Mercurium
1652 290 1661 302 ,
1680 278 1726 298 aut

936 317 965 335 ut
977 307 1002 335 ei
1013 307 1150 336 honorem
1161 307 1297 346 fignificet
1309 329 1316 340 ‚
1328 307 1347 336 fi
1357 307 1427 335 nihil
1438 306 1535 336 habeat
1546 307 1622 338 aliud
1631 332 1639 343 ‚
1650 311 1727 349 quod

935 349 961 376 ei
979 347 1076 376 offerat
1087 370 1095 381 ,
1119 349 1175 377 five
1195 357 1223 376 ut
1243 348 1373 376 Mercurii
1390 348 1607 379 collocationem
1625 360 1727 389 praete-

933 389 1073 418 reuntibus
1083 390 1165 417 iaciat
1174 388 1390 417 manifestiorem
1402 411 1409 422 ‚
1431 398 1459 417 ut
1469 390 1567 419 innuat
1577 402 1610 419 ex
1632 393 1724 430 pai-vis

935 431 1055 468 partibus
1073 429 1268 468 proferendam
1278 429 1410 458 constitui
1422 431 1579 460 orationem
1589 453 1597 460 .
1618 433 1724 464 JSimi-

933 472 988 499 lein
1005 472 1095 499 adum
1113 469 1216 499 faciunt
1228 470 1418 499 Mahometani
1429 472 1569 510 peregrini
1589 473 1623 501 ad
1632 472 1724 511 sepul-

931 512 1027 540 chrum
1044 510 1262 551 superstitiosum
1280 521 1375 540 eorum
1393 511 1645 551 Pseudoprophetae
1657 525 1664 545 ς
1685 514 1724 542 ibi

932 554 1006 580 enim
1017 553 1050 581 ad
1060 562 1173 592 puteum
1184 574 1192 585 ‚
1205 563 1303 591 nempe
1314 574 1322 585 ,
1341 552 1370 580 in
1380 563 1436 591 quo
1445 553 1617 583 absconditus
1637 554 1724 583 fiterat

931 594 1039 631 Sergius
1050 594 1202 623 Monachus
1211 594 1342 631 apostata,
1354 597 1381 622 ὃς
1392 593 1537 624 liaereticus
1547 605 1580 623 ex
1590 594 1661 624 festa
1671 598 1723 624 Ba-

929 634 1014 663 lilidis
1026 656 1033 667 ,
1054 634 1099 663 seu
1119 634 1269 663 Manichaei
1281 645 1288 665 5
1310 643 1373 662 nam
1395 635 1437 663 illi
1448 634 1575 664 haeretici
1591 637 1722 665 dicebant

930 686 987 703 non
998 676 1143 704 Christum
1152 697 1160 708 ‚
1171 673 1219 703 scd
1227 675 1370 703 Simonem
1379 676 1550 711 Cynenaeum
1559 677 1723 705 crucifixum

930 715 1017 750 misse,
1027 727 1110 755 quem
1118 715 1333 755 angariaverunt
1344 715 1443 753 Judaei,
1454 726 1483 744 ut
1494 715 1602 746 Christi
1613 728 1723 747 crucem

929 757 1043 785 tolleret
1052 779 1059 785 .
1079 757 1195 796 August.
1206 757 1252 785 lib.
1263 756 1296 785 ad
1308 757 1537 792 Quodvultdeum
1549 779 1557 790 ,
1574 762 1602 787 ὅ(
1621 759 1656 787 de
1666 758 1723 787 fide

928 808 1026 826 contra
1036 797 1206 826 Manichaeos
1217 818 1224 824 .
1237 797 1320 833 Quod
1329 797 1403 826 idem
1414 797 1505 826 asserit
1516 799 1670 828 Alcoranus
1687 799 1721 828 ab

928 838 988 877 ipso
999 839 1096 878 Sergio
1105 837 1308 867 consarcinatus
1319 858 1326 866 .
1346 840 1382 867 In
1392 837 1444 867 lioc
1456 861 1464 873 ,
1485 839 1596 878 inquam
1606 862 1613 873 ,
1635 850 1722 879 puteo

929 880 1030 908 latebat
1041 881 1151 918 iniquus
1161 879 1211 907 ille
1220 878 1372 907 Monachus
1381 901 1389 912 ,
1401 880 1466 907 dum
1476 880 1513 908 ibi
1523 890 1609 919 prope
1620 881 1721 909 Maho-

931 931 1021 949 metus
1031 921 1194 959 praedicabat
1206 942 1214 953 ,
1233 920 1343 958 quando
1361 921 1486 949 columba
1498 943 1506 953 ,
1525 931 1585 959 quae
1596 920 1668 961 saepe
1684 921 1721 950 ad

927 972 1020 990 :iurem
1030 965 1087 999 ejus
1098 971 1215 1000 granum
1225 959 1357 989 frumenti
1366 960 1497 999 capessere
1508 963 1597 990 rostro
1606 972 1664 991 erat
1678 962 1721 991 as-

927 1003 1004 1031 sueta
1015 1025 1021 1035 ,
1043 1001 1148 1031 dimiss'a
1158 1002 1209 1030 fuit
1220 1021 1227 1028 .
1247 1002 1311 1030 Post
1323 1001 1377 1030 tale
1388 1012 1518 1040 apparens
1538 1003 1698 1032 miraculum
1706 1024 1718 1036 ,

926 1054 960 1071 ne
971 1044 1000 1071 id
1010 1042 1225 1082 cognosceretur
1235 1053 1269 1071 ex
1283 1052 1366 1080 opera
1376 1043 1457 1071 huma
1463 1054 1495 1072 na
1506 1053 1652 1082 patratum,
1663 1043 1719 1080 jus-

930 1084 1002 1112 serat
1015 1082 1092 1113 falsus
1104 1084 1152 1112 ille
1162 1083 1312 1121 Propheta,
1326 1093 1355 1111 ut
1366 1082 1550 1123 unusquisque
1561 1085 1636 1113 illius
1646 1085 1720 1114 mul·

925 1125 1055 1153 titudinis
1066 1145 1074 1157 ‚
1095 1135 1155 1162 qux
1173 1123 1352 1152 seducebatur
1361 1146 1368 1157 ,
1386 1126 1536 1162 projiceret
1548 1126 1668 1163 lapidem
1687 1125 1719 1155 iia

927 1176 1010 1203 puteo
1021 1187 1029 1198 ,
1052 1176 1087 1193 ne
1097 1165 1206 1192 deceret
1218 1165 1334 1202 amplius
1353 1170 1405 1198 (ut
1423 1165 1510 1201 ajebat
1530 1169 1720 1205 )quemquau1

927 1207 976 1234 tali
987 1215 1072 1244 puteo
1083 1228 1090 1240 ,
1112 1205 1185 1234 unde
1196 1206 1312 1243 Spiritus
1322 1206 1432 1234 Sanetus
1444 1215 1474 1234 in
1483 1207 1614 1235 columbae
1626 1206 1718 1246 specie

927 1248 1066 1286 prodierat
1077 1268 1084 1279 ,
1096 1247 1157 1279 uti,
1170 1247 1214 1274 vel
1224 1247 1335 1285 ingredi
1346 1257 1354 1277 5
1374 1250 1403 1275 8<
1414 1247 1448 1275 fic
1459 1246 1541 1276 miser
1553 1247 1600 1275 ille
1610 1249 1717 1287 aposta-

926 1298 953 1316 ta
964 1287 1152 1316 mahometico
1161 1287 1228 1316 dolo
1239 1287 1373 1325 lapidibus
1391 1288 1503 1316 obrutus
1522 1288 1609 1317 fuerat
1619 1301 1626 1317 .·
1647 1299 1715 1328 qua-

925 1339 953 1356 re
973 1328 1055 1366 usque
1075 1329 1109 1357 ad
1128 1327 1188 1356 haec
1208 1338 1332 1366 tempora
1353 1327 1544 1358 mahumetani
1568 1330 1712 1370 peregrini

924 1380 957 1398 ex
968 1367 1156 1407 superstitiosa
1166 1369 1214 1397 illa
1232 1369 1414 1397 veneratione
1434 1370 1555 1408 lapidem
1575 1373 1715 1408 projicere

923 1410 1016 1438 solent
1027 1432 1033 1442 ‚
1054 1414 1082 1439 δε
1093 1420 1207 1439 vocatur
1216 1420 1312 1448 puteus
1323 1410 1370 1439 ille
1379 1411 1546 1447 birsemsem
1557 1433 1564 1444 ‚
1584 1412 1660 1449 quod
1668 1410 1716 1440 so-

925 1461 972 1479 nat
982 1451 1193 1488 arabiceputeus
1206 1453 1333 1488 resonans
1345 1470 1352 1478 .
1372 1451 1508 1480 Similiter
1527 1453 1602 1489 plebs
1620 1455 1714 1481 Terrae

924 1492 1103 1531 Guadagnoli
1113 1501 1199 1530 prope
1207 1493 1306 1520 Polum
1317 1492 1347 1520 in
1357 1492 1478 1521 Dioeceii
1487 1492 1632 1521 Tiburtina
1643 1515 1650 1527 ,
1669 1492 1714 1522 so-

922 1533 960 1561 let
971 1543 1035 1561 ante
1051 1531 1284 1571 ingreffumillius
1299 1536 1391 1562 Terre
1409 1533 1522 1568 injicere
1543 1534 1663 1571 lapidem
1683 1534 1716 1563 in

922 1584 1049 1602 acervum
1060 1596 1067 1606 ,
1086 1574 1131 1602 ubi
1142 1573 1260 1602 traditur
1272 1574 1409 1611 quendam
1421 1574 1527 1602 viarum
1538 1573 1712 1603 crafl'atorem

923 1613 1152 1649 humatumjfiiissc
1162 1634 1169 1641 .
1190 1615 1281 1653 Igitur
1292 1625 1325 1642 cx
1336 1614 1475 1642 Phornuti
1486 1614 1572 1643 tabula
1592 1615 1627 1643 de
1637 1617 1714 1643 Mei:-

923 1655 1001 1683 curio
1019 1655 1103 1694 aliqui
1115 1655 1269 1684 Salomonis
1289 1654 1407 1693 phraiim
1426 1655 1594 1692 intelligunt
1604 1675 1613 1689 ,
1632 1656 1711 1694 quod

923 1695 990 1724 ficut
1009 1695 1171 1724 fmii'traneus
1190 1697 1227 1724 est
1248 1695 1345 1733 lapidis
1362 1696 1445 1730 jac‘tus
1463 1695 1494 1722 in
1504 1696 1636 1724 Mercurii
1655 1697 1715 1725 cul-'

923 1746 1002 1765 men:
1018 1736 1083 1771 [Sic
1092 1737 1139 1774 qui
1151 1736 1247 1764 tribuit
1259 1735 1402 1773 iniipienti
1414 1735 1559 1764 honorem.
1572 1739 1583 1767 ]
1601 1737 1714 1776 Aliquis

922 1787 1015 1805 tamen
1024 1776 1093 1805 mihi
1113 1777 1144 1804 in
1152 1776 1205 1804 hoc
1217 1777 1327 1804 moralis
1337 1774 1429 1803 sensus
1450 1777 1571 1804 occurrit
1590 1776 1624 1804 de
1644 1777 1711 1807 infi-

922 1819 1061 1856 pientibus
1071 1839 1078 1850 ,
1098 1817 1251 1856 quigloriae
1262 1818 1396 1845 tributum
1407 1827 1421 1845 a
1440 1818 1554 1854 posteris
1573 1818 1689 1857 exigunt
1702 1840 1714 1852 ‚

923 1858 950 1886 se
959 1857 987 1887 se
1007 1868 1137 1896 tanquam
1150 1859 1280 1886 libroruin
1294 1859 1416 1886 auctores
1434 1858 1608 1896 divulgando
1620 1879 1628 1891 ‚
1648 1869 1711 1887 cum

924 1910 1019 1928 revera
1039 1910 1097 1927 non
1118 1898 1168 1926 m'fi
1188 1897 1380 1936 Descriptorcs
1399 1898 1450 1927 {int
1470 1899 1588 1926 aliorum
1607 1900 1711 1928 Austo—

922 1951 998 1968 rum:
1010 1940 1053 1968 isti
1063 1945 1075 1974 (
1085 1949 1197 1978 inquam
1209 1944 1220 1971 )
1234 1940 1274 1967 nil
1286 1939 1358 1967 „iliud
1371 1938 1472 1966 faciunt
1483 1960 1490 1971 ,
1503 1949 1586 1977 quam
1596 1941 1711 1969 mittere

923 1981 1027 2019 lapides
1038 1981 1069 2009 in
1078 1990 1206 2009 acervum
1219 1980 1348 2008 Mercurii
1359 2001 1366 2011 ,
1378 1977 1554 2007 scientiarum
1566 1981 1690 2009 numinis
1700 2002 1709 2014 ,

923 2032 951 2050 ac
964 2022 1128 2050 frustraneos
1137 2021 1219 2049 libros
1229 2020 1368 2048 inutiliter
1380 2029 1408 2047 in
1418 2019 1593 2048 bibliothecis
1602 2031 1711 2050 coacer-

923 2072 991 2091 vant
1004 2082 1011 2089 .
1029 2063 1122 2090 Potest
1133 2061 1192 2089 haec
1203 2061 1357 2089 Salomonis
1368 2060 1470 2099 pltrafis
1489 2060 1561 2089 trahi
1573 2061 1607 2089 ad
1625 2063 1711 2091 aliurn

925 2102 1035 2131 sensum
1045 2124 1053 2135 ,
1063 2113 1097 2131 ex
1108 2113 1144 2130 eo
1154 2123 1162 2134 ,
1174 2102 1306 2129 nimirum
1317 2122 1323 2132 ,
1344 2101 1419 2139 quod
1427 2101 1462 2129 de
1473 2101 1605 2139 lapidibus
1614 2100 1709 2131 scribit

922 2143 1054 2181 Orpheus
1065 2165 1072 2176 ,
1083 2143 1130 2181 qui
1141 2153 1170 2169 in
1181 2147 1289 2177 hymno
1298 2142 1332 2181 de
1346 2142 1494 2174 Mercurio,
1507 2152 1567 2169 cum
1577 2143 1611 2170 ad
1622 2143 1708 2173 studia

924 2184 1052 2212 homines
1061 2184 1256 2212 adhortaretur
1265 2204 1273 2214 ,
1283 2181 1441 2220 speluncam
1452 2183 1581 2211 Mercurii
1591 2184 1629 2211 ait
1640 2205 1648 2216 ,
1668 2182 1708 2212 es-

922 2223 950 2253 se
960 2225 1087 2253 omnium
1097 2225 1233 2252 bonorum
1245 2244 1251 2254 ‚
1263 2225 1292 2250 ὃ(
1302 2223 1511 2251 commodorum
1524 2223 1633 2261 plenam
1642 2245 1650 2257 ,
1661 2234 1710 2252 cu-

920 2269 961 2301 jus
972 2264 1063 2294 versus
1076 2287 1083 2298 ,
1102 2268 1179 2300 juxta
1199 2263 1307 2292 Natalis
1322 2264 1445 2292 Comitis
1465 2264 1619 2292 vernonem
1628 2285 1636 2297 ,
1661 2264 1708 2294 lib.

925 2316 950 2343 5.
962 2316 1020 2344 cap.
1034 2315 1059 2341 ς.
1070 2305 1194 2340 Mytnol.
1205 2314 1275 2332 circa
1286 2304 1369 2333 finem
1382 2326 1389 2337 ,
1402 2305 1435 2333 fic
1448 2304 1667 2342 interpretantur
1678 2324 1686 2332 .

962 2350 1005 2375 At
1023 2356 1194 2383 quecumque
1216 2348 1312 2372 virum
1334 2345 1413 2372 ducet
1429 2345 1583 2382 prudentia
1601 2345 1687 2373 cordi}
1699 2358 1706 2373 .·

961 2391 1095 2415 Menum
1106 2385 1411 2423 ingredierspelumam
1423 2405 1430 2418 ,
1445 2385 1574 2423 plurima
1582 2385 1630 2412 uba·
1658 2385 1706 2414 ille

1609 2429 1665 2454 De-
