1866 2526
75 91 246 127 jucun-As
257 111 266 123 ‚
275 31 618 121 matrimonialsslsocietas,
631 92 658 118 ὃ(
669 89 836 126 conjunfflo.
848 89 912 127 [Ju-
966 87 1168 128 qualiscumque
1188 89 1262 118 causa
1274 112 1282 123 ,
1304 95 1331 120 &
1344 93 1378 121 ibi
1389 92 1471 130 gloss.
1488 96 1514 123 ὅ(
1526 92 1544 120 1.
1565 93 1583 123 si
1593 51 1745 133 corgigen't
1754 111 1763 123 .

114 132 212 169 galitas
220 151 229 163 ,
238 140 298 169 qux
308 129 341 158 ad
352 129 555 169 propagandam
568 129 680 167 posteris
689 129 810 159 sobolem
820 151 828 163 ‚
839 133 866 158 δε
879 128 913 158 li·
966 128 1085 167 qualiter
1096 129 1156 168 quis
1175 129 1202 159 se
1211 130 1360 161 defendere
1371 133 1465 162 debeat
1479 154 1486 161 .
1510 134 1667 164 Sacerdotes
1676 137 1765 170 jurare

113 171 239 200 berorum
251 171 480 208 procreandorum
490 170 579 208 gratia
590 170 672 198 licitis
681 171 813 200 connubii
833 169 911 198 nexi·
966 180 1026 198 non
1035 169 1147 203 debent‚·
1157 169 1203 199 sed
1215 171 1274 199 vice
1282 173 1426 207 juramenti
1436 183 1484 212 per
1494 172 1610 203 ranetam
1623 175 1765 204 consecra-

113 212 161 241 bus
168 210 286 240 traditur
295 231 303 238 .
316 210 458 240 Aldhelm.
469 210 503 239 de
517 211 589 249 virg.
597 222 620 239 c.
633 222 660 246 4.
965 210 1071 238 tionem
1082 210 1299 250 interrogentur,
1311 217 1338 243 ὅ(
1350 213 1536 253 interrogatus
1547 213 1590 244 sub
1601 215 1649 244 hac
1663 215 1764 245 Γονῃιιι-

72 252 196 290 Ῑυῡᾼιις
207 274 214 286 ,
227 249 339 280 consors
349 273 356 285 ‚
368 252 403 280 de
415 251 477 280 viro
488 250 520 279 in
528 250 575 279 suo
586 251 691 290 Regin.
702 251 748 280 lib.
762 263 784 280 i.
795 261 854 290 cap.
869 261 910 282 ¹7·
964 251 989 279 la
997 252 1141 286 juramenti
1155 251 1322 292 respondere
1331 254 1428 284 debet:
1451 261 1463 291 [
1474 256 1558 284 Illum
1569 257 1662 285 testem
1675 256 1766 293 prose-

111 293 245 331 D.Greg.
267 292 302 320 lic
312 293 366 321 ait:
387 299 399 328 [
413 292 530 321 Felicem
540 292 658 330 jugalem
676 291 752 320 sunm
771 291 910 321 haeredem
963 301 995 320 ro
1006 313 1013 324 ‚
1029 291 1157 322 'cuinuda
1166 293 1228 323 sunt
1241 295 1334 322 omnia
1345 315 1356 330 ,
1375 307 1433 325 can.
1448 297 1465 324 li
1478 306 1537 335 quis
1556 297 1698 334 presbyter
1708 320 1714 329 ,
1736 301 1765 326 δι

111 331 259 361 instituisti:
269 334 299 364 -]
313 336 346 362 Et
358 334 392 362 de
403 343 488 361 uxore
499 333 529 360 in
538 333 653 367 synodo
662 335 774 362 Valent.
788 331 911 368 [Domi-
965 343 1022 361 can.
1033 333 1174 371 presbyter
1184 357 1190 367 2
1214 336 1257 363 vel
1269 336 1385 374 quilibet
1396 338 1525 366 Sacerdos
1536 359 1543 369 ,
1566 349 1591 366 2.
1601 338 1695 376 qtiael't.
1710 348 1733 373 5.
1749 341 1762 370 ]

112 384 162 402 nus
172 375 235 403 Rex
245 395 253 406 ‚
265 374 309 402 vel
320 372 397 413 supra
407 383 560 412 nuncupata
569 374 665 411 jugalis
674 372 717 401 sua
729 394 736 401 .
964 375 1062 410 Itaque
1080 374 1225 404 Canonica
1234 376 1277 405 lex
1289 377 1621 414 piolnbziitjuriinentum
1641 389 1688 417 per
1700 389 1763 417 pur-

70 414 87 442 ἦ
102 415 242 453 Juonrlo
262 418 289 444 ὃ(
304 416 374 454 Juga
385 435 392 442 .
413 417 506 444 Teme
518 414 629 442 modurn
639 414 773 452 significat
784 434 792 446 ,
813 412 909 441 cuico-
963 415 1106 452 gationern
1116 416 1291 455 peregrinam
1301 439 1308 450 ‚
1330 428 1388 446 can.
1399 421 1538 448 Meuium.
1561 421 1618 448 ead.
1630 431 1655 458 q.
1670 429 1695 455 5.
1717 419 1763 448 ubi

110 455 195 484 lendo
207 465 254 493 per
271 466 374 484 annum
385 459 452 494 jugo
469 456 549 482 boum
573 464 640 492 opus
650 455 706 482 cst:
731 457 764 482 Et
775 452 910 492 quoniam
964 454 997 482 lic
1008 454 1120 484 habetur
1134 463 1146 492 [
1160 457 1307 496 Vulgarem
1325 458 1446 497 denique
1458 459 1531 487 nulla
1549 460 1693 489 Canonica
1703 459 1765 488 san-

107 496 214 524 Tributi
234 494 370 531 cujusdam
381 496 486 525 exaftio
505 494 653 523 secundum
663 494 732 522 hanc
754 494 910 522 asstimatio-
962 494 1054 524 &ione
1067 496 1162 525 sultam
1175 497 1263 537 legem
1278 520 1284 531 ,
1297 498 1428 528 ferventis
1440 520 1448 532 ,
1469 498 1575 528 scilicet
1586 523 1594 534 ,
1615 501 1670 529 sive
1681 500 1763 540 fngi-

108 546 174 564 nem
185 536 263 565 siebat
275 558 283 568 ,
301 536 367 566 inde
379 534 639 574 nomenjugationis
651 555 659 568 ,
681 534 842 574 &jugosuin
853 533 909 562 sor·
963 536 1004 564 dae
1014 547 1087 575 aquae
1100 538 1240 576 ignitique
1251 538 1314 567 ferri
1324 541 1491 572 coritas-tum,
1503 551 1548 569 aut
1558 542 1702 577 cujuslibet
1713 552 1763 579 po-

107 577 158 604 tita
167 577 204 605 est
217 588 224 608 ς
244 577 319 615 quod
329 579 475 607 Tributum
487 576 648 605 Athanasius
657 575 794 614 intelligit
805 596 813 608 ‚
825 585 908 614 quan·
964 577 1063 615 pularis
1075 579 1248 607 inventionis
1258 601 1265 612 ‚
1276 585 1288 613 (
1300 579 1361 618 quia
1374 580 1519 609 fabricante
1529 581 1589 610 haec
1598 581 1660 611 sunt
1670 583 1764 611 onini-

110 617 148 645 do
158 619 284 646 Canonis
295 639 303 650 ,
328 618 358 648 in
368 613 444 646 usu'm
453 615 571 645 ecclesia:
593 616 791 644 Alexandrinae
811 616 909 654 AEgy-
963 627 1000 644 no
1012 617 1071 646 ficta
1082 618 1212 651 invidia)
1223 630 1272 648 nec
1284 619 1372 658 ipsum
1383 620 1523 654 exhibere,
1536 633 1584 650 nec
1595 623 1689 661 aliquo
1701 634 1760 652 mo-

108 657 175 696 ptiis
187 658 321 696 impositis
331 680 339 692 ‚
358 657 472 687 nomine
483 655 585 691 injuste
605 655 633 684 se
642 657 765 685 delatum
783 656 834 685 efl'e
843 668 908 684 con-
962 657 999 685 do
1009 668 1035 686 te
1046 659 1170 688 volumus
1183 660 1318 699 postulare
1331 673 1336 689 :
1357 661 1415 690 imo
1427 662 1584 700 Apostolica
1597 665 1760 694 auctoritate

106 707 232 736 queritur
243 719 251 726 .
261 698 365 727 Athan.
374 699 461 735 Apol.
473 708 498 726 2.
962 697 1137 735 prohibemus
1149 699 1300 729 firmiffime
1310 723 1317 734 ,
1329 704 1340 734 ]
1361 706 1387 731 δ(
1400 704 1547 732 Anacletus
1558 703 1586 731 in
1597 715 1657 733 can.
1667 706 1759 743 privi-

65 739 158 776 Jufffis
168 759 177 771 ‚
188 748 236 775 par
249 744 262 773 [
273 741 307 767 Et
315 741 391 777 juges
399 738 462 767 suos
473 759 482 770 ,
491 735 545 765 hoc
554 736 592 766 est
602 759 611 770 ‚
623 748 719 776 corpus
728 759 737 771 ,
748 741 776 767 ὃ(
787 737 904 766 animam
962 739 1031 777 legia
1042 761 1049 772 ‚
1072 751 1085 768 2
1093 750 1118 774 ς.
1128 752 1173 779 qu.
1187 753 1212 770 ι.
1223 741 1276 770 ait:
1299 743 1471 782 [Peregrina
1481 743 1671 778 submovemus
1690 745 1762 781 judi-

108 778 262 807 vulnerabit
273 799 280 805 .
303 780 328 807 S.
339 779 474 808 Maximus
486 799 494 811 ,
506 776 583 805 hom.
599 789 640 806 io.
961 779 1001 806 cia
1010 799 1017 807 .
1031 782 1042 811 ]
1058 781 1140 816 Quod
1149 781 1241 810 Gloflh
1252 783 1377 821 exponit:
1391 790 1402 819 [
1415 783 1489 812 Idcst
1498 806 1506 817 ‚
1520 784 1584 813 ferri
1595 786 1762 818 candentis]

63 820 205 857 Jucumm
216 839 223 845 .
248 819 455 855 VideJocalia.
480 818 632 848 Anastasius
644 820 674 848 in
684 819 820 848 Nicolao.
836 822 904 858 [Ju-
960 819 994 848 de
1006 830 1060 858 quo
1069 821 1152 850 etiam
1171 833 1194 850 c.
1205 834 1232 858 9.
1245 823 1291 851 lib.
1304 834 1330 862 3.
1350 824 1480 853 decretal.
1501 824 1544 853 tit.
1559 836 1603 859 50.
1624 826 1691 855 &in
1703 837 1762 855 can.

958 859 1053 889 dilecti
1062 861 1114 889 filii
1124 863 1162 891 lib
1178 873 1203 897 ς.
1214 864 1343 892 decretal.
1354 865 1388 893 de
1400 865 1563 903 purgatione
1574 866 1762 905 vulgari-Vid-

960 905 1093 939 Purgatio
1104 905 1230 941 vulgaris
1241 926 1248 937 ,
1257 906 1391 933 Duellum
1402 927 1409 938 ,
1414 909 1434 941 J
1435 907 1561 935 udicium
1569 911 1743 944 peregrinum
1753 928 1761 936 .

960 941 1037 970 Licet
1049 943 1129 971 Palea
1139 948 1180 978 (ἅ
1192 944 1298 973 sortasse
1307 946 1479 984 apocryplie)
1490 946 1574 980 dicat,
1584 948 1659 985 quod
1670 950 1763 978 Cone.

959 982 1134 1012 Triburiense
1145 985 1304 1014 decreverat
1314 1007 1322 1019 ‚
1333 988 1408 1025 quod
1420 988 1467 1025 qui
1478 988 1613 1026 ingenuus
1625 999 1681 1017 non
1694 999 1762 1023 erar,

960 1022 1080 1052 ferventi
1089 1035 1154 1063 aqua
1165 1046 1180 1059 ,›
1194 1027 1238 1055 vei
1248 1026 1376 1055 candenti
1398 1027 1471 1055 ferro
1481 1028 1507 1056 se
1525 1039 1691 1068 expurgaret
1702 1051 1710 1062 ,
1732 1031 1760 1062 §.

958 1063 1068 1093 Nobilis
1077 1064 1162 1094 homo
1172 1089 1180 1100 ,
1204 1078 1229 1095 z.
1241 1077 1286 1106 qu.
1300 1077 1325 1102 5.
1338 1068 1427 1107 Igitur
1440 1069 1762 1105 Cmonicumjummen.

958 1113 1017 1132 tum
1027 1105 1160 1140 judicium
1171 1129 1180 1141 ‚
1203 1105 1249 1135 sen
1260 1110 1387 1148 purgatio
1396 1110 1548 1147 explicatur
1557 1110 1586 1138 in
1597 1120 1618 1138 c.
1635 1121 1659 1145 5.
1671 1115 1698 1140 ὅ(
1715 1119 1760 1141 16.

61 1144 259 1180 JtvNCAnicum
271 1164 278 1171 .
300 1145 357 1173 PR.
366 1154 448 1183 pagus
458 1154 543 1183 prope
554 1153 679 1171 montem
691 1143 820 1173 Casinum
829 1165 837 1177 ‚
855 1145 903 1183 qui
959 1145 1005 1173 lib.
1019 1155 1043 1180 ς.
1053 1147 1189 1176 Decretal.
1200 1148 1244 1176 tti.
1255 1159 1268 1186 3
1276 1160 1302 1184 4.
1314 1149 1387 1178 Vide
1398 1149 1534 1189 Profeffio.
1546 1151 1711 1180 Landulfum
1722 1153 1752 1181 in

103 1183 191 1211 adhuc
203 1194 306 1212 nomen
316 1185 439 1213 retinent
450 1205 458 1212 .
480 1184 580 1213 Bullar.
591 1185 684 1214 Casiri.
696 1194 764 1212 tom.
779 1197 804 1213 γ..
817 1187 902 1213 const.
955 1185 1020 1213 diest.
1031 1190 1182 1224 Septimum
1194 1209 1200 1215 .

107 1234 116 1251 1
126 1228 171 1252 82.
183 1234 256 1252 num.
268 1236 294 1253 2.
918 1226 1033 1262 Juunitr.
1045 1228 1101 1255 PER
1112 1229 1241 1258 Cimoni
1252 1249 1259 1256 .
1283 1230 1356 1259 Vide
1365 1236 1532 1269 stauropata
1541 1251 1550 1259 .

57 1264 194 1300 JUNCiTA
205 1285 212 1292 .
238 1266 294 1294 FR.
313 1266 529 1294 conterminatio
541 1284 548 1292 .
566 1264 668 1294 Bullar.
686 1265 780 1295 Calin.
792 1274 859 1294 tom.
875 1277 900 1294 2.
917 1267 1029 1303 JuxAitE
1040 1268 1096 1295 Ρεκ
1107 1269 1187 1297 Deos
1200 1289 1208 1296 .
1220 1269 1294 1298 Vide
1306 1274 1357 1298 Dti
1369 1292 1376 1299 .

100 1305 210 1332 constit.
222 1316 269 1340 74.
919 1307 1028 1343 JURARE
1048 1308 1140 1338 Supra
1159 1311 1421 1340 Lamnmfusum
1435 1332 1442 1339 .
1460 1313 1517 1342 FR..
1538 1313 1659 1350 exponit
1669 1312 1763 1343 Gloffi

59 1345 175 1382 Juxcus
185 1365 192 1372 .
216 1345 289 1374 Vide
297 1351 399 1384 sparta
412 1368 420 1380 ‚
432 1347 594 1383 Eriophoron
607 1367 615 1374 .
960 1353 971 1382 [
982 1349 1062 1376 Forte
1080 1360 1241 1388 coopertum
1260 1351 1290 1379 ab
1299 1351 1456 1389 adversario
1467 1376 1475 1386 ,
1495 1363 1525 1382 ut
1545 1354 1692 1383 credantur
1709 1353 1761 1383 effe

56 1385 172 1422 Jumoit
182 1407 190 1419 ,
211 1386 311 1414 nedum
321 1397 376 1425 quo
385 1388 418 1416 ad
429 1397 539 1416 aetatem
550 1386 667 1415 inferior
677 1398 684 1418 ς
695 1386 742 1416 sed
753 1387 834 1416 etiam
845 1397 900 1425 quo
957 1389 1107 1427 Evangelia
1117 1412 1125 1423 ‚
1136 1391 1166 1419 in
1177 1402 1234 1419 can.
1245 1402 1306 1420 ecce
1318 1414 1325 1424 ‚
1338 1405 1384 1421 ιι..
1395 1403 1442 1431 qu.
1458 1404 1482 1429 5.
1596 1424 1600 1430 ,

99 1425 133 1453 ad
145 1426 262 1463 gradum
280 1427 451 1466 intelligitur
463 1439 468 1456 :
489 1428 557 1456 licut
565 1438 679 1455 econtra
697 1428 733 1457 de
750 1428 900 1457 senioribus
915 1429 1032 1466 JuxAitE
1044 1451 1052 1462 ,
1063 1430 1092 1458 in
1104 1431 1199 1469 quibus
1208 1432 1300 1460 diebus
1313 1444 1368 1461 non
1381 1434 1444 1462 licet
1453 1454 1461 1461 .
1472 1466 1474 1469 .
1487 1436 1544 1463 PR.
1557 1435 1630 1462 Vide
1642 1445 1701 1464 can.
1713 1435 1762 1464 dc-

105 1466 223 1494 dicitur.
245 1470 294 1502 [A
312 1468 463 1499 junioribus
482 1469 607 1497 Ecclesiae
624 1467 699 1503 jussit
719 1469 810 1497 banno
822 1469 896 1507 exigi
953 1469 1043 1498 crevit
1055 1491 1063 1504 ,
1087 1483 1133 1500 22.
1145 1483 1190 1511 qu.
1203 1485 1228 1501 2.
1248 1473 1371 1501 Tandem
1389 1475 1436 1511 qui
1453 1477 1526 1510 jurat
1547 1473 1682 1512 superiori
1693 1475 1742 1504 suo
1751 1498 1760 1509 ,

99 1514 151 1542 pro
161 1515 194 1532 eo
206 1526 214 1537 ‚
237 1507 312 1543 quod
321 1508 352 1535 in
362 1509 484 1536 exercitu
504 1519 564 1536 non
573 1507 748 1537 ambulassent
758 1529 765 1536 .
779 1511 897 1547 Gregor.
952 1508 998 1538 sex
1011 1509 1117 1550 semper
1125 1512 1155 1541 in
1166 1513 1296 1542 memoria
1306 1514 1384 1543 debet
1394 1514 1492 1543 habere
1504 1535 1511 1541 .
1526 1521 1538 1549 [
1552 1516 1706 1549 Incolume,
1717 1527 1761 1545 tu-

99 1546 241 1573 Tui-ouen.
251 1546 328 1580 lib.5.
340 1555 449 1585 cap.26.
460 1551 471 1579 ]
483 1552 516 1577 Et
525 1549 559 1576 de
572 1547 694 1587 utrisque
703 1549 807 1578 dicitnr
816 1571 823 1577 .
838 1550 896 1584 [Ut
953 1558 1012 1578 tum
1024 1572 1032 1585 ,
1045 1551 1190 1582 honestum
1201 1575 1208 1587 ‚
1230 1555 1299 1582 utile
1308 1576 1315 1587 ,
1328 1554 1424 1585 faciles
1446 1559 1472 1584 δε
1487 1554 1611 1593 ΡοίῖἰὺιΙε
1622 1578 1629 1589 ,
1640 1567 1701 1586 can.
1724 1558 1761 1586 de

98 1585 190 1622 primo
201 1587 326 1614 omnium
337 1586 457 1616 seniores
468 1588 576 1626 seipsos
587 1588 621 1617 de
632 1589 761 1618 ebrietate
771 1600 895 1622 caveant,
953 1590 1040 1620 forma
1055 1615 1063 1626 ‚
1076 1605 1122 1622 22.
1133 1604 1177 1632 qu.
1196 1604 1220 1629 5.

98 1628 230 1653 &eorum
247 1627 402 1661 junioribus
412 1631 569 1667 exemplum
587 1629 690 1658 bonum
699 1629 855 1659 sobrietatis
865 1641 894 1659 ο-
913 1631 1097 1668 Iuni-ornus
1109 1655 1116 1666 ‚
1141 1636 1196 1664 FR-
1210 1637 1336 1669 [Praeter
1350 1636 1513 1671 juratoriam
1530 1637 1687 1666 cautionem
1698 1659 1705 1672 ,
1729 1637 1759 1668 in

95 1664 223 1693 stendant
233 1686 240 1693 .
251 1667 286 1695 111
297 1668 407 1705 capitul.
418 1670 513 1698 Caroli
524 1670 616 1709 Magni
628 1689 635 1697 .
952 1673 1080 1702 decretal.
1090 1675 1124 1703 de
1133 1674 1390 1714 praesumptionibus
1402 1698 1410 1709 ,
1422 1687 1478 1715 cap.
1493 1688 1536 1713 ¹4-

55 1705 247 1742 JUNIORATUS
258 1728 266 1739 ,
289 1708 438 1737 minoratus
448 1731 457 1743 ‚
475 1709 521 1738 seu
533 1710 676 1738 minoritas
686 1730 693 1738 .
718 1717 730 1746 [
741 1712 826 1750 Super
834 1712 894 1742 haec
913 1715 1097 1751 JuitmmmA
1109 1737 1116 1747 ,
1136 1715 1292 1750 jurisdic'tio
1305 1736 1311 1743 .
1338 1723 1350 1752 [
1361 1717 1440 1745 Idem
1451 1719 1526 1746 Cato
1535 1719 1692 1754 juridicinae
1704 1719 1759 1748 suae

96 1745 219 1774 dedimus
235 1747 402 1782 junioratum
419 1750 543 1779 Ecclesiae
563 1750 597 1779 de
614 1752 823 1790 Pontegodonis
834 1764 894 1782 cum
953 1764 1078 1792 tempore
1087 1754 1232 1784 humerum
1243 1767 1362 1789 exertus,
1377 1757 1448 1786 haud
1458 1759 1549 1787 minus
1559 1759 1673 1797 palliato
1683 1760 1759 1789 habi-

97 1786 224 1815 omnibus
234 1786 392 1817 hominibus
402 1790 511 1819 nostris.
522 1792 577 1820 Ivo
586 1792 894 1831 Carnoren.epist.28⁶.
954 1803 983 1823 tu
995 1797 1108 1824 Graecus
1119 1796 1170 1824 fiiit
1180 1818 1187 1825 .
1198 1797 1315 1826 Tertull.
1325 1798 1359 1826 de
1371 1799 1435 1836 pall.
1448 1809 1504 1838 cap.
1517 1810 1544 1838 3.

53 1826 188 1862 JUPANUS
200 1848 210 1860 ‚
233 1827 328 1857 titulus
338 1830 481 1868 dignitatis
498 1832 528 1860 in
537 1833 641 1870 Regno
651 1833 754 1861 Serviae
765 1855 773 1866 ,
796 1835 842 1872 qui
852 1834 882 1864 so
917 1838 1076 1874 Juxirffium
1089 1857 1096 1864 .
1121 1837 1195 1865 Vide
1213 1838 1343 1866 Colatmn
1354 1859 1360 1864 .
1404 1870 1408 1874 ⁵
1457 1872 1461 1875 .

96 1866 189 1894 lebant
198 1865 419 1908 secundogenito
430 1871 515 1910 Regis
527 1873 598 1900 tradi
611 1884 618 1899 :
633 1872 700 1908 [Ut
711 1873 806 1902 videre
819 1875 857 1903 est
867 1887 900 1906 ex
913 1878 1047 1915 Juxtmre
1061 1898 1068 1909 ‚
1079 1887 1189 1915 campus
1200 1878 1229 1905 in
1240 1879 1322 1906 unico
1333 1879 1377 1906 die
1388 1879 1493 1908 arabilis
1503 1901 1511 1907 .
1535 1881 1606 1910 Uno
1616 1882 1716 1918 jurnali
1728 1883 1758 1912 in

97 1904 200 1934 litteris
215 1908 346 1946 Stephani
365 1913 420 1946 ejus
431 1911 483 1939 filii
494 1913 589 1951 Magni
610 1914 714 1951 Jupani
726 1915 828 1943 Serviae
841 1938 848 1949 ‚
872 1918 901 1946 in
954 1927 1024 1944 terra
1034 1917 1146 1945 arabili.
1159 1919 1193 1946 In
1205 1918 1261 1946 vita
1271 1920 1296 1947 S.
1308 1919 1427 1958 Lugder.
1438 1920 1590 1959 Episcop.]
1605 1923 1679 1951 Vide
1687 1926 1759 1951 Ger-

98 1947 127 1974 vi
135 1956 159 1974 ta
171 1948 196 1975 S.
207 1947 278 1976 Sabae
290 1949 416 1989 Episcop.
432 1957 444 1986 [
456 1953 514 1981 PR.
525 1953 599 1981 inter
612 1954 710 1981 Innoc.
723 1955 780 1983 111.
800 1956 898 1994 episto-
953 1958 1021 1985 bida
1033 1979 1040 1990 ‚
1053 1958 1209 1986 Zerbolaris
1219 1978 1226 1985 .
1440 1963 1442 1965 ’

94 1986 133 2014 las
143 1988 280 2025 reperitur
297 1991 422 2028 quaedam
434 1993 538 2031 Magno
559 1995 668 2032 Jupano
689 1995 792 2023 Sei-vix
806 1996 879 2027 misia
890 2021 898 2032 ,
912 1999 1102 2036 Juumzxru
1113 2017 1120 2025 .
1131 1999 1263 2034 FR-juris
1273 1999 1405 2028 coitionis
1415 2001 1588 2031 abundantia.
1601 2009 1613 2038 [
1626 2005 1757 2042 Arguunt

94 2037 155 2065 quae
166 2028 206 2056 est
225 2029 303 2066 epist.
318 2037 383 2063 167·
394 2032 441 2061 lib.
453 2044 480 2062 2.
495 2034 568 2062 Vide
587 2035 726 2072 Joannetn
735 2036 849 2066 Lutium
867 2039 897 2068 in
954 2048 1002 2066 nos
1014 2059 1022 2070 ,
1042 2038 1117 2075 quod
1130 2039 1213 2066 ctiam
1223 2037 1403 2079 xerophagias
1412 2041 1586 2071 observemus
1598 2065 1606 2077 ‚
1628 2044 1759 2073 siccantes

93 2070 148 2103 ejus
158 2066 222 2096 hist.
234 2070 268 2097 de
277 2073 390 2109 'si-agur.
953 2078 1045 2106 cibum
1054 2078 1084 2106 ab
1093 2079 1172 2107 omni
1181 2090 1263 2109 carne
1274 2102 1283 2114 ‚
1292 2085 1320 2109 ὁ(
1330 2082 1410 2110 omni
1420 2083 1580 2118 jurulentia.
1592 2085 1710 2114 Tertull.
1720 2086 1755 2114 de

55 2108 200 2144 Jurmreu
211 2130 219 2136 .
243 2110 317 2139 Vide
327 2112 405 2140 Thur
414 2133 422 2140 .
949 2119 1056 2154 jejunio
1066 2139 1074 2146 .

48 2148 256 2184 JURAMFNTUM
268 2170 275 2177 ·
300 2153 357 2180 PR.
366 2163 423 2181 non
433 2153 470 2181 est
487 2153 683 2193 obligatorium
701 2165 797 2185 contra
807 2157 894 2188 bonos
910 2160 961 2197 Jus
975 2179 982 2186 .
1005 2160 1061 2188 PR,
1081 2158 1174 2197 liquor
1183 2170 1280 2189 eorum
1291 2183 1300 2195 ‚
1321 2173 1381 2201 quae
1399 2173 1559 2202 coquuntur
1569 2185 1576 2193 .
1593 2166 1683 2203 Quare
1695 2167 1756 2205 qui-

89 2198 199 2226 mores,
211 2191 246 2219 de
258 2192 345 2230 regul.
355 2194 406 2227 jur.
417 2194 445 2222 in
456 2193 535 2223 sexto
545 2216 553 2228 ,
572 2196 659 2234 regul.
673 2200 719 2231 58.
731 2197 798 2225 item
806 2202 893 2234 Jura-
949 2199 1012 2228 dam
1041 2209 1184 2238 perperam
1213 2202 1293 2231 verba
1312 2203 1360 2231 illa
1379 2204 1408 2232 in
1427 2204 1500 2234 libro
1510 2206 1640 2244 Judicum
1659 2218 1716 2245 cap.
1728 2215 1755 2236 6.

89 2239 218 2258 mentum
230 2241 282 2269 pro
294 2232 466 2263 confessione
475 2235 607 2274 accipitur
616 2236 765 2275 aliquando
775 2259 783 2270 ‚
793 2249 853 2267 can.
863 2244 889 2270 ὅ(
945 2250 1022 2269 num.
1039 2251 1083 2276 ¹9·
1096 2244 1151 2276 Jus
1161 2246 1257 2270 camis
1267 2241 1486 2278 jurisdictionem
1508 2248 1595 2277 carnis
1618 2249 1757 2285 interpre-

85 2270 216 2306 jumbunt
225 2292 234 2304 ‚
256 2283 303 2300 22.
325 2283 352 2312 q.
370 2278 503 2309 1.Jurare
511 2277 549 2304 ad
565 2279 773 2314 armasacrata
782 2300 790 2312 ‚
802 2279 872 2309 idest
881 2303 889 2314 ,
947 2290 1016 2309 tatus
1027 2281 1064 2309 est
1104 2282 1178 2319 quod
1200 2293 1257 2311 non
1268 2283 1318 2313 nisi
1337 2286 1426 2314 carnis
1446 2286 1583 2325 liquorem
1602 2287 1736 2325 significat
1746 2307 1755 2315 .

84 2318 135 2348 per
145 2310 326 2342 instrumenta
336 2315 467 2344 Sacrificii
478 2337 488 2350 ‚
498 2316 564 2345 sicut
575 2317 605 2345 in
615 2318 679 2346 dic‘t.
693 2322 787 2348 Arma
796 2324 890 2349 Sacer-
944 2321 990 2350 Sic
1001 2322 1029 2349 in
1039 2321 1136 2349 eodem
1146 2333 1202 2360 cap.
1215 2333 1288 2352 num.
1301 2336 1347 2354 20.
1359 2331 1371 2360 [
1382 2328 1430 2364 Jus
1439 2327 1556 2366 desuper
1566 2327 1699 2356 ‘defunde
1708 2348 1715 2356 .
1738 2330 1753 2359 ]

81 2351 196 2381 dotalia
215 2352 320 2383 dictum
332 2353 388 2389 est,
409 2356 444 2385 de
454 2366 510 2397 quo
528 2358 613 2388 modo
634 2358 768 2398 loquendi
784 2361 817 2389 in
837 2362 855 2390 l.
868 2362 887 2392 fi
943 2364 976 2391 Et
985 2362 1016 2391 in
1023 2361 1093 2392 Isaia
1103 2372 1160 2402 cap.
1173 2369 1223 2400 65-
1232 2375 1308 2395 num-
1321 2377 1347 2402 4.
1362 2368 1432 2404 [Jus
1442 2367 1587 2407 profanum
1598 2367 1627 2397 in
1639 2368 1706 2397 vasis
1721 2369 1752 2405 ,1

1643 2409 1710 2446 Quo

103 860 200 898 gulum
209 859 244 888 dc
255 870 319 888 auro
329 859 507 889 mundissimo
520 859 584 887 fecit
594 859 625 887 in
642 859 812 888 confessione
824 860 904 898 ipsius

104 900 226 930 Basilicae
236 921 244 932 ‚
256 899 371 938 pensans
381 901 460 929 libras
470 900 534 929 duas
543 919 550 927 .

62 942 169 978 Juoum
180 961 188 973 ,
209 940 311 970 dicitur
324 942 417 970 velum
436 940 612 979 professionis
622 960 629 968 .
653 940 728 970 Vide
747 942 837 970 Velum
843 950 902 979 pro·

99 980 216 1019 feffionis
229 1002 235 1009 .

60 1022 206 1059 Jnrunws
228 1024 394 1051 Aposmn
403 1045 412 1057 ‚
434 1023 545 1061 qnando
556 1022 586 1050 in
604 1021 749 1051 Ecclesiam
769 1021 904 1052 Christia-

105 1071 207 1092 norum
217 1062 419 1091 interveniebat
428 1084 435 1090 .
449 1063 520 1091 Vide
530 1064 688 1100 Anagnosta
699 1077 706 1091 .-
728 1063 883 1100 Epiphania
896 1086 902 1092 .

103 1103 212 1131 Caetera
224 1103 297 1132 Vide
305 1104 446 1132 Labarum
456 1125 464 1136 ,
474 1104 624 1140 thsopogon
634 1125 642 1136 ,
653 1104 791 1140 Thurifico
799 1123 807 1130 .
