1866 2526
163 30 239 71 130
526 15 564 56 C
596 14 635 56 A

143 74 212 103 teria
230 83 265 102 ex
275 70 454 102 Rubricatum
466 72 676 111 praescriptione
686 72 754 106 aiii-i,
764 70 927 114 a1·genti,seu

145 114 231 144 aurati
240 114 316 153 cupri
324 113 375 143 efle
383 113 472 142 debet.
485 115 548 143 Iino
557 111 714 143 Rhemense
725 115 886 145 Concilium
898 113 926 139 in

145 155 272 195 egestatis
282 155 350 184 statu
360 154 442 183 etiam
451 154 541 185 stanni
559 154 670 182 calicem
679 157 807 185 concedit
818 178 826 189 ,
848 162 927 192 quem

144 197 228 226 etiam
237 205 314 224 extra
322 194 412 224 casum
421 195 587 224 necessitatis
600 194 718 234 insignes
740 198 875 226 Dostores
884 194 927 221 ad-

1269 15 1379 58 CA

986 79 1029 99 tus
1040 91 1051 114 ,ι
1071 70 1105 101 de
1116 81 1168 111 qua
1178 74 1297 110 Joannes
1307 76 1365 103 III.
1377 74 1447 113 apud
1458 75 1620 116 Torrigium
1629 78 1663 108 de
1681 78 1772 119 Cryp.

988 113 1112 140 Vatican.
1122 113 1244 152 impreff.
1253 113 1367 143 secunda
1379 125 1441 155 pag.
1453 127 1466 154 3
1477 128 1520 152 ¹4·
1533 124 1546 153 [
1559 120 1585 148 A
1595 118 1641 148 via
1650 141 1658 153 ‚
1679 120 1724 148 ubi
1733 120 1772 148 est

986 152 1069 195 Calix
1079 163 1245 183 marmoreus
1257 167 1265 186 5
1277 158 1290 187 ]
1301 155 1383 184 dixit.
1392 157 1511 195 Reliqua
1522 170 1577 197 quo
1590 159 1622 188 ad
1633 161 1773 194 Calicem,

986 193 1060 222 Vide
1071 198 1180 223 Caucus
1191 216 1197 222 .
1219 197 1382 234 Purzficatio
1392 199 1499 227 Calicis
1509 218 1517 227 .

143 236 234 266 hiberi
244 235 316 275 pofle
327 237 482 265 affirmant.
506 239 563 265 PR.
584 245 646 263 nam
664 247 697 265 ex
716 237 803 266 Plinii
813 234 928 265 ailftori-
945 235 1045 263 CAmx
1056 235 1257 265 Mmisniaiis
1270 258 1278 269 ,
1300 237 1440 266 dicebatur
1448 238 1513 272 ille,
1534 250 1596 269 cum
1613 252 1668 280 quo
1689 242 1772 271 mini-

147 288 202 307 tate
214 300 221 312 ‚
244 283 258 314 t
270 276 513 306 Stannumillitum
525 275 607 305 aeneis
618 277 682 305 vasis
692 277 814 316 saporem
824 275 928 315 gratio-

143 319 241 354 florem
253 318 333 357 facit,
355 322 383 347 ὃ(
392 316 543 356 compescit
555 316 685 355 aeruginis
697 328 769 346 Virus
779 340 787 350 ,
809 318 855 346 hb.
880 327 926 350 24.

146 371 169 388 c.
185 362 251 393 17.]
265 360 304 393 {ll-¹
318 359 461 394 Quaeritur
479 359 552 386 inter
570 359 639 386 DD.
662 368 754 387 utrum
764 358 846 387 Calix
870 367 927 384 non

147 400 358 433 consecratus,&
369 410 382 427 zi
391 399 537 428 Sacerdote
547 399 577 426 in
589 396 666 426 Missa
675 399 709 427 ob
720 401 774 433 ejus
786 397 927 429 malitiam,

146 440 191 471 seu
203 440 433 470 inadvertentiam
443 439 579 468 adhibitus
588 461 595 472 ,
617 449 651 466 an
660 437 830 469 consecratus
844 447 927 466 rema-

147 486 228 512 neat?
249 480 390 511 Nonnulli
399 481 536 509 affirmant
546 502 554 513 ‚
576 491 609 508 ex
619 489 648 507 ea
667 479 835 518 potissimum
846 478 927 507 ratio-

147 534 183 552 ne
192 545 200 556 ‚
224 522 287 561 quia
298 522 363 551 ficut
373 532 386 548 a
398 522 455 559 pari
466 520 584 549 Ecclcfia
600 520 685 548 semei
695 521 799 559 polluta
812 543 819 554 ,
830 520 848 548 fi
859 520 888 547 in
898 530 927 546 ca

145 559 239 603 postea
247 562 398 591 celebretur
405 583 414 594 ‚
437 571 501 589 tunc
511 572 570 589 non
581 561 690 599 indiget
699 561 814 599 amplius
824 561 874 588 alia
883 560 927 588 be-

140 604 304 633 nedi&ione
316 614 322 630 .-
342 602 387 630 sed
397 603 468 630 reste
477 602 511 629 de
521 603 599 640 Lugo
609 601 636 629 in
650 603 725 630 trust.
736 602 769 629 de
780 600 927 630 Eucharist.

985 273 1114 302 strabatur
1125 277 1228 314 populo
1237 277 1522 319 Dominicusrsinguis
1532 301 1541 313 ‚
1562 284 1673 319 quando
1684 282 1729 312 sub
1739 293 1770 311 u-

985 323 1081 353 traque
1090 314 1181 353 specie
1192 318 1456 348 communicabatur:
1480 330 1510 349 ut
1521 321 1550 349 in
1561 320 1628 350 di&-
1639 328 1769 352 Commu-

985 356 1086 399 nicalf's
1096 357 1201 385 dicetur
1212 370 1223 391 ,-
1245 357 1279 386 de
1291 358 1333 386 his
1341 360 1468 389 calicibus
1477 362 1638 391 vastioribiis
1647 364 1679 392 fit
1698 362 1771 402 saepe

985 406 1092 425 mentio
1102 397 1131 425 in
1143 397 1207 425 vitis
1216 398 1400 428 Pontificum.
1412 403 1437 430 S.
1451 403 1596 442 Remigius
1607 403 1770 433 Rhemensis

985 436 1141 476 Archiepiss
1149 448 1214 475 opus
1225 449 1254 466 in
1263 439 1348 467 calice
1359 440 1502 470 ministrali
1514 443 1639 473 Ecclcfiae
1658 444 1751 473 oblato
1761 465 1769 477 ,

985 477 1034 506 hos
1048 477 1138 507 versus
1149 490 1161 506 a
1173 478 1199 506 sc
1211 480 1374 518 compositos
1385 480 1507 511 incidere
1516 483 1589 519 juss‘it
1598 499 1607 513 .-

1024 518 1123 547 Auriat
1143 519 1209 547 hinc
1228 521 1343 559 populus
1353 521 1440 550 vitam
1449 522 1483 551 de
1492 525 1629 563 Sanguine
1639 526 1720 555 Sacro

1023 560 1133 595 Injefto
1146 582 1152 592 ,
1177 571 1293 589 xtei‘nus
1305 582 1312 593 ,
1325 572 1405 599 quem
1416 562 1487 591 fudit
1499 565 1613 594 vulnere
1621 565 1748 596 Christus
1760 577 1768 596 i

1024 601 1169 639 Remigius
1180 601 1271 630 reddit
1282 603 1408 631 Domino
1419 603 1463 631 sua
1477 604 1533 633 vita,
1543 606 1670 635 Sacerdos
1681 628 1688 635 .

141 645 203 673 dist.
217 655 262 672 20.
272 642 335 671 sech
349 654 375 678 4.
387 642 554 671 contrariam
563 641 725 680 opinionem
735 642 908 680 ainplefititiir
920 662 927 673 ‚
947 640 1222 670 CALLIBLEPHARUM
1233 663 1240 669 .
1264 644 1320 672 PR.
1331 654 1364 671 ex
1375 654 1465 682 graeco
1476 644 1706 685 Καλλιβλὲφςιροι
1715 657 1769 675 me-

143 690 171 714 &
181 685 214 712 ad
223 682 414 722 argumentum
423 683 567 711 contrariae
578 682 721 711 sententiae
732 706 740 716 ,
764 683 864 711 ibidem
876 680 927 710 res-

141 724 247 764 pondet
258 745 266 757 ,
288 724 363 763 quod
374 724 392 752 fi
405 734 498 752 verum
508 722 571 752 effer
584 746 591 757 ‚
613 733 643 751 ut
653 724 784 752 contrarii
798 735 811 752 a
822 724 877 762 pari
888 721 925 751 ns-

141 764 234 794 serunt
245 764 391 793 Ecclesiam
408 763 636 802 semelpollutarn
648 774 696 802 per
714 764 927 792 celebrationem

143 805 228 836 Miss'ae
238 804 421 834 consecratam
431 805 584 834 existimari
594 816 601 835 5
613 804 782 844 sequeretur,
794 805 868 843 qiiod
879 809 928 833 Ec-

143 847 230 875 clesiae
242 869 249 879 ,
271 847 301 874 in
312 845 406 884 quibus
415 845 491 874 Miss'a
502 846 640 884 peragitur
650 867 657 879 ‚
679 844 840 874 consecrata*
853 846 926 874 dicc-

145 897 242 916 rentur
251 899 261 919 ,-
285 897 367 926 quare
376 887 444 916 licet
454 886 571 916 Ecclesia
582 887 687 925 polluta
697 909 705 920 ‚
727 890 754 915 ὃς
764 887 794 914 in
805 898 833 916 ea
844 885 927 914 semel

140 927 217 956 Miffi
226 928 360 957 celebrata
370 949 378 960 ‚
399 928 514 966 amplius
535 937 565 956 ut
577 928 773 955 reconcilietur
785 949 792 959 ,
815 927 926 955 benedi-

141 969 234 997 {tione
245 979 303 997 non
312 968 436 1007 indigeat
449 979 456 999 3
480 969 514 997 sic
525 968 608 997 etiam
629 968 710 997 Calix
732 966 815 996 semel
835 967 926 995 conse>

983 680 1169 710 dicauit-ntum
1179 683 1323 711 oculorum
1333 706 1341 717 ‚
1364 695 1419 722 quo
1430 685 1564 723 palpebrae
1576 687 1766 720 venustantur,

984 721 1090 750 infeffls
1100 723 1162 760 pilis
1174 743 1181 749 .
1207 728 1218 757 [
1230 724 1466 763 Calliblepharum
1478 748 1485 759 ,
1507 727 1694 766 vellerumque
1713 727 1770 756 tin—

984 762 1070 805 Cturas
1081 762 1154 791 inter
1163 772 1259 791 caetera
1270 765 1424 794 docuerunt
1434 787 1441 793 .
1464 768 1579 796 Tertull.
1589 768 1622 796 de
1632 769 1708 802 cultu
1718 769 1771 797 foe-

985 812 1121 831 minarum
1132 825 1139 836 ,
1161 814 1218 842 cap.
1234 815 1242 831 1
1250 807 1298 836 0.]
1323 817 1378 844 quo
1388 808 1520 836 vocabulo
1531 806 1589 837 usus
1598 809 1637 837 est
1647 810 1732 838 etiam
1743 810 1770 838 S.

986 844 1097 872 Proclus
1107 844 1253 873 Constant.
1272 846 1420 875 Patriarch.
1441 848 1524 877 Orat.
1542 859 1585 885 ¹9·
1597 850 1686 887 Hujus
1707 858 1771 885 ety-

986 893 1053 912 mon
1062 883 1162 914 diserte
1179 887 1298 923 exponit
1318 889 1400 916 Vinc.
1411 888 1558 917 Riccardus
1577 888 1605 918 in
1630 890 1770 928 pi‘aefatam

984 925 1076 953 Procli
1094 936 1164 954 orat.
1187 926 1327 965 variasque
1343 938 1400 956 ium
1412 939 1445 957 ex
1463 930 1560 959 Plinio
1577 931 1768 964 auetoritates,

983 974 1042 993 tum
1052 966 1111 994 aliis
1121 965 1234 1004 expedit
1245 987 1252 994 .

140 1019 226 1038 cratus
235 1032 244 1043 ‚
263 1013 293 1038 <Sc
305 1009 479 1047 postmodum
490 1009 609 1048 pollutus
619 1030 627 1042 ‚
648 1007 693 1036 seu
702 1008 794 1037 denuo
803 1018 909 1036 auratus
920 1030 926 1040 ‚
943 1006 1117 1036 Carneum
1129 1028 1136 1040 ‚
1155 1017 1188 1034 ex
1201 1008 1346 1037 verborum
1354 1006 1432 1038 sensu
1452 1011 1678 1041 atramentarium
1687 1010 1771 1050 figni-

140 1051 212 1079 reste
225 1061 294 1079 nova
306 1049 515 1079 consecratione
525 1061 581 1078 non
594 1048 702 1088 indiget
715 1060 720 1076 :
744 1058 865 1077 attamen
874 1050 928 1078 Ca<

141 1091 182 1119 lix
195 1101 335 1129 nunquam
355 1091 525 1120 consecratus
544 1101 601 1119 non
618 1090 738 1118 efficitur
759 1088 928 1118 consecratus

140 1141 189 1170 per
199 1130 284 1160 solam
292 1133 505 1160 celebrationem
517 1130 601 1159 Miss'ae
613 1131 642 1158 in
652 1141 685 1159 eo
695 1131 828 1167 perustam
839 1142 845 1160 ς
858 1130 926 1158 benc

141 1172 275 1200 tamenin
286 1172 403 1202 vestibus
412 1171 491 1200 sacris
502 1194 508 1204 ,
521 1175 547 1199 ὅ(
560 1171 689 1200 fimilibiis
700 1193 707 1203 ,
731 1170 760 1198 in
771 1171 866 1209 quibus
879 1180 925 1198 un*

140 1212 197 1240 &io
208 1223 264 1241 non
273 1212 418 1241 adhibetur
430 1235 437 1246 ‚
459 1212 549 1241 statim
561 1222 589 1239 ac
599 1221 659 1240 cum
671 1212 702 1239 in
712 1211 770 1248 ipsis
783 1211 926 1239 celebrabi-

125 1248 129 1251 ¹
143 1262 188 1281 tur
198 1276 205 1286 ‚
226 1256 281 1288 jam
300 1254 449 1282 benedistae
467 1251 630 1281 censeantur
642 1273 648 1280 .
680 1250 928 1280 consecrationem

142 1293 249 1322 amittit
258 1295 341 1323 Calix
350 1316 358 1327 ‚
381 1295 401 1323 si
411 1304 504 1332 cuppae
514 1303 573 1332 pars
584 1304 597 1321 a
606 1293 674 1332 pede
685 1291 823 1331 separetur
834 1304 841 1324 5
854 1291 927 1320 secus

144 1344 211 1363 vero
221 1335 240 1363 fi
249 1335 488 1373 cuppa‘clavulum
496 1334 655 1363 tornatilem
666 1333 760 1361 habeat
771 1331 799 1361 sii
809 1334 924 1372 »planta

140 1384 200 1404 tum
211 1396 218 1403 .
240 1376 315 1404 Item
324 1385 411 1415 cuppa
421 1375 457 1404 est
467 1375 558 1403 denuo
569 1373 750 1403 consecranda
762 1395 769 1406 ,
790 1344 813 1402 si
828 1374 927 1401 iterum

141 1416 264 1444 inaurare
275 1415 352 1445 illam
360 1416 515 1456 contigerit
527 1437 534 1448 ,
557 1426 615 1444 non
626 1425 692 1444 vero
703 1414 721 1443 si
733 1414 863 1452 paulatim
884 1415 926 1442 in-

984 1045 1063 1074 ficare
1075 1047 1202 1075 videtur.
1216 1051 1318 1083 [Ante
1329 1049 1504 1089 conspectum
1513 1051 1589 1081 suum
1600 1052 1682 1090 ponit
1690 1052 1770 1090 supet

984 1086 1104 1115 mensam
1114 1088 1264 1117 calliculam
1275 1101 1282 1121 3
1305 1091 1378 1119 unde
1388 1092 1471 1121 tribus
1482 1093 1580 1132 digitis
1590 1103 1706 1122 mortem
1717 1093 1770 1122 ho-

984 1127 1091 1171 minum
1101 1127 1193 1156 scribit
1203 1150 1211 1162 ,
1234 1139 1279 1158 aut
1291 1131 1377 1159 vitam
1388 1144 1394 1160 ε
1418 1133 1598 1172 Imperfectus
1611 1156 1618 1167 ,
1641 1133 1769 1170 honi.54.

985 1177 1015 1196 in
1024 1178 1082 1206 cap.
1097 1178 1140 1204 ¹5·
1151 1169 1254 1197 Matth.
1267 1173 1278 1201 ]
1294 1171 1351 1199 Ubi
1371 1172 1405 1200 de
1415 1173 1492 1202 finali
1502 1173 1608 1210 judicio
1625 1175 1768 1213 loquitur,

983 1209 1107 1247 quamvis
1118 1210 1149 1237 ab
1157 1210 1290 1248 aliquibus
1308 1210 1351 1239 hae
1370 1211 1495 1242 hominm
1516 1217 1553 1243 D.
1564 1214 1769 1250 chrysostomo

981 1249 1165 1278 attribuantur
1177 1270 1183 1277 .
1211 1253 1266 1280 PR.
1287 1251 1392 1281 fortafl‘e
1411 1255 1572 1283 Calnulum
1595 1255 1770 1285 scribendum

984 1290 1038 1317 erit
1047 1312 1056 1324 ‚
1075 1291 1149 1329 quod
1159 1300 1273 1328 parvum
1282 1292 1395 1321 calicem
1404 1294 1552 1332 significat:
1576 1301 1588 1330 [
1601 1297 1684 1324 Hunc
1696 1297 1726 1324 in
1736 1307 1770 1324 eo

983 1331 1046 1358 loco
1055 1331 1152 1359 facium
1162 1332 1308 1371 aliquando
1321 1334 1475 1362 ministrum
1485 1346 1498 1363 a
1508 1335 1627 1364 caliculis
1640 1336 1668 1364 in
1677 1346 1769 1365 curam

982 1373 1164 1409 prompmarii
1174 1392 1182 1400 .
1204 1374 1240 1402 In
1251 1373 1308 1401 vita
1319 1374 1345 1402 S.
1356 1374 1500 1405 Bercharis
1511 1376 1578 1405 Abb.
1593 1379 1605 1408 ]
1628 1378 1770 1406 Ministra-

982 1412 1043 1444 bat,
1064 1422 1162 1451 nempe
1173 1434 1181 1445 ,
1204 1413 1347 1442 Mouachis
1360 1424 1476 1453 potum.

141 1457 313 1485 :iurationem
323 1457 454 1496 deperdat
465 1478 474 1490 ‚
497 1456 548 1485 nisi
561 1467 595 1485 ex
606 1456 653 1489 vi,
676 1455 774 1485 &data
791 1465 875 1493 operti
886 1456 927 1483 in-
941 1453 1176 1482 CALLIGRAPHUS
1187 1474 1195 1485 ‚
1217 1464 1250 1482 ex
1259 1465 1352 1493 graeco
1363 1454 1546 1495 mmiypok‘pw
1555 1478 1563 1489 ,
1587 1457 1671 1490 idest,
1694 1466 1770 1485 accu-

142 1497 246 1526 auratio
255 1498 379 1526 eradatur
390 1509 396 1525 :
408 1497 445 1527 ita
454 1495 554 1527 Su'arez
565 1519 572 1530 ,
583 1501 610 1525 ὅ(
621 1496 747 1535 Vasquez
757 1495 927 1524 concordant

142 1548 226 1576 penes
235 1538 377 1577 praefatum
387 1539 421 1567 de
430 1540 519 1577 Lugo,
529 1539 577 1576 qui
587 1547 677 1566 tamen
688 1536 854 1565 contrarium
866 1535 926 1565 sen-

983 1502 1053 1520 ratus
1072 1492 1194 1536 scriptor
1204 1515 1211 1522 .
1232 1497 1361 1529 [Interea
1372 1495 1568 1534 Calligraphus
1577 1497 1689 1537 quidam
1699 1498 1767 1527 Ale-

982 1534 1103 1562 xandriae
1114 1535 1275 1564 venerabilis
1287 1537 1330 1565 vir
1340 1557 1346 1564 .
1358 1537 1432 1565 Paul.
1442 1538 1522 1565 Diac.
1531 1537 1579 1566 lib.
1595 1549 1638 1573 ¹7.-

142 1579 176 1608 fit
187 1600 195 1612 ,
218 1579 350 1608 nimirum
360 1601 368 1612 ‚
392 1589 451 1608 non
466 1577 516 1607 efle
534 1589 600 1617 opus
612 1588 686 1606 nova
705 1575 925 1610 consecratione,
943 1575 1131 1605 CALLOSITAS
1143 1597 1151 1608 ,
1173 1576 1319 1615 antiquitas
1329 1599 1337 1610 ‚
1361 1577 1478 1606 vetustas
1488 1599 1494 1606 .
1521 1580 1533 1610 ]
1546 1579 1621 1615 Quid
1631 1578 1717 1618 igitur
1729 1578 1769 1606 vis

142 1620 254 1658 quando
263 1620 355 1649 denuo
365 1620 504 1648 inauratur
515 1641 522 1647 .
533 1620 625 1650 Debet
636 1628 725 1647 autem
738 1618 821 1647 Calix
835 1628 926 1655 percu-

141 1660 165 1688 ti
177 1682 185 1693 ,
206 1660 245 1689 ita
255 1671 286 1689 ut
297 1660 412 1689 sormam
422 1682 430 1694 ‚
440 1664 482 1689 ἢ8(
491 1659 726 1688 consecrationem
735 1659 867 1696 deperdat
879 1680 887 1692 ‚
909 1660 925 1687 fi

144 1701 263 1729 Aiirifici
272 1701 304 1730 ad
314 1701 496 1730 inaurandum
506 1722 514 1733 ,
538 1701 581 1730 vel
592 1699 823 1739 liquefaciendum
842 1699 928 1728 trada-

984 1614 1073 1642 homo
1084 1616 1118 1644 de
1126 1615 1252 1645 humanis
1261 1616 1406 1646 sententiis
1416 1618 1570 1647 litterarum
1583 1629 1690 1648 tuarum
1698 1618 1769 1648 ,exis-

982 1655 1010 1683 se
1019 1655 1090 1684 hanc
1100 1656 1130 1684 in
1144 1657 1204 1685 usus
1212 1658 1368 1687 communis
1377 1659 1577 1688 callositatem?
1599 1660 1715 1689 Tertull.
1733 1659 1769 1688 de

983 1696 1042 1725 test.
1054 1696 1153 1725 animae
1162 1709 1220 1736 cap.
1235 1709 1262 1736 3.

141 1750 205 1772 tur‚‘
229 1742 268 1770 ita
285 1743 415 1771 nonnulli
434 1743 572 1771 Doftores
588 1740 709 1771 docent,¹
732 1738 780 1768 sed
798 1741 927 1777 praevalet
944 1738 1029 1765 (ἴω-ο
1041 1759 1049 1770 ,
1072 1738 1118 1775 qui
1129 1737 1230 1777 frangit
1242 1760 1249 1771 ,
1272 1739 1317 1767 seu
1329 1739 1382 1768 fert
1392 1739 1508 1779 Iigna:a
1519 1741 1602 1769 verbo
1613 1750 1706 1779 graeco
1717 1736 1768 1771 ml-

143 1781 204 1809 usus
214 1781 366 1811 hodiernus
376 1783 479 1812 leviter
498 1781 691 1820 percutiendi,
714 1791 749 1808 ne
767 1780 908 1808 deteratur
920 1802 926 1813 ‚

143 1832 198 1859 quo
209 1824 372 1852 reverentiae
384 1824 462 1862 signo
473 1823 581 1861 patefiat
592 1825 647 1858 ejus
665 1819 880 1849 consecrationis
902 1832 925 1849 :i-

144 1862 249 1891 miffio.
273 1864 463 1893 Sacerdotibus
472 1863 587 1892 mortuis
597 1861 748 1900 antiquitus
765 1861 867 1889 nedum
888 1861 929 1889 in·

142 1901 261 1931 humatis
279 1905 427 1942 ponebatur
438 1904 520 1934 Calix
531 1904 605 1931 inter
616 1912 709 1932 manus
719 1923 726 1934 ,
750 1911 779 1930 ut
790 1902 877 1930 adhuc
899 1903 928 1930 in

143 1941 190 1970 usu
210 1943 268 1976 cst,-
290 1943 336 1974 sed
352 1946 436 1974 etiam
455 1944 576 1973 humatis
596 1942 819 1981 relinquebatur.
844 1945 928 1979 [Ejus

144 1982 247 2011 deinde
257 1994 352 2023 corpus
363 1996 425 2014 cum
444 1986 476 2014 ad
488 1985 646 2024 digniorem
669 1984 757 2011 locum
768 1982 928 2011 transferen-

143 2023 210 2051 dum
221 2023 284 2052 estet
293 2046 300 2056 ‚
323 2035 417 2063 aperto
426 2026 552 2064 sepulcro
563 2047 571 2058 ,
583 2025 731 2053 inventum
741 2023 778 2052 est
788 2024 927 2061 integrum

145 2067 208 2092 etim
219 2063 321 2102 duplici
331 2066 397 2095 stola
407 2089 415 2100 ,
438 2071 465 2095 ὃς
477 2066 563 2095 infula
572 2065 650 2093 rubra
659 2086 668 2098 ‚
688 2074 749 2092 cum
761 2074 854 2102 panno
863 2063 927 2092 seri-

146 2114 197 2136 co,
220 2113 301 2142 atque
320 2116 381 2134 cum
401 2108 492 2136 Cruce
509 2117 543 2135 ex
555 2105 670 2135 metallo
682 2104 813 2139 ,confecta
822 2105 927 2144 peftori

145 2147 202 2181 ejus
220 2145 363 2183 impofita,
386 2147 506 2185 denique
526 2157 587 2175 cum
604 2145 701 2177 calide
719 2144 752 2173 ad
769 2145 927 2174 umbilicum

145 2187 200 2220 ejus
210 2184 299 2222 posito
309 2206 316 2213 .
339 2187 374 2214 1n
385 2187 441 2215 vitri
452 2189 477 2215 S.
489 2186 585 2217 Bivini
595 2185 685 2224 Episc.
699 2185 770 2224 apud
781 2186 838 2214 Sur.
859 2194 926 2213 torn.

145 2232 174 2254 6.
187 2225 233 2253 die
243 2236 270 2263 3.
281 2227 425 2255 Decembr.
436 2228 481 2265 qui
493 2228 563 2256 obiit
574 2228 724 2264 a'nn07604.
735 2227 747 2257 ]
760 2228 818 2254 PR.
842 2227 926 2254 Calix

143 2276 312 2294 marmoreus
328 2287 336 2298 ,
359 2267 496 2295 dicebatur
515 2279 581 2296 iii-na
599 2268 632 2295 ad
643 2267 755 2295 modum
778 2266 861 2298 vafis,
883 2265 926 2294 seu

144 2305 249 2334 Calicis
259 2305 374 2334 formata
385 2329 391 2339 ‚
414 2317 442 2335 ut
453 2307 490 2335 est
502 2308 547 2336 illa
557 2330 564 2340 ‚
577 2318 636 2347 quae
648 2308 678 2336 in
688 2308 759 2336 atrio
771 2306 924 2335 §.Caeciliae

134 2347 179 2389 yde
191 2346 310 2382 Urbe,&
320 2348 365 2377 SS.
376 2348 574 2386 Apostolorum
586 2350 614 2377 in
625 2348 696 2377 atrio
705 2347 779 2378 illius
790 2348 926 2378 Conven-

985 1784 1032 1806 λον
1043 1799 1051 1811 ‚
1073 1778 1142 1807 idest
1153 1799 1161 1811 ,
1183 1780 1292 1817 lignum
1303 1800 1310 1806 .
1337 1779 1440 1817 [Josuc
1450 1779 1509 1809 usus
1520 1781 1557 1809 est
1567 1781 1715 1810 Cabonitis
1733 1780 1768 1808 li-

984 1817 1025 1844 xis
1036 1839 1044 1850 ‚
1067 1822 1094 1847 ὃ(
1104 1819 1257 1847 calonibus.
1280 1819 1428 1855 Chrysost.
1440 1821 1470 1848 in
1491 1821 1557 1860 psal.
1572 1833 1615 1856 14.
1626 1823 1711 1853 ]-FR.
1734 1821 1769 1849 fi-

984 1858 1095 1895 gnificat
1105 1858 1214 1898 servum
1226 1881 1235 1893 ,
1255 1859 1301 1888 seu
1310 1860 1480 1900 mancipium
1490 1883 1499 1894 ,
1518 1862 1593 1901 quod
1603 1862 1633 1890 in
1644 1861 1767 1890 exercitu

984 1898 1094 1928 ducitun
1103 1922 1112 1933 ,
1133 1900 1166 1928 ad
1177 1899 1287 1928 ferenda
1298 1922 1306 1933 ‚
1329 1905 1357 1929 δ(
1367 1902 1544 1931 ministranda
1554 1903 1630 1942 ligna
1642 1924 1649 1935 ,
1671 1901 1716 1930 seu
1736 1902 1768 1930 li-

984 1949 1054 1977 gnea
1063 1940 1239 1969 instrumenta
1251 1952 1258 1971 5
1281 1952 1295 1969 a
1307 1942 1422 1971 Caladis
1436 1964 1444 1976 ,
1467 1943 1503 1971 ita
1521 1944 1687 1982 appellatum
1708 1943 1768 1970 exi-

984 1979 1074 2009 stimat
1084 1981 1212 2019 Porphir.
1226 1982 1289 2020 quia
1299 1993 1333 2010 eo
1342 1983 1387 2018 die
1397 1983 1531 2013 menstrua
1542 1984 1642 2015 cibaria
1650 1983 1767 2021 accipie-

984 2024 1028 2052 bat
1042 2032 1050 2051 5
1063 2021 1108 2049 vel
1118 2020 1265 2055 secundum
1278 2024 1435 2052 Accursmm
1446 2037 1459 2052 a
1470 2025 1589 2053 Calendo
1601 2047 1608 2057 ,
1618 2023 1686 2052 idest
1695 2045 1704 2056 ‚
1716 2033 1769 2052 vo-

985 2062 1074 2091 cando
1085 2083 1092 2094 ‚
1105 2062 1168 2100 quia
1177 2063 1210 2090 ad
1220 2063 1372 2092 ministeria
1382 2063 1539 2101 hujusmodi
1550 2064 1622 2093 servi
1633 2064 1768 2092 vocaban-

983 2112 1028 2132 tur
1039 2122 1046 2129 .
1070 2103 1132 2130 Hoc
1156 2104 1290 2132 vocabulo
1310 2103 1370 2132 usus
1387 2103 1426 2133 est
1435 2105 1530 2134 Caesar
1547 2105 1577 2133 in
1597 2117 1622 2134 2.
1634 2105 1682 2132 lib.
1696 2105 1768 2134 Belli

982 2142 1096 2184 gallici,
1118 2143 1147 2171 in
1162 2154 1184 2171 1.
1196 2144 1260 2172 belli
1271 2145 1362 2173 civilis
1371 2168 1379 2179 ‚
1390 2155 1470 2184 atque
1483 2146 1578 2175 Livius
1589 2145 1705 2183 ubique5
1717 2155 1769 2173 un-

983 2186 1017 2213 de
1025 2192 1134 2222 apparet
1146 2205 1154 2216 ,
1177 2195 1257 2223 quam
1268 2195 1409 2223 perperam
1418 2185 1534 2215 senserit
1544 2185 1686 2215 Accursius
1708 2186 1739 2213 in
1748 2186 1768 2214 1.

982 2225 1030 2253 sed
1041 2228 1069 2253 δε
1079 2224 1098 2253 fi
1109 2224 1177 2263 quid
1185 2226 1210 2253 la
1225 2237 1247 2254 1.
1257 2226 1287 2254 in
1297 2226 1414 2265 princip.
1424 2222 1621 2266 superassegata
1631 2237 1640 2258 5
1663 2225 1728 2255 licet
1736 2225 1767 2254 in

983 2266 1118 2294 codicibus
1128 2265 1261 2304 impressis
1280 2267 1401 2305 Ulpiani
1424 2269 1526 2296 Culum
1535 2267 1667 2296 habeatur
1676 2287 1684 2294 .
1705 2268 1766 2294 Nec

982 2317 1030 2344 per
1041 2307 1170 2335 Calonem
1181 2307 1256 2345 ligna
1268 2307 1395 2347 frangens
1406 2308 1576 2346 intelligitur
1584 2330 1592 2342 ,
1611 2317 1640 2336 ut
1649 2305 1696 2334 alii
1704 2304 1765 2333 sen-

982 2346 1058 2387 sei-e5
1082 2357 1142 2376 nam
1152 2347 1212 2376 talis
1234 2357 1364 2388 operator
1385 2350 1549 2387 calocopus,
1572 2353 1600 2378 δε
1617 2346 1762 2414 Ηῇῖξὶῑθρῐϋ

1670 2395 1723 2414 Ice-
