<?xml version="1.0" encoding="UTF-8"?>
<!DOCTYPE html PUBLIC "-//W3C//DTD XHTML 1.0 Transitional//EN"
    "http://www.w3.org/TR/xhtml1/DTD/xhtml1-transitional.dtd">
<html xmlns="http://www.w3.org/1999/xhtml" xml:lang="en" lang="en">
 <head>
  <title>
</title>
<meta http-equiv="Content-Type" content="text/html;charset=utf-8" />
  <meta name='ocr-system' content='tesseract 3.04.00' />
  <meta name='ocr-capabilities' content='ocr_page ocr_carea ocr_par ocr_line ocrx_word'/>
</head>
<body>
  <div class='ocr_page' id='page_1' title='image "./dominicimacrimel00magr/dominicimacrimel00magr_0135.png"; bbox 0 0 1866 2526; ppageno 0'>
   <div class='ocr_carea' id='block_1_1' title="bbox 63 111 919 2439">
    <p class='ocr_par' dir='ltr' id='par_1_1' title="bbox 97 111 905 280">
     <span class='ocr_line' id='line_1_1' title="bbox 97 111 903 155; baseline -0.009 -7"><span class='ocrx_word' id='word_1_1' title='bbox 97 127 147 149; x_wconf 79' lang='lat' dir='ltr'>ana</span> <span class='ocrx_word' id='word_1_2' title='bbox 161 140 170 152; x_wconf 90' lang='lat'><em>,</em></span> <span class='ocrx_word' id='word_1_3' title='bbox 190 116 269 147; x_wconf 78' lang='lat' dir='ltr'>idest</span> <span class='ocrx_word' id='word_1_4' title='bbox 282 139 290 152; x_wconf 95' lang='lat'><em>‚</em></span> <span class='ocrx_word' id='word_1_5' title='bbox 299 113 374 144; x_wconf 71' lang='lat' dir='ltr'>diem</span> <span class='ocrx_word' id='word_1_6' title='bbox 387 125 443 155; x_wconf 88' lang='lat' dir='ltr'>quo</span> <span class='ocrx_word' id='word_1_7' title='bbox 452 112 736 145; x_wconf 75' lang='lat' dir='ltr'>Manichaeusoccisus</span> <span class='ocrx_word' id='word_1_8' title='bbox 746 112 784 142; x_wconf 89' lang='lat' dir='ltr'>est</span> <span class='ocrx_word' id='word_1_9' title='bbox 796 135 804 146; x_wconf 89' lang='lat'><em>,</em></span> <span class='ocrx_word' id='word_1_10' title='bbox 821 111 903 152; x_wconf 83' lang='lat' dir='ltr'>quin-</span> 
     </span>
     <span class='ocr_line' id='line_1_2' title="bbox 103 154 904 198; baseline -0.007 -10"><span class='ocrx_word' id='word_1_11' title='bbox 103 169 158 198; x_wconf 88' lang='lat' dir='ltr'>que</span> <span class='ocrx_word' id='word_1_12' title='bbox 166 159 293 198; x_wconf 78' lang='lat' dir='ltr'>gradibus</span> <span class='ocrx_word' id='word_1_13' title='bbox 304 156 437 186; x_wconf 69' lang='lat' dir='ltr'>instructo</span> <span class='ocrx_word' id='word_1_14' title='bbox 447 155 601 188; x_wconf 83' lang='lat' dir='ltr'>tribunali,</span> <span class='ocrx_word' id='word_1_15' title='bbox 624 158 652 184; x_wconf 76' lang='grc' dir='ltr'>δε</span> <span class='ocrx_word' id='word_1_16' title='bbox 672 155 797 193; x_wconf 80' lang='lat' dir='ltr'>pretiosis</span> <span class='ocrx_word' id='word_1_17' title='bbox 811 154 904 183; x_wconf 83' lang='lat' dir='ltr'>linteis</span> 
     </span>
     <span class='ocr_line' id='line_1_3' title="bbox 103 195 905 236; baseline -0.006 -7"><span class='ocrx_word' id='word_1_18' title='bbox 103 200 240 230; x_wconf 67' lang='lat' dir='ltr'>adornato</span> <span class='ocrx_word' id='word_1_19' title='bbox 251 220 258 232; x_wconf 92' lang='lat'><em>,</em></span> <span class='ocrx_word' id='word_1_20' title='bbox 270 209 300 228; x_wconf 84' lang='lat' dir='ltr'>ac</span> <span class='ocrx_word' id='word_1_21' title='bbox 312 197 342 226; x_wconf 91' lang='lat' dir='ltr'>in</span> <span class='ocrx_word' id='word_1_22' title='bbox 354 207 485 236; x_wconf 81' lang='lat' dir='ltr'>promptu</span> <span class='ocrx_word' id='word_1_23' title='bbox 495 196 587 236; x_wconf 76' lang='lat' dir='ltr'>posito</span> <span class='ocrx_word' id='word_1_24' title='bbox 599 217 608 228; x_wconf 92' lang='lat'><em>‚</em></span> <span class='ocrx_word' id='word_1_25' title='bbox 630 199 660 225; x_wconf 76' lang='grc' dir='ltr'>ὅ(</span> <span class='ocrx_word' id='word_1_26' title='bbox 669 196 779 232; x_wconf 69' lang='grc' dir='ltr'>οἱήεᾶο</span> <span class='ocrx_word' id='word_1_27' title='bbox 790 195 905 225; x_wconf 78' lang='lat' dir='ltr'>adoran—</span> 
     </span>
     <span class='ocr_line' id='line_1_4' title="bbox 103 230 726 280; baseline -0.01 -10"><span class='ocrx_word' id='word_1_28' title='bbox 103 241 176 270; x_wconf 80' lang='lat' dir='ltr'>tibus</span> <span class='ocrx_word' id='word_1_29' title='bbox 190 262 198 273; x_wconf 90' lang='lat'>,</span> <span class='ocrx_word' id='word_1_30' title='bbox 221 238 329 280; x_wconf 83' lang='lat' dir='ltr'>magnis</span> <span class='ocrx_word' id='word_1_31' title='bbox 339 238 491 268; x_wconf 86' lang='lat' dir='ltr'>honoribus</span> <span class='ocrx_word' id='word_1_32' title='bbox 503 230 704 276; x_wconf 66' lang='lat' dir='ltr'>pr&#39;osequimini</span> <span class='ocrx_word' id='word_1_33' title='bbox 718 257 726 265; x_wconf 87' lang='lat'><strong>.</strong></span> 
     </span>
    </p>

    <p class='ocr_par' dir='ltr' id='par_1_2' title="bbox 63 279 909 596">
     <span class='ocr_line' id='line_1_5' title="bbox 63 279 906 317; baseline -0.008 -5"><span class='ocrx_word' id='word_1_34' title='bbox 63 281 80 300; x_wconf 79' lang='lat'>’&#39;</span> <span class='ocrx_word' id='word_1_35' title='bbox 99 284 286 312; x_wconf 65' lang='lat' dir='ltr'>Benzmctre</span> <span class='ocrx_word' id='word_1_36' title='bbox 298 300 306 308; x_wconf 88' lang='lat'><strong><em>.</em></strong></span> <span class='ocrx_word' id='word_1_37' title='bbox 330 281 462 316; x_wconf 83' lang='lat' dir='ltr'>Hymnus</span> <span class='ocrx_word' id='word_1_38' title='bbox 472 279 559 307; x_wconf 77' lang='lat' dir='ltr'>trium</span> <span class='ocrx_word' id='word_1_39' title='bbox 579 288 726 317; x_wconf 84' lang='lat' dir='ltr'>puerorum</span> <span class='ocrx_word' id='word_1_40' title='bbox 735 298 744 311; x_wconf 91' lang='lat'><em>,</em></span> <span class='ocrx_word' id='word_1_41' title='bbox 755 287 837 315; x_wconf 85' lang='lat' dir='ltr'>quam</span> <span class='ocrx_word' id='word_1_42' title='bbox 848 287 906 306; x_wconf 89' lang='lat' dir='ltr'>non</span> 
     </span>
     <span class='ocr_line' id='line_1_6' title="bbox 103 318 904 359; baseline -0.009 -8"><span class='ocrx_word' id='word_1_43' title='bbox 103 321 194 351; x_wconf 88' lang='lat' dir='ltr'>solum</span> <span class='ocrx_word' id='word_1_44' title='bbox 206 320 379 358; x_wconf 75' lang='lat' dir='ltr'><em>Athanasius</em></span> <span class='ocrx_word' id='word_1_45' title='bbox 391 321 426 350; x_wconf 90' lang='lat' dir='ltr'>de</span> <span class='ocrx_word' id='word_1_46' title='bbox 442 320 573 359; x_wconf 77' lang='lat' dir='ltr'>virginit.</span> <span class='ocrx_word' id='word_1_47' title='bbox 588 319 744 358; x_wconf 74' lang='lat' dir='ltr'>virginibus</span> <span class='ocrx_word' id='word_1_48' title='bbox 755 318 904 347; x_wconf 77' lang='lat' dir='ltr'>dicendum</span> 
     </span>
     <span class='ocr_line' id='line_1_7' title="bbox 107 360 905 395; baseline -0.006 -3"><span class='ocrx_word' id='word_1_49' title='bbox 107 362 285 392; x_wconf 75' lang='lat' dir='ltr'>commendat</span> <span class='ocrx_word' id='word_1_50' title='bbox 295 383 303 395; x_wconf 85' lang='lat'><em>‚</em></span> <span class='ocrx_word' id='word_1_51' title='bbox 324 361 374 390; x_wconf 87' lang='lat' dir='ltr'>sed</span> <span class='ocrx_word' id='word_1_52' title='bbox 393 361 559 391; x_wconf 80' lang='lat' dir='ltr'>Concilium</span> <span class='ocrx_word' id='word_1_53' title='bbox 576 360 669 388; x_wconf 55' lang='lat' dir='ltr'>etiam*</span> <span class='ocrx_word' id='word_1_54' title='bbox 689 361 858 389; x_wconf 80' lang='lat' dir='ltr'>Toletanum</span> <span class='ocrx_word' id='word_1_55' title='bbox 879 369 905 393; x_wconf 85' lang='lat'>4·</span> 
     </span>
     <span class='ocr_line' id='line_1_8' title="bbox 110 400 906 442; baseline -0.008 -9"><span class='ocrx_word' id='word_1_56' title='bbox 110 414 171 442; x_wconf 75' lang='lat' dir='ltr'>cap..</span> <span class='ocrx_word' id='word_1_57' title='bbox 185 414 194 431; x_wconf 85' lang='lat' dir='ltr'>r</span> <span class='ocrx_word' id='word_1_58' title='bbox 203 413 228 441; x_wconf 87' lang='lat'>3.</span> <span class='ocrx_word' id='word_1_59' title='bbox 241 403 275 432; x_wconf 84' lang='lat' dir='ltr'>al.</span> <span class='ocrx_word' id='word_1_60' title='bbox 291 413 334 438; x_wconf 83' lang='lat'>¹4·</span> <span class='ocrx_word' id='word_1_61' title='bbox 346 402 494 432; x_wconf 77' lang='lat' dir='ltr'>Ecclesiam</span> <span class='ocrx_word' id='word_1_62' title='bbox 507 411 554 439; x_wconf 84' lang='lat' dir='ltr'>per</span> <span class='ocrx_word' id='word_1_63' title='bbox 565 411 657 429; x_wconf 90' lang='lat' dir='ltr'>totum</span> <span class='ocrx_word' id='word_1_64' title='bbox 668 410 801 430; x_wconf 84' lang='lat' dir='ltr'>terrarum</span> <span class='ocrx_word' id='word_1_65' title='bbox 812 400 906 429; x_wconf 87' lang='lat' dir='ltr'>orbem</span> 
     </span>
     <span class='ocr_line' id='line_1_9' title="bbox 110 441 906 475; baseline -0.006 -2"><span class='ocrx_word' id='word_1_66' title='bbox 110 443 239 473; x_wconf 79' lang='lat' dir='ltr'>diffusam</span> <span class='ocrx_word' id='word_1_67' title='bbox 257 453 321 472; x_wconf 90' lang='lat' dir='ltr'>eum</span> <span class='ocrx_word' id='word_1_68' title='bbox 330 444 468 472; x_wconf 83' lang='lat' dir='ltr'>celebrare</span> <span class='ocrx_word' id='word_1_69' title='bbox 478 442 548 471; x_wconf 88' lang='lat' dir='ltr'>dicit</span> <span class='ocrx_word' id='word_1_70' title='bbox 561 464 568 475; x_wconf 89' lang='lat'><em>,</em></span> <span class='ocrx_word' id='word_1_71' title='bbox 579 442 724 471; x_wconf 88' lang='lat' dir='ltr'>&amp;idcirco</span> <span class='ocrx_word' id='word_1_72' title='bbox 734 441 845 469; x_wconf 77' lang='lat' dir='ltr'>mandat</span> <span class='ocrx_word' id='word_1_73' title='bbox 857 462 864 474; x_wconf 91' lang='lat'>‚</span> <span class='ocrx_word' id='word_1_74' title='bbox 877 450 906 468; x_wconf 85' lang='lat' dir='ltr'>ut</span> 
     </span>
     <span class='ocr_line' id='line_1_10' title="bbox 107 481 908 522; baseline -0.009 -7"><span class='ocrx_word' id='word_1_75' title='bbox 107 496 122 515; x_wconf 78' lang='lat' dir='ltr'>a</span> <span class='ocrx_word' id='word_1_76' title='bbox 131 484 252 514; x_wconf 84' lang='lat' dir='ltr'>Clericis</span> <span class='ocrx_word' id='word_1_77' title='bbox 271 487 408 522; x_wconf 73' lang='lat' dir='ltr'>Hispania</span> <span class='ocrx_word' id='word_1_78' title='bbox 432 488 460 512; x_wconf 59' lang='grc' dir='ltr'>ἃ</span> <span class='ocrx_word' id='word_1_79' title='bbox 469 484 593 512; x_wconf 69' lang='lat' dir='ltr'>Gallicia</span> <span class='ocrx_word' id='word_1_80' title='bbox 612 482 643 511; x_wconf 87' lang='lat' dir='ltr'>in</span> <span class='ocrx_word' id='word_1_81' title='bbox 654 481 728 512; x_wconf 76' lang='lat' dir='ltr'>miss&#39;a</span> <span class='ocrx_word' id='word_1_82' title='bbox 741 481 908 511; x_wconf 87' lang='lat' dir='ltr'>Dominico-</span> 
     </span>
     <span class='ocr_line' id='line_1_11' title="bbox 106 522 909 558; baseline -0.007 -2"><span class='ocrx_word' id='word_1_83' title='bbox 106 535 168 556; x_wconf 77' lang='lat' dir='ltr'>rum</span> <span class='ocrx_word' id='word_1_84' title='bbox 180 526 288 554; x_wconf 85' lang='lat' dir='ltr'>dierum</span> <span class='ocrx_word' id='word_1_85' title='bbox 305 529 333 554; x_wconf 69' lang='grc' dir='ltr'>δε</span> <span class='ocrx_word' id='word_1_86' title='bbox 355 526 385 553; x_wconf 87' lang='lat' dir='ltr'>in</span> <span class='ocrx_word' id='word_1_87' title='bbox 406 523 624 553; x_wconf 81' lang='lat' dir='ltr'>solemnitatibus</span> <span class='ocrx_word' id='word_1_88' title='bbox 643 524 800 558; x_wconf 87' lang='lat' dir='ltr'>Martyrum</span> <span class='ocrx_word' id='word_1_89' title='bbox 810 522 909 550; x_wconf 81' lang='lat' dir='ltr'>decan-</span> 
     </span>
     <span class='ocr_line' id='line_1_12' title="bbox 109 576 205 596; baseline -0.021 0"><span class='ocrx_word' id='word_1_90' title='bbox 109 576 185 596; x_wconf 84' lang='lat' dir='ltr'>tetur</span> <span class='ocrx_word' id='word_1_91' title='bbox 196 585 205 594; x_wconf 86' lang='lat'><strong>.</strong></span> 
     </span>
    </p>

    <p class='ocr_par' dir='ltr' id='par_1_3' title="bbox 66 604 909 808">
     <span class='ocr_line' id='line_1_13' title="bbox 66 604 906 639; baseline -0.008 -2"><span class='ocrx_word' id='word_1_92' title='bbox 66 607 272 638; x_wconf 67' lang='grc' dir='ltr'>,Βεκευιετῐκι</span> <span class='ocrx_word' id='word_1_93' title='bbox 305 608 456 636; x_wconf 66' lang='lat' dir='ltr'>MouAciii</span> <span class='ocrx_word' id='word_1_94' title='bbox 469 627 477 634; x_wconf 89' lang='lat'>.</span> <span class='ocrx_word' id='word_1_95' title='bbox 509 604 584 634; x_wconf 87' lang='lat' dir='ltr'>Vide</span> <span class='ocrx_word' id='word_1_96' title='bbox 614 605 711 634; x_wconf 80' lang='lat' dir='ltr'>Abbas</span> <span class='ocrx_word' id='word_1_97' title='bbox 722 625 729 632; x_wconf 91' lang='lat'>.</span> <span class='ocrx_word' id='word_1_98' title='bbox 761 604 890 639; x_wconf 74' lang='lat' dir='ltr'>Alleluja</span> <span class='ocrx_word' id='word_1_99' title='bbox 900 624 906 630; x_wconf 91' lang='lat'><em>.</em></span> 
     </span>
     <span class='ocr_line' id='line_1_14' title="bbox 108 645 907 684; baseline -0.008 -7"><span class='ocrx_word' id='word_1_100' title='bbox 108 650 182 678; x_wconf 85' lang='lat' dir='ltr'>Ordo</span> <span class='ocrx_word' id='word_1_101' title='bbox 192 651 340 684; x_wconf 63' lang='lat' dir='ltr'>Nigrorum</span> <span class='ocrx_word' id='word_1_102' title='bbox 352 668 359 675; x_wconf 94' lang='lat'>.</span> <span class='ocrx_word' id='word_1_103' title='bbox 383 647 599 675; x_wconf 77' lang='lat' dir='ltr'>Camelaucmm</span> <span class='ocrx_word' id='word_1_104' title='bbox 608 665 616 674; x_wconf 83' lang='lat'><strong><em>.</em></strong></span> <span class='ocrx_word' id='word_1_105' title='bbox 627 645 793 675; x_wconf 71' lang='lat' dir='ltr'>Gratianum</span> <span class='ocrx_word' id='word_1_106' title='bbox 804 645 833 673; x_wconf 92' lang='lat' dir='ltr'>in</span> <span class='ocrx_word' id='word_1_107' title='bbox 842 645 907 672; x_wconf 62' lang='lat' dir='ltr'>diet.</span> 
     </span>
     <span class='ocr_line' id='line_1_15' title="bbox 110 685 909 724; baseline -0.009 -5"><span class='ocrx_word' id='word_1_108' title='bbox 110 694 217 719; x_wconf 65' lang='lat' dir='ltr'>Canen.</span> <span class='ocrx_word' id='word_1_109' title='bbox 238 688 358 716; x_wconf 60' lang='lat' dir='ltr'>Colleffa</span> <span class='ocrx_word' id='word_1_110' title='bbox 368 707 376 715; x_wconf 87' lang='lat'><strong>.</strong></span> <span class='ocrx_word' id='word_1_111' title='bbox 399 687 611 724; x_wconf 80' lang='lat' dir='ltr'>completorium</span> <span class='ocrx_word' id='word_1_112' title='bbox 624 707 631 715; x_wconf 87' lang='lat'><strong><em>.</em></strong></span> <span class='ocrx_word' id='word_1_113' title='bbox 660 690 791 715; x_wconf 79' lang='lat' dir='ltr'>Mixtum</span> <span class='ocrx_word' id='word_1_114' title='bbox 801 706 809 714; x_wconf 86' lang='lat'><strong>.</strong></span> <span class='ocrx_word' id='word_1_115' title='bbox 833 685 909 722; x_wconf 77' lang='lat' dir='ltr'>Quid</span> 
     </span>
     <span class='ocr_line' id='line_1_16' title="bbox 110 726 908 768; baseline -0.004 -10"><span class='ocrx_word' id='word_1_116' title='bbox 110 729 140 758; x_wconf 88' lang='lat' dir='ltr'>in</span> <span class='ocrx_word' id='word_1_117' title='bbox 152 738 248 758; x_wconf 85' lang='lat' dir='ltr'>eorum</span> <span class='ocrx_word' id='word_1_118' title='bbox 257 729 350 768; x_wconf 83' lang='lat' dir='ltr'>regula</span> <span class='ocrx_word' id='word_1_119' title='bbox 361 727 517 767; x_wconf 81' lang='lat' dir='ltr'>significent</span> <span class='ocrx_word' id='word_1_120' title='bbox 538 726 639 766; x_wconf 83' lang='lat' dir='ltr'>psalmi</span> <span class='ocrx_word' id='word_1_121' title='bbox 663 727 810 756; x_wconf 80' lang='lat' dir='ltr'>fortiores.</span> <span class='ocrx_word' id='word_1_122' title='bbox 834 726 908 756; x_wconf 84' lang='lat' dir='ltr'>Vide</span> 
     </span>
     <span class='ocr_line' id='line_1_17' title="bbox 110 772 258 808; baseline -0.014 -9"><span class='ocrx_word' id='word_1_123' title='bbox 110 772 240 808; x_wconf 81' lang='lat' dir='ltr'>Psalmus</span> <span class='ocrx_word' id='word_1_124' title='bbox 250 789 258 797; x_wconf 83' lang='lat'><strong><em>.</em></strong></span> 
     </span>
    </p>

    <p class='ocr_par' dir='ltr' id='par_1_4' title="bbox 69 808 916 1620">
     <span class='ocr_line' id='line_1_18' title="bbox 69 808 907 842; baseline -0.008 0"><span class='ocrx_word' id='word_1_125' title='bbox 69 813 257 842; x_wconf 64' lang='lat' dir='ltr'>stznici‘io</span> <span class='ocrx_word' id='word_1_126' title='bbox 268 829 275 836; x_wconf 94' lang='lat'>.</span> <span class='ocrx_word' id='word_1_127' title='bbox 301 811 358 839; x_wconf 69' lang='lat' dir='ltr'>PR.</span> <span class='ocrx_word' id='word_1_128' title='bbox 382 811 418 838; x_wconf 92' lang='lat' dir='ltr'>In</span> <span class='ocrx_word' id='word_1_129' title='bbox 440 808 716 838; x_wconf 79' lang='lat' dir='ltr'>veteriTestamemo</span> <span class='ocrx_word' id='word_1_130' title='bbox 727 808 842 838; x_wconf 79' lang='lat' dir='ltr'>elevatis</span> <span class='ocrx_word' id='word_1_131' title='bbox 853 818 907 836; x_wconf 77' lang='lat' dir='ltr'>ma-</span> 
     </span>
     <span class='ocr_line' id='line_1_19' title="bbox 112 849 909 888; baseline -0.004 -8"><span class='ocrx_word' id='word_1_132' title='bbox 112 853 190 881; x_wconf 84' lang='lat' dir='ltr'>nibus</span> <span class='ocrx_word' id='word_1_133' title='bbox 209 850 388 888; x_wconf 77' lang='lat' dir='ltr'>precabantur</span> <span class='ocrx_word' id='word_1_134' title='bbox 400 871 408 878; x_wconf 90' lang='lat'>.</span> <span class='ocrx_word' id='word_1_135' title='bbox 431 854 492 885; x_wconf 89' lang='lat' dir='ltr'>[Et</span> <span class='ocrx_word' id='word_1_136' title='bbox 508 850 651 878; x_wconf 84' lang='lat' dir='ltr'>benedixit</span> <span class='ocrx_word' id='word_1_137' title='bbox 675 850 770 880; x_wconf 78' lang='lat' dir='ltr'>Esdras</span> <span class='ocrx_word' id='word_1_138' title='bbox 780 849 909 879; x_wconf 90' lang='lat' dir='ltr'>Domino</span> 
     </span>
     <span class='ocr_line' id='line_1_20' title="bbox 109 891 908 930; baseline -0.005 -9"><span class='ocrx_word' id='word_1_139' title='bbox 109 893 175 923; x_wconf 91' lang='lat' dir='ltr'>Deo</span> <span class='ocrx_word' id='word_1_140' title='bbox 187 902 288 930; x_wconf 76' lang='lat' dir='ltr'>magno</span> <span class='ocrx_word' id='word_1_141' title='bbox 298 913 306 924; x_wconf 87' lang='lat'>‚</span> <span class='ocrx_word' id='word_1_142' title='bbox 331 895 358 920; x_wconf 61' lang='grc' dir='ltr'>ἃ</span> <span class='ocrx_word' id='word_1_143' title='bbox 369 891 514 929; x_wconf 80' lang='lat' dir='ltr'>respondit</span> <span class='ocrx_word' id='word_1_144' title='bbox 523 891 614 919; x_wconf 86' lang='lat' dir='ltr'>omnis</span> <span class='ocrx_word' id='word_1_145' title='bbox 637 892 755 930; x_wconf 83' lang='lat' dir='ltr'>populus</span> <span class='ocrx_word' id='word_1_146' title='bbox 768 912 776 920; x_wconf 89' lang='lat'><em>.</em></span> <span class='ocrx_word' id='word_1_147' title='bbox 798 894 890 920; x_wconf 87' lang='lat' dir='ltr'>Amen</span> <span class='ocrx_word' id='word_1_148' title='bbox 901 911 908 922; x_wconf 86' lang='lat'><em>‚</em></span> 
     </span>
     <span class='ocr_line' id='line_1_21' title="bbox 110 931 909 965; baseline -0.004 -2"><span class='ocrx_word' id='word_1_149' title='bbox 110 936 204 963; x_wconf 84' lang='lat' dir='ltr'>Amen</span> <span class='ocrx_word' id='word_1_150' title='bbox 216 944 223 963; x_wconf 85' lang='lat'>;</span> <span class='ocrx_word' id='word_1_151' title='bbox 247 932 359 960; x_wconf 84' lang='lat' dir='ltr'>elevans</span> <span class='ocrx_word' id='word_1_152' title='bbox 369 942 462 960; x_wconf 84' lang='lat' dir='ltr'>manus</span> <span class='ocrx_word' id='word_1_153' title='bbox 472 932 529 961; x_wconf 78' lang='lat' dir='ltr'>suas</span> <span class='ocrx_word' id='word_1_154' title='bbox 541 954 548 965; x_wconf 89' lang='lat'><em>‚</em></span> <span class='ocrx_word' id='word_1_155' title='bbox 571 936 599 961; x_wconf 70' lang='grc' dir='ltr'>δε</span> <span class='ocrx_word' id='word_1_156' title='bbox 622 932 759 963; x_wconf 85' lang='lat' dir='ltr'>incurvati</span> <span class='ocrx_word' id='word_1_157' title='bbox 778 931 840 961; x_wconf 86' lang='lat' dir='ltr'>sunt</span> <span class='ocrx_word' id='word_1_158' title='bbox 850 953 859 964; x_wconf 91' lang='lat'><em>‚</em></span> <span class='ocrx_word' id='word_1_159' title='bbox 881 935 909 960; x_wconf 62' lang='grc' dir='ltr'>ἃ</span> 
     </span>
     <span class='ocr_line' id='line_1_22' title="bbox 110 973 908 1011; baseline -0.005 -8"><span class='ocrx_word' id='word_1_160' title='bbox 110 974 298 1003; x_wconf 80' lang='lat' dir='ltr'>adoraverunt</span> <span class='ocrx_word' id='word_1_161' title='bbox 309 974 401 1002; x_wconf 82' lang='lat' dir='ltr'>Deum</span> <span class='ocrx_word' id='word_1_162' title='bbox 414 974 493 1011; x_wconf 88' lang='lat' dir='ltr'>proni</span> <span class='ocrx_word' id='word_1_163' title='bbox 508 974 537 1000; x_wconf 88' lang='lat' dir='ltr'>in</span> <span class='ocrx_word' id='word_1_164' title='bbox 546 982 646 1001; x_wconf 72' lang='lat' dir='ltr'>terram</span> <span class='ocrx_word' id='word_1_165' title='bbox 657 994 665 1000; x_wconf 90' lang='lat'><strong>.</strong></span> <span class='ocrx_word' id='word_1_166' title='bbox 680 986 705 1002; x_wconf 80' lang='lat'>2.</span> <span class='ocrx_word' id='word_1_167' title='bbox 716 973 823 1002; x_wconf 84' lang='lat' dir='ltr'>Esdr.8.</span> <span class='ocrx_word' id='word_1_168' title='bbox 834 981 908 1001; x_wconf 86' lang='lat' dir='ltr'>num.</span> 
     </span>
     <span class='ocr_line' id='line_1_23' title="bbox 113 1013 908 1052; baseline -0.003 -10"><span class='ocrx_word' id='word_1_169' title='bbox 113 1021 142 1043; x_wconf 82' lang='lat'>6.</span> <span class='ocrx_word' id='word_1_170' title='bbox 156 1017 168 1045; x_wconf 91' lang='lat'>]</span> <span class='ocrx_word' id='word_1_171' title='bbox 192 1014 275 1050; x_wconf 83' lang='lat' dir='ltr'>Quod</span> <span class='ocrx_word' id='word_1_172' title='bbox 298 1014 377 1042; x_wconf 80' lang='lat' dir='ltr'>fiebat</span> <span class='ocrx_word' id='word_1_173' title='bbox 400 1014 428 1041; x_wconf 90' lang='lat' dir='ltr'>in</span> <span class='ocrx_word' id='word_1_174' title='bbox 440 1015 547 1052; x_wconf 82' lang='lat' dir='ltr'>signum</span> <span class='ocrx_word' id='word_1_175' title='bbox 559 1014 708 1043; x_wconf 81' lang='lat' dir='ltr'>invocandi</span> <span class='ocrx_word' id='word_1_176' title='bbox 721 1013 908 1043; x_wconf 83' lang='lat' dir='ltr'>Altissimum:</span> 
     </span>
     <span class='ocr_line' id='line_1_24' title="bbox 113 1053 908 1089; baseline -0.001 -6"><span class='ocrx_word' id='word_1_177' title='bbox 113 1054 150 1083; x_wconf 83' lang='lat' dir='ltr'>sic</span> <span class='ocrx_word' id='word_1_178' title='bbox 163 1055 248 1082; x_wconf 78' lang='lat' dir='ltr'>etiam</span> <span class='ocrx_word' id='word_1_179' title='bbox 261 1054 290 1081; x_wconf 93' lang='lat' dir='ltr'>in</span> <span class='ocrx_word' id='word_1_180' title='bbox 299 1055 459 1089; x_wconf 81' lang='lat' dir='ltr'>juramentis</span> <span class='ocrx_word' id='word_1_181' title='bbox 469 1074 476 1081; x_wconf 92' lang='lat'>.</span> <span class='ocrx_word' id='word_1_182' title='bbox 500 1061 514 1089; x_wconf 88' lang='grc'>[</span> <span class='ocrx_word' id='word_1_183' title='bbox 524 1056 598 1083; x_wconf 90' lang='lat' dir='ltr'>Cum</span> <span class='ocrx_word' id='word_1_184' title='bbox 619 1053 749 1082; x_wconf 77' lang='lat' dir='ltr'>elevasset</span> <span class='ocrx_word' id='word_1_185' title='bbox 761 1055 888 1082; x_wconf 76' lang='lat' dir='ltr'>dextram</span> <span class='ocrx_word' id='word_1_186' title='bbox 901 1075 908 1086; x_wconf 85' lang='lat'><em>,</em></span> 
     </span>
     <span class='ocr_line' id='line_1_25' title="bbox 114 1093 911 1133; baseline -0.001 -9"><span class='ocrx_word' id='word_1_187' title='bbox 114 1099 142 1124; x_wconf 67' lang='grc' dir='ltr'>ὃ(</span> <span class='ocrx_word' id='word_1_188' title='bbox 154 1094 289 1123; x_wconf 82' lang='lat' dir='ltr'>sinistram</span> <span class='ocrx_word' id='word_1_189' title='bbox 301 1093 376 1123; x_wconf 79' lang='lat' dir='ltr'>suam</span> <span class='ocrx_word' id='word_1_190' title='bbox 386 1095 414 1122; x_wconf 86' lang='lat' dir='ltr'>in</span> <span class='ocrx_word' id='word_1_191' title='bbox 426 1095 579 1128; x_wconf 68' lang='lat' dir='ltr'>Coelmm&amp;</span> <span class='ocrx_word' id='word_1_192' title='bbox 591 1094 697 1131; x_wconf 79' lang='lat' dir='ltr'>jurafl&#39;et</span> <span class='ocrx_word' id='word_1_193' title='bbox 708 1096 911 1133; x_wconf 70' lang='lat' dir='ltr'>pervirentem</span> 
     </span>
     <span class='ocr_line' id='line_1_26' title="bbox 114 1134 911 1174; baseline -0.001 -10"><span class='ocrx_word' id='word_1_194' title='bbox 114 1136 146 1164; x_wconf 88' lang='lat' dir='ltr'>in</span> <span class='ocrx_word' id='word_1_195' title='bbox 159 1145 296 1164; x_wconf 71' lang='lat' dir='ltr'>aeternum</span> <span class='ocrx_word' id='word_1_196' title='bbox 310 1155 318 1162; x_wconf 89' lang='lat'>.</span> <span class='ocrx_word' id='word_1_197' title='bbox 343 1135 456 1164; x_wconf 83' lang='lat' dir='ltr'>Daniel.</span> <span class='ocrx_word' id='word_1_198' title='bbox 467 1145 526 1173; x_wconf 88' lang='lat' dir='ltr'>cap.</span> <span class='ocrx_word' id='word_1_199' title='bbox 545 1146 588 1164; x_wconf 85' lang='lat'>12.</span> <span class='ocrx_word' id='word_1_200' title='bbox 598 1146 627 1163; x_wconf 90' lang='lat' dir='ltr'>n.</span> <span class='ocrx_word' id='word_1_201' title='bbox 638 1138 689 1168; x_wconf 92' lang='lat'>7.]</span> <span class='ocrx_word' id='word_1_202' title='bbox 714 1138 792 1174; x_wconf 78' lang='lat' dir='ltr'>Saepe</span> <span class='ocrx_word' id='word_1_203' title='bbox 802 1136 831 1164; x_wconf 89' lang='lat' dir='ltr'>in</span> <span class='ocrx_word' id='word_1_204' title='bbox 840 1134 911 1164; x_wconf 74' lang='lat' dir='ltr'>sacra</span> 
     </span>
     <span class='ocr_line' id='line_1_27' title="bbox 112 1175 912 1215; baseline -0.001 -11"><span class='ocrx_word' id='word_1_205' title='bbox 112 1176 257 1215; x_wconf 75' lang='lat' dir='ltr'>Scriptura</span> <span class='ocrx_word' id='word_1_206' title='bbox 265 1177 299 1205; x_wconf 80' lang='lat' dir='ltr'>dc</span> <span class='ocrx_word' id='word_1_207' title='bbox 311 1175 442 1204; x_wconf 82' lang='lat' dir='ltr'>similibus</span> <span class='ocrx_word' id='word_1_208' title='bbox 454 1176 555 1204; x_wconf 66' lang='lat' dir='ltr'>astibus</span> <span class='ocrx_word' id='word_1_209' title='bbox 569 1176 597 1204; x_wconf 86' lang='lat' dir='ltr'>in</span> <span class='ocrx_word' id='word_1_210' title='bbox 615 1175 787 1205; x_wconf 82' lang='lat' dir='ltr'>conferendo</span> <span class='ocrx_word' id='word_1_211' title='bbox 796 1176 912 1205; x_wconf 82' lang='lat' dir='ltr'>benedi-</span> 
     </span>
     <span class='ocr_line' id='line_1_28' title="bbox 113 1214 912 1250; baseline 0 -5"><span class='ocrx_word' id='word_1_212' title='bbox 113 1217 229 1245; x_wconf 71' lang='lat' dir='ltr'>ffiones.</span> <span class='ocrx_word' id='word_1_213' title='bbox 244 1218 282 1250; x_wconf 81' lang='grc' dir='ltr'>.·Η;</span> <span class='ocrx_word' id='word_1_214' title='bbox 294 1217 363 1246; x_wconf 87' lang='lat' dir='ltr'>Ideo</span> <span class='ocrx_word' id='word_1_215' title='bbox 373 1215 499 1245; x_wconf 81' lang='lat' dir='ltr'>Christus</span> <span class='ocrx_word' id='word_1_216' title='bbox 509 1217 649 1245; x_wconf 79' lang='lat' dir='ltr'>Dominus</span> <span class='ocrx_word' id='word_1_217' title='bbox 660 1214 806 1245; x_wconf 85' lang='lat' dir='ltr'>ascendens</span> <span class='ocrx_word' id='word_1_218' title='bbox 815 1216 845 1245; x_wconf 89' lang='lat' dir='ltr'>in</span> <span class='ocrx_word' id='word_1_219' title='bbox 856 1227 912 1245; x_wconf 79' lang='lat' dir='ltr'>coe-</span> 
     </span>
     <span class='ocr_line' id='line_1_29' title="bbox 120 1257 911 1295; baseline -0.001 -10"><span class='ocrx_word' id='word_1_220' title='bbox 120 1258 178 1286; x_wconf 86' lang='lat' dir='ltr'>lum</span> <span class='ocrx_word' id='word_1_221' title='bbox 188 1258 303 1286; x_wconf 86' lang='lat' dir='ltr'>elevatis</span> <span class='ocrx_word' id='word_1_222' title='bbox 313 1257 436 1285; x_wconf 76' lang='lat' dir='ltr'>manibus</span> <span class='ocrx_word' id='word_1_223' title='bbox 446 1257 589 1286; x_wconf 79' lang='lat' dir='ltr'>benedixit</span> <span class='ocrx_word' id='word_1_224' title='bbox 600 1257 744 1295; x_wconf 80' lang='lat' dir='ltr'>Apostolis</span> <span class='ocrx_word' id='word_1_225' title='bbox 753 1278 760 1285; x_wconf 94' lang='lat'><strong>.</strong></span> <span class='ocrx_word' id='word_1_226' title='bbox 772 1260 852 1287; x_wconf 78' lang='lat' dir='ltr'>Lucae</span> <span class='ocrx_word' id='word_1_227' title='bbox 865 1269 911 1293; x_wconf 81' lang='lat'>24.</span> 
     </span>
     <span class='ocr_line' id='line_1_30' title="bbox 118 1296 913 1336; baseline 0 -9"><span class='ocrx_word' id='word_1_228' title='bbox 118 1300 196 1327; x_wconf 88' lang='lat' dir='ltr'>Inter</span> <span class='ocrx_word' id='word_1_229' title='bbox 206 1296 382 1327; x_wconf 72' lang='lat' dir='ltr'>Christianos</span> <span class='ocrx_word' id='word_1_230' title='bbox 392 1298 495 1326; x_wconf 86' lang='lat' dir='ltr'>deinde</span> <span class='ocrx_word' id='word_1_231' title='bbox 504 1319 512 1330; x_wconf 93' lang='lat'><em>,</em></span> <span class='ocrx_word' id='word_1_232' title='bbox 525 1308 560 1326; x_wconf 87' lang='lat' dir='ltr'>ex</span> <span class='ocrx_word' id='word_1_233' title='bbox 571 1298 773 1336; x_wconf 88' lang='lat' dir='ltr'>Apostolorum</span> <span class='ocrx_word' id='word_1_234' title='bbox 782 1299 913 1327; x_wconf 81' lang='lat' dir='ltr'>traditio-</span> 
     </span>
     <span class='ocr_line' id='line_1_31' title="bbox 110 1339 912 1378; baseline -0.002 -10"><span class='ocrx_word' id='word_1_235' title='bbox 110 1348 149 1368; x_wconf 81' lang='lat' dir='ltr'>ne</span> <span class='ocrx_word' id='word_1_236' title='bbox 158 1360 166 1371; x_wconf 87' lang='lat'>‚</span> <span class='ocrx_word' id='word_1_237' title='bbox 189 1349 273 1367; x_wconf 75' lang='lat' dir='ltr'>manu</span> <span class='ocrx_word' id='word_1_238' title='bbox 293 1339 406 1368; x_wconf 80' lang='lat' dir='ltr'>extensa</span> <span class='ocrx_word' id='word_1_239' title='bbox 424 1339 523 1368; x_wconf 80' lang='lat' dir='ltr'>Crucis</span> <span class='ocrx_word' id='word_1_240' title='bbox 541 1339 621 1378; x_wconf 78' lang='lat' dir='ltr'>signo</span> <span class='ocrx_word' id='word_1_241' title='bbox 637 1339 720 1368; x_wconf 89' lang='lat' dir='ltr'>datur</span> <span class='ocrx_word' id='word_1_242' title='bbox 738 1340 896 1368; x_wconf 70' lang='lat' dir='ltr'>benedictio</span> <span class='ocrx_word' id='word_1_243' title='bbox 905 1359 912 1366; x_wconf 88' lang='lat'><strong>.</strong></span> 
     </span>
     <span class='ocr_line' id='line_1_32' title="bbox 118 1379 913 1419; baseline 0.001 -12"><span class='ocrx_word' id='word_1_244' title='bbox 118 1380 194 1408; x_wconf 83' lang='lat' dir='ltr'>Vide</span> <span class='ocrx_word' id='word_1_245' title='bbox 205 1380 371 1409; x_wconf 76' lang='lat' dir='ltr'>Chirotonia</span> <span class='ocrx_word' id='word_1_246' title='bbox 382 1402 389 1413; x_wconf 84' lang='lat'><em>,</em></span> <span class='ocrx_word' id='word_1_247' title='bbox 413 1390 494 1419; x_wconf 87' lang='lat' dir='ltr'>quam</span> <span class='ocrx_word' id='word_1_248' title='bbox 504 1379 701 1409; x_wconf 59' lang='lat' dir='ltr'>ceremoniam</span> <span class='ocrx_word' id='word_1_249' title='bbox 711 1402 720 1414; x_wconf 88' lang='lat'><em>,</em></span> <span class='ocrx_word' id='word_1_250' title='bbox 743 1381 789 1419; x_wconf 87' lang='lat' dir='ltr'>pie</span> <span class='ocrx_word' id='word_1_251' title='bbox 800 1381 913 1409; x_wconf 88' lang='lat' dir='ltr'>creden-</span> 
     </span>
     <span class='ocr_line' id='line_1_33' title="bbox 113 1420 915 1460; baseline 0 -12"><span class='ocrx_word' id='word_1_252' title='bbox 113 1421 180 1449; x_wconf 87' lang='lat' dir='ltr'>dum</span> <span class='ocrx_word' id='word_1_253' title='bbox 190 1420 229 1449; x_wconf 84' lang='lat' dir='ltr'>est</span> <span class='ocrx_word' id='word_1_254' title='bbox 240 1431 254 1449; x_wconf 88' lang='lat' dir='ltr'>a</span> <span class='ocrx_word' id='word_1_255' title='bbox 265 1420 384 1451; x_wconf 84' lang='lat' dir='ltr'>Christo</span> <span class='ocrx_word' id='word_1_256' title='bbox 395 1421 523 1450; x_wconf 89' lang='lat' dir='ltr'>Domino</span> <span class='ocrx_word' id='word_1_257' title='bbox 544 1421 576 1450; x_wconf 86' lang='lat' dir='ltr'>in</span> <span class='ocrx_word' id='word_1_258' title='bbox 597 1421 714 1460; x_wconf 66' lang='lat' dir='ltr'>praesato</span> <span class='ocrx_word' id='word_1_259' title='bbox 737 1420 915 1450; x_wconf 80' lang='lat' dir='ltr'>Ascensionis</span> 
     </span>
     <span class='ocr_line' id='line_1_34' title="bbox 113 1460 915 1500; baseline 0.001 -11"><span class='ocrx_word' id='word_1_260' title='bbox 113 1461 160 1489; x_wconf 88' lang='lat' dir='ltr'>die</span> <span class='ocrx_word' id='word_1_261' title='bbox 168 1461 283 1490; x_wconf 73' lang='lat' dir='ltr'>initium</span> <span class='ocrx_word' id='word_1_262' title='bbox 295 1460 413 1490; x_wconf 69' lang='lat' dir='ltr'>habuisse</span> <span class='ocrx_word' id='word_1_263' title='bbox 423 1484 430 1495; x_wconf 94' lang='lat'>‚</span> <span class='ocrx_word' id='word_1_264' title='bbox 453 1463 487 1491; x_wconf 81' lang='lat' dir='ltr'>ad</span> <span class='ocrx_word' id='word_1_265' title='bbox 498 1465 572 1498; x_wconf 81' lang='lat' dir='ltr'>cujus</span> <span class='ocrx_word' id='word_1_266' title='bbox 586 1462 798 1492; x_wconf 74' lang='lat' dir='ltr'>similitudinem</span> <span class='ocrx_word' id='word_1_267' title='bbox 810 1463 915 1500; x_wconf 70' lang='lat' dir='ltr'>perasta</span> 
     </span>
     <span class='ocr_line' id='line_1_35' title="bbox 116 1500 916 1541; baseline 0.003 -12"><span class='ocrx_word' id='word_1_268' title='bbox 116 1500 195 1529; x_wconf 80' lang='lat' dir='ltr'>Missa</span> <span class='ocrx_word' id='word_1_269' title='bbox 205 1502 364 1530; x_wconf 58' lang='lat' dir='ltr'>betiediffio</span> <span class='ocrx_word' id='word_1_270' title='bbox 375 1504 480 1541; x_wconf 89' lang='lat' dir='ltr'>populo</span> <span class='ocrx_word' id='word_1_271' title='bbox 493 1503 636 1532; x_wconf 73' lang='lat' dir='ltr'>confertur</span> <span class='ocrx_word' id='word_1_272' title='bbox 647 1524 654 1530; x_wconf 81' lang='grc'><em>.</em></span> <span class='ocrx_word' id='word_1_273' title='bbox 666 1509 679 1538; x_wconf 86' lang='grc'>[</span> <span class='ocrx_word' id='word_1_274' title='bbox 693 1503 804 1532; x_wconf 85' lang='lat' dir='ltr'>Etenim</span> <span class='ocrx_word' id='word_1_275' title='bbox 813 1503 916 1532; x_wconf 90' lang='lat' dir='ltr'>Domi-</span> 
     </span>
     <span class='ocr_line' id='line_1_36' title="bbox 120 1541 916 1582; baseline 0.005 -14"><span class='ocrx_word' id='word_1_276' title='bbox 120 1551 172 1570; x_wconf 85' lang='lat' dir='ltr'>nus</span> <span class='ocrx_word' id='word_1_277' title='bbox 182 1546 246 1569; x_wconf 81' lang='lat' dir='ltr'>an&#39;te</span> <span class='ocrx_word' id='word_1_278' title='bbox 258 1541 444 1571; x_wconf 77' lang='lat' dir='ltr'>ascensionem</span> <span class='ocrx_word' id='word_1_279' title='bbox 453 1544 483 1572; x_wconf 90' lang='lat' dir='ltr'>in</span> <span class='ocrx_word' id='word_1_280' title='bbox 495 1544 582 1573; x_wconf 87' lang='lat' dir='ltr'>ccelos</span> <span class='ocrx_word' id='word_1_281' title='bbox 592 1567 599 1578; x_wconf 93' lang='lat'><em>‚</em></span> <span class='ocrx_word' id='word_1_282' title='bbox 623 1544 704 1573; x_wconf 86' lang='lat' dir='ltr'>duxit</span> <span class='ocrx_word' id='word_1_283' title='bbox 715 1543 876 1582; x_wconf 77' lang='lat' dir='ltr'>Discipulos</span> <span class='ocrx_word' id='word_1_284' title='bbox 887 1543 916 1572; x_wconf 86' lang='lat' dir='ltr'>in</span> 
     </span>
     <span class='ocr_line' id='line_1_37' title="bbox 117 1581 914 1620; baseline 0.005 -11"><span class='ocrx_word' id='word_1_285' title='bbox 117 1581 283 1610; x_wconf 79' lang='lat' dir='ltr'>Bethaniam</span> <span class='ocrx_word' id='word_1_286' title='bbox 293 1604 302 1616; x_wconf 91' lang='lat'><em>‚</em></span> <span class='ocrx_word' id='word_1_287' title='bbox 312 1582 402 1620; x_wconf 87' lang='lat' dir='ltr'>ibique</span> <span class='ocrx_word' id='word_1_288' title='bbox 411 1583 558 1613; x_wconf 86' lang='lat' dir='ltr'>benedixit</span> <span class='ocrx_word' id='word_1_289' title='bbox 569 1586 607 1613; x_wconf 87' lang='lat' dir='ltr'>eis</span> <span class='ocrx_word' id='word_1_290' title='bbox 619 1607 627 1618; x_wconf 96' lang='lat'><em>‚</em></span> <span class='ocrx_word' id='word_1_291' title='bbox 648 1588 676 1613; x_wconf 74' lang='grc' dir='ltr'>ὃς</span> <span class='ocrx_word' id='word_1_292' title='bbox 687 1583 810 1613; x_wconf 84' lang='lat' dir='ltr'>ascendit</span> <span class='ocrx_word' id='word_1_293' title='bbox 819 1585 849 1613; x_wconf 94' lang='lat' dir='ltr'>in</span> <span class='ocrx_word' id='word_1_294' title='bbox 859 1595 914 1613; x_wconf 86' lang='lat' dir='ltr'>coe·</span> 
     </span>
    </p>

    <p class='ocr_par' dir='ltr' id='par_1_5' title="bbox 115 1622 919 2439">
     <span class='ocr_line' id='line_1_38' title="bbox 122 1622 915 1663; baseline 0.006 -14"><span class='ocrx_word' id='word_1_295' title='bbox 122 1622 180 1649; x_wconf 85' lang='lat' dir='ltr'>lum</span> <span class='ocrx_word' id='word_1_296' title='bbox 191 1642 198 1649; x_wconf 93' lang='lat'>.</span> <span class='ocrx_word' id='word_1_297' title='bbox 223 1624 306 1651; x_wconf 89' lang='lat' dir='ltr'>Hunc</span> <span class='ocrx_word' id='word_1_298' title='bbox 316 1633 422 1652; x_wconf 86' lang='lat' dir='ltr'>morem</span> <span class='ocrx_word' id='word_1_299' title='bbox 433 1631 511 1653; x_wconf 86' lang='lat' dir='ltr'>tenet</span> <span class='ocrx_word' id='word_1_300' title='bbox 523 1626 649 1654; x_wconf 80' lang='lat' dir='ltr'>Sacerdos</span> <span class='ocrx_word' id='word_1_301' title='bbox 660 1646 667 1657; x_wconf 91' lang='lat'><em>,</em></span> <span class='ocrx_word' id='word_1_302' title='bbox 689 1635 720 1653; x_wconf 92' lang='lat' dir='ltr'>ut</span> <span class='ocrx_word' id='word_1_303' title='bbox 741 1626 801 1663; x_wconf 88' lang='lat' dir='ltr'>post</span> <span class='ocrx_word' id='word_1_304' title='bbox 822 1626 915 1654; x_wconf 79' lang='lat' dir='ltr'>omnia</span> 
     </span>
     <span class='ocr_line' id='line_1_39' title="bbox 115 1661 915 1705; baseline 0.005 -15"><span class='ocrx_word' id='word_1_305' title='bbox 115 1661 287 1692; x_wconf 82' lang='lat' dir='ltr'>sacramenta</span> <span class='ocrx_word' id='word_1_306' title='bbox 303 1663 495 1694; x_wconf 84' lang='lat' dir='ltr'>consummata</span> <span class='ocrx_word' id='word_1_307' title='bbox 510 1665 656 1696; x_wconf 75' lang='lat' dir='ltr'>benedicat</span> <span class='ocrx_word' id='word_1_308' title='bbox 688 1667 794 1705; x_wconf 89' lang='lat' dir='ltr'>populo</span> <span class='ocrx_word' id='word_1_309' title='bbox 803 1688 812 1700; x_wconf 86' lang='lat'><em>,</em></span> <span class='ocrx_word' id='word_1_310' title='bbox 835 1676 915 1705; x_wconf 86' lang='lat' dir='ltr'>atque</span> 
     </span>
     <span class='ocr_line' id='line_1_40' title="bbox 116 1702 914 1740; baseline 0.006 -9"><span class='ocrx_word' id='word_1_311' title='bbox 116 1702 236 1734; x_wconf 78' lang='lat' dir='ltr'>salutet;</span> <span class='ocrx_word' id='word_1_312' title='bbox 260 1704 361 1733; x_wconf 88' lang='lat' dir='ltr'>deinde</span> <span class='ocrx_word' id='word_1_313' title='bbox 373 1706 528 1738; x_wconf 64' lang='lat' dir='ltr'>revertitur</span> <span class='ocrx_word' id='word_1_314' title='bbox 538 1707 572 1735; x_wconf 87' lang='lat' dir='ltr'>ad</span> <span class='ocrx_word' id='word_1_315' title='bbox 581 1707 719 1736; x_wconf 83' lang='lat' dir='ltr'>orientem</span> <span class='ocrx_word' id='word_1_316' title='bbox 732 1729 740 1740; x_wconf 93' lang='lat'><em>,</em></span> <span class='ocrx_word' id='word_1_317' title='bbox 763 1717 794 1735; x_wconf 91' lang='lat' dir='ltr'>ut</span> <span class='ocrx_word' id='word_1_318' title='bbox 802 1707 830 1736; x_wconf 88' lang='lat' dir='ltr'>se</span> <span class='ocrx_word' id='word_1_319' title='bbox 839 1717 914 1736; x_wconf 88' lang='lat' dir='ltr'>com-</span> 
     </span>
     <span class='ocr_line' id='line_1_41' title="bbox 118 1744 915 1786; baseline 0.006 -14"><span class='ocrx_word' id='word_1_320' title='bbox 118 1744 233 1773; x_wconf 85' lang='lat' dir='ltr'>mendet</span> <span class='ocrx_word' id='word_1_321' title='bbox 241 1745 363 1774; x_wconf 87' lang='lat' dir='ltr'>Domini</span> <span class='ocrx_word' id='word_1_322' title='bbox 375 1745 542 1776; x_wconf 81' lang='lat' dir='ltr'>Ascensioni</span> <span class='ocrx_word' id='word_1_323' title='bbox 550 1769 558 1780; x_wconf 90' lang='lat'><em>,</em></span> <span class='ocrx_word' id='word_1_324' title='bbox 571 1747 696 1786; x_wconf 86' lang='lat' dir='ltr'>dicitque</span> <span class='ocrx_word' id='word_1_325' title='bbox 708 1748 861 1781; x_wconf 81' lang='lat' dir='ltr'>Diaconns,</span> <span class='ocrx_word' id='word_1_326' title='bbox 872 1750 915 1777; x_wconf 88' lang='lat' dir='ltr'>Ite</span> 
     </span>
     <span class='ocr_line' id='line_1_42' title="bbox 119 1784 914 1826; baseline 0.008 -14"><span class='ocrx_word' id='word_1_327' title='bbox 119 1784 197 1813; x_wconf 77' lang='lat' dir='ltr'>Miss&#39;a</span> <span class='ocrx_word' id='word_1_328' title='bbox 207 1785 264 1814; x_wconf 83' lang='lat' dir='ltr'>est.</span> <span class='ocrx_word' id='word_1_329' title='bbox 287 1787 409 1816; x_wconf 82' lang='lat' dir='ltr'>Amalar.</span> <span class='ocrx_word' id='word_1_330' title='bbox 422 1788 469 1816; x_wconf 86' lang='lat' dir='ltr'>lib.</span> <span class='ocrx_word' id='word_1_331' title='bbox 481 1799 495 1826; x_wconf 89' lang='lat'><em>3</em></span> <span class='ocrx_word' id='word_1_332' title='bbox 504 1809 510 1815; x_wconf 95' lang='lat'>.</span> <span class='ocrx_word' id='word_1_333' title='bbox 519 1788 553 1817; x_wconf 90' lang='lat' dir='ltr'>de</span> <span class='ocrx_word' id='word_1_334' title='bbox 564 1787 609 1817; x_wconf 80' lang='lat' dir='ltr'>off.</span> <span class='ocrx_word' id='word_1_335' title='bbox 621 1799 644 1816; x_wconf 88' lang='lat' dir='ltr'>c.</span> <span class='ocrx_word' id='word_1_336' title='bbox 657 1790 728 1826; x_wconf 88' lang='lat'><strong>36.]</strong></span> <span class='ocrx_word' id='word_1_337' title='bbox 750 1791 791 1818; x_wconf 85' lang='lat' dir='ltr'>At</span> <span class='ocrx_word' id='word_1_338' title='bbox 803 1788 862 1817; x_wconf 79' lang='lat' dir='ltr'>haec</span> <span class='ocrx_word' id='word_1_339' title='bbox 871 1790 914 1818; x_wconf 78' lang='lat' dir='ltr'>bc-</span> 
     </span>
     <span class='ocr_line' id='line_1_43' title="bbox 120 1824 914 1868; baseline 0.005 -13"><span class='ocrx_word' id='word_1_340' title='bbox 120 1824 420 1868; x_wconf 65' lang='lat' dir='ltr'>nedictioaSacerdote</span> <span class='ocrx_word' id='word_1_341' title='bbox 428 1829 541 1857; x_wconf 75' lang='lat' dir='ltr'>dabatur</span> <span class='ocrx_word' id='word_1_342' title='bbox 552 1829 712 1858; x_wconf 78' lang='lat' dir='ltr'>immediate</span> <span class='ocrx_word' id='word_1_343' title='bbox 721 1830 781 1867; x_wconf 82' lang='lat' dir='ltr'>post</span> <span class='ocrx_word' id='word_1_344' title='bbox 792 1839 914 1859; x_wconf 87' lang='lat' dir='ltr'>commu-</span> 
     </span>
     <span class='ocr_line' id='line_1_44' title="bbox 124 1869 914 1902; baseline 0.008 -10"><span class='ocrx_word' id='word_1_345' title='bbox 124 1874 242 1894; x_wconf 84' lang='lat' dir='ltr'>monem</span> <span class='ocrx_word' id='word_1_346' title='bbox 253 1887 261 1899; x_wconf 95' lang='lat'><em>‚</em></span> <span class='ocrx_word' id='word_1_347' title='bbox 282 1877 313 1896; x_wconf 89' lang='lat' dir='ltr'>ut</span> <span class='ocrx_word' id='word_1_348' title='bbox 321 1879 354 1897; x_wconf 87' lang='lat' dir='ltr'>ex</span> <span class='ocrx_word' id='word_1_349' title='bbox 367 1869 480 1898; x_wconf 63' lang='lat' dir='ltr'>adducta</span> <span class='ocrx_word' id='word_1_350' title='bbox 499 1870 662 1898; x_wconf 67' lang='lat' dir='ltr'>auctoritate</span> <span class='ocrx_word' id='word_1_351' title='bbox 675 1891 682 1902; x_wconf 90' lang='lat'>,</span> <span class='ocrx_word' id='word_1_352' title='bbox 703 1873 732 1899; x_wconf 74' lang='grc' dir='ltr'>δε</span> <span class='ocrx_word' id='word_1_353' title='bbox 741 1881 774 1899; x_wconf 88' lang='lat' dir='ltr'>ex</span> <span class='ocrx_word' id='word_1_354' title='bbox 785 1871 845 1899; x_wconf 81' lang='lat' dir='ltr'>aliis</span> <span class='ocrx_word' id='word_1_355' title='bbox 855 1873 914 1900; x_wconf 79' lang='lat' dir='ltr'>Au-</span> 
     </span>
     <span class='ocr_line' id='line_1_45' title="bbox 121 1906 913 1949; baseline 0.009 -16"><span class='ocrx_word' id='word_1_356' title='bbox 121 1906 242 1949; x_wconf 53' lang='lat' dir='ltr'>storibus</span> <span class='ocrx_word' id='word_1_357' title='bbox 253 1907 415 1947; x_wconf 87' lang='lat' dir='ltr'>colligitur:</span> <span class='ocrx_word' id='word_1_358' title='bbox 438 1908 492 1938; x_wconf 90' lang='lat' dir='ltr'>soli</span> <span class='ocrx_word' id='word_1_359' title='bbox 502 1910 577 1939; x_wconf 86' lang='lat' dir='ltr'>enin&#39;i</span> <span class='ocrx_word' id='word_1_360' title='bbox 596 1910 729 1940; x_wconf 82' lang='lat' dir='ltr'>Pontifici</span> <span class='ocrx_word' id='word_1_361' title='bbox 739 1914 871 1940; x_wconf 81' lang='lat' dir='ltr'>Romano</span> <span class='ocrx_word' id='word_1_362' title='bbox 881 1912 913 1940; x_wconf 85' lang='lat' dir='ltr'>li-</span> 
     </span>
     <span class='ocr_line' id='line_1_46' title="bbox 122 1947 914 1990; baseline 0.01 -17"><span class='ocrx_word' id='word_1_363' title='bbox 122 1956 208 1975; x_wconf 80' lang='lat' dir='ltr'>citum</span> <span class='ocrx_word' id='word_1_364' title='bbox 217 1947 316 1977; x_wconf 82' lang='lat' dir='ltr'>eratin</span> <span class='ocrx_word' id='word_1_365' title='bbox 330 1949 386 1978; x_wconf 82' lang='lat' dir='ltr'>fine</span> <span class='ocrx_word' id='word_1_366' title='bbox 395 1951 480 1979; x_wconf 74' lang='lat' dir='ltr'>Miflae</span> <span class='ocrx_word' id='word_1_367' title='bbox 491 1952 651 1980; x_wconf 85' lang='lat' dir='ltr'>benedicere</span> <span class='ocrx_word' id='word_1_368' title='bbox 662 1951 767 1990; x_wconf 82' lang='lat' dir='ltr'>populo</span> <span class='ocrx_word' id='word_1_369' title='bbox 778 1973 784 1979; x_wconf 91' lang='lat'><em>.</em></span> <span class='ocrx_word' id='word_1_370' title='bbox 808 1953 914 1982; x_wconf 83' lang='lat' dir='ltr'>Radul-</span> 
     </span>
     <span class='ocr_line' id='line_1_47' title="bbox 122 1986 916 2032; baseline 0.011 -18"><span class='ocrx_word' id='word_1_371' title='bbox 122 1986 172 2032; x_wconf 73' lang='lat' dir='ltr'>pb.</span> <span class='ocrx_word' id='word_1_372' title='bbox 185 1987 295 2026; x_wconf 79' lang='lat' dir='ltr'>propos.</span> <span class='ocrx_word' id='word_1_373' title='bbox 308 2000 353 2027; x_wconf 61' lang='grc' dir='ltr'>τις.</span> <span class='ocrx_word' id='word_1_374' title='bbox 376 1992 472 2030; x_wconf 80' lang='lat' dir='ltr'>Itaque</span> <span class='ocrx_word' id='word_1_375' title='bbox 483 1992 583 2032; x_wconf 79' lang='lat' dir='ltr'>reliqui</span> <span class='ocrx_word' id='word_1_376' title='bbox 593 1993 759 2022; x_wconf 81' lang='lat' dir='ltr'>celebrantes</span> <span class='ocrx_word' id='word_1_377' title='bbox 770 1992 874 2022; x_wconf 87' lang='lat' dir='ltr'>sacrum</span> <span class='ocrx_word' id='word_1_378' title='bbox 885 1994 916 2023; x_wconf 83' lang='lat' dir='ltr'>fi·</span> 
     </span>
     <span class='ocr_line' id='line_1_48' title="bbox 124 2029 915 2073; baseline 0.01 -17"><span class='ocrx_word' id='word_1_379' title='bbox 124 2029 236 2057; x_wconf 80' lang='lat' dir='ltr'>niebant</span> <span class='ocrx_word' id='word_1_380' title='bbox 247 2029 281 2057; x_wconf 83' lang='lat' dir='ltr'>ad</span> <span class='ocrx_word' id='word_1_381' title='bbox 293 2031 452 2060; x_wconf 82' lang='lat' dir='ltr'>orationem</span> <span class='ocrx_word' id='word_1_382' title='bbox 463 2033 537 2062; x_wconf 82' lang='lat' dir='ltr'>illam</span> <span class='ocrx_word' id='word_1_383' title='bbox 548 2055 556 2066; x_wconf 89' lang='lat'><em>,</em></span> <span class='ocrx_word' id='word_1_384' title='bbox 578 2034 759 2063; x_wconf 72' lang='lat' dir='ltr'>Placeae‘tibi</span> <span class='ocrx_word' id='word_1_385' title='bbox 771 2033 830 2067; x_wconf 58' lang='lat' dir='ltr'>&amp;a</span> <span class='ocrx_word' id='word_1_386' title='bbox 841 2036 915 2073; x_wconf 91' lang='lat' dir='ltr'>quod</span> 
     </span>
     <span class='ocr_line' id='line_1_49' title="bbox 123 2068 916 2113; baseline 0.008 -16"><span class='ocrx_word' id='word_1_387' title='bbox 123 2078 159 2113; x_wconf 67' lang='lat' dir='ltr'>eit</span> <span class='ocrx_word' id='word_1_388' title='bbox 169 2068 344 2108; x_wconf 82' lang='lat' dir='ltr'>sequentibus</span> <span class='ocrx_word' id='word_1_389' title='bbox 354 2073 444 2112; x_wconf 61' lang='lat' dir='ltr'>verbis</span> <span class='ocrx_word' id='word_1_390' title='bbox 463 2083 536 2112; x_wconf 79' lang='lat' dir='ltr'>patet</span> <span class='ocrx_word' id='word_1_391' title='bbox 549 2097 556 2107; x_wconf 94' lang='lat'><em>,</em></span> <span class='ocrx_word' id='word_1_392' title='bbox 578 2084 677 2112; x_wconf 86' lang='lat' dir='ltr'>nempe</span> <span class='ocrx_word' id='word_1_393' title='bbox 686 2094 694 2102; x_wconf 83' lang='lat'><strong>.</strong></span> <span class='ocrx_word' id='word_1_394' title='bbox 717 2080 731 2110; x_wconf 87' lang='grc'>[</span> <span class='ocrx_word' id='word_1_395' title='bbox 742 2074 844 2103; x_wconf 82' lang='lat' dir='ltr'>Finitis</span> <span class='ocrx_word' id='word_1_396' title='bbox 853 2086 916 2104; x_wconf 91' lang='lat' dir='ltr'>om-</span> 
     </span>
     <span class='ocr_line' id='line_1_50' title="bbox 127 2109 916 2153; baseline 0.01 -16"><span class='ocrx_word' id='word_1_397' title='bbox 127 2110 206 2153; x_wconf 72' lang='lat' dir='ltr'>nibus</span> <span class='ocrx_word' id='word_1_398' title='bbox 214 2109 351 2140; x_wconf 83' lang='lat' dir='ltr'>osculatur</span> <span class='ocrx_word' id='word_1_399' title='bbox 360 2114 502 2148; x_wconf 74' lang='lat' dir='ltr'>Presbyter</span> <span class='ocrx_word' id='word_1_400' title='bbox 513 2117 611 2145; x_wconf 82' lang='lat' dir='ltr'>Altare</span> <span class='ocrx_word' id='word_1_401' title='bbox 628 2115 722 2143; x_wconf 81' lang='lat' dir='ltr'>dicens</span> <span class='ocrx_word' id='word_1_402' title='bbox 733 2125 739 2142; x_wconf 75' lang='grc' dir='ltr'><strong><em>ε</em></strong></span> <span class='ocrx_word' id='word_1_403' title='bbox 761 2116 872 2145; x_wconf 75' lang='lat' dir='ltr'>Placeat</span> <span class='ocrx_word' id='word_1_404' title='bbox 881 2117 916 2145; x_wconf 87' lang='lat' dir='ltr'>ti-</span> 
     </span>
     <span class='ocr_line' id='line_1_51' title="bbox 127 2149 916 2186; baseline 0.011 -9"><span class='ocrx_word' id='word_1_405' title='bbox 127 2151 156 2178; x_wconf 86' lang='lat' dir='ltr'>bi</span> <span class='ocrx_word' id='word_1_406' title='bbox 165 2149 256 2180; x_wconf 60' lang='lat' dir='ltr'>saneta</span> <span class='ocrx_word' id='word_1_407' title='bbox 267 2152 388 2181; x_wconf 74' lang='lat' dir='ltr'>Trinitas</span> <span class='ocrx_word' id='word_1_408' title='bbox 397 2173 404 2181; x_wconf 85' lang='lat'><strong>.</strong></span> <span class='ocrx_word' id='word_1_409' title='bbox 426 2155 538 2184; x_wconf 87' lang='lat' dir='ltr'>Deinde</span> <span class='ocrx_word' id='word_1_410' title='bbox 548 2155 630 2184; x_wconf 82' lang='lat' dir='ltr'>sacris</span> <span class='ocrx_word' id='word_1_411' title='bbox 641 2156 758 2185; x_wconf 81' lang='lat' dir='ltr'>vestibus</span> <span class='ocrx_word' id='word_1_412' title='bbox 767 2154 795 2184; x_wconf 89' lang='lat' dir='ltr'>se</span> <span class='ocrx_word' id='word_1_413' title='bbox 805 2167 916 2186; x_wconf 82' lang='lat' dir='ltr'>exuens.</span> 
     </span>
     <span class='ocr_line' id='line_1_52' title="bbox 122 2190 916 2236; baseline 0.01 -18"><span class='ocrx_word' id='word_1_414' title='bbox 122 2190 210 2220; x_wconf 85' lang='lat' dir='ltr'>Ordo</span> <span class='ocrx_word' id='word_1_415' title='bbox 216 2194 304 2236; x_wconf 57' lang='lat' dir='ltr'>Rom.</span> <span class='ocrx_word' id='word_1_416' title='bbox 317 2196 329 2225; x_wconf 91' lang='lat'><em>]</em></span> <span class='ocrx_word' id='word_1_417' title='bbox 354 2193 432 2223; x_wconf 88' lang='lat' dir='ltr'>Idem</span> <span class='ocrx_word' id='word_1_418' title='bbox 441 2196 498 2235; x_wconf 81' lang='lat' dir='ltr'>legi</span> <span class='ocrx_word' id='word_1_419' title='bbox 509 2196 540 2225; x_wconf 90' lang='lat' dir='ltr'>in</span> <span class='ocrx_word' id='word_1_420' title='bbox 549 2197 666 2236; x_wconf 77' lang='lat' dir='ltr'>quodam</span> <span class='ocrx_word' id='word_1_421' title='bbox 677 2198 867 2226; x_wconf 72' lang='lat' dir='ltr'>caeremoniali</span> <span class='ocrx_word' id='word_1_422' title='bbox 878 2201 916 2227; x_wconf 87' lang='lat' dir='ltr'>M.</span> 
     </span>
     <span class='ocr_line' id='line_1_53' title="bbox 125 2230 917 2274; baseline 0.011 -15"><span class='ocrx_word' id='word_1_423' title='bbox 125 2230 154 2274; x_wconf 76' lang='lat' dir='ltr'>S’.</span> <span class='ocrx_word' id='word_1_424' title='bbox 165 2241 281 2272; x_wconf 82' lang='lat' dir='ltr'>antiquo</span> <span class='ocrx_word' id='word_1_425' title='bbox 299 2234 423 2263; x_wconf 76' lang='lat' dir='ltr'>Abbatiae</span> <span class='ocrx_word' id='word_1_426' title='bbox 442 2237 535 2265; x_wconf 87' lang='lat' dir='ltr'>Mileti</span> <span class='ocrx_word' id='word_1_427' title='bbox 552 2238 586 2266; x_wconf 87' lang='lat' dir='ltr'>de</span> <span class='ocrx_word' id='word_1_428' title='bbox 600 2241 678 2267; x_wconf 76' lang='lat' dir='ltr'>‘anno</span> <span class='ocrx_word' id='word_1_429' title='bbox 693 2247 776 2274; x_wconf 68' lang='lat'>¹509‹</span> <span class='ocrx_word' id='word_1_430' title='bbox 788 2248 900 2270; x_wconf 79' lang='lat' dir='ltr'>exarato</span> <span class='ocrx_word' id='word_1_431' title='bbox 910 2260 917 2267; x_wconf 93' lang='lat'><em>.</em></span> 
     </span>
     <span class='ocr_line' id='line_1_54' title="bbox 125 2271 919 2318; baseline 0.013 -20"><span class='ocrx_word' id='word_1_432' title='bbox 125 2271 170 2299; x_wconf 82' lang='lat' dir='ltr'>Sic</span> <span class='ocrx_word' id='word_1_433' title='bbox 179 2273 263 2317; x_wconf 80' lang='lat' dir='ltr'>etiam</span> <span class='ocrx_word' id='word_1_434' title='bbox 274 2274 423 2304; x_wconf 82' lang='lat' dir='ltr'>observant</span> <span class='ocrx_word' id='word_1_435' title='bbox 442 2277 618 2308; x_wconf 77' lang='lat' dir='ltr'>Carthusiani</span> <span class='ocrx_word' id='word_1_436' title='bbox 629 2301 638 2312; x_wconf 86' lang='lat'><em>,</em></span> <span class='ocrx_word' id='word_1_437' title='bbox 660 2279 708 2318; x_wconf 86' lang='lat' dir='ltr'>qui</span> <span class='ocrx_word' id='word_1_438' title='bbox 721 2289 778 2307; x_wconf 88' lang='lat' dir='ltr'>non</span> <span class='ocrx_word' id='word_1_439' title='bbox 786 2279 853 2308; x_wconf 85' lang='lat' dir='ltr'>dant</span> <span class='ocrx_word' id='word_1_440' title='bbox 871 2280 919 2308; x_wconf 87' lang='lat' dir='ltr'>be-</span> 
     </span>
     <span class='ocr_line' id='line_1_55' title="bbox 124 2313 917 2359; baseline 0.013 -19"><span class='ocrx_word' id='word_1_441' title='bbox 124 2313 316 2344; x_wconf 67' lang='lat' dir='ltr'>nediffionem</span> <span class='ocrx_word' id='word_1_442' title='bbox 327 2315 359 2344; x_wconf 90' lang='lat' dir='ltr'>in</span> <span class='ocrx_word' id='word_1_443' title='bbox 368 2316 423 2345; x_wconf 84' lang='lat' dir='ltr'>fine</span> <span class='ocrx_word' id='word_1_444' title='bbox 432 2317 518 2346; x_wconf 69' lang='lat' dir='ltr'>Missae</span> <span class='ocrx_word' id='word_1_445' title='bbox 529 2339 538 2351; x_wconf 87' lang='lat'><em>,</em></span> <span class='ocrx_word' id='word_1_446' title='bbox 555 2329 605 2348; x_wconf 89' lang='lat' dir='ltr'>nee</span> <span class='ocrx_word' id='word_1_447' title='bbox 625 2320 724 2348; x_wconf 84' lang='lat' dir='ltr'>dicunt</span> <span class='ocrx_word' id='word_1_448' title='bbox 735 2320 917 2359; x_wconf 82' lang='lat' dir='ltr'>Evangelium</span> 
     </span>
     <span class='ocr_line' id='line_1_56' title="bbox 122 2351 917 2401; baseline 0.013 -20"><span class='ocrx_word' id='word_1_449' title='bbox 122 2351 210 2382; x_wconf 63' lang='lat' dir='ltr'>sanai</span> <span class='ocrx_word' id='word_1_450' title='bbox 228 2356 343 2394; x_wconf 77' lang='lat' dir='ltr'>Joannis</span> <span class='ocrx_word' id='word_1_451' title='bbox 362 2357 393 2385; x_wconf 92' lang='lat' dir='ltr'>in</span> <span class='ocrx_word' id='word_1_452' title='bbox 413 2357 485 2390; x_wconf 73' lang='lat' dir='ltr'>sines</span> <span class='ocrx_word' id='word_1_453' title='bbox 508 2358 572 2388; x_wconf 80' lang='lat' dir='ltr'>ideo</span> <span class='ocrx_word' id='word_1_454' title='bbox 590 2360 666 2389; x_wconf 87' lang='lat' dir='ltr'>enim</span> <span class='ocrx_word' id='word_1_455' title='bbox 682 2360 839 2389; x_wconf 70' lang='lat' dir='ltr'>benedistio</span> <span class='ocrx_word' id='word_1_456' title='bbox 854 2362 917 2401; x_wconf 86' lang='lat' dir='ltr'>post</span> 
     </span>
     <span class='ocr_line' id='line_1_57' title="bbox 118 2397 916 2439; baseline 0.01 -15"><span class='ocrx_word' id='word_1_457' title='bbox 118 2397 350 2428; x_wconf 61' lang='lat' dir='ltr'>cummunionem</span> <span class='ocrx_word' id='word_1_458' title='bbox 368 2398 480 2429; x_wconf 82' lang='lat' dir='ltr'>dabatur</span> <span class='ocrx_word' id='word_1_459' title='bbox 489 2420 499 2434; x_wconf 85' lang='lat'><em>,</em></span> <span class='ocrx_word' id='word_1_460' title='bbox 521 2410 552 2430; x_wconf 91' lang='lat' dir='ltr'>ut</span> <span class='ocrx_word' id='word_1_461' title='bbox 572 2400 619 2439; x_wconf 88' lang='lat' dir='ltr'>qui</span> <span class='ocrx_word' id='word_1_462' title='bbox 641 2400 839 2432; x_wconf 68' lang='lat' dir='ltr'>eucharistiam</span> <span class='ocrx_word' id='word_1_463' title='bbox 857 2412 916 2432; x_wconf 89' lang='lat' dir='ltr'>non</span> 
     </span>
    </p>
   </div>
   <div class='ocr_carea' id='block_1_2' title="bbox 1260 55 1700 110">
    <p class='ocr_par' dir='ltr' id='par_1_6' title="bbox 1260 55 1700 110">
     <span class='ocr_line' id='line_1_58' title="bbox 1260 55 1700 110; baseline 0.009 -13"><span class='ocrx_word' id='word_1_464' title='bbox 1260 56 1295 98; x_wconf 90' lang='grc' dir='ltr'>Β</span> <span class='ocrx_word' id='word_1_465' title='bbox 1326 55 1363 97; x_wconf 90' lang='lat' dir='ltr'>E</span> <span class='ocrx_word' id='word_1_466' title='bbox 1626 72 1700 110; x_wconf 86' lang='lat'>107</span> 
     </span>
    </p>
   </div>
   <div class='ocr_carea' id='block_1_3' title="bbox 957 107 1763 2474">
    <p class='ocr_par' dir='ltr' id='par_1_7' title="bbox 957 107 1763 2474">
     <span class='ocr_line' id='line_1_59' title="bbox 957 107 1756 152; baseline 0.005 -12"><span class='ocrx_word' id='word_1_467' title='bbox 957 107 1150 152; x_wconf 76' lang='lat' dir='ltr'>susceperant,</span> <span class='ocrx_word' id='word_1_468' title='bbox 1171 111 1269 143; x_wconf 88' lang='lat' dir='ltr'>saltem</span> <span class='ocrx_word' id='word_1_469' title='bbox 1285 123 1348 142; x_wconf 91' lang='lat' dir='ltr'>cum</span> <span class='ocrx_word' id='word_1_470' title='bbox 1367 112 1415 142; x_wconf 83' lang='lat' dir='ltr'>illa</span> <span class='ocrx_word' id='word_1_471' title='bbox 1430 113 1624 145; x_wconf 53' lang='lat' dir='ltr'>benedictione</span> <span class='ocrx_word' id='word_1_472' title='bbox 1632 115 1756 146; x_wconf 85' lang='lat' dir='ltr'>discede-</span> 
     </span>
     <span class='ocr_line' id='line_1_60' title="bbox 962 153 1756 194; baseline 0.006 -13"><span class='ocrx_word' id='word_1_473' title='bbox 962 162 1026 182; x_wconf 70' lang='lat' dir='ltr'>mnt</span> <span class='ocrx_word' id='word_1_474' title='bbox 1035 174 1042 182; x_wconf 91' lang='lat'><strong>.</strong></span> <span class='ocrx_word' id='word_1_475' title='bbox 1066 153 1177 184; x_wconf 83' lang='lat' dir='ltr'>Microl.</span> <span class='ocrx_word' id='word_1_476' title='bbox 1193 165 1217 183; x_wconf 85' lang='lat' dir='ltr'>c.</span> <span class='ocrx_word' id='word_1_477' title='bbox 1231 165 1278 184; x_wconf 80' lang='lat'>21.</span> <span class='ocrx_word' id='word_1_478' title='bbox 1300 155 1377 184; x_wconf 89' lang='lat' dir='ltr'>Sicut</span> <span class='ocrx_word' id='word_1_479' title='bbox 1397 155 1484 194; x_wconf 81' lang='lat' dir='ltr'>aliqui</span> <span class='ocrx_word' id='word_1_480' title='bbox 1500 156 1660 185; x_wconf 82' lang='lat' dir='ltr'>Sacerdotes</span> <span class='ocrx_word' id='word_1_481' title='bbox 1671 156 1756 186; x_wconf 85' lang='lat' dir='ltr'>hodie</span> 
     </span>
     <span class='ocr_line' id='line_1_61' title="bbox 962 193 1757 235; baseline 0.003 -13"><span class='ocrx_word' id='word_1_482' title='bbox 962 193 1134 225; x_wconf 84' lang='lat' dir='ltr'>laudabiliter</span> <span class='ocrx_word' id='word_1_483' title='bbox 1146 217 1154 230; x_wconf 92' lang='lat'><em>,</em></span> <span class='ocrx_word' id='word_1_484' title='bbox 1177 196 1289 234; x_wconf 83' lang='lat' dir='ltr'>quando</span> <span class='ocrx_word' id='word_1_485' title='bbox 1307 195 1367 235; x_wconf 86' lang='lat' dir='ltr'>post</span> <span class='ocrx_word' id='word_1_486' title='bbox 1387 195 1492 224; x_wconf 67' lang='lat' dir='ltr'>Missam</span> <span class='ocrx_word' id='word_1_487' title='bbox 1502 218 1510 230; x_wconf 93' lang='lat'><em>‚</em></span> <span class='ocrx_word' id='word_1_488' title='bbox 1534 197 1579 224; x_wconf 89' lang='lat' dir='ltr'>vel</span> <span class='ocrx_word' id='word_1_489' title='bbox 1599 207 1676 226; x_wconf 81' lang='lat' dir='ltr'>extra</span> <span class='ocrx_word' id='word_1_490' title='bbox 1697 207 1757 226; x_wconf 83' lang='lat' dir='ltr'>eam</span> 
     </span>
     <span class='ocr_line' id='line_1_62' title="bbox 963 235 1756 277; baseline 0 -13"><span class='ocrx_word' id='word_1_491' title='bbox 963 235 1168 265; x_wconf 81' lang='lat' dir='ltr'>communicare</span> <span class='ocrx_word' id='word_1_492' title='bbox 1177 236 1268 266; x_wconf 89' lang='lat' dir='ltr'>solent</span> <span class='ocrx_word' id='word_1_493' title='bbox 1279 258 1285 269; x_wconf 91' lang='lat'><em>,</em></span> <span class='ocrx_word' id='word_1_494' title='bbox 1309 237 1376 265; x_wconf 86' lang='lat' dir='ltr'>dant</span> <span class='ocrx_word' id='word_1_495' title='bbox 1386 237 1588 266; x_wconf 68' lang='lat' dir='ltr'>benedic‘tionis</span> <span class='ocrx_word' id='word_1_496' title='bbox 1598 238 1705 277; x_wconf 83' lang='lat' dir='ltr'>signum</span> <span class='ocrx_word' id='word_1_497' title='bbox 1728 248 1756 264; x_wconf 79' lang='lat' dir='ltr'>in</span> 
     </span>
     <span class='ocr_line' id='line_1_63' title="bbox 964 275 1759 316; baseline -0.001 -11"><span class='ocrx_word' id='word_1_498' title='bbox 964 275 1019 306; x_wconf 83' lang='lat' dir='ltr'>fine</span> <span class='ocrx_word' id='word_1_499' title='bbox 1031 277 1105 306; x_wconf 88' lang='lat' dir='ltr'>illius</span> <span class='ocrx_word' id='word_1_500' title='bbox 1115 279 1320 306; x_wconf 82' lang='lat' dir='ltr'>communionis</span> <span class='ocrx_word' id='word_1_501' title='bbox 1331 287 1382 316; x_wconf 90' lang='lat' dir='ltr'>pro</span> <span class='ocrx_word' id='word_1_502' title='bbox 1404 288 1462 307; x_wconf 91' lang='lat' dir='ltr'>non</span> <span class='ocrx_word' id='word_1_503' title='bbox 1471 279 1682 307; x_wconf 84' lang='lat' dir='ltr'>communicatis</span> <span class='ocrx_word' id='word_1_504' title='bbox 1693 299 1700 306; x_wconf 89' lang='lat'><strong>.</strong></span> <span class='ocrx_word' id='word_1_505' title='bbox 1724 279 1759 306; x_wconf 76' lang='lat'>111</span> 
     </span>
     <span class='ocr_line' id='line_1_64' title="bbox 958 316 1757 357; baseline 0 -11"><span class='ocrx_word' id='word_1_506' title='bbox 958 316 1092 356; x_wconf 73' lang='lat' dir='ltr'>praesenti</span> <span class='ocrx_word' id='word_1_507' title='bbox 1103 319 1259 348; x_wconf 79' lang='lat' dir='ltr'>Parifiensis</span> <span class='ocrx_word' id='word_1_508' title='bbox 1270 318 1504 357; x_wconf 81' lang='lat' dir='ltr'>Archiepiscopus</span> <span class='ocrx_word' id='word_1_509' title='bbox 1513 318 1676 348; x_wconf 81' lang='lat' dir='ltr'>solemniter</span> <span class='ocrx_word' id='word_1_510' title='bbox 1684 319 1757 348; x_wconf 77' lang='lat' dir='ltr'>cele—</span> 
     </span>
     <span class='ocr_line' id='line_1_65' title="bbox 963 359 1757 398; baseline -0.004 -9"><span class='ocrx_word' id='word_1_511' title='bbox 963 360 1041 389; x_wconf 88' lang='lat' dir='ltr'>brans</span> <span class='ocrx_word' id='word_1_512' title='bbox 1053 380 1061 393; x_wconf 92' lang='lat'><em>,</em></span> <span class='ocrx_word' id='word_1_513' title='bbox 1078 359 1139 398; x_wconf 89' lang='lat' dir='ltr'>post</span> <span class='ocrx_word' id='word_1_514' title='bbox 1148 359 1375 389; x_wconf 88' lang='lat' dir='ltr'>communionem</span> <span class='ocrx_word' id='word_1_515' title='bbox 1386 359 1471 388; x_wconf 75' lang='lat' dir='ltr'>Mifi&#39;ae</span> <span class='ocrx_word' id='word_1_516' title='bbox 1485 361 1589 398; x_wconf 79' lang='lat' dir='ltr'>populo</span> <span class='ocrx_word' id='word_1_517' title='bbox 1598 359 1738 389; x_wconf 85' lang='lat' dir='ltr'>benedicit</span> <span class='ocrx_word' id='word_1_518' title='bbox 1749 378 1757 386; x_wconf 90' lang='lat'><strong>.</strong></span> 
     </span>
     <span class='ocr_line' id='line_1_66' title="bbox 968 400 1757 440; baseline 0 -12"><span class='ocrx_word' id='word_1_519' title='bbox 968 400 1088 435; x_wconf 83' lang='lat' dir='ltr'>Quando</span> <span class='ocrx_word' id='word_1_520' title='bbox 1097 411 1191 430; x_wconf 81' lang='lat' dir='ltr'>corant</span> <span class='ocrx_word' id='word_1_521' title='bbox 1198 403 1302 440; x_wconf 75' lang='lat' dir='ltr'>legato</span> <span class='ocrx_word' id='word_1_522' title='bbox 1314 400 1477 439; x_wconf 78' lang='lat' dir='ltr'>Apostolico</span> <span class='ocrx_word' id='word_1_523' title='bbox 1488 423 1496 434; x_wconf 84' lang='lat'><em>,</em></span> <span class='ocrx_word' id='word_1_524' title='bbox 1510 402 1554 429; x_wconf 89' lang='lat' dir='ltr'>vel</span> <span class='ocrx_word' id='word_1_525' title='bbox 1566 401 1622 429; x_wconf 87' lang='lat' dir='ltr'>loci</span> <span class='ocrx_word' id='word_1_526' title='bbox 1631 401 1757 431; x_wconf 85' lang='lat' dir='ltr'>Ordina-</span> 
     </span>
     <span class='ocr_line' id='line_1_67' title="bbox 966 441 1757 481; baseline 0 -11"><span class='ocrx_word' id='word_1_527' title='bbox 966 441 1010 470; x_wconf 90' lang='lat' dir='ltr'>rio</span> <span class='ocrx_word' id='word_1_528' title='bbox 1020 441 1174 471; x_wconf 85' lang='lat' dir='ltr'>celebratur</span> <span class='ocrx_word' id='word_1_529' title='bbox 1184 453 1192 474; x_wconf 75' lang='lat'>5</span> <span class='ocrx_word' id='word_1_530' title='bbox 1203 443 1352 471; x_wconf 73' lang='lat' dir='ltr'>Celebrans</span> <span class='ocrx_word' id='word_1_531' title='bbox 1362 451 1427 470; x_wconf 90' lang='lat' dir='ltr'>tunc</span> <span class='ocrx_word' id='word_1_532' title='bbox 1438 451 1584 480; x_wconf 83' lang='lat' dir='ltr'>antequam</span> <span class='ocrx_word' id='word_1_533' title='bbox 1594 442 1641 470; x_wconf 83' lang='lat' dir='ltr'>det</span> <span class='ocrx_word' id='word_1_534' title='bbox 1651 441 1757 481; x_wconf 86' lang='lat' dir='ltr'>populo</span> 
     </span>
     <span class='ocr_line' id='line_1_68' title="bbox 963 481 1755 523; baseline 0 -13"><span class='ocrx_word' id='word_1_535' title='bbox 963 482 1187 523; x_wconf 62' lang='lat' dir='ltr'>benedictionem</span> <span class='ocrx_word' id='word_1_536' title='bbox 1199 505 1207 517; x_wconf 93' lang='lat'>,</span> <span class='ocrx_word' id='word_1_537' title='bbox 1228 481 1365 511; x_wconf 66' lang='lat' dir='ltr'>summisse</span> <span class='ocrx_word' id='word_1_538' title='bbox 1375 481 1525 511; x_wconf 78' lang='lat' dir='ltr'>inclinatur</span> <span class='ocrx_word' id='word_1_539' title='bbox 1536 505 1544 516; x_wconf 89' lang='lat'><em>,</em></span> <span class='ocrx_word' id='word_1_540' title='bbox 1567 492 1623 522; x_wconf 89' lang='lat' dir='ltr'>quo</span> <span class='ocrx_word' id='word_1_541' title='bbox 1635 483 1713 521; x_wconf 83' lang='lat' dir='ltr'>signo</span> <span class='ocrx_word' id='word_1_542' title='bbox 1724 492 1755 510; x_wconf 77' lang='lat' dir='ltr'>o-</span> 
     </span>
     <span class='ocr_line' id='line_1_69' title="bbox 963 523 1756 564; baseline -0.001 -13"><span class='ocrx_word' id='word_1_543' title='bbox 963 523 1066 552; x_wconf 83' lang='lat' dir='ltr'>stendit</span> <span class='ocrx_word' id='word_1_544' title='bbox 1077 534 1090 552; x_wconf 85' lang='lat' dir='ltr'>a</span> <span class='ocrx_word' id='word_1_545' title='bbox 1102 523 1243 564; x_wconf 81' lang='lat' dir='ltr'>superiore</span> <span class='ocrx_word' id='word_1_546' title='bbox 1253 533 1348 563; x_wconf 83' lang='lat' dir='ltr'>petere</span> <span class='ocrx_word' id='word_1_547' title='bbox 1360 524 1500 552; x_wconf 82' lang='lat' dir='ltr'>licentiam</span> <span class='ocrx_word' id='word_1_548' title='bbox 1512 545 1518 557; x_wconf 88' lang='lat'><em>,</em></span> <span class='ocrx_word' id='word_1_549' title='bbox 1533 524 1600 552; x_wconf 86' lang='lat' dir='ltr'>sicut</span> <span class='ocrx_word' id='word_1_550' title='bbox 1614 524 1643 552; x_wconf 89' lang='lat' dir='ltr'>in</span> <span class='ocrx_word' id='word_1_551' title='bbox 1654 524 1756 553; x_wconf 77' lang='lat' dir='ltr'>Rubri-</span> 
     </span>
     <span class='ocr_line' id='line_1_70' title="bbox 963 564 1759 604; baseline 0 -11"><span class='ocrx_word' id='word_1_552' title='bbox 963 575 994 593; x_wconf 78' lang='lat' dir='ltr'>ca</span> <span class='ocrx_word' id='word_1_553' title='bbox 1004 564 1167 597; x_wconf 55' lang='lat' dir='ltr'>ordinatum·</span> <span class='ocrx_word' id='word_1_554' title='bbox 1189 569 1218 594; x_wconf 71' lang='grc' dir='ltr'>ὅ(</span> <span class='ocrx_word' id='word_1_555' title='bbox 1230 564 1283 594; x_wconf 89' lang='lat' dir='ltr'>hoc</span> <span class='ocrx_word' id='word_1_556' title='bbox 1305 566 1336 594; x_wconf 80' lang='lat' dir='ltr'>fit</span> <span class='ocrx_word' id='word_1_557' title='bbox 1346 564 1410 603; x_wconf 77' lang='lat' dir='ltr'>quia</span> <span class='ocrx_word' id='word_1_558' title='bbox 1418 565 1570 604; x_wconf 86' lang='lat' dir='ltr'>antiquitus</span> <span class='ocrx_word' id='word_1_559' title='bbox 1582 587 1589 598; x_wconf 90' lang='lat'>‚</span> <span class='ocrx_word' id='word_1_560' title='bbox 1611 574 1641 592; x_wconf 91' lang='lat' dir='ltr'>ut</span> <span class='ocrx_word' id='word_1_561' title='bbox 1650 564 1759 593; x_wconf 68' lang='lat' dir='ltr'>dictum</span> 
     </span>
     <span class='ocr_line' id='line_1_71' title="bbox 964 604 1755 645; baseline 0 -12"><span class='ocrx_word' id='word_1_562' title='bbox 964 605 1003 634; x_wconf 90' lang='lat' dir='ltr'>est</span> <span class='ocrx_word' id='word_1_563' title='bbox 1013 604 1093 643; x_wconf 83' lang='lat' dir='ltr'>supra</span> <span class='ocrx_word' id='word_1_564' title='bbox 1103 628 1111 640; x_wconf 92' lang='lat'>‚</span> <span class='ocrx_word' id='word_1_565' title='bbox 1134 606 1291 636; x_wconf 83' lang='lat' dir='ltr'>Sacerdotes</span> <span class='ocrx_word' id='word_1_566' title='bbox 1312 606 1343 634; x_wconf 88' lang='lat' dir='ltr'>in</span> <span class='ocrx_word' id='word_1_567' title='bbox 1353 606 1530 645; x_wconf 72' lang='lat' dir='ltr'>Super-iorum</span> <span class='ocrx_word' id='word_1_568' title='bbox 1542 604 1688 644; x_wconf 66' lang='lat' dir='ltr'>praesentia</span> <span class='ocrx_word' id='word_1_569' title='bbox 1703 615 1755 633; x_wconf 81' lang='lat' dir='ltr'>ne-</span> 
     </span>
     <span class='ocr_line' id='line_1_72' title="bbox 965 645 1757 686; baseline -0.001 -12"><span class='ocrx_word' id='word_1_570' title='bbox 965 645 1094 684; x_wconf 83' lang='lat' dir='ltr'>quiebant</span> <span class='ocrx_word' id='word_1_571' title='bbox 1126 649 1179 676; x_wconf 88' lang='lat' dir='ltr'>hoc</span> <span class='ocrx_word' id='word_1_572' title='bbox 1200 658 1281 686; x_wconf 82' lang='lat' dir='ltr'>agere</span> <span class='ocrx_word' id='word_1_573' title='bbox 1301 658 1337 676; x_wconf 84' lang='lat' dir='ltr'>ex</span> <span class='ocrx_word' id='word_1_574' title='bbox 1360 646 1553 685; x_wconf 83' lang='lat' dir='ltr'>prohibitione</span> <span class='ocrx_word' id='word_1_575' title='bbox 1574 646 1675 676; x_wconf 83' lang='lat' dir='ltr'>Leonis</span> <span class='ocrx_word' id='word_1_576' title='bbox 1698 667 1706 678; x_wconf 91' lang='lat'><em>,</em></span> <span class='ocrx_word' id='word_1_577' title='bbox 1728 647 1757 673; x_wconf 75' lang='grc' dir='ltr'>δε</span> 
     </span>
     <span class='ocr_line' id='line_1_73' title="bbox 965 685 1758 726; baseline -0.001 -12"><span class='ocrx_word' id='word_1_578' title='bbox 965 687 1068 716; x_wconf 83' lang='lat' dir='ltr'>Gelasii</span> <span class='ocrx_word' id='word_1_579' title='bbox 1078 688 1257 717; x_wconf 79' lang='lat' dir='ltr'>Pontificum.</span> <span class='ocrx_word' id='word_1_580' title='bbox 1269 688 1378 716; x_wconf 85' lang='lat' dir='ltr'>Microl.</span> <span class='ocrx_word' id='word_1_581' title='bbox 1388 698 1412 716; x_wconf 88' lang='lat' dir='ltr'>c.</span> <span class='ocrx_word' id='word_1_582' title='bbox 1426 700 1451 717; x_wconf 68' lang='grc' dir='ltr'>ι.</span> <span class='ocrx_word' id='word_1_583' title='bbox 1471 689 1575 717; x_wconf 82' lang='lat' dir='ltr'>Coram</span> <span class='ocrx_word' id='word_1_584' title='bbox 1595 689 1666 726; x_wconf 79' lang='lat' dir='ltr'>Papa</span> <span class='ocrx_word' id='word_1_585' title='bbox 1684 685 1758 714; x_wconf 54' lang='lat' dir='ltr'>celev</span> 
     </span>
     <span class='ocr_line' id='line_1_74' title="bbox 965 726 1756 767; baseline -0.001 -12"><span class='ocrx_word' id='word_1_586' title='bbox 965 728 1044 756; x_wconf 85' lang='lat' dir='ltr'>brans</span> <span class='ocrx_word' id='word_1_587' title='bbox 1055 731 1200 767; x_wconf 83' lang='lat' dir='ltr'>genuflexe</span> <span class='ocrx_word' id='word_1_588' title='bbox 1210 728 1278 757; x_wconf 85' lang='lat' dir='ltr'>hanc</span> <span class='ocrx_word' id='word_1_589' title='bbox 1290 729 1431 757; x_wconf 86' lang='lat' dir='ltr'>licentiam</span> <span class='ocrx_word' id='word_1_590' title='bbox 1444 729 1605 767; x_wconf 79' lang='lat' dir='ltr'>postulat,ut</span> <span class='ocrx_word' id='word_1_591' title='bbox 1616 728 1647 757; x_wconf 92' lang='lat' dir='ltr'>in</span> <span class='ocrx_word' id='word_1_592' title='bbox 1658 726 1756 755; x_wconf 82' lang='lat' dir='ltr'>eadem</span> 
     </span>
     <span class='ocr_line' id='line_1_75' title="bbox 965 767 1753 808; baseline -0.004 -10"><span class='ocrx_word' id='word_1_593' title='bbox 965 769 1084 798; x_wconf 87' lang='lat' dir='ltr'>Rubrica</span> <span class='ocrx_word' id='word_1_594' title='bbox 1095 790 1101 797; x_wconf 89' lang='lat'><em>.</em></span> <span class='ocrx_word' id='word_1_595' title='bbox 1113 773 1153 799; x_wconf 86' lang='lat' dir='ltr'>At</span> <span class='ocrx_word' id='word_1_596' title='bbox 1163 770 1275 808; x_wconf 81' lang='lat' dir='ltr'>quando</span> <span class='ocrx_word' id='word_1_597' title='bbox 1287 769 1364 798; x_wconf 60' lang='lat' dir='ltr'>Misia</span> <span class='ocrx_word' id='word_1_598' title='bbox 1376 779 1469 798; x_wconf 81' lang='lat' dir='ltr'>coram</span> <span class='ocrx_word' id='word_1_599' title='bbox 1487 769 1606 808; x_wconf 64' lang='lat' dir='ltr'>praefatis</span> <span class='ocrx_word' id='word_1_600' title='bbox 1628 767 1753 797; x_wconf 74' lang='lat' dir='ltr'>Praelatis</span> 
     </span>
     <span class='ocr_line' id='line_1_76' title="bbox 963 809 1754 849; baseline -0.003 -12"><span class='ocrx_word' id='word_1_601' title='bbox 963 809 1125 839; x_wconf 78' lang='lat' dir='ltr'>solemniter</span> <span class='ocrx_word' id='word_1_602' title='bbox 1135 811 1294 841; x_wconf 62' lang='lat' dir='ltr'>celebratum</span> <span class='ocrx_word' id='word_1_603' title='bbox 1305 820 1371 838; x_wconf 89' lang='lat' dir='ltr'>tunc</span> <span class='ocrx_word' id='word_1_604' title='bbox 1380 809 1437 849; x_wconf 86' lang='lat' dir='ltr'>ipse</span> <span class='ocrx_word' id='word_1_605' title='bbox 1449 811 1590 841; x_wconf 80' lang='lat' dir='ltr'>Praelatus,</span> <span class='ocrx_word' id='word_1_606' title='bbox 1603 813 1630 838; x_wconf 63' lang='grc' dir='ltr'>ὅ(</span> <span class='ocrx_word' id='word_1_607' title='bbox 1642 818 1701 837; x_wconf 90' lang='lat' dir='ltr'>non</span> <span class='ocrx_word' id='word_1_608' title='bbox 1710 817 1754 835; x_wconf 88' lang='lat' dir='ltr'>ce-</span> 
     </span>
     <span class='ocr_line' id='line_1_77' title="bbox 963 847 1757 890; baseline -0.003 -11"><span class='ocrx_word' id='word_1_609' title='bbox 963 851 1068 879; x_wconf 83' lang='lat' dir='ltr'>lebrans</span> <span class='ocrx_word' id='word_1_610' title='bbox 1079 851 1217 881; x_wconf 84' lang='lat' dir='ltr'>benedicit</span> <span class='ocrx_word' id='word_1_611' title='bbox 1227 851 1332 890; x_wconf 87' lang='lat' dir='ltr'>populo</span> <span class='ocrx_word' id='word_1_612' title='bbox 1341 871 1348 878; x_wconf 90' lang='lat'><strong>.</strong></span> <span class='ocrx_word' id='word_1_613' title='bbox 1359 853 1393 880; x_wconf 91' lang='lat' dir='ltr'>In</span> <span class='ocrx_word' id='word_1_614' title='bbox 1405 851 1523 890; x_wconf 87' lang='lat' dir='ltr'>quodam</span> <span class='ocrx_word' id='word_1_615' title='bbox 1533 850 1648 889; x_wconf 87' lang='lat' dir='ltr'>antiquo</span> <span class='ocrx_word' id='word_1_616' title='bbox 1657 847 1757 878; x_wconf 82' lang='lat' dir='ltr'>Miss&#39;ali</span> 
     </span>
     <span class='ocr_line' id='line_1_78' title="bbox 963 891 1757 931; baseline -0.003 -11"><span class='ocrx_word' id='word_1_617' title='bbox 963 891 998 920; x_wconf 92' lang='lat' dir='ltr'>de</span> <span class='ocrx_word' id='word_1_618' title='bbox 1008 902 1082 921; x_wconf 83' lang='lat' dir='ltr'>anno</span> <span class='ocrx_word' id='word_1_619' title='bbox 1098 903 1180 930; x_wconf 85' lang='lat'>¹533·</span> <span class='ocrx_word' id='word_1_620' title='bbox 1192 891 1320 931; x_wconf 72' lang='lat' dir='ltr'>impresso</span> <span class='ocrx_word' id='word_1_621' title='bbox 1328 893 1552 922; x_wconf 56' lang='lat' dir='ltr'>benedietionem</span> <span class='ocrx_word' id='word_1_622' title='bbox 1571 902 1584 919; x_wconf 85' lang='lat' dir='ltr'>a</span> <span class='ocrx_word' id='word_1_623' title='bbox 1595 891 1679 919; x_wconf 90' lang='lat' dir='ltr'>modo</span> <span class='ocrx_word' id='word_1_624' title='bbox 1689 900 1757 918; x_wconf 91' lang='lat' dir='ltr'>con-</span> 
     </span>
     <span class='ocr_line' id='line_1_79' title="bbox 964 931 1757 973; baseline -0.003 -13"><span class='ocrx_word' id='word_1_625' title='bbox 964 931 1043 962; x_wconf 90' lang='lat' dir='ltr'>sueto</span> <span class='ocrx_word' id='word_1_626' title='bbox 1061 932 1198 961; x_wconf 78' lang='lat' dir='ltr'>diversam</span> <span class='ocrx_word' id='word_1_627' title='bbox 1209 934 1264 972; x_wconf 86' lang='lat' dir='ltr'>legi</span> <span class='ocrx_word' id='word_1_628' title='bbox 1275 955 1282 966; x_wconf 89' lang='lat'><em>,</em></span> <span class='ocrx_word' id='word_1_629' title='bbox 1293 943 1396 973; x_wconf 83' lang='lat' dir='ltr'>nempe</span> <span class='ocrx_word' id='word_1_630' title='bbox 1407 947 1415 963; x_wconf 82' lang='lat'><em>:</em></span> <span class='ocrx_word' id='word_1_631' title='bbox 1427 939 1459 962; x_wconf 85' lang='lat' dir='ltr'>ln</span> <span class='ocrx_word' id='word_1_632' title='bbox 1470 937 1585 962; x_wconf 72' lang='lat' dir='ltr'>unitate</span> <span class='ocrx_word' id='word_1_633' title='bbox 1592 933 1688 961; x_wconf 64' lang='lat' dir='ltr'>Sanfli</span> <span class='ocrx_word' id='word_1_634' title='bbox 1698 934 1757 969; x_wconf 73' lang='lat' dir='ltr'>spi—</span> 
     </span>
     <span class='ocr_line' id='line_1_80' title="bbox 965 970 1758 1007; baseline -0.003 -6"><span class='ocrx_word' id='word_1_635' title='bbox 965 977 1039 1003; x_wconf 80' lang='lat' dir='ltr'>ritus</span> <span class='ocrx_word' id='word_1_636' title='bbox 1049 975 1195 1003; x_wconf 78' lang='lat' dir='ltr'>benedicat</span> <span class='ocrx_word' id='word_1_637' title='bbox 1204 986 1253 1003; x_wconf 79' lang='lat' dir='ltr'>vos</span> <span class='ocrx_word' id='word_1_638' title='bbox 1265 995 1273 1006; x_wconf 91' lang='lat'><em>,</em></span> <span class='ocrx_word' id='word_1_639' title='bbox 1293 978 1380 1003; x_wconf 80' lang='lat' dir='ltr'>Pa&#39;ter</span> <span class='ocrx_word' id='word_1_640' title='bbox 1390 996 1398 1007; x_wconf 92' lang='lat'><em>‚</em></span> <span class='ocrx_word' id='word_1_641' title='bbox 1419 974 1454 1007; x_wconf 67' lang='grc' dir='ltr'>ό·</span> <span class='ocrx_word' id='word_1_642' title='bbox 1465 975 1566 1003; x_wconf 72' lang='lat' dir='ltr'>Filius.</span> <span class='ocrx_word' id='word_1_643' title='bbox 1578 975 1619 1001; x_wconf 85' lang='lat' dir='ltr'>Ac</span> <span class='ocrx_word' id='word_1_644' title='bbox 1630 972 1659 1000; x_wconf 87' lang='lat' dir='ltr'>in</span> <span class='ocrx_word' id='word_1_645' title='bbox 1670 970 1758 1000; x_wconf 78' lang='lat' dir='ltr'>Miffis</span> 
     </span>
     <span class='ocr_line' id='line_1_81' title="bbox 964 1013 1755 1053; baseline -0.003 -11"><span class='ocrx_word' id='word_1_646' title='bbox 964 1024 1014 1053; x_wconf 81' lang='lat' dir='ltr'>pro</span> <span class='ocrx_word' id='word_1_647' title='bbox 1024 1014 1159 1043; x_wconf 76' lang='lat' dir='ltr'>defunffls</span> <span class='ocrx_word' id='word_1_648' title='bbox 1170 1015 1281 1043; x_wconf 79' lang='lat' dir='ltr'>dabatur</span> <span class='ocrx_word' id='word_1_649' title='bbox 1292 1015 1450 1044; x_wconf 67' lang='lat' dir='ltr'>benediRio</span> <span class='ocrx_word' id='word_1_650' title='bbox 1459 1014 1506 1043; x_wconf 90' lang='lat' dir='ltr'>sub</span> <span class='ocrx_word' id='word_1_651' title='bbox 1516 1014 1567 1042; x_wconf 83' lang='lat' dir='ltr'>hac</span> <span class='ocrx_word' id='word_1_652' title='bbox 1578 1013 1755 1042; x_wconf 76' lang='lat' dir='ltr'>forma:Deus</span> 
     </span>
     <span class='ocr_line' id='line_1_82' title="bbox 965 1053 1758 1092; baseline -0.004 -9"><span class='ocrx_word' id='word_1_653' title='bbox 965 1059 998 1083; x_wconf 83' lang='lat' dir='ltr'>vi</span> <span class='ocrx_word' id='word_1_654' title='bbox 1002 1064 1034 1084; x_wconf 75' lang='lat' dir='ltr'>ta</span> <span class='ocrx_word' id='word_1_655' title='bbox 1043 1059 1178 1085; x_wconf 81' lang='lat' dir='ltr'>vivorum</span> <span class='ocrx_word' id='word_1_656' title='bbox 1189 1076 1197 1088; x_wconf 91' lang='lat'><em>‚</em></span> <span class='ocrx_word' id='word_1_657' title='bbox 1209 1055 1245 1090; x_wconf 67' lang='grc' dir='ltr'>ύ-</span> <span class='ocrx_word' id='word_1_658' title='bbox 1254 1056 1412 1092; x_wconf 67' lang='grc' dir='ltr'><em>νεΓιιννεὶΗο</em></span> <span class='ocrx_word' id='word_1_659' title='bbox 1422 1063 1602 1087; x_wconf 82' lang='lat' dir='ltr'>mortuorum,</span> <span class='ocrx_word' id='word_1_660' title='bbox 1611 1053 1758 1083; x_wconf 77' lang='lat' dir='ltr'>benedicat</span> 
     </span>
     <span class='ocr_line' id='line_1_83' title="bbox 966 1093 1757 1133; baseline -0.004 -9"><span class='ocrx_word' id='word_1_661' title='bbox 966 1107 1014 1125; x_wconf 68' lang='lat' dir='ltr'>vos</span> <span class='ocrx_word' id='word_1_662' title='bbox 1026 1100 1056 1124; x_wconf 76' lang='lat' dir='ltr'>in</span> <span class='ocrx_word' id='word_1_663' title='bbox 1065 1097 1331 1133; x_wconf 20' lang='lat' dir='ltr'>‘faculascculorum</span> <span class='ocrx_word' id='word_1_664' title='bbox 1343 1117 1350 1123; x_wconf 90' lang='lat'>.</span> <span class='ocrx_word' id='word_1_665' title='bbox 1371 1096 1455 1132; x_wconf 86' lang='lat' dir='ltr'>Quod</span> <span class='ocrx_word' id='word_1_666' title='bbox 1466 1095 1569 1124; x_wconf 71' lang='lat' dir='ltr'>Missale</span> <span class='ocrx_word' id='word_1_667' title='bbox 1579 1093 1757 1123; x_wconf 81' lang='lat' dir='ltr'>conservatur</span> 
     </span>
     <span class='ocr_line' id='line_1_84' title="bbox 965 1135 1758 1173; baseline -0.003 -9"><span class='ocrx_word' id='word_1_668' title='bbox 965 1137 995 1164; x_wconf 93' lang='lat' dir='ltr'>in</span> <span class='ocrx_word' id='word_1_669' title='bbox 1006 1136 1141 1165; x_wconf 81' lang='lat' dir='ltr'>Biblioth.</span> <span class='ocrx_word' id='word_1_670' title='bbox 1158 1135 1293 1166; x_wconf 82' lang='lat' dir='ltr'>Cathedr.</span> <span class='ocrx_word' id='word_1_671' title='bbox 1307 1137 1494 1166; x_wconf 77' lang='lat' dir='ltr'>Viterbienfis.</span> <span class='ocrx_word' id='word_1_672' title='bbox 1507 1137 1579 1164; x_wconf 91' lang='lat' dir='ltr'>Item</span> <span class='ocrx_word' id='word_1_673' title='bbox 1600 1135 1758 1173; x_wconf 59' lang='lat' dir='ltr'>Bfnedidt&#39;o</span> 
     </span>
     <span class='ocr_line' id='line_1_85' title="bbox 965 1173 1759 1216; baseline -0.004 -11"><span class='ocrx_word' id='word_1_674' title='bbox 965 1177 1101 1216; x_wconf 79' lang='lat' dir='ltr'>significat</span> <span class='ocrx_word' id='word_1_675' title='bbox 1121 1178 1208 1206; x_wconf 84' lang='lat' dir='ltr'>etiam</span> <span class='ocrx_word' id='word_1_676' title='bbox 1227 1175 1416 1216; x_wconf 81' lang='lat' dir='ltr'>precationem</span> <span class='ocrx_word' id='word_1_677' title='bbox 1429 1200 1437 1211; x_wconf 90' lang='lat'><em>‚</em></span> <span class='ocrx_word' id='word_1_678' title='bbox 1455 1187 1507 1216; x_wconf 81' lang='lat' dir='ltr'>qua</span> <span class='ocrx_word' id='word_1_679' title='bbox 1525 1177 1615 1216; x_wconf 84' lang='lat' dir='ltr'>aliqua</span> <span class='ocrx_word' id='word_1_680' title='bbox 1631 1173 1759 1204; x_wconf 72' lang='lat' dir='ltr'>sanstitas</span> 
     </span>
     <span class='ocr_line' id='line_1_86' title="bbox 966 1216 1758 1257; baseline -0.004 -11"><span class='ocrx_word' id='word_1_681' title='bbox 966 1217 1110 1247; x_wconf 83' lang='lat' dir='ltr'>confertur</span> <span class='ocrx_word' id='word_1_682' title='bbox 1121 1240 1129 1252; x_wconf 90' lang='lat'><em>,</em></span> <span class='ocrx_word' id='word_1_683' title='bbox 1140 1217 1255 1257; x_wconf 81' lang='lat' dir='ltr'>haecquc</span> <span class='ocrx_word' id='word_1_684' title='bbox 1265 1216 1368 1256; x_wconf 84' lang='lat' dir='ltr'>duplex</span> <span class='ocrx_word' id='word_1_685' title='bbox 1379 1219 1417 1247; x_wconf 88' lang='lat' dir='ltr'>est</span> <span class='ocrx_word' id='word_1_686' title='bbox 1428 1217 1579 1247; x_wconf 86' lang='lat' dir='ltr'>secundum</span> <span class='ocrx_word' id='word_1_687' title='bbox 1591 1218 1758 1254; x_wconf 64' lang='lat' dir='ltr'>Caietanum</span> 
     </span>
     <span class='ocr_line' id='line_1_87' title="bbox 968 1257 1759 1297; baseline -0.004 -10"><span class='ocrx_word' id='word_1_688' title='bbox 968 1258 999 1287; x_wconf 92' lang='lat' dir='ltr'>in</span> <span class='ocrx_word' id='word_1_689' title='bbox 1011 1271 1036 1288; x_wconf 84' lang='lat'>2.</span> <span class='ocrx_word' id='word_1_690' title='bbox 1049 1271 1075 1288; x_wconf 82' lang='lat'>2.</span> <span class='ocrx_word' id='word_1_691' title='bbox 1086 1259 1181 1297; x_wconf 62' lang='lat' dir='ltr'>quaest.</span> <span class='ocrx_word' id='word_1_692' title='bbox 1192 1270 1219 1293; x_wconf 89' lang='lat'>7.</span> <span class='ocrx_word' id='word_1_693' title='bbox 1229 1268 1280 1287; x_wconf 87' lang='lat' dir='ltr'>art.</span> <span class='ocrx_word' id='word_1_694' title='bbox 1298 1269 1307 1287; x_wconf 88' lang='lat' dir='ltr'>i</span> <span class='ocrx_word' id='word_1_695' title='bbox 1319 1269 1328 1286; x_wconf 84' lang='lat' dir='ltr'>i</span> <span class='ocrx_word' id='word_1_696' title='bbox 1336 1280 1342 1286; x_wconf 92' lang='lat'><em>.</em></span> <span class='ocrx_word' id='word_1_697' title='bbox 1353 1260 1444 1288; x_wconf 83' lang='lat' dir='ltr'>Prima</span> <span class='ocrx_word' id='word_1_698' title='bbox 1453 1258 1528 1287; x_wconf 88' lang='lat' dir='ltr'>enim</span> <span class='ocrx_word' id='word_1_699' title='bbox 1538 1257 1642 1287; x_wconf 84' lang='lat' dir='ltr'>dicitur</span> <span class='ocrx_word' id='word_1_700' title='bbox 1652 1257 1759 1293; x_wconf 69' lang='lat' dir='ltr'>Consti-</span> 
     </span>
     <span class='ocr_line' id='line_1_88' title="bbox 968 1296 1760 1339; baseline -0.004 -11"><span class='ocrx_word' id='word_1_701' title='bbox 968 1303 1071 1328; x_wconf 77' lang='lat' dir='ltr'>tutiva</span> <span class='ocrx_word' id='word_1_702' title='bbox 1081 1321 1088 1332; x_wconf 88' lang='lat'><em>,</em></span> <span class='ocrx_word' id='word_1_703' title='bbox 1100 1310 1151 1339; x_wconf 78' lang='lat' dir='ltr'>qua</span> <span class='ocrx_word' id='word_1_704' title='bbox 1161 1299 1286 1338; x_wconf 80' lang='lat' dir='ltr'>personae</span> <span class='ocrx_word' id='word_1_705' title='bbox 1299 1321 1306 1332; x_wconf 92' lang='lat'><em>,</em></span> <span class='ocrx_word' id='word_1_706' title='bbox 1325 1299 1371 1328; x_wconf 88' lang='lat' dir='ltr'>seu</span> <span class='ocrx_word' id='word_1_707' title='bbox 1390 1300 1451 1329; x_wconf 76' lang='lat' dir='ltr'>aliae</span> <span class='ocrx_word' id='word_1_708' title='bbox 1461 1309 1503 1328; x_wconf 80' lang='lat' dir='ltr'>res</span> <span class='ocrx_word' id='word_1_709' title='bbox 1512 1299 1546 1328; x_wconf 82' lang='lat' dir='ltr'>ad</span> <span class='ocrx_word' id='word_1_710' title='bbox 1557 1299 1688 1328; x_wconf 87' lang='lat' dir='ltr'>divinum</span> <span class='ocrx_word' id='word_1_711' title='bbox 1700 1296 1760 1325; x_wconf 88' lang='lat' dir='ltr'>cul-</span> 
     </span>
     <span class='ocr_line' id='line_1_89' title="bbox 969 1339 1756 1379; baseline -0.003 -10"><span class='ocrx_word' id='word_1_712' title='bbox 969 1349 1029 1369; x_wconf 80' lang='lat' dir='ltr'>tum</span> <span class='ocrx_word' id='word_1_713' title='bbox 1040 1340 1214 1369; x_wconf 83' lang='lat' dir='ltr'>destinantur</span> <span class='ocrx_word' id='word_1_714' title='bbox 1225 1363 1233 1373; x_wconf 90' lang='lat'><em>‚</em></span> <span class='ocrx_word' id='word_1_715' title='bbox 1245 1341 1332 1370; x_wconf 78' lang='lat' dir='ltr'>veluti</span> <span class='ocrx_word' id='word_1_716' title='bbox 1343 1340 1423 1369; x_wconf 82' lang='lat' dir='ltr'>sacrae</span> <span class='ocrx_word' id='word_1_717' title='bbox 1437 1340 1525 1370; x_wconf 81' lang='lat' dir='ltr'>vestes</span> <span class='ocrx_word' id='word_1_718' title='bbox 1534 1362 1542 1373; x_wconf 89' lang='lat'><em>,</em></span> <span class='ocrx_word' id='word_1_719' title='bbox 1552 1349 1668 1379; x_wconf 76' lang='lat' dir='ltr'>quarum</span> <span class='ocrx_word' id='word_1_720' title='bbox 1674 1339 1756 1368; x_wconf 89' lang='lat' dir='ltr'>bene-</span> 
     </span>
     <span class='ocr_line' id='line_1_90' title="bbox 967 1379 1756 1420; baseline -0.004 -10"><span class='ocrx_word' id='word_1_721' title='bbox 967 1381 1108 1410; x_wconf 65' lang='lat' dir='ltr'>dietiones</span> <span class='ocrx_word' id='word_1_722' title='bbox 1129 1381 1162 1410; x_wconf 82' lang='lat' dir='ltr'>ad</span> <span class='ocrx_word' id='word_1_723' title='bbox 1181 1381 1347 1420; x_wconf 85' lang='lat' dir='ltr'>Episcopum</span> <span class='ocrx_word' id='word_1_724' title='bbox 1364 1381 1486 1420; x_wconf 57' lang='lat' dir='ltr'>spectant</span> <span class='ocrx_word' id='word_1_725' title='bbox 1497 1402 1504 1414; x_wconf 91' lang='lat'><em>‚</em></span> <span class='ocrx_word' id='word_1_726' title='bbox 1522 1385 1550 1410; x_wconf 73' lang='grc' dir='ltr'>δε</span> <span class='ocrx_word' id='word_1_727' title='bbox 1561 1381 1631 1409; x_wconf 82' lang='lat' dir='ltr'>hanc</span> <span class='ocrx_word' id='word_1_728' title='bbox 1642 1379 1756 1408; x_wconf 87' lang='lat' dir='ltr'>benedi-</span> 
     </span>
     <span class='ocr_line' id='line_1_91' title="bbox 969 1420 1754 1461; baseline -0.004 -10"><span class='ocrx_word' id='word_1_729' title='bbox 969 1422 1052 1451; x_wconf 89' lang='lat' dir='ltr'>cendi</span> <span class='ocrx_word' id='word_1_730' title='bbox 1063 1422 1228 1461; x_wconf 79' lang='lat' dir='ltr'>potestatem</span> <span class='ocrx_word' id='word_1_731' title='bbox 1238 1434 1295 1451; x_wconf 91' lang='lat' dir='ltr'>non</span> <span class='ocrx_word' id='word_1_732' title='bbox 1314 1422 1403 1461; x_wconf 85' lang='lat' dir='ltr'>potest</span> <span class='ocrx_word' id='word_1_733' title='bbox 1413 1421 1563 1461; x_wconf 80' lang='lat' dir='ltr'>Episcopus</span> <span class='ocrx_word' id='word_1_734' title='bbox 1573 1421 1633 1450; x_wconf 82' lang='lat' dir='ltr'>aliis</span> <span class='ocrx_word' id='word_1_735' title='bbox 1642 1420 1754 1459; x_wconf 81' lang='lat' dir='ltr'>delega-</span> 
     </span>
     <span class='ocr_line' id='line_1_92' title="bbox 970 1462 1758 1503; baseline -0.003 -12"><span class='ocrx_word' id='word_1_736' title='bbox 970 1473 1009 1492; x_wconf 79' lang='lat' dir='ltr'>re.</span> <span class='ocrx_word' id='word_1_737' title='bbox 1018 1464 1163 1503; x_wconf 83' lang='lat' dir='ltr'>Congreg.</span> <span class='ocrx_word' id='word_1_738' title='bbox 1174 1464 1236 1493; x_wconf 86' lang='lat' dir='ltr'>Rit.</span> <span class='ocrx_word' id='word_1_739' title='bbox 1251 1475 1260 1492; x_wconf 89' lang='lat'>1</span> <span class='ocrx_word' id='word_1_740' title='bbox 1268 1476 1294 1500; x_wconf 85' lang='lat'>4.</span> <span class='ocrx_word' id='word_1_741' title='bbox 1306 1463 1448 1493; x_wconf 84' lang='lat' dir='ltr'>Novemb.</span> <span class='ocrx_word' id='word_1_742' title='bbox 1465 1469 1497 1492; x_wconf 88' lang='lat'>16</span> <span class='ocrx_word' id='word_1_743' title='bbox 1505 1474 1514 1490; x_wconf 87' lang='lat' dir='ltr'>i</span> <span class='ocrx_word' id='word_1_744' title='bbox 1524 1472 1548 1498; x_wconf 88' lang='lat'>5.</span> <span class='ocrx_word' id='word_1_745' title='bbox 1558 1462 1654 1491; x_wconf 88' lang='lat' dir='ltr'>Potest</span> <span class='ocrx_word' id='word_1_746' title='bbox 1664 1470 1758 1490; x_wconf 82' lang='lat' dir='ltr'>tamen</span> 
     </span>
     <span class='ocr_line' id='line_1_93' title="bbox 970 1503 1759 1536; baseline -0.003 -4"><span class='ocrx_word' id='word_1_747' title='bbox 970 1503 1114 1533; x_wconf 85' lang='lat' dir='ltr'>licentiam</span> <span class='ocrx_word' id='word_1_748' title='bbox 1125 1505 1277 1534; x_wconf 89' lang='lat' dir='ltr'>concedere</span> <span class='ocrx_word' id='word_1_749' title='bbox 1288 1504 1470 1534; x_wconf 81' lang='lat' dir='ltr'>benedicendi</span> <span class='ocrx_word' id='word_1_750' title='bbox 1482 1503 1612 1532; x_wconf 79' lang='lat' dir='ltr'>Ecclesias</span> <span class='ocrx_word' id='word_1_751' title='bbox 1623 1525 1630 1536; x_wconf 90' lang='lat'>,</span> <span class='ocrx_word' id='word_1_752' title='bbox 1653 1503 1759 1532; x_wconf 74' lang='lat' dir='ltr'>Orato-</span> 
     </span>
     <span class='ocr_line' id='line_1_94' title="bbox 972 1544 1759 1584; baseline -0.005 -10"><span class='ocrx_word' id='word_1_753' title='bbox 972 1544 1023 1578; x_wconf 82' lang='lat' dir='ltr'>ria,</span> <span class='ocrx_word' id='word_1_754' title='bbox 1034 1555 1185 1584; x_wconf 87' lang='lat' dir='ltr'>eorumque</span> <span class='ocrx_word' id='word_1_755' title='bbox 1194 1547 1298 1584; x_wconf 86' lang='lat' dir='ltr'>primos</span> <span class='ocrx_word' id='word_1_756' title='bbox 1309 1544 1526 1574; x_wconf 82' lang='lat' dir='ltr'>fundamentales</span> <span class='ocrx_word' id='word_1_757' title='bbox 1535 1544 1709 1583; x_wconf 61' lang='lat' dir='ltr'>lapidesffik.</span> <span class='ocrx_word' id='word_1_758' title='bbox 1723 1545 1759 1571; x_wconf 82' lang='lat' dir='ltr'>Et</span> 
     </span>
     <span class='ocr_line' id='line_1_95' title="bbox 973 1583 1761 1616; baseline -0.004 -2"><span class='ocrx_word' id='word_1_759' title='bbox 973 1585 1003 1615; x_wconf 88' lang='lat' dir='ltr'>in</span> <span class='ocrx_word' id='word_1_760' title='bbox 1012 1585 1066 1615; x_wconf 90' lang='lat' dir='ltr'>hoc</span> <span class='ocrx_word' id='word_1_761' title='bbox 1075 1585 1154 1615; x_wconf 87' lang='lat' dir='ltr'>sensu</span> <span class='ocrx_word' id='word_1_762' title='bbox 1165 1587 1280 1616; x_wconf 85' lang='lat' dir='ltr'>collatio</span> <span class='ocrx_word' id='word_1_763' title='bbox 1297 1585 1435 1615; x_wconf 82' lang='lat' dir='ltr'>sacrorum</span> <span class='ocrx_word' id='word_1_764' title='bbox 1453 1585 1585 1614; x_wconf 89' lang='lat' dir='ltr'>ordinum</span> <span class='ocrx_word' id='word_1_765' title='bbox 1604 1583 1761 1612; x_wconf 60' lang='lat' dir='ltr'>benedictio</span> 
     </span>
     <span class='ocr_line' id='line_1_96' title="bbox 971 1623 1760 1664; baseline -0.004 -9"><span class='ocrx_word' id='word_1_766' title='bbox 971 1626 1075 1655; x_wconf 72' lang='lat' dir='ltr'>dicitur</span> <span class='ocrx_word' id='word_1_767' title='bbox 1086 1647 1093 1655; x_wconf 88' lang='lat'><strong>.</strong></span> <span class='ocrx_word' id='word_1_768' title='bbox 1103 1626 1191 1656; x_wconf 79' lang='lat' dir='ltr'>Glofl‘.</span> <span class='ocrx_word' id='word_1_769' title='bbox 1204 1628 1235 1656; x_wconf 90' lang='lat' dir='ltr'>in</span> <span class='ocrx_word' id='word_1_770' title='bbox 1244 1639 1303 1656; x_wconf 84' lang='lat' dir='ltr'>can.</span> <span class='ocrx_word' id='word_1_771' title='bbox 1318 1627 1451 1663; x_wconf 85' lang='lat' dir='ltr'>Quamvis</span> <span class='ocrx_word' id='word_1_772' title='bbox 1471 1623 1686 1664; x_wconf 87' lang='lat' dir='ltr'>Chorepiscopi.</span> <span class='ocrx_word' id='word_1_773' title='bbox 1696 1623 1760 1653; x_wconf 86' lang='lat' dir='ltr'>dist.</span> 
     </span>
     <span class='ocr_line' id='line_1_97' title="bbox 972 1665 1761 1704; baseline -0.004 -9"><span class='ocrx_word' id='word_1_774' title='bbox 972 1672 1021 1696; x_wconf 85' lang='lat'>68.</span> <span class='ocrx_word' id='word_1_775' title='bbox 1033 1670 1072 1701; x_wconf 77' lang='lat' dir='ltr'>:jl:</span> <span class='ocrx_word' id='word_1_776' title='bbox 1085 1668 1178 1697; x_wconf 82' lang='lat' dir='ltr'>Altera</span> <span class='ocrx_word' id='word_1_777' title='bbox 1191 1669 1346 1698; x_wconf 68' lang='lat' dir='ltr'>Benedic&#39;h&#39;o</span> <span class='ocrx_word' id='word_1_778' title='bbox 1357 1670 1526 1696; x_wconf 77' lang='lat' dir='ltr'>invocativa</span> <span class='ocrx_word' id='word_1_779' title='bbox 1536 1665 1705 1704; x_wconf 83' lang='lat' dir='ltr'>appellatur,</span> <span class='ocrx_word' id='word_1_780' title='bbox 1726 1674 1761 1693; x_wconf 90' lang='lat' dir='ltr'>ut</span> 
     </span>
     <span class='ocr_line' id='line_1_98' title="bbox 972 1707 1759 1746; baseline -0.003 -10"><span class='ocrx_word' id='word_1_781' title='bbox 972 1707 1035 1736; x_wconf 87' lang='lat' dir='ltr'>sunt</span> <span class='ocrx_word' id='word_1_782' title='bbox 1046 1708 1190 1742; x_wconf 60' lang='lat' dir='ltr'>frustulam,</span> <span class='ocrx_word' id='word_1_783' title='bbox 1200 1709 1386 1741; x_wconf 80' lang='lat' dir='ltr'>candelarum,</span> <span class='ocrx_word' id='word_1_784' title='bbox 1397 1708 1565 1746; x_wconf 82' lang='lat' dir='ltr'>aliarumque</span> <span class='ocrx_word' id='word_1_785' title='bbox 1575 1715 1666 1735; x_wconf 82' lang='lat' dir='ltr'>rerum</span> <span class='ocrx_word' id='word_1_786' title='bbox 1676 1727 1685 1739; x_wconf 91' lang='lat'><em>‚</em></span> <span class='ocrx_word' id='word_1_787' title='bbox 1696 1715 1759 1745; x_wconf 81' lang='lat' dir='ltr'>quae</span> 
     </span>
     <span class='ocr_line' id='line_1_99' title="bbox 973 1746 1760 1787; baseline -0.003 -11"><span class='ocrx_word' id='word_1_788' title='bbox 973 1749 1001 1777; x_wconf 89' lang='lat' dir='ltr'>in</span> <span class='ocrx_word' id='word_1_789' title='bbox 1010 1749 1118 1778; x_wconf 85' lang='lat' dir='ltr'>Rituali</span> <span class='ocrx_word' id='word_1_790' title='bbox 1130 1752 1372 1778; x_wconf 75' lang='lat' dir='ltr'>Rom.n0tantur.·</span> <span class='ocrx_word' id='word_1_791' title='bbox 1393 1747 1436 1777; x_wconf 65' lang='lat' dir='ltr'>hx</span> <span class='ocrx_word' id='word_1_792' title='bbox 1449 1760 1463 1777; x_wconf 85' lang='lat' dir='ltr'>a</span> <span class='ocrx_word' id='word_1_793' title='bbox 1481 1747 1603 1787; x_wconf 86' lang='lat' dir='ltr'>quolibet</span> <span class='ocrx_word' id='word_1_794' title='bbox 1612 1746 1760 1777; x_wconf 76' lang='lat' dir='ltr'>Sacerdote</span> 
     </span>
     <span class='ocr_line' id='line_1_100' title="bbox 971 1786 1758 1830; baseline -0.003 -13"><span class='ocrx_word' id='word_1_795' title='bbox 971 1790 1093 1818; x_wconf 88' lang='lat' dir='ltr'>exerceri</span> <span class='ocrx_word' id='word_1_796' title='bbox 1113 1789 1223 1828; x_wconf 81' lang='lat' dir='ltr'>poss&#39;unt</span> <span class='ocrx_word' id='word_1_797' title='bbox 1233 1813 1240 1824; x_wconf 93' lang='lat'><em>,</em></span> <span class='ocrx_word' id='word_1_798' title='bbox 1251 1790 1452 1830; x_wconf 82' lang='lat' dir='ltr'>superpelliceo</span> <span class='ocrx_word' id='word_1_799' title='bbox 1463 1799 1557 1818; x_wconf 83' lang='lat' dir='ltr'>tamen</span> <span class='ocrx_word' id='word_1_800' title='bbox 1566 1811 1575 1823; x_wconf 85' lang='lat'>,</span> <span class='ocrx_word' id='word_1_801' title='bbox 1596 1791 1625 1817; x_wconf 76' lang='grc' dir='ltr'>ὃ(</span> <span class='ocrx_word' id='word_1_802' title='bbox 1635 1787 1703 1817; x_wconf 83' lang='lat' dir='ltr'>stola</span> <span class='ocrx_word' id='word_1_803' title='bbox 1714 1786 1758 1815; x_wconf 85' lang='lat' dir='ltr'>in-</span> 
     </span>
     <span class='ocr_line' id='line_1_101' title="bbox 971 1828 1760 1870; baseline -0.003 -12"><span class='ocrx_word' id='word_1_804' title='bbox 971 1830 1040 1859; x_wconf 89' lang='lat' dir='ltr'>duto</span> <span class='ocrx_word' id='word_1_805' title='bbox 1053 1852 1059 1864; x_wconf 88' lang='lat'><em>‚</em></span> <span class='ocrx_word' id='word_1_806' title='bbox 1070 1841 1130 1870; x_wconf 81' lang='lat' dir='ltr'>quae</span> <span class='ocrx_word' id='word_1_807' title='bbox 1141 1832 1222 1860; x_wconf 87' lang='lat' dir='ltr'>debet</span> <span class='ocrx_word' id='word_1_808' title='bbox 1232 1830 1283 1861; x_wconf 72' lang='lat' dir='ltr'>esse</span> <span class='ocrx_word' id='word_1_809' title='bbox 1295 1832 1412 1859; x_wconf 84' lang='lat' dir='ltr'>violacei</span> <span class='ocrx_word' id='word_1_810' title='bbox 1424 1830 1525 1859; x_wconf 84' lang='lat' dir='ltr'>coloris</span> <span class='ocrx_word' id='word_1_811' title='bbox 1538 1829 1567 1858; x_wconf 86' lang='lat' dir='ltr'>in</span> <span class='ocrx_word' id='word_1_812' title='bbox 1576 1828 1705 1858; x_wconf 83' lang='lat' dir='ltr'>omnibus</span> <span class='ocrx_word' id='word_1_813' title='bbox 1715 1828 1760 1856; x_wconf 88' lang='lat' dir='ltr'>be-</span> 
     </span>
     <span class='ocr_line' id='line_1_102' title="bbox 970 1868 1761 1905; baseline -0.004 -5"><span class='ocrx_word' id='word_1_814' title='bbox 970 1871 1229 1905; x_wconf 74' lang='lat' dir='ltr'>nedistiombus,ubi</span> <span class='ocrx_word' id='word_1_815' title='bbox 1239 1871 1385 1901; x_wconf 84' lang='lat' dir='ltr'>exorcismi</span> <span class='ocrx_word' id='word_1_816' title='bbox 1396 1871 1541 1903; x_wconf 82' lang='lat' dir='ltr'>habentur,</span> <span class='ocrx_word' id='word_1_817' title='bbox 1553 1868 1703 1900; x_wconf 76' lang='lat' dir='ltr'>velsnltem</span> <span class='ocrx_word' id='word_1_818' title='bbox 1713 1879 1761 1897; x_wconf 91' lang='lat' dir='ltr'>co·</span> 
     </span>
     <span class='ocr_line' id='line_1_103' title="bbox 971 1910 1759 1950; baseline -0.003 -10"><span class='ocrx_word' id='word_1_819' title='bbox 971 1912 1039 1940; x_wconf 85' lang='lat' dir='ltr'>loris</span> <span class='ocrx_word' id='word_1_820' title='bbox 1056 1913 1191 1941; x_wconf 87' lang='lat' dir='ltr'>currentis</span> <span class='ocrx_word' id='word_1_821' title='bbox 1210 1913 1266 1942; x_wconf 84' lang='lat' dir='ltr'>diei</span> <span class='ocrx_word' id='word_1_822' title='bbox 1277 1935 1285 1946; x_wconf 96' lang='lat'><strong><em>,</em></strong></span> <span class='ocrx_word' id='word_1_823' title='bbox 1306 1923 1337 1941; x_wconf 84' lang='lat' dir='ltr'>ut</span> <span class='ocrx_word' id='word_1_824' title='bbox 1349 1913 1377 1940; x_wconf 90' lang='lat' dir='ltr'>in</span> <span class='ocrx_word' id='word_1_825' title='bbox 1386 1912 1496 1941; x_wconf 81' lang='lat' dir='ltr'>Rituali</span> <span class='ocrx_word' id='word_1_826' title='bbox 1516 1910 1711 1950; x_wconf 74' lang='lat' dir='ltr'>praescribitur.</span> <span class='ocrx_word' id='word_1_827' title='bbox 1722 1911 1759 1938; x_wconf 86' lang='lat' dir='ltr'>In</span> 
     </span>
     <span class='ocr_line' id='line_1_104' title="bbox 969 1951 1761 1992; baseline 0.001 -12"><span class='ocrx_word' id='word_1_828' title='bbox 969 1953 1095 1982; x_wconf 86' lang='lat' dir='ltr'>omnibus</span> <span class='ocrx_word' id='word_1_829' title='bbox 1106 1954 1268 1982; x_wconf 83' lang='lat' dir='ltr'>Dominicis</span> <span class='ocrx_word' id='word_1_830' title='bbox 1278 1963 1327 1992; x_wconf 88' lang='lat' dir='ltr'>per</span> <span class='ocrx_word' id='word_1_831' title='bbox 1336 1962 1439 1981; x_wconf 83' lang='lat' dir='ltr'>annum</span> <span class='ocrx_word' id='word_1_832' title='bbox 1450 1952 1604 1991; x_wconf 78' lang='lat' dir='ltr'>aspersione</span> <span class='ocrx_word' id='word_1_833' title='bbox 1619 1962 1695 1991; x_wconf 82' lang='lat' dir='ltr'>aquae</span> <span class='ocrx_word' id='word_1_834' title='bbox 1715 1951 1761 1978; x_wconf 82' lang='lat' dir='ltr'>be-</span> 
     </span>
     <span class='ocr_line' id='line_1_105' title="bbox 970 1993 1762 2031; baseline -0.004 -9"><span class='ocrx_word' id='word_1_835' title='bbox 970 1993 1086 2022; x_wconf 58' lang='lat' dir='ltr'>nedffiae</span> <span class='ocrx_word' id='word_1_836' title='bbox 1097 1994 1253 2023; x_wconf 59' lang='lat' dir='ltr'>benedictio</span> <span class='ocrx_word' id='word_1_837' title='bbox 1270 1995 1350 2023; x_wconf 79' lang='lat' dir='ltr'>datur</span> <span class='ocrx_word' id='word_1_838' title='bbox 1360 2013 1368 2026; x_wconf 91' lang='lat'><em>,</em></span> <span class='ocrx_word' id='word_1_839' title='bbox 1378 2003 1409 2022; x_wconf 86' lang='lat' dir='ltr'>ut</span> <span class='ocrx_word' id='word_1_840' title='bbox 1420 1994 1524 2023; x_wconf 64' lang='lat' dir='ltr'>distum</span> <span class='ocrx_word' id='word_1_841' title='bbox 1535 1993 1586 2022; x_wconf 84' lang='lat' dir='ltr'>fuit</span> <span class='ocrx_word' id='word_1_842' title='bbox 1594 1993 1661 2022; x_wconf 71' lang='lat' dir='ltr'>diet.</span> <span class='ocrx_word' id='word_1_843' title='bbox 1672 1996 1762 2031; x_wconf 63' lang='lat' dir='ltr'>Aqua</span> 
     </span>
     <span class='ocr_line' id='line_1_106' title="bbox 969 2029 1761 2068; baseline -0.004 -5"><span class='ocrx_word' id='word_1_844' title='bbox 969 2035 1121 2065; x_wconf 55' lang='lat' dir='ltr'>benaiam</span> <span class='ocrx_word' id='word_1_845' title='bbox 1132 2035 1160 2064; x_wconf 84' lang='lat' dir='ltr'>id</span> <span class='ocrx_word' id='word_1_846' title='bbox 1173 2035 1222 2068; x_wconf 85' lang='lat' dir='ltr'>est,</span> <span class='ocrx_word' id='word_1_847' title='bbox 1233 2044 1295 2064; x_wconf 77' lang='lat' dir='ltr'>ante</span> <span class='ocrx_word' id='word_1_848' title='bbox 1306 2034 1445 2068; x_wconf 84' lang='lat' dir='ltr'>solemnis,</span> <span class='ocrx_word' id='word_1_849' title='bbox 1455 2038 1483 2064; x_wconf 73' lang='grc' dir='ltr'>ὃς</span> <span class='ocrx_word' id='word_1_850' title='bbox 1491 2033 1684 2064; x_wconf 75' lang='lat' dir='ltr'>conventualis</span> <span class='ocrx_word' id='word_1_851' title='bbox 1694 2029 1761 2061; x_wconf 87' lang='lat' dir='ltr'>Mis—</span> 
     </span>
     <span class='ocr_line' id='line_1_107' title="bbox 970 2073 1759 2114; baseline 0.003 -12"><span class='ocrx_word' id='word_1_852' title='bbox 970 2073 1006 2103; x_wconf 68' lang='grc' dir='ltr'>[τε</span> <span class='ocrx_word' id='word_1_853' title='bbox 1017 2074 1187 2114; x_wconf 87' lang='lat' dir='ltr'>principium</span> <span class='ocrx_word' id='word_1_854' title='bbox 1199 2097 1206 2108; x_wconf 92' lang='lat'><em>,</em></span> <span class='ocrx_word' id='word_1_855' title='bbox 1219 2077 1315 2104; x_wconf 80' lang='lat' dir='ltr'>Altare</span> <span class='ocrx_word' id='word_1_856' title='bbox 1325 2076 1400 2114; x_wconf 84' lang='lat' dir='ltr'>prius</span> <span class='ocrx_word' id='word_1_857' title='bbox 1413 2086 1454 2105; x_wconf 88' lang='lat' dir='ltr'>ter</span> <span class='ocrx_word' id='word_1_858' title='bbox 1466 2097 1474 2109; x_wconf 94' lang='lat'>,</span> <span class='ocrx_word' id='word_1_859' title='bbox 1485 2085 1586 2114; x_wconf 86' lang='lat' dir='ltr'>nempe</span> <span class='ocrx_word' id='word_1_860' title='bbox 1596 2097 1603 2108; x_wconf 90' lang='lat'>,</span> <span class='ocrx_word' id='word_1_861' title='bbox 1613 2075 1642 2104; x_wconf 90' lang='lat' dir='ltr'>in</span> <span class='ocrx_word' id='word_1_862' title='bbox 1653 2073 1759 2104; x_wconf 80' lang='lat' dir='ltr'>medio,</span> 
     </span>
     <span class='ocr_line' id='line_1_108' title="bbox 972 2112 1761 2155; baseline -0.003 -11"><span class='ocrx_word' id='word_1_863' title='bbox 972 2115 1002 2144; x_wconf 89' lang='lat' dir='ltr'>in</span> <span class='ocrx_word' id='word_1_864' title='bbox 1014 2117 1162 2155; x_wconf 78' lang='lat' dir='ltr'>Evangelii</span> <span class='ocrx_word' id='word_1_865' title='bbox 1173 2126 1269 2149; x_wconf 80' lang='lat' dir='ltr'>cornu,</span> <span class='ocrx_word' id='word_1_866' title='bbox 1280 2117 1348 2145; x_wconf 88' lang='lat' dir='ltr'>&amp;in</span> <span class='ocrx_word' id='word_1_867' title='bbox 1356 2127 1442 2146; x_wconf 85' lang='lat' dir='ltr'>cornu</span> <span class='ocrx_word' id='word_1_868' title='bbox 1453 2116 1566 2146; x_wconf 82' lang='lat' dir='ltr'>tandem</span> <span class='ocrx_word' id='word_1_869' title='bbox 1578 2115 1710 2155; x_wconf 84' lang='lat' dir='ltr'>Epistolae</span> <span class='ocrx_word' id='word_1_870' title='bbox 1720 2112 1761 2142; x_wconf 86' lang='lat' dir='ltr'>as—</span> 
     </span>
     <span class='ocr_line' id='line_1_109' title="bbox 973 2153 1760 2197; baseline -0.005 -12"><span class='ocrx_word' id='word_1_871' title='bbox 973 2157 1134 2196; x_wconf 79' lang='lat' dir='ltr'>pergendo:</span> <span class='ocrx_word' id='word_1_872' title='bbox 1155 2167 1214 2195; x_wconf 73' lang='lat' dir='ltr'>quae</span> <span class='ocrx_word' id='word_1_873' title='bbox 1237 2166 1330 2186; x_wconf 77' lang='lat' dir='ltr'>tamen</span> <span class='ocrx_word' id='word_1_874' title='bbox 1340 2157 1431 2186; x_wconf 79' lang='lat' dir='ltr'>altaris</span> <span class='ocrx_word' id='word_1_875' title='bbox 1449 2157 1566 2197; x_wconf 72' lang='lat' dir='ltr'>aspersio</span> <span class='ocrx_word' id='word_1_876' title='bbox 1585 2163 1641 2191; x_wconf 90' lang='lat' dir='ltr'>(ex</span> <span class='ocrx_word' id='word_1_877' title='bbox 1661 2153 1760 2184; x_wconf 74' lang='lat' dir='ltr'>Mifl&#39;ali</span> 
     </span>
     <span class='ocr_line' id='line_1_110' title="bbox 973 2195 1761 2238; baseline -0.005 -12"><span class='ocrx_word' id='word_1_878' title='bbox 973 2198 1156 2227; x_wconf 81' lang='lat' dir='ltr'>Ambrofiano</span> <span class='ocrx_word' id='word_1_879' title='bbox 1165 2198 1199 2226; x_wconf 91' lang='lat' dir='ltr'>de</span> <span class='ocrx_word' id='word_1_880' title='bbox 1216 2204 1248 2226; x_wconf 87' lang='lat'>16</span> <span class='ocrx_word' id='word_1_881' title='bbox 1257 2209 1264 2226; x_wconf 89' lang='lat' dir='ltr'>i</span> <span class='ocrx_word' id='word_1_882' title='bbox 1274 2203 1299 2226; x_wconf 74' lang='lat'>8⁵.</span> <span class='ocrx_word' id='word_1_883' title='bbox 1309 2197 1387 2227; x_wconf 82' lang='lat' dir='ltr'>edito</span> <span class='ocrx_word' id='word_1_884' title='bbox 1396 2220 1404 2231; x_wconf 88' lang='lat'><em>‚</em></span> <span class='ocrx_word' id='word_1_885' title='bbox 1415 2203 1444 2228; x_wconf 72' lang='grc' dir='ltr'>ὃ(</span> <span class='ocrx_word' id='word_1_886' title='bbox 1461 2209 1511 2238; x_wconf 84' lang='lat' dir='ltr'>per</span> <span class='ocrx_word' id='word_1_887' title='bbox 1522 2202 1683 2228; x_wconf 76' lang='lat' dir='ltr'>Gavantum</span> <span class='ocrx_word' id='word_1_888' title='bbox 1692 2195 1761 2224; x_wconf 68' lang='lat' dir='ltr'>rel:-</span> 
     </span>
     <span class='ocr_line' id='line_1_111' title="bbox 971 2235 1761 2272; baseline -0.003 -5"><span class='ocrx_word' id='word_1_889' title='bbox 971 2248 1003 2266; x_wconf 83' lang='lat' dir='ltr'>to</span> <span class='ocrx_word' id='word_1_890' title='bbox 1014 2242 1026 2270; x_wconf 81' lang='grc'>)</span> <span class='ocrx_word' id='word_1_891' title='bbox 1038 2239 1179 2267; x_wconf 83' lang='lat' dir='ltr'>omittitur</span> <span class='ocrx_word' id='word_1_892' title='bbox 1189 2260 1197 2272; x_wconf 94' lang='lat'><em>‚</em></span> <span class='ocrx_word' id='word_1_893' title='bbox 1216 2238 1234 2266; x_wconf 83' lang='lat' dir='ltr'>si</span> <span class='ocrx_word' id='word_1_894' title='bbox 1246 2238 1451 2269; x_wconf 79' lang='lat' dir='ltr'>Sacramentum</span> <span class='ocrx_word' id='word_1_895' title='bbox 1461 2239 1639 2270; x_wconf 51' lang='lat' dir='ltr'>Eucharistiae</span> <span class='ocrx_word' id='word_1_896' title='bbox 1657 2236 1695 2266; x_wconf 86' lang='lat' dir='ltr'>ibi</span> <span class='ocrx_word' id='word_1_897' title='bbox 1707 2235 1761 2263; x_wconf 78' lang='lat' dir='ltr'>erit</span> 
     </span>
     <span class='ocr_line' id='line_1_112' title="bbox 975 2276 1761 2320; baseline -0.004 -13"><span class='ocrx_word' id='word_1_898' title='bbox 975 2280 1132 2317; x_wconf 79' lang='lat' dir='ltr'>expositum</span> <span class='ocrx_word' id='word_1_899' title='bbox 1143 2301 1151 2313; x_wconf 91' lang='lat'><em>‚</em></span> <span class='ocrx_word' id='word_1_900' title='bbox 1165 2280 1193 2307; x_wconf 91' lang='lat' dir='ltr'>in</span> <span class='ocrx_word' id='word_1_901' title='bbox 1202 2289 1257 2318; x_wconf 87' lang='lat' dir='ltr'>quo</span> <span class='ocrx_word' id='word_1_902' title='bbox 1266 2279 1327 2308; x_wconf 77' lang='lat' dir='ltr'>casu</span> <span class='ocrx_word' id='word_1_903' title='bbox 1335 2279 1429 2320; x_wconf 76' lang='lat' dir='ltr'>censet</span> <span class='ocrx_word' id='word_1_904' title='bbox 1440 2281 1515 2310; x_wconf 90' lang='lat' dir='ltr'>idem</span> <span class='ocrx_word' id='word_1_905' title='bbox 1529 2282 1705 2312; x_wconf 68' lang='lat' dir='ltr'>Austormon</span> <span class='ocrx_word' id='word_1_906' title='bbox 1713 2276 1761 2304; x_wconf 91' lang='lat' dir='ltr'>de-</span> 
     </span>
     <span class='ocr_line' id='line_1_113' title="bbox 971 2318 1763 2360; baseline -0.004 -11"><span class='ocrx_word' id='word_1_907' title='bbox 971 2321 1035 2349; x_wconf 86' lang='lat' dir='ltr'>bere</span> <span class='ocrx_word' id='word_1_908' title='bbox 1045 2320 1268 2352; x_wconf 69' lang='lat' dir='ltr'>Diamnummec</span> <span class='ocrx_word' id='word_1_909' title='bbox 1278 2319 1470 2360; x_wconf 65' lang='lat' dir='ltr'>aspersorium,</span> <span class='ocrx_word' id='word_1_910' title='bbox 1481 2333 1530 2351; x_wconf 89' lang='lat' dir='ltr'>nec</span> <span class='ocrx_word' id='word_1_911' title='bbox 1540 2318 1695 2351; x_wconf 72' lang='lat' dir='ltr'>Sacerdotis</span> <span class='ocrx_word' id='word_1_912' title='bbox 1705 2326 1763 2345; x_wconf 82' lang='lat' dir='ltr'>ma-</span> 
     </span>
     <span class='ocr_line' id='line_1_114' title="bbox 974 2357 1761 2402; baseline -0.005 -12"><span class='ocrx_word' id='word_1_913' title='bbox 974 2371 1041 2390; x_wconf 86' lang='lat' dir='ltr'>num</span> <span class='ocrx_word' id='word_1_914' title='bbox 1050 2360 1172 2390; x_wconf 82' lang='lat' dir='ltr'>osculare</span> <span class='ocrx_word' id='word_1_915' title='bbox 1182 2372 1189 2388; x_wconf 90' lang='grc'>.·</span> <span class='ocrx_word' id='word_1_916' title='bbox 1202 2361 1338 2391; x_wconf 57' lang='lat' dir='ltr'>„Rubricae</span> <span class='ocrx_word' id='word_1_917' title='bbox 1349 2362 1427 2391; x_wconf 85' lang='lat' dir='ltr'>enim&#39;</span> <span class='ocrx_word' id='word_1_918' title='bbox 1434 2363 1576 2402; x_wconf 82' lang='lat' dir='ltr'>generales</span> <span class='ocrx_word' id='word_1_919' title='bbox 1593 2372 1608 2390; x_wconf 81' lang='lat' dir='ltr'>a</span> <span class='ocrx_word' id='word_1_920' title='bbox 1628 2357 1761 2389; x_wconf 78' lang='lat' dir='ltr'>similibus</span> 
     </span>
     <span class='ocr_line' id='line_1_115' title="bbox 971 2399 1762 2444; baseline -0.005 -12"><span class='ocrx_word' id='word_1_921' title='bbox 971 2401 1070 2432; x_wconf 87' lang='lat' dir='ltr'>osculis</span> <span class='ocrx_word' id='word_1_922' title='bbox 1080 2401 1271 2434; x_wconf 78' lang='lat' dir='ltr'>abstinendum</span> <span class='ocrx_word' id='word_1_923' title='bbox 1289 2403 1423 2434; x_wconf 69' lang='lat' dir='ltr'>ordinant</span> <span class='ocrx_word' id='word_1_924' title='bbox 1431 2402 1565 2444; x_wconf 79' lang='lat' dir='ltr'>praesente</span> <span class='ocrx_word' id='word_1_925' title='bbox 1583 2399 1762 2433; x_wconf 67' lang='lat' dir='ltr'>Eucharistiae</span> 
     </span>
     <span class='ocr_line' id='line_1_116' title="bbox 1631 2443 1723 2474; baseline -0.022 -2"><span class='ocrx_word' id='word_1_926' title='bbox 1631 2443 1723 2474; x_wconf 51' lang='lat' dir='ltr'>Sacra*</span> 
     </span>
    </p>
   </div>
  </div>
 </body>
</html>
