1866 2526
0 2488 17 2526 β,
0 2459 6 2478 .,

515 29 616 73 ΜΙ

160 88 253 128 quitus
262 100 318 120 non
337 88 476 118 dicebatur
485 88 561 118 Missa
571 87 762 118 defunctorum
772 110 779 121 ,
800 88 852 118 nisi
863 88 892 116 in
901 98 974 127 ago-3

164 130 228 159 nia.
250 130 322 160 Vide
330 129 460 168 Officium
470 128 670 167 Defunc'torum
681 150 687 157 .
699 130 790 165 Quare
799 129 828 158 in
839 127 888 157 hac
899 126 974 174 Mis-3

161 168 190 199 sa
198 171 266 200 ficut
278 170 308 199 in
317 171 424 200 caeteris
435 169 619 199 Subdiaconus
631 179 686 198 non
697 169 811 198 sustinet
821 179 946 208 patenam
957 189 964 196 .

162 211 237 240 Vide
244 217 354 242 Pateria
365 231 373 239 .
397 212 489 245 Quare
498 212 570 249 pacis
589 210 711 239 osculum
723 221 781 239 non
791 211 871 239 datur
882 230 889 237 .
913 211 965 239 Vi-

159 251 197 280 do
214 257 276 281 Pax
286 273 294 281 .

120 293 214 321 Missa
227 294 341 331 Jiimcii
352 314 360 325 ,
381 302 439 321 erat
451 291 524 321 Missa
535 314 542 325 ,
553 291 581 320 in
591 303 642 331 qua
652 291 748 331 aliquis
757 290 878 320 seculari
888 301 964 326 more

159 330 188 361 se
199 335 328 373 purgabat
345 334 376 362 ab
387 334 476 372 aliqua
485 334 620 362 calumnia
632 355 640 366 ‚
661 334 695 362 de
706 343 758 371 qua
777 334 942 371 purgatione
955 354 962 366 ,

161 374 191 401 in
199 375 349 403 canonibas
359 373 499 413 prohibita
510 394 516 401 .
543 374 616 403 Vide
629 374 766 403 naellam
779 393 786 400 .
804 374 963 410 Educeresc

155 421 204 451 per
212 426 314 445 cneum
326 435 332 442 .
340 416 432 450 Iudex
444 418 673 453 compurgatiom's
682 435 689 442 .
697 417 900 449 Juramentum
910 433 917 441 .
928 418 962 441 0-

159 455 271 484 dalinm
285 477 291 483 .
312 458 443 494 Purgatio
455 475 462 482 .
483 460 617 493 Purgator
627 477 634 483 .
655 454 728 484 Vide
740 454 822 482 etiam
832 452 962 497 capnsen-

159 497 280 525 tentiam
290 518 297 529 ,
316 496 361 524 lib.
375 506 400 533 3.
410 495 540 524 decretal.
551 497 595 526 tit.
607 505 633 530 ς.
654 495 736 525 Ritus
745 492 823 530 hujus
833 494 918 522 Missae
931 494 962 522 in

157 546 221 565 eum
231 559 240 570 ‚
260 536 306 575 qui
318 536 350 564 ad
364 537 554 575 purgationem
564 537 704 566 damnatus
713 543 770 563 erat
781 556 790 567 ‚
799 532 962 578 describitur

161 587 175 605 a
193 578 338 607 Dunstano
357 577 562 606 Dorobernenfi
580 575 796 615 Arciepiscopoi
819 575 905 604 Missae
916 585 961 603 au-

161 627 221 646 tem
231 619 364 647 introitus
377 617 538 657 incipiebat:
563 617 674 655 [Justus
684 626 712 645 cs
720 615 846 645 Domine
855 637 863 649 ,
881 619 909 644 &
919 626 960 644 re—

160 659 233 687 ftum
253 658 385 694 judicium
396 668 472 686 tuum
483 660 559 689 &c.]
584 661 642 693 ejus
650 657 764 686 collcfta
785 656 960 695 sequentibus

160 700 252 728 verbis
270 699 478 728 continebatur:
505 704 519 734 [
532 698 654 728 Absolve
676 695 829 736 quaesumus
838 697 960 726 Domine

158 749 270 769 tuorum
281 739 379 768 delicta
388 738 552 768 famulorum
564 765 566 767 ,
594 749 623 768 ut
631 749 645 767 a
657 748 831 778 peccatorum
848 737 960 766 suorum

160 781 288 813 nexibus,
311 789 371 819 quae
382 789 432 818 pro
442 779 487 808 sua
506 779 662 820 fragilitate
676 788 874 808 contraxerunt
884 800 892 812 ,
915 788 960 807 tua

158 820 330 859 benignitate
353 821 502 850 liberentur
511 844 518 854 ,
539 824 568 849 ὃ(
587 822 616 849 in
636 820 692 849 hoc
710 820 816 856 judicio
828 842 835 852 ‚
859 830 910 858 pro
930 828 960 848 ut

157 871 314 890 meruerunt
325 883 332 894 ,
357 871 402 889 tua
419 862 521 897 justitia
545 862 739 900 preveniente
752 883 759 893 ,
782 861 815 889 ad
835 859 960 889 veritatis

155 901 294 931 censuram
306 902 453 940 pervenire
463 912 617 932 mereantur
627 923 634 930 .
656 904 708 931 Pei-
717 902 872 930 Dominum
883 904 934 929 &c-
946 903 958 933 ]

156 943 278 981 Epistola
289 941 475 972 desumebatur
486 955 517 972 ex
529 943 670 982 Decalogo
682 943 712 971 in
732 942 960 971 Deuteronomio

159 982 262 1012 inserta
273 1005 280 1015 ,
294 993 404 1022 nempe,
416 989 428 1019 [
442 987 501 1023 Ego
510 983 567 1012 sum
578 984 714 1013 Dominus
724 985 799 1012 Deus
809 993 867 1012 tuiis
879 987 932 1014 διε.
946 984 958 1013 ]

160 1025 343 1063 Evangelium
359 1026 499 1053 aMai-co
511 1047 518 1058 ,
540 1025 570 1053 in
580 1036 636 1064 quo
653 1024 687 1053 de
696 1022 873 1053 observantia
891 1022 958 1059 ejus-

157 1064 220 1092 dem
231 1065 366 1104 Decalogi
378 1066 408 1094 fir
422 1066 527 1094 mentio
537 1088 545 1099 ‚
557 1066 635 1099 idest,
648 1071 660 1100 [
672 1064 803 1104 Magister
812 1065 883 1093 bone
893 1063 958 1102 quid

160 1105 254 1134 faciam
263 1107 339 1137 διε-1
363 1105 548 1136 Offertorium
567 1106 727 1135 conlistcbat
748 1107 778 1134 in
788 1106 844 1134 illis
864 1104 958 1143 psalmi

158 1147 263 1175 verbis:
289 1152 301 1181 [
314 1148 453 1176 Immittet
476 1148 618 1186 Angelum
639 1147 779 1176 Dominus
797 1148 827 1175 in
843 1145 959 1174 circuitu

157 1191 209 1216 ἃς.
220 1189 232 1219 ]
245 1187 399 1216 Habebatur
411 1190 493 1216 etiam
506 1187 636 1217 Praefatio
648 1188 739 1216 eidem
749 1186 886 1216 functioni
898 1187 958 1215 ada-

157 1237 231 1266 ptata
242 1250 249 1260 ,
269 1238 298 1256 ac
308 1229 418 1266 quando
428 1229 678 1257 communicabatur
686 1227 834 1267 imputatus
844 1228 878 1256 de
890 1227 958 1256 deli-

156 1269 201 1297 fto
213 1291 221 1302 ‚
231 1269 389 1297 dicebantur
400 1269 442 1298 illi
453 1280 466 1298 a
475 1270 642 1298 Celebrante
653 1269 734 1297 verba
747 1280 752 1296 ε
765 1274 780 1304 t
789 1270 900 1307 Corpus
911 1291 918 1302 ,
931 1272 958 1297 δ(

156 1310 272 1349 Sanguis
282 1310 400 1339 Domini
411 1310 496 1339 nostri
506 1308 570 1348 Jesu
582 1310 691 1339 Christi
703 1310 735 1339 sit
747 1310 799 1338 tibi
809 1310 842 1338 ad
863 1310 957 1348 proba-

155 1351 263 1380 tionem
273 1349 359 1379 hodie
369 1371 376 1378 .
401 1356 413 1386 [
425 1351 649 1380 Postcommunio
658 1350 728 1380 hanc
743 1351 898 1379 orationem
909 1349 958 1378 ha-

154 1392 246 1420 bebat:
260 1393 425 1430 [Perceptis
437 1414 443 1425 ,
456 1393 580 1421 Domine
589 1393 665 1421 Deus
675 1392 766 1420 noster
779 1414 786 1424 ,
810 1389 889 1420 sacris
901 1401 959 1419 mu-

155 1433 264 1460 neribus
276 1454 282 1464 .
292 1431 456 1470 suppliciter
466 1433 644 1471 deprecamur
655 1455 662 1466 ‚
682 1442 712 1461 ut
722 1432 802 1468 hujus
814 1434 958 1471 participa-

155 1472 235 1500 tione
247 1472 416 1504 sacramenri,
429 1476 455 1500 &
465 1484 479 1500 a
490 1474 607 1511 propriis
618 1484 668 1502 nos
677 1474 792 1501 reatibus
802 1473 958 1502 indelinen-

155 1520 198 1539 ter
207 1513 353 1550 expediant
367 1534 372 1541 .
396 1517 423 1541 ὅ(
437 1513 466 1540 in
476 1513 583 1542 famulis
592 1514 646 1542 tuis
656 1514 780 1542 veritatis
790 1512 956 1542 sententiam

156 1551 296 1580 declarent
305 1572 313 1579 .
336 1554 386 1580 Per
396 1554 552 1582 Dominum
562 1557 613 1582 δα.
626 1557 638 1585 ]
663 1554 725 1583 Post
737 1553 844 1583 Missam
866 1556 957 1583 Sacer-

155 1592 206 1620 dos
217 1593 251 1620 ad
268 1592 336 1621 desti
346 1602 439 1621 natum
449 1594 540 1622 locum
557 1594 693 1623 ferventis
710 1605 785 1633 aqua:
796 1595 937 1624 accedebat
949 1617 956 1628 ‚

154 1643 238 1671 quam
255 1632 416 1662 exorcismis
429 1635 510 1663 variis
529 1644 682 1674 praeparans
694 1656 702 1668 ,
723 1634 845 1664 cst‘eetum
865 1635 957 1664 divini

153 1673 250 1709 judicii
262 1675 421 1712 implorabat
433 1696 439 1706 ,
462 1675 640 1714 haustumque
660 1676 733 1705 illius
752 1676 891 1705 bullientis
902 1677 956 1705 ele-

156 1716 245 1743 menti
266 1715 404 1752 imputato
413 1716 445 1744 ad
465 1716 613 1745 bibendum
633 1713 765 1754 praebebat
775 1728 782 1747 5
805 1716 851 1745 hic
863 1728 957 1746 exutus

155 1755 274 1783 vestibus
285 1777 291 1788 ,
315 1753 492 1795 osculatoque
502 1757 575 1794 prius
594 1757 808 1796 Evangeliorum
818 1757 886 1786 libro
899 1781 907 1792 ‚
929 1757 957 1786 se

156 1794 186 1822 in
197 1794 352 1825 ferventem
362 1807 458 1835 aquam
471 1798 689 1835 projiciebat‚vel
698 1797 776 1836 supra
784 1798 887 1827 serrum
895 1810 957 1827 can-

154 1835 269 1863 dentem
278 1836 359 1864 nudis
371 1838 484 1875 pedibus
494 1838 634 1867 incedebat
646 1860 653 1871 ‚
671 1847 716 1867 aut
727 1839 847 1867 manibus
859 1849 955 1879 tange-

156 1876 221 1906 bat÷
246 1880 274 1905 δι
284 1876 319 1905 fic
332 1887 345 1904 a
355 1878 490 1907 calumnia
500 1879 525 1907 ei
537 1879 662 1918 imposita
672 1901 680 1912 ,
702 1879 722 1908 fi
732 1879 878 1908 incolumis
890 1890 954 1909 eva-

155 1914 225 1944 lisset
237 1938 244 1948 ,
266 1918 447 1956 purgabatur:
460 1920 534 1958 quod
545 1919 580 1948 de
589 1921 614 1948 S.
624 1920 798 1958 Cunegunda
808 1941 816 1952 ‚
838 1920 957 1960 aliisque

157 1956 278 1985 foeminis
302 1958 467 1988 innocenter
476 1960 645 1989 calumniatis
653 1961 740 1989 astum
751 1958 824 1989 fuiss‘e
835 1961 938 2000 legitur
950 1983 956 1990 .

962 1207 969 1546 ψ

114 1997 211 2025 Missa
223 1999 429 2029 Mozaimnica
441 2020 450 2028 .
463 2002 541 2030 Pit-a
550 2001 586 2029 D.
598 2001 725 2030 Leandro
737 2000 880 2039 Hispalen-
892 2004 957 2041 Epi-

154 2037 239 2076 scopo
261 2039 434 2075 peculiariter
451 2040 481 2069 in
502 2039 637 2079 Hispania
656 2041 751 2070 usitata
771 2042 908 2080 reperitur
927 2045 957 2072 in

155 2081 235 2106 Tom.
249 2086 275 2107 6.
286 2079 420 2108 Biblioth.
431 2082 474 2109 SS.
488 2084 541 2111 ΡΙ).
553 2083 652 2110 colum.
669 2093 732 2111 ¹02.

114 2118 207 2147 Missa
231 2120 444 2149 ΝΑτινιτΑϊις
464 2122 601 2151 Domui.
623 2120 789 2160 Antiquitas
806 2123 907 2152 nedum
927 2124 957 2152 in

151 2158 201 2187 hac
209 2160 256 2188 die
267 2161 357 2198 plures
367 2160 454 2189 Musas
464 2162 599 2191 celebrare
609 2163 716 2191 licitum
727 2172 784 2191 erat
797 2164 934 2193 Sacerdoti
945 2186 955 2198 ‚

151 2199 200 2228 sed
212 2201 296 2228 etiam
317 2202 444 2239 quotidie
453 2223 462 2236 ,
484 2203 522 2231 ita
532 2205 672 2242 Rupertiis
693 2203 912 2233 Archidiaconus
922 2205 956 2234 de

151 2241 251 2269 Sanflo
262 2241 379 2270 Alberto
390 2243 504 2280 loquens
513 2265 521 2277 ‚
534 2243 588 2272 ait.-
612 2249 625 2279 [
638 2244 729 2273 Factus
741 2245 883 2282 presbyter
892 2246 955 2274 duas

150 2281 183 2309 iii
194 2280 239 2309 die
251 2281 401 2311 celebravit
411 2282 501 2312 Miss'as
516 2306 525 2317 ‚
542 2294 592 2322 pro
603 2284 676 2313 vivis
686 2285 801 2313 alteram
812 2307 819 2318 ,
841 2287 954 2315 alteram

149 2331 201 2359 pro
210 2320 345 2350 defunstis
356 2343 363 2350 .
377 2325 389 2354 ]
414 2324 470 2352 Leo
480 2326 537 2354 ΙΙΙ.
557 2327 628 2363 Papa
646 2335 750 2354 novem
771 2327 858 2354 Miflas
869 2326 898 2356 in
909 2328 954 2356 die

147 2362 320 2392 celebrabat.
345 2365 444 2393 Baton.
464 2375 508 2393 an.
523 2370 627 2399 Simu.
639 2376 686 2405 54.
707 2366 871 2399 Concilium
880 2367 952 2399 Sale-

182 2403 380 2445 ‚Hierolexicm
393 2409 486 2436 Macri
497 2425 504 2435 .

365 2461 372 2475 1

1331 33 1379 74 Μ
1413 33 1431 75 Ι
1687 45 1768 88 437

1019 86 1196 126 gusta-diense
1204 100 1261 128 cap.
1274 99 1300 124 ς.
1310 90 1468 119 Sacerdotes
1475 90 1509 118 ad
1520 100 1573 118 tres
1585 90 1669 120 Missas
1682 88 1821 130 quotidia-

1021 138 1068 155 nas
1077 129 1248 158 celebrandas
1258 130 1394 160 limitavit
1404 152 1411 164 ‚
1421 134 1450 159 ὅ(
1461 130 1571 159 tandem
1583 131 1739 160 Alexander
1749 134 1819 170 Papa

1020 168 1054 196 ad
1063 169 1173 198 unicam
1194 171 1384 209 quotidianam
1396 169 1502 201 Min'am
1519 170 1708 200 celebrandam
1729 175 1821 202 Sacer·

1019 209 1098 237 dotes
1107 211 1251 240 restrinxit
1260 233 1268 244 ‚
1287 222 1344 240 can.
1356 211 1458 241 sufficit
1468 211 1607 240 Sacerdoti
1618 232 1626 244 ,
1646 212 1680 240 de
1698 212 1822 242 consecr.

1019 249 1082 279 dist.
1092 261 1119 285 4.
1130 251 1186 281 FR.
1197 249 1244 280 sed
1256 252 1359 281 ibidem
1370 253 1472 282 dicitur
1480 252 1561 281 etiam
1570 274 1578 285 ‚
1589 253 1664 290 quod
1676 259 1689 288 [
1701 254 1822 291 Quidam

1020 299 1111 320 tamen
1122 300 1174 329 pro
1184 292 1320 322 defunctis
1329 303 1410 322 unam
1424 292 1528 322 faciunt
1537 297 1584 326 ,ὃς
1595 293 1712 322 alteram
1721 294 1756 323 de
1767 295 1824 327 die,

1017 331 1037 359 fi
1047 331 1148 360 necesse
1160 332 1242 361 flierit
1251 353 1259 361 .
1271 335 1283 366 ]
1297 334 1381 370 Quod
1392 333 1479 363 fecisse
1489 334 1614 362 Sanctum
1626 335 1769 364 Albertum
1779 335 1822 364 di-

1017 371 1090 401 stum
1099 373 1137 402 est
1148 372 1226 412 supra
1240 395 1247 402 .
1268 375 1362 404 Plures
1373 376 1457 414 igitur
1467 375 1664 404 celebrationes
1676 376 1707 404 in
1717 376 1762 404 die
1772 386 1823 405 ex..

1020 412 1131 449 preffius
1150 415 1291 444 Sacerdoti
1303 415 1450 455 prohibitae
1460 414 1522 444 sunt
1544 416 1573 444 in
1592 425 1649 454 cap.
1659 415 1820 445 consuluisti

1016 453 1063 482 lib.
1075 465 1102 491 3.
1110 455 1239 484 decretal.
1249 457 1293 485 tit.
1304 467 1351 492 4¹·
1362 456 1397 486 de
1405 456 1532 486 celebrat.
1544 456 1690 485 Misl'arum.
1703 460 1740 486 At
1751 467 1821 496 quo·

1021 495 1105 523 modo
1117 496 1248 525 in'Nocte
1258 498 1424 526 Nativitatis
1435 498 1553 527 Domini
1565 497 1681 536 quilibet
1691 498 1820 527 Sacerdos

1019 543 1073 563 tres
1093 535 1181 564 Millas
1201 538 1336 567 celebrare
1358 538 1467 577 potest?
1490 537 1686 576 Respondetur
1694 560 1703 572 ‚
1721 538 1774 568 hoc
1785 550 1821 567 et

1017 576 1170 615 privilegio
1181 579 1283 607 Leonis
1293 580 1372 617 Papae
1387 603 1393 610 ,
1413 580 1489 618 quod
1497 578 1610 607 habetur
1620 579 1650 607 in
1669 589 1727 608 can.
1740 582 1821 608 noete

1017 615 1106 645 saneta
1116 640 1122 649 ‚
1142 618 1178 645 de
1189 617 1335 648 consecrat.
1345 620 1407 648 dist.
1423 631 1446 648 i.
1467 619 1525 650 Ubi
1535 618 1628 649 Glofla
1638 618 1719 656 hujus
1730 621 1824 659 tripli-

1017 657 1070 685 cati
1082 678 1090 689 ,
1100 656 1237 697 sanstique
1249 660 1374 695 mysterii
1385 660 1602 699 explicationem
1612 659 1655 690 his
1669 661 1755 690 verbis
1768 671 1820 690 tra-

1015 697 1074 725 dit:
1091 703 1104 733 [
1116 699 1280 728 Celebretur
1289 711 1342 729 una
1351 711 1413 729 ante
1425 702 1514 734 diem,
1529 711 1590 739 qiiae
1602 701 1740 744 fignificat
1751 712 1820 730 tem-

1017 748 1065 775 pus
1075 749 1139 767 ante
1149 741 1239 778 legem
1250 762 1257 773 ,
1282 741 1393 779 quando
1404 753 1507 770 eramus
1517 742 1546 770 in
1558 743 1677 770 tenebris
1688 762 1696 770 .
1719 743 1820 772 Secun—

1017 779 1052 807 da
1061 800 1070 811 ,
1091 779 1156 808 duni
1165 780 1264 809 diescit
1277 803 1285 814 ,
1296 785 1324 810 δε
1335 781 1471 821 fignificat
1483 792 1589 820 tempus
1601 783 1629 810 in
1641 783 1701 821 lege
1711 805 1719 816 ,
1733 794 1819 822 quaii-

1016 820 1053 848 do
1073 821 1196 849 nondum
1207 823 1289 860 plena
1298 823 1408 861 agmtio
1427 823 1481 852 Dei
1504 824 1648 852 habebatur
1657 844 1664 851 .
1685 825 1778 852 Tertia
1790 836 1821 854 in

1016 859 1062 889 die
1076 882 1085 893 ,
1105 865 1132 890 ἀ
1143 861 1278 900 significat
1298 873 1405 901 tempus
1414 865 1511 903 gratiae
1527 885 1533 896 ,
1557 864 1666 902 quando
1674 867 1728 898 jam
1739 865 1820 903 plena

1016 902 1143 940 cognitio
1152 901 1297 932 habebatur
1307 924 1315 932 .
1338 904 1426 933 Unde
1437 905 1529 934 versus
1540 925 1547 932 .

1058 943 1150 972 Nocte
1161 945 1237 982 prior
1246 966 1254 977 ,
1265 942 1310 973 sub
1321 945 1380 974 luce
1391 945 1507 984 sequens
1519 968 1526 978 ‚
1541 956 1570 973 in
1578 946 1638 974 luce
1648 945 1772 986 suprema
1780 958 1790 977 ς

1058 984 1110 1012 Sub
1123 985 1188 1013 Noe
1199 1007 1206 1017 ,
1218 983 1266 1013 sub
1274 985 1371 1014 David
1380 1007 1387 1018 ‚
1398 986 1445 1015 sub
1455 988 1546 1016 Cruce
1556 1007 1564 1018 ,
1575 984 1648 1015 sacra
1660 998 1724 1015 nota
1735 1008 1741 1014 -
1753 989 1764 1018 ]

1016 1024 1083 1052 Sunt
1093 1025 1176 1053 etiam
1184 1025 1231 1054 alii
1242 1025 1335 1054 versus
1349 1026 1378 1055 in
1387 1028 1505 1065 quodam
1530 1028 1687 1066 pervetusto
1697 1027 1798 1056 Miflssili
1810 1051 1818 1060 ,

1055 1067 1176 1100 Quarum
1189 1066 1275 1104 prima
1286 1066 1336 1095 tibi
1348 1077 1452 1106 tempus
1462 1091 1469 1102 ,
1479 1079 1535 1107 quo
1547 1069 1607 1107 lege
1617 1068 1761 1097 carebant⁴

1056 1107 1154 1135 Altera
1163 1107 1208 1135 dat
1218 1106 1337 1143 Moysen
1349 1119 1356 1138 ᾗ
1379 1108 1503 1147 delignat
1514 1109 1592 1138 tertia
1605 1107 1750 1138 Christum
1761 1130 1769 1137 .

1016 1149 1058 1176 Ac
1070 1147 1164 1176 eadem
1182 1147 1275 1177 Gloss'a
1287 1149 1317 1177 in
1329 1160 1387 1177 can.
1398 1149 1551 1178 Consulisti
1563 1149 1642 1187 supra
1651 1171 1659 1182 ,
1677 1150 1710 1178 de
1720 1150 1818 1178 celebr.

1015 1187 1086 1216 Mili:
1099 1198 1147 1216 ait.-
1159 1194 1171 1224 [
1182 1189 1365 1218 Celebrantur
1375 1190 1459 1218 etiam
1472 1201 1525 1218 tres
1535 1189 1622 1220 Min'ae
1632 1200 1747 1229 propter
1757 1201 1821 1226 my-

1015 1227 1126 1257 sterium
1140 1241 1147 1256 .·
1168 1231 1300 1267 quoniam
1313 1241 1361 1269 per
1372 1231 1432 1259 illas
1442 1241 1496 1260 tres
1507 1230 1594 1260 Musas
1606 1231 1822 1270 repraesentatur

1015 1270 1118 1307 triplex
1128 1269 1208 1298 status
1221 1282 1227 1301 ς
1239 1269 1343 1300 scilicet
1355 1293 1362 1304 ‚
1375 1272 1456 1300 status
1466 1282 1529 1301 anie
1540 1273 1639 1310 legem,
1651 1270 1698 1300 sub
1707 1273 1779 1312 lege,
1790 1276 1819 1302 ὃς

1014 1308 1097 1338 status
1104 1320 1199 1349 gratiae
1211 1332 1218 1338 .
1229 1313 1283 1340 Illa.
1295 1334 1303 1345 ‚
1315 1323 1374 1350 (με
1387 1323 1517 1342 cantatur
1527 1314 1557 1341 in
1569 1314 1662 1345 noste,
1671 1312 1820 1351 repraesen-

1013 1359 1053 1379 tat
1066 1351 1164 1380 statum
1174 1352 1253 1380 illum
1265 1375 1271 1384 ,
1283 1364 1330 1391 qui
1343 1353 1395 1381 fuit
1404 1364 1467 1383 ante
1477 1354 1570 1393 legem
1579 1376 1587 1387 ‚
1603 1354 1713 1392 quando
1723 1364 1820 1383 omncs

1013 1401 1090 1421 erant
1100 1393 1130 1421 in
1142 1393 1276 1424 aenebrisi
1300 1395 1373 1423 unde
1382 1395 1486 1423 dicitur
1499 1405 1527 1423 in
1545 1394 1624 1424 Milia
1642 1394 1688 1424 illa
1699 1395 1821 1434 proplie-

1016 1432 1052 1460 tia
1063 1444 1069 1460 :
1080 1434 1198 1471 Populus
1209 1435 1336 1472 gentium
1348 1457 1354 1467 ,
1364 1436 1411 1473 qui
1422 1436 1572 1464 ambulabat
1583 1435 1612 1462 in
1625 1436 1742 1463 tenebris
1753 1456 1761 1462 .
1774 1437 1821 1465 Se-

1013 1473 1110 1507 cunda,
1122 1484 1182 1513 quae
1194 1475 1297 1503 dicitur
1308 1486 1336 1503 in
1347 1486 1451 1504 aurora.
1464 1473 1642 1514 repraesentat
1653 1485 1759 1514 tempus
1769 1475 1818 1505 sub

1013 1515 1076 1552 lege
1085 1537 1093 1547 ‚
1112 1515 1143 1543 in
1155 1526 1210 1553 quo
1228 1519 1283 1551 jam
1307 1518 1474 1553 incipiebant
1498 1527 1530 1544 ex
1551 1526 1626 1553 parte
1650 1515 1821 1556 cognoscere

1015 1555 1179 1587 Cliristum5
1193 1554 1306 1585 sednon
1316 1558 1396 1595 plene
1409 1558 1521 1596 propter
1532 1557 1602 1586 dista
1612 1557 1680 1596 legis
1692 1579 1700 1591 ,
1713 1561 1740 1586 ὁ(
1750 1560 1820 1587 Pro-

1014 1594 1157 1634 phetarum
1170 1618 1178 1629 ,
1191 1597 1291 1625 &ideo
1302 1607 1425 1626 cantatur
1437 1608 1510 1626 inter
1519 1598 1593 1626 diem
1604 1601 1632 1626 ὅ(
1642 1599 1752 1626 nostem
1764 1620 1771 1631 ,
1790 1603 1820 1629 ὅ(

1013 1636 1115 1666 dicitur
1124 1638 1269 1668 officiuni5
1290 1640 1348 1667 Lux
1360 1637 1475 1677 fulgebit
1485 1637 1570 1667 hodie
1581 1659 1588 1666 .
1611 1639 1704 1668 Tertia
1715 1639 1820 1668 dicitur

1015 1677 1045 1705 in
1055 1678 1100 1706 die
1110 1699 1117 1710 ‚
1141 1688 1189 1716 per
1201 1688 1282 1716 quain
1291 1678 1447 1717 delignatur
1457 1689 1562 1717 tempus
1573 1679 1667 1718 gratiae
1682 1700 1689 1711 ,
1710 1677 1817 1709 scilicet

1015 1717 1153 1755 praescnt3
1177 1719 1249 1747 unde
1259 1719 1362 1748 dicitur
1381 1721 1521 1749 officium:
1546 1722 1616 1749 Puer
1627 1730 1706 1749 natus
1716 1721 1756 1750 est
1764 1725 1819 1750 &c-

1015 1759 1090 1796 quod
1100 1769 1178 1798 potes
1190 1760 1350 1799 intelligere
1360 1759 1403 1789 his
1415 1761 1532 1790 versibus
1546 1773 1552 1788 .-

1054 1802 1120 1829 Tres
1131 1801 1160 1828 in
1170 1801 1264 1829 Natali
1277 1802 1376 1830 debent
1387 1801 1474 1831 Miflle
1485 1802 1613 1830 celebrari
1624 1823 1632 1830 .

1055 1841 1178 1876 Quarum
1189 1851 1276 1878 prima
1286 1840 1384 1870 sacram
1393 1841 1501 1871 Christi
1511 1843 1599 1882 signat
1609 1842 1766 1882 genituram
1778 1854 1786 1875 i

1055 1882 1153 1911 Altera
1165 1883 1275 1910 venturi
1286 1883 1409 1921 delignat
1419 1883 1517 1921 gaudia
1527 1882 1654 1912 Christi:

1056 1922 1150 1951 Tertia
1159 1925 1214 1958 jam
1226 1922 1322 1950 laetum
1334 1945 1342 1956 ‚
1355 1924 1432 1962 quod
1442 1924 1483 1952 lex
1497 1923 1554 1952 fore
1566 1923 1638 1954 sacra
1651 1923 1750 1963 figurat
1760 1946 1766 1952 .
1778 1926 1792 1956 1

1016 1965 1110 2000 Atque
1131 1963 1290 1992 Postillator
1308 1963 1411 1992 ibidem
1430 1965 1480 1993 alia
1498 1964 1628 2000 mysteria
1647 1965 1732 1993 tradit
1743 1987 1752 1999 ‚
1775 1965 1819 1994 in-

1014 2003 1128 2041 quiens.-
1151 2003 1265 2039 [Prima
1278 2003 1355 2032 Missa
1373 2004 1497 2043 defignat
1510 2005 1719 2044 generationem
1738 2015 1819 2035 aeter-

1015 2053 1079 2072 nam
1090 2066 1098 2077 ‚
1120 2054 1180 2082 quae
1200 2044 1308 2072 occulta
1319 2047 1357 2073 est
1369 2066 1378 2078 ,
1400 2049 1428 2074 &
1439 2045 1504 2074 ideo
1522 2046 1552 2074 in
1573 2047 1653 2075 noste
1666 2047 1818 2075 celebratur

1017 2086 1102 2122 prima
1112 2083 1188 2113 Mifliz
1199 2104 1206 2112 .
1230 2085 1352 2114 Secunda
1361 2085 1497 2125 fignificat
1509 2087 1686 2117 nativitatem
1709 2097 1817 2116 natura—

1013 2126 1068 2153 lem
1081 2147 1088 2157 ,
1100 2124 1205 2153 scilicet
1217 2147 1224 2158 ,
1235 2135 1268 2153 ex
1279 2125 1415 2160 muliere„
1437 2131 1463 2156 ἀ
1475 2127 1538 2165 quia
1550 2138 1584 2156 ex
1598 2128 1711 2167 virgine
1720 2150 1728 2161 ‚
1752 2128 1817 2156 ideo

1015 2167 1116 2204 partim
1126 2165 1255 2194 naturalis
1264 2186 1276 2202 ‚
1294 2168 1393 2204 partim
1403 2168 1508 2196 occulta
1519 2189 1528 2200 ,
1539 2169 1603 2196 ideo
1615 2169 1767 2197 celebratur
1786 2180 1816 2198 iii

1012 2217 1092 2235 mane
1101 2226 1109 2234 .
1131 2206 1225 2235 Tertia
1245 2206 1381 2245 fignificat
1397 2209 1610 2247 generationem
1628 2208 1798 2247 spiritualem
1808 2231 1816 2242 ,

1011 2257 1071 2286 quae
1084 2247 1115 2276 fit
1130 2257 1177 2285 per
1188 2247 1304 2285 gratiam
1315 2269 1324 2280 ‚
1345 2251 1373 2277 ὅ(
1384 2248 1433 2277 ista
1441 2250 1471 2277 in
1481 2250 1563 2278 tertia
1574 2271 1582 2283 ,
1602 2251 1665 2288 quia
1674 2248 1796 2278 clarescit
1807 2272 1817 2282 ,

983 2318 986 2319 ⁷
1010 2292 1039 2318 δε
1048 2298 1081 2316 eit
1095 2287 1191 2316 studiis
1203 2297 1299 2316 eorum
1307 2287 1481 2327 cognoscetis
1491 2300 1537 2319 eos
1549 2311 1557 2318 .
1570 2290 1674 2319 Oritur
1685 2290 1760 2318 enim
1769 2290 1815 2319 Sol

1009 2328 1120 2365 justitiae
1137 2348 1144 2358 ,
1164 2338 1225 2356 cum
1244 2338 1422 2358 convertitur
1440 2331 1525 2360 malus
1537 2353 1544 2365 ,
1568 2334 1595 2359 St
1613 2328 1734 2369 quisquis
1752 2330 1816 2359 facit

1010 2370 1188 2408 voluiitateii}
1200 2370 1307 2410 Patrisg
1329 2371 1447 2402 Vinecn.
1461 2372 1505 2409 Jo.
1518 2371 1608 2401 Andr.
1620 2373 1633 2404 ]
1644 2371 1734 2440 Divus
1745 2381 1814 2400 vero

1455 2414 1476 2440 E
1488 2422 1501 2441 e
1544 2423 1557 2451 3
1697 2415 1774 2448 1102
