1866 2526
129 65 209 112 760

156 160 221 189 Ex
261 159 453 190 LIBRO
481 160 532 189 11.
564 159 826 189 MACHAB.

75 239 162 269 CAP.
178 251 201 269 i.
212 239 282 269 vers.
293 252 321 277 9.
336 244 390 276 [Et
404 251 474 268 nunc
486 238 657 279 frequentate
670 239 726 269 dies
738 237 909 278 scenopegIae

113 281 212 309 mensis
231 282 371 311 Casleu.]
394 281 461 309 Dies
479 279 649 320 scenopegiae
667 281 819 309 celebrandi
830 289 907 308 erant

113 320 211 351 mense
230 321 352 359 septimo
374 320 446 350 Tisi-i
459 343 467 354 ‚
491 330 520 349 ut
531 322 690 359 praecipitur
712 321 800 349 Exod.
814 331 860 358 23.
882 323 909 347 ὃ(

116 374 162 397 24.
181 373 209 390 ac
228 361 319 390 chir.
341 371 386 399 23.
406 372 463 390 non
474 370 564 390 autem
583 361 675 390 mense
698 371 775 389 nono
796 361 894 390 Casieu
903 379 910 387 .

113 401 285 440 Respondeo
297 423 303 430 .
326 402 374 431 Isti
387 402 444 430 dies
454 402 513 430 festi
524 425 530 434 ,
549 401 594 440 qui
606 401 650 430 liic
661 402 822 430 indicuntur
832 423 840 435 ,
852 411 910 429 non

109 441 175 470 sunt
184 443 228 471 iili
237 441 347 481 septimi
358 443 454 470 meniis
465 453 472 472 -2
483 440 529 470 sed
540 443 598 470 dies
609 443 815 475 Encaeniorum,
826 452 910 480 quan-

110 483 149 511 do
169 494 183 511 a
202 483 272 522 Juda
293 481 449 511 Machabaeo
469 492 645 521 repurgatum
666 482 718 511 suit
738 483 890 522 Templum
902 504 909 515 ,

112 533 194 562 quam
212 524 417 552 dedicationem
429 522 526 552 festive
544 533 709 562 peregerunt
720 525 778 552 dies
795 523 911 552 octoiu-

111 573 205 603 tegros
215 565 247 593 ad
259 564 372 592 modum
384 563 542 592 festivitatis
551 565 783 593 tabernaculorum
793 583 799 592 ·

70 604 148 636 Ibid.
158 617 185 635 v.
200 615 243 640 14.
258 604 390 641 [Etenim
400 614 460 632 cum
471 615 500 633 ea
509 603 672 634 habitaturus
683 606 761 634 venit
772 605 805 634 :id
818 606 909 633 locum

111 645 269 675 Antiochus
281 666 288 673 .
300 648 311 677 ]
325 647 420 674 Sermo
429 645 466 673 est
477 645 510 674 de
520 647 658 684 conjugali
670 647 837 675 habitatione
848 655 908 673 cuin

108 687 170 715 Dea
181 688 306 715 Nanezim
317 708 324 718 ,
345 696 374 715 ut
383 686 526 724 colligitur
535 697 567 715 ex
579 687 713 716 vocabulo
721 698 814 727 greco
826 697 909 717 σιωοι-

108 724 192 757 uilem
202 749 209 760 ,
229 727 301 756 idest
310 728 536 759 cohabitaturus,
560 730 588 755 ὃς
599 738 631 755 ex
653 728 726 757 dotis
745 727 887 757 mentione
901 749 907 758 ,

91 778 170 806 ,quae
189 767 226 795 ibi
237 768 417 806 exprimitur.
442 768 565 796 Dubium
584 768 670 806 igitur
688 769 745 802 est,
769 768 908 807 quomodo

107 807 188 836 vivus
198 818 259 836 cuin
272 819 379 837 mortua
395 830 402 841 ,
420 809 541 836 moi-talis
551 818 611 836 cum
631 810 782 838 immortali
792 811 907 844 conjun-

107 849 213 887 gendus
222 848 285 878 estet
299 854 308 878 ἓ
330 848 517 887 Respondeo,
536 848 632 878 solitos
644 850 719 879 fuiffe
730 859 835 879 veteres
854 852 908 878 Re-

108 899 155 927 ges
174 900 236 919 cum
254 890 360 918 Deabus
379 890 553 919 matrimonia
572 890 659 923 inire,
683 902 712 920 ut
733 890 907 930 Heliogabali

107 930 217 959 Urania
228 930 309 960 docet
320 952 328 963 ,
351 929 395 958 seii
406 932 500 959 Venus
521 931 591 969 apud
601 932 801 969 Xiphilinums
824 935 852 960 δ(
862 941 906 959 iiov

106 970 167 999 stris
177 972 344 1010 temporibus
355 980 419 999 nota
429 972 556 1001 omnibus
564 971 601 1000 est
620 971 750 1002 solemnis
762 971 908 1011 desponsa>

109 1012 149 1039 tio
161 1034 167 1044 ‚
192 1023 272 1051 quam
281 1022 341 1040 cuin
353 1012 472 1041 Thetide
486 1013 636 1051 quotannis
649 1013 752 1042 faciunt
765 1013 866 1043 Veneti
881 1023 908 1040 in

108 1053 154 1080 die
175 1052 350 1082 Ascenfionis
372 1053 490 1081 Domini
503 1074 510 1080 .
534 1055 672 1082 Habemus
693 1054 804 1093 insuper
817 1064 908 1082 exem-

105 1095 182 1132 plum
202 1092 422 1132 desponsationis
442 1095 564 1123 Antonii
585 1105 647 1123 cuin
670 1096 799 1125 Minerva
809 1117 816 1128 ‚
840 1095 908 1122 telle

107 1136 209 1163 Seneca
230 1134 259 1163 in
271 1134 366 1164 Suasot·
377 1154 384 1161 .
407 1134 449 1162 Sic
459 1134 543 1163 etiam
554 1134 599 1163 hic
620 1136 777 1165 Antiochus
788 1158 795 1169 ,
818 1146 846 1164 tit
859 1135 896 1163 lio

108 1175 186 1203 nesto
198 1185 334 1214 praetextu
346 1176 480 1213 templum
491 1176 645 1214 expoliaret
654 1197 662 1209 ‚
686 1176 825 1205 thesauros
835 1177 909 1205 dotis

106 1216 221 1244 nomine
233 1216 369 1255 surripere
382 1216 482 1245 studuit
494 1228 503 1246 ς
527 1226 553 1245 at
565 1217 662 1255 templi
675 1218 832 1246 Sacerdotes
849 1227 908 1245 cau-

106 1267 191 1286 tiores
203 1257 276 1286 suere
287 1279 295 1290 ‚
320 1266 347 1284 ut
360 1255 417 1294 ipse
429 1257 518 1286 exitus
528 1258 719 1297 comprobavit
729 1279 737 1285 .

66 1298 137 1337 Cap.
159 1309 184 1335 3.
208 1308 235 1326 v.
246 1310 273 1332 4.
299 1303 310 1332 [
329 1297 426 1325 Simon
445 1298 478 1325 de
498 1299 568 1326 tribu
588 1300 731 1334 Beniamin
749 1298 910 1336 praepositus

107 1338 216 1376 Templi
228 1359 234 1365 .
246 1340 258 1370 ]
282 1338 433 1374 Quomodo
452 1348 560 1376 poterat
579 1338 630 1367 elle
649 1339 758 1377 Templi
780 1338 904 1377 praeposi-

106 1389 149 1407 tus
159 1400 166 1411 ‚
190 1379 209 1408 si
220 1388 275 1406 crat
288 1379 321 1406 de
342 1378 414 1406 tribu
426 1379 570 1413 Benjamin
581 1400 589 1412 ‚
612 1390 668 1407 non
679 1389 770 1408 autem
779 1380 814 1408 de
835 1379 909 1407 tribu

106 1419 248 1449 Levitica?
272 1417 440 1457 Respondeo
449 1439 457 1451 ‚
470 1418 520 1446 iste
533 1420 630 1448 Simon
638 1429 696 1448 erat
708 1420 864 1458 praepofitus
878 1430 907 1447 iu

106 1461 183 1488 rebus
194 1459 314 1498 profanis
324 1482 331 1492 ,
353 1469 410 1487 non
419 1469 509 1487 autem
521 1458 601 1488 sacris
614 1480 622 1488 .
634 1460 738 1488 Forsan
749 1461 824 1489 enim
836 1471 907 1498 prae-

107 1511 165 1529 erat
177 1499 309 1529 thesauris
322 1522 328 1532 ,
353 1501 397 1528 vel
411 1499 683 1529 militaricustodiae:
708 1502 743 1530 fic
754 1501 836 1529 etiarn
854 1504 910 1535 ejus

110 1541 192 1570 sratcr
210 1541 349 1570 Menelaus
367 1540 460 1577 .njuste
479 1539 614 1572 summum
635 1542 834 1570 Pontificatum
845 1541 907 1571 affc-

106 1583 227 1610 &averat
236 1603 243 1610 .

67 1624 137 1661 Cap.
153 1633 177 1658 5.
188 1633 215 1652 v.
230 1634 276 1655 27·
301 1621 406 1660 [Judas
415 1632 506 1651 autem
517 1623 685 1652 Machabaeus
696 1645 703 1656 ,
727 1624 774 1661 qui
785 1623 906 1652 decimus

109 1664 194 1692 suerat
206 1666 237 1694 .]
261 1667 295 1691 Et
307 1673 399 1691 tamen
416 1674 473 1701 cap.
492 1674 535 1698 ¹4·
553 1660 656 1692 dieitur
677 1665 759 1701 Jtidas
772 1662 904 1702 pmfuiii‘e

107 1705 233 1733 omnibus
244 1702 371 1732 Affidaeis
381 1724 388 1736 ,
412 1714 458 1732 cur
472 1704 557 1742 igitur
568 1705 670 1732 dicitur
680 1705 820 1733 decimus?
839 1703 906 1733 Res-

108 1746 219 1784 pondeo
231 1767 238 1777 ‚
257 1754 312 1772 crat
325 1745 446 1773 decimus
456 1766 464 1777 ,
476 1745 608 1773 nimirum
618 1767 625 1777 ‚
638 1755 705 1773 unus
717 1756 748 1773 ex
759 1746 853 1773 decem
865 1744 908 1772 vi-

108 1787 143 1814 ris
166 1785 348 1815 Affidaeorum
359 1807 367 1818 ,
390 1785 465 1814 inter
474 1795 541 1824 quos
561 1785 652 1823 postea
670 1786 751 1814 ctiam
771 1785 908 1824 generalis

108 1828 162 1855 dux
175 1826 225 1856 fuit
236 1847 244 1854 .

66 1869 137 1906 Cap.
154 1872 178 1896 8.
191 1878 217 1895 v.
231 1878 275 1895 22.
300 1866 477 1902 [Constituit
490 1866 585 1904 itaque
606 1866 700 1895 fratres
710 1866 770 1894 suos
784 1866 864 1894 duces
875 1876 901 1893 u>

109 1909 200 1946 trique
209 1908 301 1936 ordini
319 1907 459 1935 Simonem
473 1929 481 1939 ,
504 1911 530 1935 ἃ
542 1907 690 1945 Josephum
704 1909 734 1938 .]
759 1907 860 1936 Nullus
871 1916 907 1934 ta-

110 1959 173 1977 men
184 1960 216 1977 ex
230 1948 351 1976 fratribus
360 1947 438 1985 Judae
451 1949 595 1976 vocabatur
606 1947 740 1986 Josephus
750 1968 757 1975 .
782 1945 907 1984 Respon-

108 1990 160 2017 deo
174 2010 181 2021 ‚
202 1988 336 2027 Josephus
357 1988 432 2017 idem
442 1998 500 2017 erat
510 2010 519 2022 ,
537 1999 565 2016 ac
579 1990 719 2026 joanness
744 1988 780 2016 ita
790 1987 908 2017 Sentius

110 2030 231 2068 explicat
242 2049 250 2058 .

151 2113 207 2141 EX
230 2110 476 2140 EVANGEL.
499 2110 526 2139 S.
549 2109 828 2139 MATTHAEI.

70 2192 157 2222 CAP.
182 2203 204 2220 i.
228 2191 328 2220 Statim
349 2190 379 2219 in
398 2190 458 2230 ipso
477 2190 592 2220 exordio
608 2191 729 2219 occurrit
761 2188 908 2218 difficultas

586 61 958 104 Contradieiiones
990 70 1240 114 apparentes

965 127 1032 145 vei-o
1053 117 1188 147 enodavit
1199 116 1313 146 dicens;
1335 125 1349 144 a
1367 116 1392 144 S.
1402 117 1471 147 Luca
1481 119 1614 152 recenseri
1635 127 1761 163 parentet

964 155 1067 195 Joseph
1076 156 1224 186 secundum
1235 157 1323 195 legem
1334 177 1341 189 ,
1361 166 1374 184 a
1386 157 1412 184 S.
1422 159 1556 191 Mattliaeo
1567 173 1658 193 autem
1666 163 1762 194 secun-

963 197 1029 225 dum
1039 207 1163 226 naturam
1175 218 1184 225 .
1205 198 1279 226 Nam
1289 197 1363 225 Deus
1375 205 1536 237 praeceperat
1545 225 1554 236 ,
1564 205 1638 242 quod
1647 205 1666 234 fi
1679 205 1761 234 trater

964 236 1061 276 absque
1072 237 1164 266 liberis
1175 248 1189 266 e
1200 238 1258 266 vita
1268 235 1373 265 disceffi
1379 235 1426 265 fl'et
1436 258 1445 271 ,
1457 240 1524 268 alius
1534 241 1614 272 frater
1625 247 1680 280 ejus
1691 255 1759 274 uxo-

965 288 1024 306 rem
1040 278 1174 316 acciperet
1193 278 1226 306 ad
1243 277 1427 306 suscitandum
1441 277 1530 308 frati-is
1549 281 1657 312 semen.
1679 287 1759 314 Hanc

966 319 1158 347 difficultatem
1170 328 1258 356 nuper
1267 316 1433 346 Christianis
1441 319 1542 355 objecit
1563 322 1672 353 Ahmed
1681 325 1760 354 Persa

967 359 998 387 in
1007 358 1055 387 suo
1066 359 1138 388 libi-0
1148 359 1282 397 inscripto
1291 380 1298 391 ,
1310 359 1418 387 Politot
1428 359 1548 397 speculi,
1571 372 1668 392 contra
1677 375 1758 403 quem

967 400 1136 438 Apologiam
1148 400 1256 429 erudite
1266 421 1275 433 ,
1293 408 1320 427 ut
1332 399 1424 427 aflolet
1436 422 1444 434 ‚
1464 400 1569 440 scripfit
1580 405 1610 431 P.
1620 402 1761 444 Philippus

966 440 1147 478 Guadagnola
1157 462 1165 473 ,
1181 441 1306 469 Clericus
1316 441 1460 478 Regularis
1470 443 1567 471 Minor
1579 444 1682 482 linguae
1695 449 1761 474 Ara-

965 480 1031 508 bicae
1041 480 1174 518 professor
1184 481 1326 519 egregius,
1350 491 1379 508 ac
1389 481 1420 508 iii
1430 482 1518 511 nostra
1531 485 1758 523 Congregatione

964 530 1039 548 meus
1049 522 1153 560 collega
1162 543 1170 554 ‚
1180 532 1227 559 qui
1237 531 1293 559 cap.
1305 532 1333 554 7.
1342 520 1405 549 sest.
1423 532 1537 551 1.notat
1559 525 1585 553 S.
1597 524 1761 553 Matthaeum

963 561 1003 589 uti
1016 562 1099 590 verbo
1110 567 1214 590 Genmt
1225 563 1258 590 :id
1267 561 1471 600 fignificandam
1482 565 1631 593 naturalem
1648 575 1764 603 genera-

964 601 1085 638 tionem,
1102 605 1200 631 Lucam
1214 613 1279 630 vero
1291 612 1347 630 non
1358 602 1398 630 uti
1409 603 1457 631 tali
1471 605 1553 633 verbo
1564 626 1572 637 ,
1595 604 1642 633 scd
1653 606 1744 634 dicere
1755 617 1763 634 :

967 640 1094 681 [Joseph
1108 666 1114 672 ,
1126 643 1173 681 qui
1185 642 1236 671 fuit
1250 643 1315 671 Heli
1328 666 1335 677 ‚
1357 642 1404 680 qui
1416 642 1467 671 fuit
1478 644 1588 674 Mathat
1599 667 1607 678 ,
1626 649 1700 677 ὗες-1
1722 649 1764 676 Α-

966 682 1067 711 rabicus
1080 683 1149 721 legit
1158 682 1262 721 Joseph
1273 682 1324 711 filii
1336 683 1412 715 Heli,
1423 683 1474 711 filii
1485 685 1591 714 Mathat
1605 707 1614 718 ,
1627 689 1679 714 ἃς.
1693 688 1705 717 ]
1717 686 1764 715 Ad

966 726 1099 756 majorem
1117 724 1196 759 liujus
1219 723 1391 752 difficultatis
1409 724 1624 754 elucidationem
1655 726 1764 755 Christi

965 763 1153 801 genealogiam
1173 774 1207 791 ex
1218 763 1363 801 Scripturis
1372 784 1381 796 ‚
1403 767 1431 791 δε
1443 765 1545 794 Sanffis
1557 766 1678 795 Patribus
1694 777 1765 805 prae-

965 803 1059 832 sei-tim
1077 802 1248 832 Damasceno
1266 805 1460 843 depromptam
1476 805 1506 834 in
1527 806 1651 845 sequenti
1668 809 1764 838 arbore

964 843 1081 874 describi
1091 844 1242 875 curavimus
1253 865 1260 873 .

1077 1748 1085 1768 l

1029 1799 1033 1808 i
1070 1793 1081 1807 z
1654 1800 1658 1804 .

1028 1818 1047 1856 Ξ
1069 1805 1082 1859 Ξ
1652 1813 1655 1816 ’

1062 1863 1082 1880 ΝΣ
1648 1860 1652 1863 i
1674 1860 1694 1878 *ἶ

1018 1905 1079 1930 alba}
1279 1912 1400 1932 (remurmj
1406 1923 1408 1925 -
1611 1876 1709 1932 m

1155 1994 1246 2051 &22³0
1455 2001 1537 2061 emim(

1317 2061 1365 2073 f-

109 2233 156 2260 illa
181 2233 293 2262 celebris
311 2254 318 2266 ,
349 2243 394 2260 cur
416 2232 566 2260 Matthaeus
584 2230 692 2259 Christi
715 2229 906 2270 genealogiam
924 2228 1032 2258 Ibidem
1043 2242 1069 2261 v.
1084 2241 1108 2267 ς.
1133 2233 1365 2268 [Salmonautmn
1374 2230 1473 2272 genuit
1483 2232 1560 2259 Boox
1575 2228 1609 2257 de
1620 2226 1715 2257 Rahab
1726 2247 1732 2254 .
1745 2228 1758 2259 ]

111 2273 227 2302 ziDavid
250 2273 332 2311 usque
343 2274 373 2301 ad
393 2272 496 2311 Joseph
516 2273 631 2300 deducat
652 2283 700 2310 per
711 2272 885 2300 Salomonem
898 2292 905 2303 ‚
922 2304 924 2311 Λ

110 2314 191 2341 Lucas
213 2325 279 2342 vero
292 2324 338 2351 per
348 2313 478 2343 Nathan:
502 2323 569 2351 crgo
578 2314 624 2340 alii
646 2323 771 2351 parentes
783 2312 905 2339 tribuun-

114 2362 157 2381 tur
168 2353 290 2391 Josepho
301 2365 314 2382 a
324 2356 349 2383 S.
360 2356 431 2382 Luca
443 2375 450 2386 ‚
473 2353 519 2382 alii
531 2364 544 2381 a
555 2354 579 2381 S.
590 2353 726 2382 Matthaeo
738 2374 744 2380 .
769 2354 850 2381 Hunc
863 2353 902 2379 lo-

110 2403 172 2422 cum
182 2394 250 2422 olim
260 2395 359 2430 objecit
372 2394 496 2432 Julianus
507 2393 644 2433 Augustus
656 2415 662 2422 .
675 2395 700 2423 5.
714 2394 903 2428 Hieronymus

965 2270 1114 2305 Quomodo
1132 2283 1223 2312 potuit
1242 2273 1350 2301 Salmon
1368 2282 1499 2311 generare
1517 2270 1589 2298 filios
1607 2279 1642 2297 ex
1663 2266 1760 2297 Rahab

961 2314 1105 2341 meretrice
1126 2315 1298 2351 Jericuntina
1308 2335 1316 2346 ‚
1339 2313 1359 2342 fi
1370 2311 1426 2351 ipse
1435 2323 1492 2341 non
1502 2311 1541 2339 est
1552 2307 1682 2348 ingrefliis
1704 2315 1759 2336 ter-

960 2361 1016 2379 ram
1025 2353 1229 2391 promiffionis:
1253 2354 1342 2382 nullus
1354 2354 1430 2382 enim
1440 2363 1473 2381 ex
1487 2351 1519 2380 iis
1528 2371 1537 2383 ‚
1561 2350 1608 2388 qui
1622 2350 1653 2378 ab
1661 2347 1757 2390 AEgy-

959 2401 1010 2431 Pto
1020 2393 1073 2422 disc
1079 2394 1196 2424 ell'crunt
1204 2415 1214 2428 ‚
1234 2394 1266 2423 in
1276 2403 1375 2423 terram
1396 2390 1584 2432 protniflionis
1594 2389 1694 2429 pedem
1714 2395 1758 2416 ui-

1676 2436 1720 2455 tu-

1852 399 1864 498 «ἐι-ἐ

1854 862 1866 1042 ᾳωι--ψ-μψ,
1853 667 1866 849 μὴ’-ις...-
1856 646 1858 651 v
1862 526 1864 542 ἢ
