1866 2526
132 46 208 102 380
469 46 487 86 Ι
521 45 556 86 E

83 110 309 138 IDOLOTHYTUM
328 99 496 134 εἶδὼλᾶθωην
505 124 512 130 .
537 105 594 131 PR.
617 100 700 130 Idolo
721 96 906 127 consecratum
916 116 922 122 .

126 153 139 182 [
151 146 203 175 Sed
212 156 271 173 non
281 146 310 173 in
319 144 443 173 omnibus
452 143 490 172 est
499 143 623 172 scientia.
634 141 754 177 Quidam
762 148 853 167 autem
864 147 924 165 cum

123 185 292 216 conscientia
303 184 384 222 usque
394 194 464 213 nunc
475 184 545 212 idoli
555 183 628 222 quafi
640 180 831 215 idolothytum
850 188 925 205 man-

123 228 224 256 ducant
237 247 244 255 .
255 228 267 257 ]
282 229 317 254 Et
329 225 458 253 inferius:
473 230 486 259 [
498 224 544 253 Ad
555 221 769 252 manducandum
781 218 926 253 idolothy-

125 278 153 297 ta
167 288 174 296 .
201 279 223 295 i.
233 265 367 296 Corinth.
377 276 399 292 c.
412 269 436 293 8.
459 268 493 293 Et
503 264 663 292 manducare
685 261 719 292 de
737 258 908 293 idolothytis
919 278 925 285 .

126 308 280 346 Apocalyp.
292 316 348 344 cap.
363 308 411 336 2.]
436 305 510 333 Vide
519 305 671 342 Suffiacams
681 320 689 327 .

84 352 205 381 IDOLUM
222 347 344 378 εἲᾶωλον,
364 346 550 377 iimulacrurn,
572 345 664 380 imago
678 363 685 373 ,
702 340 840 379 μΓρεξὶηιῐιι
851 361 858 371 ,
881 338 926 366 seu

128 387 288 428 phantasma
298 406 305 413 .
331 391 342 420 [
354 386 464 414 Idolum
475 394 563 414 autem
573 405 580 416 ‚
603 384 640 413 est
653 381 823 410 fimulacrum
835 401 842 412 ‚
852 379 928 417 quod

126 431 245 458 humana
256 426 350 464 effigie
368 426 464 454 faftum
475 446 482 457 ,
505 423 727 453 &consecratum
746 421 783 449 est
796 441 803 448 .
830 420 926 448 Isidor.

128 471 176 500 lib.
189 474 214 497 8.
224 467 346 503 Etymol.
358 477 414 504 cap.
431 467 496 496 11.]
521 475 554 492 ex
566 474 657 502 gi·:e<0
677 459 746 496 255*ae
757 484 763 494 ,
788 460 874 492 idest,
898 459 928 488 fi-

127 521 193 549 gura
203 530 209 536 .
222 508 294 537 Vide
305 508 438 536 Antelms
450 526 456 533 .
468 511 606 534 Mortuus.
618 504 761 532 Idolorum
771 501 928 529 multitudo.

128 551 203 580 Vide
223 550 345 584 Polyteja
358 567 364 574 .
384 546 457 574 Vide
478 544 608 583 Sigillum
629 543 658 571 in
677 543 742 570 dict.
752 542 911 580 Stgz‘llarius
922 561 928 567 .

128 592 222 621 Theca
232 610 238 616 .
262 585 408 624 Teraphim
417 606 424 613 .
447 585 526 614 Idola
537 585 696 613 dicebantur
705 583 795 612 bestiae
807 604 815 616 ,
827 585 853 611 ὅ(
880 591 912 610 ur
921 602 928 608 .

129 631 204 661 Vide
215 630 404 657 Damnatum
415 647 422 653 .

88 674 240 702 Inoxtmzr
253 689 259 696 .
270 671 327 697 FR.
338 677 451 705 purgare
459 665 486 695 se
496 678 509 695 a
518 666 635 695 crimine
647 663 775 702 imposito
787 685 794 696 ‚
807 664 824 691 1.
838 662 857 690 si
871 662 930 700 quis

129 713 199 740 liber
212 732 219 743 ‚
242 710 275 738 de
287 709 361 737 furto
372 728 378 735 .
402 707 474 736 Vide
483 714 568 744 Purgo
579 727 586 734 .

95 755 254 792 Jeitivsiffivs.
267 752 323 778 PR.
335 759 389 777 vox
400 747 522 776 hebraica
531 746 767 775 conculcationem
780 743 931 782 lignificsins

129 805 144 822 a
154 794 232 831 Jebus
242 813 249 824 ,
274 790 348 829 quod
357 789 394 818 est
404 787 576 816 Hierusalem
589 809 596 818 ,
620 786 700 824 Josue
711 796 767 823 cap.
784 789 826 812 18.
844 785 929 818 [Mo-

129 844 176 862 vet
189 842 280 861 tamen
290 841 342 863 me,
354 830 428 868 quod
438 829 521 862 dixit,
532 830 594 867 quia
607 839 663 859 non
672 835 821 865 potuerunt
833 823 931 859 ejicere

129 873 262 912 Jebusaeos
272 893 280 905 ‚
292 871 358 899 idest
369 892 376 903 ,
389 881 434 899 eos
445 892 452 903 ,
463 870 510 909 qui
521 870 736 906 interpretantur
746 864 915 894 conculcatio
927 883 933 890 .

131 916 169 944 D.
180 916 299 943 Hieron.
311 913 339 940 in
352 911 396 939 lib.
406 911 534 950 Judicum
546 931 553 941 ,
563 914 590 938 ὃ(
601 908 669 948 apud
680 907 844 936 Gratianum
853 927 861 938 ‚
888 915 897 932 i
909 916 931 932 1.

130 955 224 994 quaest.
238 965 251 991 3
259 974 265 980 .
275 963 334 980 can.
346 953 435 981 nolite
446 952 570 980 recedere
581 971 588 978 .
922 960 927 961 ⁷

91 999 237 1035 thirmurvi
250 1015 257 1026 ‚
280 993 439 1021 abstinentia
455 992 575 1020 cibotum
589 1013 596 1023 ,
620 1002 653 1020 cx
666 988 862 1027 Apostolorum
882 996 933 1014 tra-

132 1037 241 1064 ditione
251 1043 324 1062 intei·
335 1033 509 1061 Christianos
521 1031 693 1060 laudabiliter
703 1030 794 1057 iiiitarri
806 1050 813 1061 ,
834 1031 933 1056 Bai-on.

135 1079 189 1106 An.
205 1086 249 1111 57.
262 1085 287 1102 n·
304 1084 367 1111 ¹99·
381 1073 410 1102 in
420 1084 470 1111 qua
483 1084 539 1101 non
549 1071 637 1101 solum
647 1071 677 1099 ab
687 1069 730 1099 esu
744 1069 864 1098 carnium
877 1090 884 1101 ‚
896 1068 934 1096 la-

133 1116 308 1145 {liciniorum
319 1136 327 1147 ,
350 1113 396 1142 scd
413 1115 496 1142 etiam
515 1113 596 1141 semel
608 1114 636 1141 in
655 1112 698 1139 die
708 1111 740 1138 ad
761 1109 932 1147 vesperarum

133 1167 238 1196 tempus
247 1155 400 1184 sumebatur
411 1154 547 1184 cibusshoc
557 1153 633 1182 enim
645 1162 697 1180 erit
708 1149 934 1189 quadragesimile

131 1198 265 1235 jejunium
277 1217 283 1224 .
308 1198 365 1224 FR.
377 1196 505 1224 Solebant
522 1195 602 1223 etiam
615 1192 734 1223 Romani
757 1193 874 1229 gentiles
893 1188 932 1217 su-

134 1236 297 1277 perstitiosae
308 1236 451 1275 religionis
461 1234 535 1263 causa
545 1237 574 1264 ab
585 1234 627 1263 esu
638 1233 760 1262 carnium
771 1231 903 1259 abstinere
924 1241 933 1262 ς

134 1280 169 1308 sic
179 1279 212 1306 de
223 1277 312 1307 Didio
323 1277 434 1314 Juliano
446 1278 516 1314 Imp.
535 1275 626 1304 scribit
636 1273 790 1311 Spartianus
801 1283 807 1302 5
835 1272 932 1307 [Saepe

133 1329 223 1348 autem
233 1339 242 1351 ,
266 1317 339 1345 nulla
347 1317 481 1345 existente
492 1317 629 1355 religione
641 1337 647 1347 ,
660 1314 776 1342 oleribus
786 1332 794 1344 ‚
816 1310 918 1348 lcgumi

136 1359 268 1397 nibusque
286 1367 430 1385 contentus
440 1378 447 1389 ‚
471 1357 525 1384 sine
535 1367 614 1384 carne
625 1364 732 1383 coenare
743 1375 749 1381 .
773 1354 784 1382 ]
811 1351 934 1390 U¹0¹.S³¹-

136 1400 231 1429 malins
242 1398 351 1427 notavit
360 1419 368 1430 ‚
391 1397 535 1435 inquiens:
561 1398 646 1432 [Hoc
657 1405 746 1423 autem
758 1392 834 1421 addlt
843 1413 850 1423 ‚
872 1391 934 1428 qnia

135 1438 280 1478 religionis
290 1437 372 1466 cariffi
383 1436 416 1465 [ε
423 1448 454 1475 pe
466 1437 631 1465 abstinebant
644 1436 766 1464 carnibus
777 1455 784 1465 ,
807 1436 833 1460 ὃ(
853 1432 934 1458 ΟΙΘιἸ-

135 1482 181 1509 bus
191 1480 216 1508 se
237 1477 471 1517 leguminibusque
490 1478 658 1506 oble&abant
670 1498 677 1504 .
700 1479 711 1507 ]
735 1475 787 1503 Sed
798 1473 874 1500 nobis
891 1470 936 1498 hic

136 1521 170 1549 de
180 1520 403 1550 Christianorum
412 1519 516 1554 jejunio
529 1518 664 1556 agendum
673 1517 725 1545 erit
739 1536 746 1547 ,
769 1514 865 1550 dequo
877 1511 935 1539 haec

137 1563 167 1590 in
179 1561 338 1589 Canonibus
357 1559 487 1587 habentui·
498 1580 506 1591 ,
529 1558 674 1586 nimirum:
693 1562 704 1591 [
717 1557 827 1593 Jejunet
849 1562 937 1581 autem

136 1603 221 1630 tribus
230 1601 322 1630 diebus
332 1611 378 1638 per
389 1599 585 1627 hebdomadam
595 1598 676 1637 usque
686 1598 717 1625 ad
730 1595 936 1632 vesper-:inmun

138 1642 258 1671 latorem
269 1652 315 1679 33.
327 1651 371 1679 qui.
384 1651 409 1668 2.
420 1640 515 1668 Solent
525 1641 613 1678 plures
623 1661 629 1672 ,
653 1637 698 1676 qui
708 1637 734 1664 se
753 1639 875 1671 jejunare
889 1643 937 1670 pu-

139 1692 199 1711 rant
209 1683 238 1710 in
249 1681 449 1720 quadragesima
462 1702 468 1712 ,
491 1690 555 1708 mox
567 1690 596 1709 ut
611 1680 715 1718 fignum
726 1677 863 1706 audierint
876 1696 883 1707 ,
906 1674 939 1701 ad

139 1723 237 1751 horim
246 1732 347 1751 nonam
358 1720 501 1749 comedere
512 1743 518 1753 ,
529 1721 575 1758 qui
587 1720 741 1748 nullatenus
749 1720 870 1754 jejunare
881 1724 938 1742 cre-

139 1763 224 1794 dendi
235 1762 297 1792 sunt
306 1785 314 1796 ,
326 1764 345 1792 fi
356 1771 417 1790 ante
427 1761 652 1789 manducaverint
662 1782 669 1793 ,
689 1769 767 1797 quam
779 1755 939 1794 vespertini]

139 1804 292 1832 celebretur
308 1802 447 1832 officium:
467 1801 683 1830 concurrendum
694 1799 768 1827 enim
787 1797 820 1825 ad
831 1796 919 1824 Missiis
932 1818 938 1827 ,

140 1848 169 1874 δ(
178 1844 277 1872 auditis
287 1842 426 1873 Miss'arum
435 1842 642 1877 solemnibus,&
656 1838 818 1878 vespertinis
829 1836 938 1868 officiis,

142 1885 288 1923 &largitis
299 1883 486 1918 eleemosynis
493 1883 526 1910 :id
534 1883 624 1910 cibum
633 1881 814 1909 accedendum
823 1877 871 1909 cst,
882 1888 940 1905 can.

138 1924 229 1954 solent
240 1926 328 1963 plures
340 1948 347 1959 ‚
357 1924 390 1953 de
400 1923 546 1952 consecrat.
558 1923 619 1951 dist.
635 1933 657 1950 1.
670 1924 681 1952 ]
696 1921 793 1959 Ibique
801 1917 892 1947 Glossii
904 1920 940 1951 :ils

140 1967 238 2004 Itaque
250 1976 385 1994 erraverat
395 1965 480 1994 Card.
502 1964 618 1993 Toletus
631 1984 639 1995 ‚
661 1961 826 1990 affirmando
869 1959 941 1996 quod

140 2005 333 2034 universaliter
343 2006 435 2034 omnia
446 2004 547 2040 jejunia
558 2004 591 2034 ad
599 2002 694 2031 horam
713 2012 795 2029 nonae
816 2009 942 2027 termini-

145 2045 241 2073 bantui·
253 2067 259 2073 .
282 2049 344 2075 Imo
355 2045 441 2074 adhuc
458 2045 528 2082 apud
538 2044 685 2072 orientales
695 2041 867 2071 Christianos
885 2039 943 2067 liaec

141 2086 282 2114 laudabilis
303 2086 470 2117 consuetudo
487 2085 573 2113 unicae
592 2083 764 2113 coniellioiiis
784 2079 943 2118 vespertinae

142 2125 173 2154 in
184 2127 290 2162 jejuniis
302 2126 386 2155 adhuc
398 2127 476 2164 viget
487 2146 495 2157 ,
519 2130 545 2154 δε
556 2126 589 2152 de
599 2122 748 2153 universali
759 2122 837 2156 hujus
858 2118 945 2148 obscr-

144 2168 240 2204 vantia
251 2168 330 2194 multi
341 2170 430 2195 Patres
446 2165 576 2204 scripsere
586 2187 594 2198 ‚
617 2175 646 2192 ac
657 2163 790 2203 praecipue
800 2162 945 2190 Tertullia-

145 2217 194 2235 nus
205 2228 213 2239 ‚
235 2208 280 2244 qui
290 2210 500 2242 Semzieiunium
510 2205 657 2243 appellavit
670 2204 738 2233 illud
748 2226 755 2236 ‚
778 2202 852 2240 quod
863 2201 945 2238 usque

142 2248 176 2276 ad
186 2257 287 2276 nonam
296 2247 326 2275 ab
337 2247 468 2284 aliquibus
489 2246 682 2274 terminabatur
694 2264 700 2270 .
722 2244 860 2282 Jejunium
880 2252 947 2269 vero

143 2288 244 2316 Sabbati
259 2287 347 2316 Sancti
358 2286 565 2324 protrahebatur
576 2285 658 2323 usque
669 2286 702 2314 :id
712 2283 827 2312 mediam
840 2284 945 2310 iiot‘tcm

146 2337 176 2357 ut
186 2340 219 2356 ex
233 2327 319 2356 verbis
338 2326 456 2363 ejusdem
476 2327 559 2354 Misit-
579 2326 736 2364 colligitur.
750 2322 817 2352 ⁴PR.
832 2325 903 2351 Item
913 2333 944 2350 cx

148 2369 282 2408 pra-‘dieto
295 2378 352 2396 can.
365 2366 454 2396 solent
465 2367 553 2405 plures
564 2387 572 2399 ,
584 2367 617 2395 dc
628 2365 774 2395 consecmt.
786 2364 845 2392 dist.
855 2376 876 2392 i.
888 2373 945 2391 caii.

1306 42 1392 82 113

981 94 1014 123 de
1025 94 1070 124 esu
1080 96 1249 130 carnium,de
1258 98 1404 127 consecrat.
1416 97 1479 126 dist.
1490 109 1516 136 3.
1530 100 1557 127 δι
1569 98 1668 126 Baton.
1680 98 1749 136 An.3
1757 109 1784 134 4.

984 147 1011 180 τιἶ
1029 143 1089 180 167.
1101 142 1128 166 δε
1143 147 1207 172 174.
1219 139 1410 178 comprobatur
1428 141 1465 173 εΗς
1478 139 1561 175 Quod
1575 139 1658 168 etiam
1667 138 1785 166 affirmo.-

985 186 1026 204 vit
1035 176 1184 221 Dionysius
1194 178 1398 208 Alexandrinus
1409 178 1565 208 Patriarcha
1575 189 1588 206 a
1598 178 1711 209 Basilidc
1721 180 1786 217 Epi-

975 216 1066 254 scopo
1075 225 1260 255 interrogatus
1271 239 1278 247 .
1291 221 1348 249 FR.
1357 222 1411 248 Ter
1420 219 1510 258 itaque
1520 220 1550 247 in
1569 219 1784 256 hebdomadaje-

983 257 1127 300 juncibatur
1137 279 1143 286 .
1167 258 1246 286 Idem
1255 261 1354 288 Baron.
1365 263 1419 288 An.
1432 271 1444 297 3
1454 265 1466 288 8
1474 265 1499 288 8.
1510 270 1585 288 num.
1599 266 1644 289 81.
1666 269 1764 298 nempe
1775 281 1783 291 ‚

987 300 1064 342 feria
1082 299 1134 326 IV.
1147 299 1198 327 VI.
1210 302 1237 326 δε
1256 299 1365 327 Sabbato
1375 319 1383 326 .
1407 301 1450 328 De
1459 299 1512 328 hoc
1532 302 1669 339 postremo
1680 321 1687 327 .
1711 300 1784 329 Vide

988 337 1058 365 infra
1069 361 1075 371 ‚
1098 342 1125 366 ἃ
1135 340 1165 366 in
1173 338 1238 366 diet.
1248 340 1399 367 Sabbatum
1412 361 1419 372 ,
1437 344 1464 369 ὃ(
1475 351 1531 368 can.
1541 343 1647 378 Jejunia
1657 341 1720 369 sane
1732 362 1739 373 ,
1750 341 1783 368 de

985 377 1133 406 consecrat.
1145 378 1206 406 dist.
1217 390 1244 416 3.
1256 381 1293 414 ;Η;
1305 379 1337 407 de
1348 379 1406 407 aliis
1417 390 1483 408 vero
1493 381 1593 410 duobus
1607 383 1643 410 ira
1653 383 1784 410 Clemens

985 419 1190 447 Alexandrinus
1202 419 1246 447 lib.
1260 431 1286 452 7.
1297 419 1389 447 strom.
1401 421 1454 448 ait:
1480 422 1594 455 [Novit
1612 422 1670 460 ipse
1687 421 1785 459 jejunii

985 468 1092 497 quoque
1103 460 1248 497 :enigmata
1259 460 1358 487 horum
1371 460 1477 488 dierum
1487 482 1495 493 ,
1519 463 1607 498 quarti
1619 485 1627 496 ‚
1649 464 1761 500 inquam
1776 482 1783 493 ‚

989 503 1015 527 ὅ(
1026 498 1097 527 sexti
1109 521 1116 527 .
1139 500 1251 528 Dicitur
1273 509 1363 528 aurem
1382 501 1428 529 ille
1445 500 1556 538 quidem
1569 504 1699 531 Mercurii
1711 515 1716 530 ε
1739 502 1784 530 his—

990 550 1057 568 vero
1070 540 1187 569 Veneris
1196 561 1202 567 .
1227 543 1295 569 Ecce
1305 540 1380 568 enim
1389 544 1492 578 jejunat
1502 541 1532 569 in
1549 543 1605 570 vita
1616 564 1624 575 ‚
1646 547 1672 571 δε
1684 544 1713 572 ab
1724 553 1785 571 ava-

985 581 1049 624 ritia
1058 601 1066 613 ,
1088 584 1116 609 ὃ(
1136 592 1148 608 :i
1160 580 1275 610 libidine
1285 603 1294 614 ,
1315 592 1349 609 ex
1371 581 1467 620 quibus
1485 582 1579 611 omnia
1597 585 1721 612 oriuntur
1745 583 1786 610 vi-

988 630 1025 664 tia
1037 624 1066 652 .]
1092 622 1128 648 In
1147 622 1288 658 primitiva
1298 623 1414 650 Ecclesia
1433 622 1569 650 colebatur
1578 624 1658 661 Jovis
1676 624 1732 652 dies
1752 623 1785 650 ad

986 661 1069 689 instar
1079 662 1234 690 Dominicae
1246 663 1300 691 diei
1311 682 1318 689 .
1344 668 1356 696 [
1369 662 1439 697 Quia
1459 663 1489 690 in
1499 663 1554 691 istis
1574 664 1674 692 duobus
1693 664 1785 692 diebus

987 701 1050 729 fecit
1060 702 1197 729 Dominus
1208 702 1346 741 quidquid
1356 703 1462 741 iniigne
1475 702 1538 732 fecit
1554 715 1559 734 ς
1579 704 1641 743 quia
1651 704 1696 732 die
1707 704 1786 741 Jovis

987 742 1087 770 coelum
1097 741 1217 770 ascendit
1228 763 1235 770 .
1245 740 1337 772 Glossh
1349 743 1377 770 in
1389 753 1448 771 can.
1458 744 1593 779 jejunium
1603 745 1740 777 Domini,
1753 744 1786 771 dc

989 782 1135 825 consecrat.
1147 783 1208 810 dist.
1219 786 1267 820 3.]
1281 784 1370 819 Quare
1382 790 1393 819 [
1404 784 1572 813 Melchiades
1583 788 1653 823 Papa
1674 784 1787 813 natione

991 825 1058 851 Aler
1068 823 1329 862 trigefimusquartus
1347 824 1405 862 post
1416 825 1540 853 Srinffcum
1558 828 1669 855 Petrum
1688 825 1788 853 consti-

990 864 1044 891 tuit
1056 885 1064 896 ,
1086 873 1116 892 ut
1126 873 1209 891 nemo
1220 864 1395 902 praesumeret
1407 866 1434 893 in
1446 865 1532 903 prima
1543 887 1550 897 ,
1562 867 1605 895 vel
1616 867 1711 904 quinta
1723 865 1788 892 feria

988 907 1109 940 jejunare
1119 926 1127 937 ,
1149 904 1180 931 in
1191 906 1276 942 prima
1286 915 1396 944 propter
1407 905 1525 933 Domini
1542 905 1765 935 resurreffionem
1780 927 1787 937 ,

991 955 1018 972 in
1030 954 1123 982 quinta
1133 966 1141 977 ,
1164 955 1226 982 quia
1239 948 1269 974 in
1293 957 1322 974 ca
1331 946 1453 973 coenavit
1463 946 1601 975 Dominus
1624 957 1686 975 cum
1696 946 1788 975 Disci-

991 987 1099 1022 pulmo<
1111 986 1140 1013 in
1150 995 1178 1012 ea
1190 985 1310 1014 ascendit
1321 987 1354 1014 ad
1364 987 1473 1014 coelum.
1484 986 1587 1014 Alcuin
1594 988 1628 1014 de
1637 987 1787 1016 diwoffio]

995 1028 1051 1054 FR.
1062 1026 1192 1054 Bai-onius
1211 1036 1299 1056 autem
1310 1026 1491 1054 Melchiadem
1512 1026 1604 1063 posuit
1619 1026 1790 1065 trigelimum

992 1066 1105 1094 tertium
1115 1066 1222 1094 incluso
1234 1068 1259 1095 S.
1270 1070 1351 1096 Petro
1373 1067 1401 1095 in
1420 1067 1518 1094 ordine
1528 1067 1705 1096 Pontificatus
1716 1087 1723 1095 .
1744 1068 1789 1096 De

990 1106 1088 1135 sabbati
1100 1116 1188 1135 autem
1197 1111 1300 1143 jejunio
1312 1109 1392 1136 ναι-ἐκ
1406 1107 1550 1145 opiniones
1559 1118 1634 1137 erant
1644 1109 1714 1136 inter
1725 1108 1790 1135 San-

991 1148 1047 1175 &os
1058 1150 1150 1176 Patres
1162 1159 1169 1178 5
1194 1149 1355 1177 orientales
1366 1149 1438 1176 enim
1447 1158 1506 1176 non
1519 1148 1637 1178 sinebant
1649 1149 1679 1176 in
1689 1147 1735 1175 hac
1745 1148 1789 1174 die

990 1191 1112 1231 jejunare
1125 1208 1132 1215 .
1155 1190 1253 1217 Bai-on.
1265 1192 1320 1218 An.
1335 1199 1377 1224 57.
1391 1199 1463 1217 num.
1477 1199 1542 1218 202.
1553 1193 1589 1218 Ea
1599 1189 1715 1220 ratione,
1728 1187 1789 1225 quia

991 1229 1027 1257 ibi
1039 1228 1173 1256 Haeretici
1192 1230 1350 1265 jejunabant
1371 1230 1397 1257 in
1410 1230 1529 1258 sabbato.
1541 1229 1703 1259 Catholicos
1716 1228 1791 1256 enim

990 1278 1051 1296 cum
1062 1268 1198 1297 haereticis
1209 1270 1290 1297 etiam
1303 1270 1333 1297 in
1343 1271 1441 1297 officiis
1451 1271 1559 1307 pietatis
1569 1270 1718 1297 convenire
1740 1268 1790 1295 rni-

990 1310 1064 1336 nime
1075 1309 1185 1337 licebat.
1201 1313 1240 1338 Ac
1251 1312 1357 1341 Latini,
1369 1314 1395 1337 §t
1407 1310 1541 1348 principue
1554 1309 1674 1339 Romani
1688 1309 1718 1336 in
1729 1308 1790 1337 Sab-

990 1350 1005 1376 b
1023 1358 1052 1376 to
1063 1350 1215 1385 jejunabant
1225 1370 1232 1378 .
1255 1350 1332 1377 Idem
1344 1353 1443 1379 Baton.
1457 1353 1532 1378 Anii.
1545 1360 1588 1385 57.
1600 1359 1673 1377 num.
1688 1358 1752 1383 205.
1762 1351 1791 1376 δε

991 1392 1047 1417 An.
1065 1396 1128 1424 146.
1141 1400 1214 1419 num.
1230 1401 1271 1418 iz.
1284 1391 1342 1419 Cur
1354 1399 1443 1418 autem
1454 1390 1484 1418 in
1495 1389 1544 1418 hac
1554 1390 1599 1418 die
1612 1390 1731 1418 Romani
1749 1399 1790 1424 je<

989 1432 1083 1464 junare
1102 1428 1296 1459 consueverint
1306 1452 1314 1462 ,
1336 1431 1372 1458 D.
1385 1431 1497 1469 August.
1516 1441 1549 1458 ex
1561 1431 1709 1458 multorum
1730 1428 1792 1466 opi-

991 1479 1076 1511 nione
1088 1469 1170 1497 refert
1181 1471 1250 1508 apud
1262 1473 1358 1499 Bai-on.
1370 1474 1426 1499 An.
1439 1481 1483 1505 57.
1495 1481 1640 1504 num.:,04.
1652 1474 1678 1497 ἃ
1689 1469 1752 1506 quia
1762 1468 1792 1495 in

995 1510 1078 1538 simili
1088 1510 1133 1537 die
1143 1511 1271 1549 Princeps
1281 1510 1477 1548 Apostolorum
1487 1521 1546 1538 cum
1556 1509 1722 1539 Christianis
1734 1511 1792 1537 Ro-

994 1550 1079 1594 manis
1088 1553 1279 1587 jejunaverant
1290 1551 1378 1589 pridie
1390 1561 1470 1589 quam
1481 1551 1576 1579 Simon
1586 1552 1679 1588 Magus
1698 1549 1795 1587 praeci-

994 1601 1127 1629 pitaretur
1141 1612 1148 1623 ,
1171 1596 1197 1620 ἃ
1207 1592 1241 1619 iic
1254 1592 1348 1620 maniit
1361 1592 1421 1619 talis
1431 1589 1600 1619 consuetudo
1612 1589 1681 1629 apud
1700 1600 1745 1617 eos
1764 1588 1794 1616 in

995 1631 1131 1669 posterum
1143 1653 1148 1658 .
1173 1633 1293 1661 Eandem
1305 1632 1438 1660 rationem
1450 1631 1533 1659 refert
1544 1630 1682 1660 Cassianus
1692 1629 1793 1657 ibidem

995 1671 1181 1704 adduftus,sed
1193 1675 1257 1700 veri.
1269 1673 1404 1700 rationem
1416 1672 1600 1700 Innocentius
1611 1673 1682 1708 Papa
1691 1669 1793 1701 reddit,

995 1712 1120 1749 inquiens
1130 1726 1138 1740 .·
1164 1712 1296 1747 [Sabbato
1308 1712 1557 1749 verojejunandum
1576 1710 1625 1740 effe
1645 1711 1715 1738 ratio
1735 1708 1796 1737 evi-

996 1752 1150 1781 dentissima
1160 1753 1330 1781 domonstrat
1341 1764 1347 1780 :
1370 1763 1431 1780 nam
1443 1752 1462 1780 si
1473 1752 1544 1780 diem
1554 1751 1729 1780 Dominiccim
1743 1771 1749 1781 ,
1760 1750 1795 1777 ob

997 1793 1180 1823 venerabilem
1188 1793 1412 1821 resurreetionem
1421 1792 1537 1820 Domini
1548 1790 1794 1829 N.J.Christi‚non

996 1833 1084 1863 solum
1094 1834 1121 1861 in
1132 1833 1230 1863 Pascha
1240 1834 1413 1863 celebramus5
1429 1842 1521 1861 verum
1532 1842 1611 1860 etiam
1621 1841 1668 1869 per
1679 1829 1794 1868 singulas

997 1873 1178 1904 hebdomadas
1196 1875 1203 1901 i
1207 1874 1275 1912 plius
1295 1874 1348 1902 diei
1359 1873 1506 1913 imaginem
1526 1872 1726 1910 frequentamus
1737 1883 1743 1897 ,·
1766 1880 1795 1896 ac

998 1915 1063 1945 sicut
1083 1914 1157 1942 sexta
1178 1914 1242 1942 feria
1261 1924 1373 1952 propter
1391 1912 1542 1942 Passionem
1559 1912 1677 1940 Domini
1694 1913 1795 1945 jejuna-

1000 1965 1055 1985 mus
1066 1977 1074 1988 ‚
1098 1955 1131 1983 sic
1142 1955 1279 1983 Sabbatum
1293 1953 1504 1992 praetermittere
1515 1964 1571 1981 non
1580 1953 1716 1982 debemus,
1727 1960 1795 1988 quo-

999 1996 1074 2023 niam
1084 1996 1155 2023 intra
1168 1995 1308 2023 tristitiam
1318 2017 1326 2028 ‚
1349 1998 1376 2023 δε
1388 1994 1515 2022 laetitiam
1525 1993 1654 2031 temporis
1673 1991 1744 2018 illius
1755 1990 1797 2017 vi-

1000 2037 1079 2064 detur
1089 2034 1241 2064 inclusum:
1266 2045 1328 2063 nam
1339 2036 1435 2073 utique
1444 2034 1547 2062 constat
1558 2031 1703 2070 Apostolos
1715 2030 1797 2058 biduo

1002 2077 1053 2104 iilo
1065 2097 1072 2108 ,
1095 2080 1122 2104 δ(
1134 2076 1163 2104 in
1175 2086 1292 2104 moerore
1303 2075 1377 2103 fuille
1388 2097 1395 2107 ,
1414 2079 1442 2103 δε
1451 2084 1565 2112 propter
1576 2081 1677 2100 metum
1689 2071 1798 2109 Judaeo-

1002 2127 1060 2144 rum
1081 2116 1107 2144 se
1116 2116 1257 2144 occultasse
1268 2139 1275 2149 ‚
1299 2116 1374 2154 quod
1383 2115 1476 2153 utique
1485 2125 1544 2142 non
1561 2113 1671 2142 dubium
1690 2111 1727 2139 est
1738 2131 1748 2146 ‚
1770 2112 1799 2139 in

1001 2167 1106 2185 tautum
1134 2168 1178 2185 eos
1193 2156 1320 2193 jejunasse
1338 2156 1429 2191 vbiduo
1449 2163 1601 2182 memorato
1612 2174 1620 2185 ,
1640 2161 1669 2180 ut
1686 2150 1800 2179 traditio

1004 2197 1127 2226 Ecciefiae
1147 2197 1228 2225 habet
1250 2198 1300 2225 isto
1320 2197 1402 2225 biduo
1420 2197 1588 2225 Sacramenta
1605 2192 1712 2230 penitus
1732 2191 1801 2227 ssnon

1000 2238 1146 2270 celebrari,
1169 2248 1227 2275 qus:
1240 2237 1324 2265 forma
1333 2237 1416 2265 etiam
1436 2246 1484 2274 per
1493 2235 1606 2273 singulas
1623 2232 1743 2260 tenenda
1761 2230 1800 2258 est

1002 2278 1184 2306 hebdomadas
1195 2301 1202 2311 ,
1226 2288 1339 2316 propter
1351 2277 1379 2305 id
1391 2299 1398 2309 ‚
1422 2277 1495 2314 qnod
1504 2272 1727 2303 commemoratio
1743 2269 1801 2298 diei

1006 2319 1078 2346 illius
1090 2318 1198 2357 semper
1209 2320 1246 2347 est
1257 2317 1413 2347 celebranda
1426 2337 1433 2344 .
1456 2316 1538 2352 Quod
1549 2315 1567 2343 fi
1590 2321 1688 2352 putant
1695 2310 1777 2339 semel
1790 2331 1800 2341 2

1003 2368 1083 2398 atquc
1092 2369 1148 2388 uno
1157 2359 1266 2388 Sabbato
1275 2358 1454 2395 iejunaiidum
1463 2379 1471 2390 ‚
1495 2366 1562 2395 ergo
1572 2358 1599 2385 ὃς
1611 2351 1802 2421 Ποπιίἓίε-ἰμῗε

1715 2401 1761 2425 CR}-

1488 2479 1500 2493 t
