1866 2526
116 43 193 81 550
446 27 480 70 P
512 28 554 69 R

103 97 163 129 quae
170 84 286 126 quidem
297 83 331 114 ad
340 83 424 114 instar
443 85 578 115 exercitus
598 82 720 113 modeste
731 104 738 116 ,
757 92 785 112 ac
795 82 897 112 devote

104 128 278 157 coordinatur
291 150 297 160 ,
307 126 411 155 vexilla
422 148 430 159 ,
441 131 468 155 ὃ(
478 137 586 155 crucem
600 124 772 165 praeferendo
781 146 789 157 ,
801 128 828 153 ὅ(
841 126 898 153 Ro-

105 179 156 198 mae
168 167 341 198 Basilicarum
354 167 493 196 Canonici
503 167 597 196 ferunt
607 167 689 194 etiam
700 165 790 194 secum
808 172 900 193 tento-

106 211 158 243 ria,
171 218 233 238 ante
243 219 301 247 qux
314 207 376 237 loco
386 206 557 237 classicorum
568 207 735 246 campanulas
744 205 855 237 habent,
867 203 900 232 ad

106 250 295 280 imitationem
305 270 312 281 ,
336 259 366 276 ut
377 249 468 288 inquit
481 249 596 278 Gemin.
607 248 653 277 lib.
669 259 691 276 1.
703 257 760 284 cap.
773 250 818 274 68.
830 243 897 274 Israr

107 291 195 322 elitici
207 289 320 328 populi,
332 298 393 317 ante
403 290 618 318 conductionem
630 292 708 317 Arcae
719 285 900 325 proficiscen—

108 332 144 362 tis
154 352 161 359 .
174 333 217 360 De
229 329 455 361 Proceffionibus‚
466 330 525 359 haec
535 329 720 359 Tertullianus
733 327 842 365 inquit:
858 325 901 360 [Si

108 373 190 403 statio
203 370 325 399 facienda
335 370 382 402 est,
393 370 506 399 maritus
518 371 551 399 de
562 371 607 398 die
616 368 742 397 condicat
753 368 784 396 ad
795 367 899 396 balnea;

107 413 129 443 fi
138 412 240 449 jejunia.
248 409 414 440 observanda
427 410 489 440 sunt
502 433 510 444 ,
522 410 634 439 maritus
645 409 735 437 eadem
747 407 792 436 die
804 406 901 435 convi-

108 453 188 482 vium
198 462 341 483 excrceat5
360 452 378 479 si
390 451 592 491 procedendum
603 451 655 478 erit
668 471 676 483 ,
696 458 834 487 nunquam
847 458 901 476 ma.-

110 493 154 534 gis
169 493 282 521 familiae
295 493 439 529 occupatio
458 491 585 520 adveniat
597 512 604 518 .
629 491 674 519 Ad
692 500 770 518 uxor.
782 499 840 527 cap.
850 489 898 524 4.]

107 536 184 568 ltem
196 533 321 563 Sidonius
334 532 535 571 antiquissimus
558 533 631 560 inter
640 534 732 560 Patres
744 530 847 558 Au6tor
867 529 900 557 de

133 573 326 603 recessionibus
339 573 371 600 sic
381 574 528 602 meminit:
550 578 563 608 [
577 571 710 611 processio
730 571 814 599 fuerat
825 580 902 597 ante-

110 584 207 644 sucanti
220 636 227 646 ‚
237 613 397 642 solemnitas
407 612 591 643 anniversaria
602 635 609 645 ,
629 613 744 651 populus
756 612 853 649 ingens
863 609 900 638 se-

1247 20 1353 65 PR

954 77 1063 108 vanu-ia
1083 77 1115 107 in
1133 78 1182 109 suo
1193 79 1234 109 M.
1252 81 1276 109 S.
1290 82 1452 110 Cei-emon.
1472 84 1485 114 ]
1499 81 1607 111 Eodem.
1622 83 1762 118 vocabulo

953 119 1026 148 idem
1039 119 1126 148 utitur
1142 119 1176 148 :td
1194 119 1387 159 significandas
1407 123 1707 152 excommunicationes
1725 124 1758 153 in

953 161 1031 190 Bulla
1041 160 1142 202 Coenae
1153 180 1161 192 ,
1182 163 1337 198 quaeretiam
1347 163 1378 191 in
1390 162 1457 192 festo
1468 162 1664 198 Ascenfionis„
1684 164 1713 193 &
1723 164 1763 192 in,

955 201 1002 229 die
1013 200 1206 230 Dedicationis
1217 201 1387 232 Basilicarum
1395 204 1439 232 SS.
1451 205 1534 239 Petri,
1543 209 1571 234 &
1582 205 1658 234 Pauli
1669 205 1758 244 publi-

956 241 1085 270 cabantur
1097 261 1104 273 ‚
1123 240 1204 279 quia,
1225 250 1254 269 ut
1271 242 1346 271 idem
1357 245 1461 272 Auctor
1469 245 1524 278 ¹iit,
1550 247 1710 285 legebantur
1726 245 1759 273 in

956 282 1001 311 die
1012 283 1111 310 Coenae
1123 281 1210 309 Dom·
1221 281 1250 309 in
1261 292 1311 320 qua
1325 284 1496 313 Eucharistiae
1508 285 1703 315 sacramentum
1715 286 1758 313 inn

957 322 1081 351 stitutum
1092 321 1143 351 fuit
1153 343 1161 355 ,
1181 326 1208 350 ὃ(
1220 323 1368 360 Apostolos
1378 327 1622 356 communicaverat
1634 339 1645 360 3
1664 327 1698 355 ad
1709 326 1757 354 de-

958 363 1129 395 notandum,
1149 362 1223 401 quod
1233 364 1264 392 ab
1273 362 1327 392 hoc
1337 363 1507 394 sacramento
1525 368 1647 406 privatus
1658 368 1690 395 fit
1710 377 1759 395 ex-

958 403 1173 433 communicatus
1183 423 1190 431 .
1201 404 1274 432 Item
1287 404 1317 432 in
1325 405 1371 434 die
1384 404 1566 441 Ascenfionis‚
1578 408 1697 446 quando,
1705 406 1758 435 sci-

958 445 1024 473 licet
1037 465 1047 480 ‚
1066 442 1193 472 Christus
1204 454 1256 482 pro
1264 445 1391 474 omnibus
1400 446 1523 478 fidelibus
1533 448 1690 486 deprecatus
1698 447 1736 476 est
1747 469 1757 480 ‚

957 485 991 514 ad
999 484 1198 514 ostendendum
1210 505 1218 518 ‚
1238 485 1313 524 quod
1324 488 1575 516 excommunicatus
1592 489 1625 516 de
1635 488 1759 527 precibus

955 525 1077 555 Ecclesiae
1090 525 1252 563 participare
1262 527 1376 565 nequit.
1394 528 1515 557 Tandem
1536 529 1566 558 in
1585 528 1629 558 die
1639 529 1759 558 Dedica-

956 566 1043 595 tionis
1054 566 1295 605 promulgabantur
1305 588 1314 600 ‚
1333 567 1395 607 quia
1406 568 1658 598 excommunicatus
1668 570 1698 598 ab
1709 573 1763 598 Ec-

957 607 1035 636 clesia
1044 607 1191 644 expellitur
1203 628 1210 639 ‚
1223 617 1258 635 ne
1269 617 1331 636 cum
1340 609 1399 637 siliis
1409 609 1532 638 fidelibus
1541 619 1618 639 orare
1630 609 1711 647 possit
1722 629 1731 638 .

111 667 149 692 >iu
160 666 192 684 ex
202 664 319 693 utroque
331 675 336 685 ,
358 665 440 693 quem
451 653 617 693 capacissima
629 654 741 682 Basilica
758 663 814 681 non
825 661 900 689 cripe-
918 651 1114 678 Pitocuffltum
1124 668 1131 678 ‚
1140 645 1277 686 ιαψὸχεαρον
1287 669 1295 680 ,
1315 649 1384 677 idest
1393 671 1401 682 ‚
1413 651 1541 679 Manuale
1552 671 1561 683 ,
1581 660 1637 688 quo
1649 651 1761 678 vocabu-

110 705 153 725 ret
164 717 172 728 ‚
191 695 236 723 lib.
251 704 274 730 5.
287 694 365 732 epist,
380 698 447 728 17·]
467 697 502 724 In
513 694 725 733 processionibus
739 696 899 722 Graecorum

109 735 218 774 semper
228 735 297 764 liber
307 736 519 774 Evangeliorum
529 735 652 764 defertur
662 757 669 766 ,
691 738 718 763 ὅ(
732 736 787 769 ejus
797 733 903 761 delator

960 688 1086 756 lodutitur
1097 687 1278 718 Cassianusin
1295 690 1387 718 collat.
1404 702 1446 727 ¹9·
1460 701 1516 730 cap.
1527 703 1554 727 4.
1577 690 1650 719 vide
1660 691 1763 719 Enchi-

960 741 983 758 r}
1007 739 1050 756 con
1061 748 1068 755 .

109 777 142 806 in
153 776 268 805 Ecclesia
275 776 591 815 Constantinopolitana
600 775 741 813 Praefec‘i‘us
752 774 904 810 Evangelto
920 772 1198 799 Puocuoraopffluu
1210 789 1216 796 .
1229 768 1303 798 Vide
1313 772 1552 810 Brephotrophium
1562 792 1568 800 .
1589 770 1663 800 Vide
1672 775 1765 799 Proto·

111 818 251 847 dicebatur
262 837 269 845 .
288 815 442 855 Progressus
452 827 541 846 autem
550 817 720 855 comparium
730 836 737 846 ,
750 812 903 843 missionem

110 857 320 895 Discipulorum
330 869 343 886 a
353 857 467 887 Christo
478 858 573 887 factam
583 855 854 896 fignificat.[Merito
866 852 903 881 sa-

113 909 149 933 rie
158 898 234 931 bini,
246 903 271 930 ἃ
279 898 336 926 bini
349 900 520 936 procedimus
530 919 536 927 .
550 899 590 927 Sic
601 898 676 926 enim
688 897 721 925 ad
730 894 904 923 commcnda-

113 940 222 971 tionem
233 937 359 967 fraternae
370 939 510 968 charitatis
523 961 530 972 ‚
549 943 576 968 ὅ(
588 938 693 967 socialis
703 937 767 966 vitae
779 934 867 963 mistos
890 945 902 961 ιι

962 809 1145 845 chotrophmm
1158 828 1166 836 .

922 854 1170 880 Pitoconsutmtm
1182 847 1358 882 ‚dicebantur
1375 851 1430 880 asta
1448 853 1492 882 SS.
1504 855 1660 888 Martyrum
1679 851 1763 880 aNo-

961 891 1034 919 tariis
1044 889 1252 918 Provinciarum
1262 891 1496 928 proconsularium
1504 893 1602 933 scripta
1613 914 1621 927 ,
1642 897 1669 923 ὁ(
1679 891 1766 920 colle-

962 933 1003 959 cta
1012 951 1019 958 .
1030 932 1130 958 Baron.
1144 941 1186 958 an.
1202 941 1234 968 23
1243 935 1269 958 8.

113 980 253 1013 salvatore
264 979 422 1018 Discipulos
432 980 582 1018 Evangelia
590 979 659 1008 sacra
669 978 801 1007 testantur
812 996 819 1004 .
836 978 906 1004 Tur·
921 976 1116 1003 Procuaitrm
1129 991 1136 997 .
1158 973 1215 1000 FR-
1235 971 1374 1010 exigentia
1383 973 1413 1003 ab
1422 974 1564 1013 Episcopis
1584 983 1695 1005 extorta
1717 971 1764 1000 sub

113 1021 159 1051 bat
169 1020 378 1058 processionem,
391 1022 409 1050 si
423 1031 482 1059 quis
494 1021 631 1048 solitarius
644 1019 771 1048 incedere
781 1017 903 1044 curat.D.

113 1061 246 1091 Bernard.
256 1060 336 1088 serm.
350 1073 375 1090 ι.
387 1062 420 1090 de
430 1061 562 1092 Purific.]
588 1060 750 1098 Antiquitus
762 1058 789 1086 in
802 1067 905 1085 mento-

114 1102 183 1130 riam
201 1101 308 1131 Christi
330 1102 534 1130 resurreetioms
552 1102 580 1129 in
603 1101 727 1130 omnibus
748 1109 796 1137 per
805 1107 905 1126 annunt

114 1142 275 1172 Dominicis
283 1143 459 1171 ordinabatur
471 1141 605 1181 processio
617 1163 624 1174 ,
643 1152 670 1169 :ic
680 1141 810 1169 Praeiatus
820 1160 828 1171 ,
851 1138 906 1167 sive

114 1183 183 1212 alius
195 1184 324 1221 Superior
334 1184 446 1221 reliquis
455 1182 648 1212 Ecclesiasticis
665 1181 834 1220 praecedebat
846 1200 854 1211 ‚
876 1179 907 1206 ad

114 1223 290 1258 deflorandos
303 1224 451 1262 Apostolos
461 1245 468 1256 ‚
479 1235 506 1251 ac
517 1225 584 1252 alios
596 1222 753 1260 Discipulos
763 1219 906 1249 Clu-istum

113 1263 242 1302 [equutos
254 1263 328 1292 fuisse
340 1276 368 1293 in
379 1268 434 1300 ejus
443 1264 641 1292 resurreetione
653 1284 661 1296 ,
684 1262 793 1301 quando
812 1270 857 1289 eos
880 1260 908 1287 in

112 1304 257 1334 Ga'lilaeam
279 1305 410 1342 praeceffit
421 1325 429 1332 .
453 1305 562 1340 [Unde
580 1303 685 1342 semper
706 1303 736 1330 in
752 1299 907 1337 hujusmodi

115 1344 332 1384 processionibus
342 1347 472 1374 Praelatos
483 1346 587 1373 nostros
599 1366 607 1377 ,
619 1344 692 1382 quasi
703 1344 859 1371 Dominum
882 1340 909 1367 in

962 1021 1098 1052 praetextu
1108 1013 1324 1049 procurationiS,
1342 1024 1370 1042 :tc
1379 1014 1546 1044 defensionis
1560 1015 1670 1053 piorum
1688 1015 1765 1042 loco-

963 1064 1021 1081 rum
1032 1073 1038 1080 .
1053 1058 1064 1087 [
1078 1052 1123 1095 Ad
1134 1052 1319 1080 humilitatem
1331 1055 1539 1093 Religiosorum
1550 1054 1696 1084 conversus
1707 1076 1715 1087 ‚
1735 1054 1767 1082 ab

963 1095 1000 1122 eis
1014 1103 1156 1132 pecuniam
1167 1104 1225 1120 non
1237 1093 1379 1124 minimam
1390 1097 1504 1126 extorsit
1514 1098 1627 1126 nomine
1639 1105 1767 1134 procura-

964 1135 1010 1163 tiae
1023 1154 1030 1161 .
1050 1132 1152 1162 Matth.
1162 1133 1245 1162 Paris.
1257 1145 1330 1163 anno
1348 1140 1453 1174 1239.]
1469 1139 1541 1167 Nam
1552 1160 1559 1171 ‚
1582 1146 1611 1166 ut
1622 1137 1660 1165 ait
1670 1138 1767 1173 Augu·

963 1176 1046 1203 stinus
1058 1174 1128 1212 apud
1139 1176 1303 1203 Gratianum
1315 1177 1344 1204 in
1356 1187 1415 1205 can.
1427 1178 1445 1206 si
1457 1178 1596 1216 privatum
1607 1199 1615 1211 ‚
1639 1188 1649 1205 1
1658 1188 1684 1206 z..
1703 1186 1730 1215 q·
1743 1186 1769 1204 2·

967 1218 1057 1251 [Non
1068 1216 1115 1242 illa
1136 1215 1225 1243 nostra
1244 1215 1308 1244 sunt
1317 1227 1432 1255 quorum
1457 1219 1680 1256 procurationem
1701 1226 1768 1255 quo-

964 1257 1027 1284 dam
1037 1255 1120 1284 modo
1128 1255 1248 1293 gerimus
1269 1259 1280 1287 ]
1294 1260 1327 1284 Et
1345 1258 1379 1285 de
1390 1257 1527 1298 Episcopo
1544 1260 1628 1289 etiam
1647 1258 1749 1287 dicitur
1762 1267 1767 1283 z

968 1302 979 1331 [
994 1295 1079 1324 Aliud
1091 1295 1128 1323 est
1148 1295 1192 1338 sua
1203 1295 1338 1333 possidere
1348 1318 1355 1329 ,
1377 1299 1450 1326 aliud
1461 1302 1498 1328 est
1508 1300 1695 1328 communium
1706 1307 1770 1336 ΡΥΘ-

964 1345 1116 1364 curatorem
1128 1335 1178 1363 efle
1190 1356 1198 1367 ,
1208 1347 1267 1364 can.
1277 1336 1424 1375 Episcopus
1435 1361 1442 1371 ,
1458 1351 1466 1367 1
1475 1351 1502 1374 4.
1513 1350 1558 1377 qu.
1575 1351 1598 1368 1.

115 1385 263 1415 Gaiilaeam
273 1385 418 1424 sequimur.
430 1388 548 1423 Rupert.
559 1385 591 1413 de
602 1383 707 1413 div.off.
718 1383 763 1411 lib.
776 1382 907 1418 2.cap.8.]
925 1378 1141 1405 PROQURATIO·
1158 1377 1213 1405 FR.
1227 1378 1271 1414 Jus
1283 1376 1441 1417 Episcopale
1452 1381 1583 1418 exigendi
1594 1378 1666 1408 causa
1679 1378 1770 1407 visita-

118 1428 183 1456 Imo
193 1427 310 1455 Galilaea
320 1432 331 1459 (
343 1437 372 1454 ut
383 1426 456 1454 idem
467 1426 573 1457 refert)
591 1425 729 1453 dicebatur
741 1424 825 1451 &locus
837 1442 843 1453 ,
866 1421 910 1448 ubi

115 1466 312 1496 terminabatur
326 1465 474 1504 processio.
490 1468 546 1495 FR.
558 1464 695 1494 Proceffio
705 1464 734 1492 in
748 1462 911 1491 funeralibus

117 1506 276 1546 prohibita:
301 1508 369 1542 [Ut
379 1506 582 1539 Defunftorum
605 1506 721 1534 nomine
738 1502 912 1532 solummodo

116 1548 214 1583 divina
224 1547 395 1577 celebrentur
415 1547 507 1575 officia
518 1568 526 1579 ,
548 1547 654 1584 publica
672 1543 892 1583 frequentatione
903 1563 910 1574 ‚

117 1592 146 1617 ὃ(
156 1587 326 1626 processione
336 1587 453 1616 cellante
465 1609 471 1620 ‚
484 1598 542 1615 cen.
554 1589 671 1616 Certum
682 1586 738 1618 est,
757 1585 791 1612 de
802 1581 912 1612 Conse-

116 1638 183 1658 crat.
196 1628 258 1657 dist.
275 1630 319 1660 1.]
344 1630 377 1657 In
389 1627 559 1666 processione
583 1627 641 1656 festi
661 1625 795 1664 Corporis
807 1623 915 1652 Christi

115 1669 271 1707 manipulus
282 1680 341 1697 non
351 1669 430 1698 debet
442 1670 506 1697 ferri
517 1689 524 1696 .
542 1669 617 1700 Vide
637 1666 799 1703 Manipulus
811 1685 817 1692 .
842 1665 917 1700 Quo-

119 1710 205 1741 modo
220 1709 331 1738 ferenda
341 1710 378 1738 est
390 1710 468 1738 Crux
480 1709 509 1738 in
523 1706 816 1747 processionibus-Vid-
827 1709 915 1732 Crux.

119 1751 241 1788 Proceffio
259 1754 340 1789 nigra
359 1750 498 1778 dicebatur
516 1750 623 1778 Litania
644 1750 728 1784 major
740 1768 748 1779 ‚
768 1756 833 1783 quia
852 1755 916 1772 tunc

120 1792 242 1824 Cruces,
264 1795 292 1820 c&
310 1791 406 1819 altaria
427 1792 517 1829 nigris
536 1790 606 1818 velis
623 1787 869 1826 cooperiebantur.
883 1786 917 1813 In

121 1830 292 1870 processione
303 1832 439 1869 Corporis
450 1833 471 1859 (ἶ
479 1830 557 1859 liristi
568 1831 646 1858 debet
661 1829 725 1857 ferri
737 1828 823 1855 Cotta
833 1825 918 1853 .Vide

122 1873 357 1909 superpellicium.
370 1870 507 1900 Processio
517 1870 695 1908 septiformis.
707 1867 780 1896 Vide
789 1869 915 1895 Litam'a.

122 1913 243 1951 Reliqua
256 1933 262 1940 .
275 1913 349 1942 Vide
360 1915 551 1942 Draconarius
564 1933 572 1944 ,
586 1909 775 1947 evangelium
784 1929 792 1940 ‚
804 1913 920 1935 Exomo-

122 1953 211 1991 logefis
222 1974 230 1985 ,
241 1954 381 1983 Labarum
395 1975 402 1985 ‚
415 1955 533 1982 Litania
544 1974 551 1985 ‚
562 1950 696 1987 Prothests
712 1970 719 1977 .

81 1993 343 2032 Pnociessonss,qui
355 1992 590 2031 processionaliter
602 1987 829 2020 incedunt-Ordo
839 1990 922 2016 Rom.

966 1417 1061 1446 tionis;
1073 1426 1135 1444 nam
1145 1415 1296 1454 Episcopus
1307 1420 1470 1457 quandoque
1480 1426 1641 1449 Procurator
1651 1420 1751 1447 dicitur
1762 1439 1770 1449 ,

966 1466 996 1485 ut
1008 1456 1086 1494 supra.
1096 1457 1198 1485 dietum
1208 1457 1255 1484 est.
1273 1462 1283 1490 [
1296 1458 1404 1486 Praelati
1416 1462 1449 1487 de
1461 1460 1773 1497 procurationibus,quas

967 1498 997 1525 in
1009 1498 1170 1525 victualibus
1181 1497 1340 1534 percipiunt
1350 1518 1358 1530 ‚
1370 1498 1503 1527 decimam
1516 1511 1572 1528 non
1583 1499 1771 1537 persolvunt]

970 1541 1004 1569 Et
1016 1537 1103 1566 insi-a:
1117 1543 1128 1572 [
1142 1537 1186 1565 De
1195 1537 1251 1564 illis
1260 1546 1348 1565 autem
1360 1541 1597 1575 procurationibus
1607 1561 1613 1571 ,
1624 1550 1688 1578 quas
1699 1541 1774 1568 Prae-

970 1579 1016 1606 lati
1029 1578 1057 1605 in
1069 1577 1184 1615 pecunia
1195 1587 1334 1605 numerata
1351 1579 1404 1607 rite
1414 1581 1570 1618 percipiunt
1590 1581 1620 1608 ab
1638 1580 1754 1618 antiquo
1766 1599 1776 1610 ,

970 1623 998 1647 ὃ(
1010 1629 1072 1657 quas
1082 1618 1255 1656 perciperent
1266 1638 1275 1653 ,
1286 1618 1370 1647 etiam
1381 1620 1399 1650 fi
1410 1631 1468 1649 non
1483 1622 1626 1650 visitarent
1638 1642 1645 1653 ‚
1657 1621 1775 1648 decimas

973 1659 1100 1697 praestare
1112 1668 1220 1686 tenetur
1229 1679 1235 1686 .
1246 1660 1375 1688 Praelatus
1386 1670 1486 1694 autem,
1496 1662 1542 1699 qui
1553 1661 1777 1699 procurationem

973 1706 986 1733 <
997 1710 1077 1737 quam
1089 1699 1144 1727 sine
1156 1699 1313 1727 visitatione
1324 1709 1415 1738 potuit
1424 1701 1529 1737 dejure
1541 1699 1679 1739 percipere
1691 1700 1719 1728 in
1731 1709 1778 1738 pe-

973 1739 1053 1768 cunia
1065 1749 1204 1767 numerata
1216 1743 1226 1771 )
1237 1741 1356 1768 remittit
1367 1752 1373 1767 :
1389 1743 1452 1779 quia
1463 1742 1583 1771 remittit
1593 1741 1667 1780 quod
1677 1741 1723 1768 fibi
1733 1740 1776 1767 de.

974 1782 1053 1809 betur
1064 1784 1116 1809 διε.
1128 1780 1162 1809 In
1171 1790 1279 1809 cirtrav.
1291 1791 1390 1809 comm.
1401 1782 1435 1810 de
1446 1782 1558 1810 decimis
1570 1803 1577 1813 ,
1597 1782 1625 1811 ὃς
1644 1781 1678 1809 dc
1690 1780 1778 1808 censi-

975 1822 1019 1850 bus
1029 1841 1038 1853 ‚
1048 1820 1232 1849 exafflonibus
1243 1842 1251 1854 ,
1263 1825 1291 1849 &
1301 1822 1538 1858 procurationibus
1548 1843 1555 1851 .
1568 1824 1580 1852 ]
1593 1822 1665 1849 Item
1676 1830 1778 1848 annua-

976 1862 1031 1890 lem
1039 1860 1148 1889 censum
1158 1860 1293 1898 significat
1305 1882 1313 1894 ‚
1323 1872 1380 1900 cap.
1396 1869 1438 1891 16.
1455 1873 1516 1895 17.2
1525 1873 1600 1891 καὶ..
1615 1872 1661 1901 23·
1675 1872 1721 1896 24.
1733 1869 1780 1896 ις.

975 1906 1002 1931 δ(
1016 1912 1061 1934 27·
1073 1901 1119 1929 lib.
1132 1912 1158 1939 3.
1170 1902 1297 1930 decretal.
1309 1902 1352 1930 tit.
1365 1913 1413 1940 39.

936 1945 1150 1972 Pitocmmnux
1161 1942 1235 1970 Sedis
1245 1942 1423 1980 Apostolicae.
1433 1944 1488 1972 FR.
1499 1943 1530 1971 ab
1540 1940 1710 1972 Innocentio
1720 1941 1781 1969 ΠΙ.

977 1981 1112 2012 Abbatissa
1125 1983 1250 2021 quaedam
1260 1983 1407 2012 constituta
1418 1982 1469 2012 suit
1480 2005 1487 2016 ,
1499 1993 1556 2022 cap.
1570 1994 1597 2019 4.
1608 1981 1735 2012 decretal.
1746 1980 1782 2009 de

124 2033 294 2064 Aslociantes
304 2033 469 2073 Episcopum
480 2055 488 2066 ,
509 2033 620 2072 quando
640 2027 876 2070 processionaliter
890 2037 933 2065 ex3
978 2023 1143 2052 Confirmat.
1156 2023 1217 2050 util.
1233 2023 1277 2051 vel
1287 2023 1378 2052 inutil.

124 2075 244 2103 Sacrario
256 2075 482 2113 progrediebatur
491 2096 498 2107 ‚
509 2073 669 2110 Proceffores
679 2070 799 2109 appellat
812 2080 817 2096 :
838 2068 871 2096 fic
881 2067 1157 2095 co-*Pitocuimroft.
1178 2063 1251 2092 Vide
1262 2063 1426 2100 Explorator
1436 2085 1444 2098 ,
1468 2067 1672 2102 Pentepitropus
1683 2081 1691 2090 .
1708 2062 1784 2090 Item

123 2115 252 2150 imitantes
262 2116 418 2144 Diaconum
430 2137 437 2148 ,
450 2114 559 2153 quando
569 2114 601 2141 ad
611 2113 754 2142 ambonem
767 2120 817 2147 pro
826 2118 927 2136 canen·
979 2107 1142 2136 Procurator
1152 2104 1255 2132 dicitur
1270 2102 1418 2142 Episcopus
1431 2125 1437 2133 .
1449 2104 1522 2134 Vide
1533 2105 1711 2135 Parammon,
1722 2106 1785 2130 Pro·-

126 2155 164 2189 do
174 2156 330 2194 Evangelio
341 2156 500 2195 diriguntur
510 2177 518 2188 ,
530 2154 688 2190 Proceffizres
698 2158 888 2190 nuncupantur
900 2169 907 2175 .
983 2147 1091 2173 curatio
1102 2164 1109 2171 .
1229 2184 1232 2188 .
1495 2184 1499 2187 ²

88 2197 254 2227 Puocessus
266 2217 273 2228 ‚
286 2195 338 2223 hoc
350 2197 443 2225 vocab.
455 2203 652 2233 nonnunquam
664 2189 928 2222 excommunicatio·
943 2187 1163 2214 promoturus
1175 2205 1182 2213 .
1197 2184 1270 2214 Vide
1280 2183 1422 2221 Banaufia
1433 2184 1462 2214 in
1472 2184 1538 2213 diest.
1550 2182 1716 2223 Banaususg

129 2246 194 2265 nem
204 2237 324 2264 denotat.
337 2242 349 2270 [
360 2236 413 2264 Die
424 2235 557 2266 Mercurii
567 2235 654 2273 prima
664 2233 761 2262 mensis
775 2230 910 2260 Februarii
922 2251 929 2261 ‚
943 2227 1100 2254 Puomroa
1113 2244 1119 2252 .
1131 2226 1186 2254 FR.
1195 2226 1295 2254 Certus
1305 2225 1440 2253 indicator
1452 2247 1458 2258 ‚
1471 2224 1516 2254 seu
1527 2224 1632 2253 delator
1643 2221 1787 2258 publicus,-

130 2276 310 2306 Pontificatus
321 2276 477 2305 Clementis
490 2278 542 2305 VI.
555 2285 629 2304 anno
642 2275 694 2303 1V.
713 2272 770 2311 ipse
782 2274 852 2309 Papa
866 2269 930 2297 fecit
984 2267 1003 2295 l.
1016 2265 1034 2294 ii
1046 2265 1106 2303 quis
1117 2275 1163 2303 per
1175 2266 1346 2305 proditorem
1356 2287 1363 2298 ,
1376 2268 1403 2293 ὅ(
1415 2266 1432 2293 l.
1443 2267 1462 2295 si
1471 2266 1567 2307 lupus,
1578 2263 1612 2292 de
1621 2261 1787 2305 furtithern

129 2316 259 2355 quosdam
270 2315 402 2356 processiis
412 2317 551 2355 generales
563 2316 592 2342 in
610 2314 720 2353 publico
735 2321 828 2341 contra
846 2311 930 2340 inter·
986 2307 1057 2344 apud
1069 2308 1160 2334 Patres
1172 2307 1332 2336 mendacem
1343 2305 1477 2344 significat
1487 2326 1494 2335 .
1507 2310 1518 2339 [
1531 2305 1604 2333 Sicut
1614 2311 1689 2330 enim
1699 2301 1786 2345 exhhis

131 2358 246 2389 festores
264 2358 309 2388 bo.
317 2366 371 2387 me.
380 2356 501 2391 Andrcae
515 2355 602 2395 Regis
617 2355 718 2386 Siciliae
730 2351 857 2391 Xllustrss.
875 2352 931 2381 Da·
987 2347 1075 2378 verbis
1085 2347 1241 2379 ostenditur
1250 2368 1260 2383 ,
1271 2357 1331 2381 non
1341 2345 1429 2379 solum
1439 2346 1489 2376 ille
1495 2343 1624 2384 proditor
1634 2342 1672 2372 est
1683 2351 1787 2384 venta-

247 2393 251 2398 ’
1690 2390 1727 2411 tia
1745 2408 1758 2422 ,
