1866 2526
106 14 188 56 404
441 3 480 46 L
512 2 550 45 A

93 62 198 90 verbis.-
212 57 343 95 [Dicetis
353 61 516 90 noeturnum
526 59 588 91 talis
601 58 687 93 feriae‚
699 61 711 91 ]
723 62 751 89 ὃ(
762 69 819 89 non
831 58 870 88 ait
883 80 891 92 ,

95 105 204 131 Diceris
216 105 394 131 matutinum
405 124 414 136 ‚
426 105 462 131 he
472 101 688 142 comprehendat
700 102 782 130 etiam
792 100 893 132 laudes,

96 153 156 181 quae
168 152 261 171 tamen
276 142 510 181 separaripofl'unt
520 154 533 171 a
545 143 682 172 matutino
693 163 701 174 ‚
724 146 751 170 &
762 151 828 170 tunc
838 150 893 170 ter-

96 183 245 212 minabitur
262 183 316 212 hoc
326 194 386 212 cum
404 184 486 213 solita
504 183 632 212 oratione
651 183 771 211 currenti
782 203 790 214 ,
808 182 839 210 in
847 192 892 209 cu-

94 228 136 262 jus
156 224 210 253 fine
227 224 334 253 dicetur
351 226 550 254 Benedicamus
565 227 700 253 Domino.
724 223 830 251 Utrum
848 232 893 250 au—

95 275 154 294 tem
163 266 194 294 in
203 265 251 293 tali
260 264 320 293 casu
330 266 469 294 recitanda
480 265 512 293 fit
523 264 707 299 Dominicalis
719 262 810 292 oratio
820 285 828 296 ,
840 273 893 291 una

94 316 158 335 cum
168 305 334 334 salutatione
345 307 478 344 angelica,
489 306 555 333 sicut
566 305 595 333 in
605 303 744 343 principio
753 303 893 339 cujuscun-

96 357 150 385 que
161 346 235 374 horae
245 346 305 374 fieri
315 345 396 377 solet5
407 345 598 375 affirmativam
610 353 715 382 partem
725 354 822 373 tenent
833 346 888 373 Na—

95 397 189 416 varrus
200 409 208 420 ,
220 387 253 415 de
262 397 332 415 orat.
342 397 398 425 cap.
409 398 437 424 3.
456 396 512 424 cap.
525 396 550 423 3.
563 395 636 413 num.
651 391 697 420 64.
720 387 793 413 Nam
804 384 893 413 laudes

95 427 184 457 aflei-it
195 426 245 456 effe
254 438 268 455 a
277 428 413 456 matutino
421 426 559 456 distinetas
571 447 579 457 ,
602 429 629 454 ὃς
641 425 716 463 quod
725 425 801 454 horae
811 437 894 454 cano-

93 469 163 498 nicae
175 468 229 497 sint
237 469 301 497 osto
311 489 318 496 .
342 468 404 497 Alii
415 477 507 496 tamen
516 467 681 494 affirmantes
693 466 772 494 horas
783 466 893 495 canoni-

95 520 137 537 cas
146 508 198 538 effe
206 508 312 547 septem
321 530 329 541 ‚
349 517 378 537 ut
391 507 480 537 visum
491 506 528 535 est
540 506 617 545 supra
637 506 667 535 in
676 507 798 535 distione
818 512 891 535 Hora

93 553 235 579 canonica
248 571 255 582 ‚
277 558 390 588 putant,
410 548 485 587 quod
495 546 644 576 dicendum
664 547 737 576 sitin
752 550 806 584 ejus
817 547 892 585 prin-

93 591 169 629 cipio
178 596 262 619 Pater
274 611 281 622 ‚
302 593 329 618 ὃ(
339 593 408 618 Avae
420 591 519 618 Maria
529 609 535 615 .
560 589 671 616 Habent
681 588 784 616 Laudes
806 588 892 616 maxi-

95 641 166 659 mam
175 640 235 659 cum
246 629 375 669 Vesperis
386 628 593 658 similitudinem
603 650 612 662 ‚
627 628 692 657 ideo
702 628 802 656 eisdem
813 639 890 667 pror-

94 670 135 700 sus
145 671 320 700 caeremoniis
329 693 337 704 ‚
358 674 385 699 ὅ(
395 669 612 699 solemnitatibus
630 669 690 698 cani
698 667 789 698 solent
800 689 807 696 .
826 670 890 697 Cae-

93 722 151 740 reni
171 711 261 750 Episc.
271 711 319 740 lib.
333 723 360 740 z..
370 721 427 749 cap.
439 722 465 743 7.
488 711 562 738 Item
572 720 620 747 per
633 710 736 739 Laudes
756 719 891 738 nonnun-

96 762 176 790 quam
196 752 281 780 Mifl‘ae
300 751 428 781 Praefatio
445 751 615 789 intelligitur
623 770 630 777 .
657 756 668 785 [
682 752 716 778 In
735 749 892 788 quibusdam

93 803 203 831 quoque
219 792 412 831 Hispaniarum
436 791 561 820 Ecclefiis
584 791 673 819 laudes
691 792 749 829 post
772 791 893 829 Aposto-

91 833 149 862 lum
161 855 169 866 ‚
180 839 192 867 (
204 841 297 871 nempe
307 855 315 866 ‚
328 834 463 870 epistolam
476 837 487 865 )
509 832 688 861 decantantur
700 852 706 859 .
718 832 832 860 Concil.
842 835 893 860 To-

93 874 142 902 let.
151 876 204 903 IV.
215 875 244 902 in
256 884 311 912 quo
323 874 381 901 talis
391 873 457 901 ritus
468 874 612 902 damnatur
622 892 630 899 .
649 871 797 901 Canticum
807 878 892 901 Bene-

94 915 185 943 difft‘us
199 914 228 942 in
237 914 359 943 laudibus
370 914 488 952 positum
499 934 505 940 .
518 913 591 941 Vide
601 915 751 941 Canticum
762 933 769 940 .

53 954 185 988 LAums3
207 956 422 984 instrumentum
440 955 586 987 musicum,
605 953 698 981 italice
715 959 797 982 Leuso
809 975 816 987 ‚
840 957 867 982 ὅ(
879 964 892 981 a

92 995 252 1034 quibusdam
276 995 452 1034 scriptoribus
477 995 558 1024 etiam
589 999 691 1023 Lentus
719 995 872 1031 appellatur
884 1005 891 1025 5

97 1042 110 1070 [
123 1037 213 1066 Laude
223 1059 231 1070 ‚
245 1037 308 1065 tuba
316 1059 324 1070 ,
335 1036 438 1065 cithara
450 1036 515 1066 festa
524 1035 651 1064 coluntur
661 1054 669 1062 .
692 1035 830 1064 Gotifrid.
841 1036 891 1064 Vi-

93 1078 160 1105 terb.
171 1078 201 1105 in
212 1077 322 1106 Chron.
336 1089 390 1116 par.
401 1089 430 1114 9.

51 1119 157 1147 Lmno
169 1138 175 1146 .
188 1119 260 1147 Vide
270 1120 400 1147 Pandoxo
410 1138 417 1145 .

52 1160 181 1188 litonum
192 1180 198 1186 .
223 1158 329 1188 Arbitri
338 1157 474 1188 sententia
484 1169 517 1186 ex
526 1156 666 1187 communi
687 1156 821 1186 consensu
834 1167 893 1195 par-

92 1199 162 1228 tium
170 1201 250 1228 elefti
261 1222 268 1232 ,
281 1200 412 1228 terminus
423 1199 518 1238 legalis
529 1199 566 1227 est
578 1219 584 1226 .
606 1199 678 1227 Vide
689 1199 874 1235 Homologium
885 1218 891 1224 .

51 1240 172 1270 Lava
184 1261 193 1268 .
202 1242 259 1269 FR.
269 1243 374 1270 Lacuna
385 1264 392 1275 ‚
403 1239 508 1278 piscina
520 1261 527 1268 .
542 1240 637 1268 Paulus
646 1239 700 1268 Dia
717 1259 724 1266 .
734 1239 781 1267 lib.
796 1249 818 1267 1.
830 1237 891 1266 hist.

95 1291 153 1319 cap.
171 1290 214 1316 15.
224 1285 251 1309 ὃ(
264 1282 310 1310 lib.
324 1292 368 1319 23.
379 1291 436 1319 cap.
448 1291 494 1319 ²3·
515 1280 588 1309 Vide
597 1285 683 1308 Lama
693 1300 700 1307 .

52 1321 231 1351 laum-:ono
241 1342 248 1349 .
257 1323 312 1351 FR.
323 1322 391 1351 idest
402 1343 410 1354 ‚
421 1322 526 1349 donum
537 1341 544 1348 .
569 1322 735 1356 [Donamus
748 1318 840 1347 omnia
861 1330 890 1347 ca

94 1362 166 1400 parti
184 1363 278 1391 vestrae
308 1362 555 1402 Longobardorum
572 1371 620 1399 per
638 1360 792 1398 Launegild
820 1370 891 1388 rece-

96 1412 174 1441 ptum
183 1414 197 1431 a
211 1404 286 1432 vobis
297 1404 426 1443 exiguum
441 1429 444 1436 ,
464 1402 657 1431 &laciendum
666 1402 760 1429 omnia
772 1400 871 1428 exinde
882 1422 889 1432 ‚

91 1454 152 1482 qua:
164 1444 309 1472 volueritis
317 1463 324 1471 .
336 1446 371 1472 In
381 1447 459 1482 paeto
470 1444 536 1472 DD.
549 1443 683 1480 Neapolis
693 1452 753 1470 cum
763 1441 890 1478 Principe

94 1484 232 1513 landulfo
250 1487 274 1513 1.
291 1485 362 1522 apud
382 1484 533 1514 Camillum
552 1484 693 1521 Peregrin.
715 1483 749 1510 de
767 1481 889 1519 Princip-

94 1526 269 1563 Lougobard.
290 1536 349 1564 pag.
361 1536 373 1563 3
383 1537 427 1561 ²4·
441 1528 452 1557 ]
472 1529 498 1553 ἃ
511 1524 612 1553 Bullar.
630 1523 761 1552 Casinen.
782 1531 850 1550 tom.
864 1534 888 1550 2.

92 1567 203 1594 constit.
218 1577 282 1595 122.
293 1566 337 1595 ubi
348 1566 513 1595 Launechalt
523 1563 648 1594 scribitur
658 1586 665 1592 .
675 1566 755 1592 'Non
766 1573 832 1602 ergo
841 1563 889 1590 do—

92 1616 159 1634 num
169 1616 283 1645 propter
300 1607 407 1645 nuptias
416 1615 522 1635 tantum
534 1628 541 1640 ,
564 1615 593 1634 ut
606 1604 715 1633 Vossius
734 1605 870 1633 existimat
881 1625 889 1636 ‚

93 1647 137 1676 vel
149 1648 253 1676 donum
264 1657 376 1686 propter
386 1643 513 1676 marstum
524 1670 531 1680 ,
542 1656 571 1675 ut
582 1646 720 1675 Cornelio
730 1647 889 1683 Margarino

91 1688 181 1726 placet
192 1710 199 1720 ,
221 1687 269 1717 sed
287 1688 432 1726 quodlibet
443 1698 539 1716 munus
547 1687 683 1726 significat
695 1708 702 1719 ‚
722 1696 752 1714 ut
762 1696 795 1714 ex
811 1685 889 1723 pac'to

91 1728 248 1767 landulphi
258 1729 335 1767 supra
347 1729 463 1757 addueto
476 1729 560 1767 liquet
568 1753 571 1757 ,
580 1727 704 1766 quamvis
714 1727 816 1755 donum
826 1735 875 1763 pro

89 1778 154 1808 pter
164 1770 272 1808 nuprias
284 1770 446 1808 quandoque
457 1770 592 1809 significet
605 1791 612 1801 ,
624 1768 691 1796 utin
702 1768 720 1795 l.
732 1768 751 1796 si
760 1766 870 1805 quando
881 1787 888 1798 ,

1239 4 1348 46 LA

948 59 1045 88 refimo
1053 68 1122 90 tom.
1135 73 1160 91 ι.
1170 62 1216 92 lib.
1227 69 1253 92 6.
1264 61 1406 102 Peregrin.
1417 74 1440 92 c.
1452 73 1480 101 3.
1491 72 1548 103 cap.
1560 75 1633 101 9.ex
1650 75 1745 96 mente

948 99 1083 135 cujusdam
1091 103 1193 136 Graeci,
1204 113 1236 132 ut
1245 104 1302 142 ipse
1313 105 1351 132 ait
1361 126 1369 136 ‚
1382 104 1504 138 adelada,
1516 104 1658 139 nimirum,
1670 107 1746 145 quod

947 146 1042 170 Laura
1058 143 1231 181 intelligatur
1242 145 1438 174 Monasterium
1448 166 1457 178 ‚
1478 146 1510 174 in
1519 156 1574 185 quo
1583 145 1654 175 solet
1663 145 1747 176 exce-

947 181 1012 210 dere
1030 181 1131 211 familia
1142 183 1219 212 mille
1238 183 1453 216 monachorum
1478 196 1538 214 nam
1561 189 1745 226 praeterquam

946 223 1022 261 quod
1034 223 1196 262 regulariter
1205 223 1367 263 impoffibile
1378 226 1488 256 videtur
1498 227 1612 265 reperiri
1631 227 1702 266 posse
1714 227 1745 257 iii

949 264 1031 292 unico
1051 264 1220 293 Monasterio
1238 275 1381 295 numerum
1403 276 1458 295 tam
1472 267 1675 297 exorbitantem
1684 290 1693 302 ,
1715 278 1744 296 ac

948 304 1135 333 confusionem
1146 315 1323 344 generantem
1334 307 1534 337 Monachorum
1547 319 1555 338 ς
1577 308 1693 347 legimus
1704 317 1746 338 et-

949 345 1003 373 iam
1013 345 1112 374 invita
1132 347 1157 374 S.
1171 345 1316 381 Euthymii
1328 347 1398 385 apud
1414 348 1523 377 Surium
1536 360 1582 378 20.
1601 350 1722 386 Januarii
1736 371 1744 381 ‚

948 386 1023 424 quod
1041 396 1097 421 ejus
1117 389 1200 416 Laura
1220 388 1248 414 in
1260 387 1402 416 Palaestina
1420 399 1479 417 non
1500 390 1656 418 continebat
1666 411 1674 423 ,
1692 389 1744 419 nisi.

949 427 1149 465 quinquaginta
1160 427 1331 461 Monachos5
1345 427 1380 456 sic
1391 428 1474 456 etiam
1484 430 1513 457 in
1523 431 1607 459 Laura
1617 431 1641 459 S.
1654 432 1742 458 Gera-

947 467 999 496 fini
1008 467 1080 506 apud
1094 468 1201 496 Surium
1212 468 1324 500 ibidem,
1335 472 1362 497 6<
1373 467 1560 507 Sophronium
1571 480 1639 508 prat.
1651 470 1742 509 spirit.

947 518 1004 546 cap.
1022 519 1084 540 107.
1105 519 1163 546 quae
1176 512 1253 546 juxta
1275 509 1402 546 Jordanis
1412 511 1514 538 flumen
1524 520 1578 539 erat
1591 532 1598 542 ,
1620 510 1745 539 solebant

950 547 1122 587 septuaginta
1141 548 1324 578 Anachoretae
1336 548 1473 578 habitare:
1497 555 1525 579 ὃ(
1537 551 1600 579 licet
1620 552 1650 579 in
1663 552 1747 580 Laura

950 590 975 618 S.
985 590 1057 618 Sabae
1076 590 1225 628 aliquando
1236 590 1313 618 mille
1325 589 1476 619 Monachos
1493 589 1614 620 habitare
1622 594 1748 630 contige-

949 630 1003 661 rit5
1026 631 1057 658 in
1066 633 1122 667 ejus
1143 640 1234 658 tamen
1244 631 1360 660 exordio
1378 642 1436 660 non
1456 640 1536 660 erant
1559 632 1698 671 plusquam
1705 632 1747 660 se-

950 672 1074 709 ptaginta
1083 693 1090 704 ‚
1115 680 1144 699 ut
1155 682 1187 700 ex
1199 672 1312 707 Cyrillo
1324 671 1353 700 in
1366 675 1421 708 ejus
1433 672 1490 700 vita
1499 673 1644 712 colligitur
1655 693 1661 700 .
1674 673 1748 701 Vide

949 713 994 749 Jo.
1006 711 1170 750 Stephanum
1181 712 1359 740 Menochium
1368 713 1397 740 in
1409 715 1463 748 ejus
1473 713 1567 742 storeis
1577 725 1632 753 l›.4.
1643 722 1714 741 cent.
1720 717 1748 741 8.

949 762 1058 790 cap-54.
1072 752 1116 780 ubi
1127 752 1222 781 diffuse
1232 753 1265 782 de
1276 751 1316 781 his
1326 754 1418 782 Lauris
1428 754 1486 792 egit
1498 775 1504 781 .
1516 755 1644 793 Euagrius
1655 763 1748 782 tamen.

948 793 995 821 lib.
1012 804 1034 820 1.
1044 802 1100 830 cap.
1114 804 1127 821 2
1137 804 1145 820 i
1153 814 1159 820 .
1171 793 1260 832 inquit
1270 815 1277 826 ‚
1296 793 1447 822 Eudotiani.»
1456 795 1662 832 Imperatricem
1675 795 1748 822 mul-

950 843 987 861 tas
996 835 1094 862 Lauras
1113 834 1142 861 in
1153 833 1295 862 Palaestina
1306 833 1417 863 erexisle
1428 856 1436 867 ‚
1454 835 1484 862 in
1496 835 1590 873 quibus
1610 835 1743 873 degentes

949 873 1042 903 omnia
1053 875 1082 903 in
1093 875 1234 902 communi
1244 874 1375 903 habebant
1387 896 1394 907 ,
1414 885 1534 913 exceptis
1552 876 1684 913 aliquibus
1696 885 1747 904 vo-

950 915 1075 943 luntariis
1085 915 1259 953 poenitentiis
1271 937 1279 948 ‚
1289 915 1322 944 de
1333 915 1427 954 quibus
1438 936 1446 944 .
1459 916 1532 944 Vide
1542 916 1725 954 nerthesmus
1736 935 1745 943 .

949 957 1026 984 Licet
1036 955 1116 984 aliam
1126 954 1242 994 speciem
1251 955 1457 986 Monachorum
1468 955 1512 984 hic
1524 957 1628 985 Auster
1639 957 1743 984 ibidem

949 996 1023 1025 suifl'e
1034 1006 1126 1025 narret
1137 1018 1144 1029 ‚
1169 996 1216 1035 qui
1230 997 1361 1035 siquidem
1383 996 1528 1034 separatim
1540 997 1669 1025 vivebant
1681 1018 1688 1029 ,
1710 996 1746 1023 de

948 1037 1043 1076 quibus
1062 1038 1100 1065 ita
1110 1036 1218 1066 scribit:
1243 1043 1255 1072 [
1269 1038 1327 1066 Alii
1344 1047 1435 1065 autem
1456 1037 1530 1065 aliud
1553 1036 1746 1076 ingrediuntur

949 1078 1065 1107 vivendi
1075 1089 1160 1117 genus
1173 1100 1179 1110 ,
1191 1078 1274 1116 idque
1286 1077 1426 1107 diversum
1439 1088 1452 1105 a
1462 1077 1643 1116 superioribus
1655 1098 1662 1104 .
1674 1079 1747 1106 Nam

948 1119 976 1148 se
984 1118 1127 1156 separatim
1137 1119 1167 1146 in
1178 1119 1304 1147 aediculas
1312 1119 1481 1148 concludunt
1493 1140 1500 1151 ,
1512 1129 1571 1158 qux
1583 1127 1687 1146 tantum
1699 1117 1746 1145 ha—

948 1161 1011 1189 bent
1021 1159 1176 1187 latitudinis
1187 1181 1195 1192 ,
1208 1159 1428 1198 altitudinisque,
1439 1169 1468 1188 ut
1480 1160 1509 1186 in
1520 1160 1576 1187 illis
1587 1169 1674 1197 neque
1686 1168 1748 1187 cor-

947 1211 1013 1240 pore
1024 1201 1115 1228 cre-sto
1127 1200 1271 1229 consistere
1281 1222 1289 1233 ,
1312 1211 1400 1239 neque
1411 1200 1438 1228 se
1448 1200 1532 1228 libere
1542 1201 1675 1228 inclinare
1686 1197 1748 1237 pos-

949 1242 1001 1270 sint
1011 1262 1018 1268 .
1030 1242 1155 1281 Quorum
1166 1241 1213 1268 alii
1227 1262 1233 1273 ‚
1254 1250 1283 1269 ut
1302 1242 1338 1270 est
1351 1241 1421 1279 apud
1440 1240 1605 1278 Apostolum
1617 1261 1625 1272 ‚
1647 1240 1677 1268 in
1687 1238 1746 1277 spe—

949 1282 1046 1313 iuncis,
1058 1285 1085 1309 δε
1094 1281 1217 1308 cavernis
1229 1281 1315 1309 vitam
1326 1281 1427 1309 assidue
1438 1281 1554 1319 degunt,
1568 1290 1674 1318 unaque
1683 1290 1746 1307 cum

948 1323 1037 1350 bestiis
1048 1320 1170 1349 habitant
1183 1342 1190 1353 ,
1201 1325 1228 1349 δε
1239 1322 1269 1349 in
1279 1321 1440 1359 quibusdam
1449 1321 1562 1349 occultis
1572 1342 1580 1352 ,
1599 1324 1626 1349 &
1639 1320 1746 1358 ignotis

948 1372 1026 1391 terrae
1038 1361 1156 1389 latibulis
1172 1362 1237 1389 Deo
1255 1364 1426 1399 precationes
1445 1361 1593 1389 adhibent.
1616 1360 1693 1395 Quin
1702 1368 1744 1388 et-

949 1403 1003 1431 iam
1022 1402 1088 1431 alius
1099 1401 1214 1430 vivendi
1227 1403 1320 1430 modus
1330 1413 1343 1431 a
1366 1402 1507 1431 nonnullis
1526 1411 1619 1429 corum
1630 1399 1744 1439 excogi-

946 1453 1016 1472 tatus
1025 1442 1121 1480 est,qui
1130 1453 1240 1470 omnem
1251 1442 1441 1471 fortitudinem
1452 1446 1479 1470 δε
1493 1442 1550 1470 vim
1559 1441 1673 1479 superam
1686 1451 1742 1469 ete·

948 1495 1005 1512 nim
1019 1483 1072 1511 viti
1083 1505 1091 1516 ‚
1108 1494 1136 1511 ac
1149 1481 1274 1511 mulieres
1285 1484 1312 1511 in
1324 1483 1504 1511 solitudinem
1514 1482 1654 1510 ardoribus
1664 1479 1742 1509 effer-

950 1524 1106 1553 vescentem
1114 1522 1141 1551 se
1153 1523 1252 1551 abdunt
1263 1545 1270 1557 ,
1293 1528 1321 1552 Sc
1330 1523 1395 1553 solis
1404 1524 1459 1552 illis
1470 1523 1596 1551 membris
1606 1543 1613 1554 ,
1626 1532 1685 1560 quat
1699 1532 1745 1549 na-

947 1576 1014 1594 turae
1025 1563 1149 1593 serviunt
1159 1563 1326 1597 necessitati,
1346 1565 1459 1593 obtestis
1470 1586 1476 1596 ,
1498 1563 1633 1601 reliquum
1650 1572 1747 1600 corpus

947 1605 1093 1645 frigoribus
1114 1605 1251 1633 immensis
1262 1627 1270 1638 ,
1292 1609 1320 1633 ὅ(
1331 1604 1442 1634 fervidis
1465 1604 1534 1632 aeris
1554 1603 1685 1631 caloribus
1697 1613 1746 1630 nu-

946 1648 1012 1675 dum
1022 1654 1166 1684 exponunt.
1177 1667 1185 1678 ‚
1196 1646 1260 1673 :estu
1270 1656 1356 1683 acque,
1368 1656 1449 1684 atque
1459 1646 1552 1683 algore
1563 1653 1723 1680 contempto
1736 1654 1743 1674 5

947 1698 980 1716 eo
990 1687 1090 1716 accidit
1102 1708 1109 1718 ‚
1122 1686 1197 1724 quod
1206 1686 1343 1714 alimentis
1353 1708 1360 1719 ‚
1381 1687 1473 1724 quibus
1483 1685 1607 1713 homines
1619 1682 1691 1711 vesci
1701 1683 1745 1711 so-

946 1730 1005 1757 lent
1016 1750 1024 1761 ,
1048 1727 1157 1766 penitus
1174 1727 1266 1763 ejectis
1277 1749 1284 1760 ,
1313 1726 1491 1765 depascuntur
1511 1734 1629 1755 terram5
1653 1724 1724 1753 unde
1736 1746 1745 1758 ‚

947 1766 1042 1805 βόσκοι
1053 1791 1060 1801 ,
1073 1767 1139 1796 idest
1151 1789 1157 1800 ,
1170 1768 1335 1806 pabulatotes
1345 1767 1518 1805 appellantur
1529 1770 1580 1794 ἃς.

90 1810 125 1838 de
133 1809 252 1848 sponsal.
265 1815 291 1839 δ(
302 1811 332 1838 in
343 1811 361 1838 l.
374 1811 392 1838 si
405 1811 473 1849 φύε,
485 1811 518 1838 de
529 1809 682 1848 praescript.
693 1812 721 1837 ὃς
732 1808 769 1836 ibi
779 1807 887 1836 Gloii'a.
906 1812 1077 1841 LAiJitATuM
1089 1829 1095 1835 .
1118 1808 1295 1847 Imperatoris
1313 1808 1406 1846 imago
1416 1808 1491 1836 lauro
1501 1816 1632 1835 coronata
1653 1807 1747 1840 [Lam

54 1850 160 1881 quA
169 1874 177 1884 ‚
197 1852 363 1880 Conventus
373 1873 380 1883 ‚
400 1851 598 1879 Monasterium
611 1862 616 1877 :
638 1848 685 1878 sed
696 1849 805 1877 videtur
816 1847 890 1875 suisse

93 1891 183 1930 aliqua
202 1891 356 1921 differentia
372 1891 447 1919 inter
463 1897 584 1920 Laurum
595 1913 602 1924 ,
626 1893 654 1918 ὅ(
671 1890 888 1925 MonastermmJ

93 1942 156 1960 nam
169 1943 202 1961 ex
222 1933 336 1968 Cyrillo
346 1933 377 1960 in
389 1932 447 1961 vita
466 1934 493 1961 S.
503 1933 576 1961 Sabe
586 1938 679 1961 Laura
689 1930 889 1959 habitationem

93 1973 263 2002 eremiticam
274 1984 323 2011 pro
334 1973 479 2002 Monachi‘s
490 1973 563 2001 suifl'c
572 1971 733 2010 colligitur,
747 1972 835 2009 quiin
843 1981 889 1998 an-

91 2013 176 2050 gustis
195 2015 271 2042 cellis
281 2015 313 2043 ad
324 2012 667 2043 instar'Camaldulcnfium
679 2034 686 2045 ,
703 2011 749 2040 seu
768 2010 887 2041 Cartliu-

89 2054 224 2082 sianorum
244 2055 339 2084 inclusi
351 2065 399 2093 per
409 2064 496 2083 totam
515 2054 712 2083 hebdomadam
735 2053 865 2082 vivebant
877 2064 890 2080 a

93 2096 198 2123 caetcris
208 2095 342 2133 separati,
364 2105 424 2124 cum
435 2097 529 2134 quibus
547 2106 639 2124 tamen
653 2094 890 2132 congregabantur

93 2134 124 2163 in
133 2134 198 2163 solis
216 2136 373 2165 Dominicis
382 2137 475 2165 diebus
487 2138 516 2164 in
528 2135 626 2165 Choro
638 2157 645 2168 ‚
665 2139 694 2164 δε
713 2135 873 2164 Refeiitorlo
882 2155 889 2161 -

91 2178 215 2210 Etymon
235 2185 327 2204 tamen
347 2177 426 2213 hujus
446 2177 568 2206 nominis
584 2186 704 2215 graecum
727 2177 764 2204 est
777 2175 870 2212 λκῖροι
882 2197 888 2206 ,

91 2216 167 2254 quod
176 2218 278 2256 Pagum
288 2217 423 2256 significat
436 2230 445 2249 5
469 2219 618 2249 multitudo
629 2227 704 2245 enim
722 2215 890 2244 cellullarum

946 1851 1009 1879 ratis
1022 1871 1028 1883 ,
1051 1854 1077 1878 ὃ(
1090 1849 1210 1878 iconibus
1222 1871 1229 1882 ‚
1241 1860 1300 1887 qua:
1315 1850 1464 1876 mittuntur
1473 1846 1507 1876 ad
1518 1847 1660 1876 Civitates
1671 1867 1679 1878 ‚
1701 1846 1749 1875 ve!

946 1891 1072 1930 regiones
1084 1911 1091 1921 ‚
1113 1890 1189 1918 obvii
1199 1890 1298 1918 adeunt
1310 1890 1477 1927 populicum
1488 1888 1573 1916 cereis
1585 1909 1591 1920 ‚
1613 1891 1641 1916 δε
1651 1886 1747 1915 incen-

945 1931 975 1960 so
985 1953 992 1964 ,
1006 1943 1062 1959 non
1074 1941 1133 1958 cera
1144 1930 1275 1968 perfusam
1285 1931 1403 1958 tabulam
1412 1951 1420 1962 ,
1430 1928 1478 1958 sed
1488 1931 1686 1967 Imperatorem
1699 1937 1747 1955 ve·-

947 1982 1076 2001 nerantes
1087 1992 1094 1998 .
1117 1973 1218 2010 Optat.
1229 1972 1351 1999 Milcvit.
1363 1973 1374 2002 ]
1387 1970 1420 1999 lic
1431 1971 1514 1999 etiarn
1524 1967 1678 1998 Christiani
1689 1978 1747 1996 non

946 2015 1079 2041 coloratas
1092 2034 1098 2044 ,
1109 2013 1174 2040 telas
1184 2034 1192 2045 ,
1214 2011 1261 2040 sed
1271 2011 1481 2054 rcpraesentatos
1493 2012 1523 2039 in
1534 2010 1570 2038 eis
1581 2009 1690 2037 §anctos
1701 2019 1746 2036 co-

946 2055 1006 2082 lunt
1019 2076 1026 2087 ,
1038 2058 1064 2082 δ(
1076 2052 1237 2081 thurificant
1248 2074 1255 2085 ,
1266 2053 1300 2080 dc
1311 2063 1365 2090 quo
1373 2053 1448 2080 cultu
1458 2073 1464 2079 .
1476 2052 1550 2081 Vide
1559 2050 1665 2078 Dalm.
1684 2053 1741 2077 Ico-

946 2095 1095 2123 nomaclms
1106 2114 1113 2121 .
1137 2095 1194 2123 Has
1205 2094 1358 2132 imperiales
1381 2093 1516 2131 imagines
1536 2089 1704 2128 Sophronius
1717 2090 1749 2118 in

946 2135 1024 2174 epist.
1035 2135 1066 2163 ad
1077 2137 1199 2163 Leonem
1210 2138 1309 2172 Papam
1320 2155 1327 2166 ‚
1350 2137 1377 2161 δε
1391 2134 1504 2162 Concil.
1516 2128 1746 2160 chalcedonense

944 2181 1071 2206 Laurata
1092 2181 1177 2205 Sacra
1195 2176 1314 2214 appellat
1325 2195 1333 2202 .
1354 2174 1427 2203 Vide
1446 2185 1489 2202 an.
1502 2179 1569 2210 603.
1581 2181 1655 2200 num.
1672 2182 1679 2199 1
1693 2191 1700 2198 .
1717 2170 1750 2201 in

948 2217 1071 2245 Baronio
1082 2236 1090 2244 .

90 2257 330 2287 illaruminv1ccm
349 2256 527 2295 separatarum
538 2259 571 2287 ad
590 2259 672 2287 instar
683 2257 747 2296 Pagi
761 2256 1085 2287 videbaii-'LAUREATUS
1097 2278 1104 2285 .
1133 2258 1207 2286 Vide
1230 2257 1435 2286 Baccalaureus
1446 2275 1453 2282 .

93 2307 136 2326 tur
147 2318 154 2325 .
179 2299 235 2327 FR.
246 2300 342 2327 Parum
351 2298 471 2327 consona
483 2300 592 2327 videtur
603 2298 765 2327 differentiae
776 2296 890 2335 affignae
907 2301 1092 2328 LAURETANA
1112 2299 1220 2328 Domus
1233 2319 1239 2327 .
1275 2297 1349 2327 Vide
1371 2295 1561 2333 Evangelium
1574 2313 1581 2321 .
1603 2292 1696 2321 Gloria
1717 2297 1749 2318 m

90 2339 133 2369 tio
143 2338 216 2369 inter
227 2339 424 2370 Monastcrium
434 2361 443 2374 ‚
466 2343 494 2369 ὃ(
504 2341 618 2371 Lautam
629 2350 642 2369 a
661 2337 803 2373 Francisco
815 2339 890 2373 Qua-

946 2338 1070 2377 excelſss.
1632 2372 1644 2401 I

1646 2380 1709 2400 „Aw-
