1866 2526
145 99 204 130 Lx.
211 99 240 129 δι
251 97 308 128 xJ..
317 103 450 135 quantum
458 93 573 134 quisque
582 93 702 127 volebat,
711 92 765 123 hoc
774 102 865 123 autem
874 100 930 122 erat

143 140 175 168 in
185 138 267 168 aridis
276 159 285 171 ‚
294 140 322 166 δε
333 135 444 175 liquidis
454 146 462 164 ς
473 135 519 164 sed
527 135 575 174 qui
584 135 663 164 dabat
682 134 817 173 primitias
827 134 930 163 anima-

142 180 212 209 lium
219 200 229 213 ‚
237 170 314 207 dabat
322 185 407 205 unum
417 176 452 204 de
462 176 587 205 ducentis
597 196 605 204 .
624 175 718 205 Glofl'a
729 176 758 205 in
767 186 827 204 can.
837 174 928 204 Eccle-

142 220 207 252 siae,
231 227 330 256 13.qu.
345 227 368 245 i.
381 216 454 245 Vide
463 220 596 245 Decima.

101 258 379 290 meniostnitiare,
390 255 437 285 seu
449 257 583 296 primitias
593 256 658 285 dare
668 256 810 296 fignificat.
822 255 929 292 [Muni-

140 299 280 328 ficentiam
290 308 304 327 a
315 307 408 326 tenera
417 307 443 335 p.
451 297 583 326 imitiavit
593 307 682 326 :etate-
693 299 768 327 Petr.
778 295 928 335 Biefiepist.

142 350 189 368 ιο.
199 340 272 371 ],Αε
290 338 364 367 idem
382 338 417 366 de
434 337 568 366 orationis
587 337 706 366 efficacia
715 338 830 376 loquens
840 358 849 371 ,
871 336 908 365 ait
920 347 926 363 :

1275 30 1308 73 P
1341 21 1384 73 ‘R
1646 42 1724 85 549

986 86 1140 119 concedere
1150 109 1158 121 ,
1168 89 1221 120 nifi
1231 87 1351 119 ministri
1362 109 1370 122 ‚
1387 86 1434 117 seu
1443 86 1566 126 persona:
1577 99 1628 128 pro
1638 90 1685 120 tali
1697 90 1776 120 inni&

987 138 1050 159 tuto
1068 130 1289 168 comperiantur.
1309 129 1412 165 [Licet
1427 138 1518 158 autem
1536 131 1614 158 nobis
1629 131 1774 160 instantius

983 169 1156 210 supplicares,
1168 180 1198 199 ut
1209 169 1332 199 Ecclesiae
1344 168 1481 208 praedistae
1492 169 1708 201 confirmationis
1719 173 1778 210 pri-

985 210 1121 250 vilegium
1133 210 1279 240 faceremus
1290 231 1298 243 ‚
1309 210 1360 238 tibi
1370 220 1426 238 non
1439 209 1572 248 postumus
1581 210 1682 246 dejure
1691 212 1776 242 defer-

985 261 1014 280 re
1024 273 1032 285 ‚
1049 261 1111 280 cum
1120 251 1190 279 nulli
1199 251 1338 281 Canonici
1348 250 1435 279 adhuc
1448 251 1548 279 ibidem
1559 251 1678 280 existant
1687 273 1696 285 ,
1714 254 1777 292 qui-

984 291 1031 320 bus
1042 291 1222 331 privilegium
1232 291 1399 320 concedatur
1409 312 1416 323 ,
1425 291 1471 320 lib.
1482 302 1509 330 3.
1520 292 1659 321 Decretal.
1671 293 1715 321 tit.
1728 298 1777 327 48.

982 342 1039 371 cap.
1061 341 1087 368 5.

141 379 255 415 [Dulce
267 378 426 407 vehiculum
435 378 471 407 est
489 379 520 407 in
529 378 574 408 via
584 378 674 406 oratio
683 399 691 411 ‚
713 377 800 406 fidelis
810 387 928 416 praecur-
944 373 1124 406 Pitoiisrius,
1135 376 1163 402 δε
1174 373 1340 410 Proastium,
1351 371 1514 401 suburbium.
1526 378 1538 409 [
1549 373 1666 403 Invenit
1675 373 1704 402 in
1713 383 1778 413 pro-

137 421 184 451 Γοι-
193 419 228 448 ad
238 419 392 448 Dominum
403 418 558 457 primitians
579 418 606 447 ei
621 418 773 447 adventum
781 417 928 446 ascenden-

139 460 176 490 tis
184 481 192 492 ‚
213 459 293 488 serm.
307 471 320 488 2
330 470 353 487 i.

104 505 320 533 Pniuiviitoius
330 520 337 527 .
350 501 407 529 FR.
417 499 589 540 vingatorum
598 498 738 538 praefestus
747 519 755 531 ‚
765 497 812 536 qui
821 498 928 527 baculos

139 543 169 571 in
179 550 261 568 manu
273 539 402 573 serebant,
413 541 446 569 ad
454 541 652 569 removendum
663 538 758 577 populi
767 536 928 568 concursum

139 583 170 611 in
181 580 354 619 equitatione
363 580 550 619 Imperatoris,
562 581 601 609 ita
611 580 639 608 C
639 579 738 608 odinus
747 579 782 608 de
790 578 835 608 off.
849 579 926 607 Aulae

138 621 357 659 Constantinop.
368 621 440 649 Vide
449 622 617 650 Bai-darive:
628 641 637 653 ‚
649 620 857 656 Portlngherius
867 639 874 646 .

983 413 1050 441 astio
1059 423 1119 441 cum
1131 412 1306 451 philosophis
1317 432 1324 440 .
1338 414 1372 442 In
1384 413 1442 442 vita
1451 414 1476 442 S.
1489 413 1590 446 Basilii,
1600 424 1689 453 cap-2.
1700 416 1713 447 ]
1724 414 1778 444 Di-

984 453 1009 481 ἂ
1023 464 1042 482 o
1051 453 1163 491 quidem
1174 463 1262 492 graeca
1273 449 1424 492 τροάςειον,
1436 454 1514 487 idest,
1523 453 1686 483 suburbium.
1699 458 1779 491 [Rex

984 494 1167 532 luitprandus
1177 495 1207 521 in
1217 494 1313 523 Olona
1323 493 1506 523 nihilominus
1516 494 1566 523 suo
1575 495 1693 534 proastio
1705 518 1713 529 ‚
1725 496 1778 524 mi-

983 543 1015 561 ro
1024 544 1107 572 opere
1128 534 1159 564 in
1170 533 1307 563 honorem
1325 535 1351 563 S.
1364 534 1493 564 Anastafii
1507 535 1638 571 Martyris
1658 535 1778 566 Christo

983 574 1157 603 domicilium
1169 575 1260 603 statuit
1270 594 1277 602 .
1295 575 1369 604 Paul.
1380 575 1459 603 Diac.
1469 575 1516 604 lib.
1530 583 1556 605 6.
1569 575 1603 604 de
1611 576 1680 616 gest.
1699 579 1777 607 Lon-

981 615 1093 653 gobard.
1103 626 1126 643 c.
1141 622 1186 650 56.

99 666 367 693 Pxiuonnintireit,
377 661 409 689 ab
418 661 511 689 initio.
525 661 728 696 [Reducentur
736 660 830 688 cuneta
842 660 872 688 in
885 657 926 686 ni-
940 655 1121 684 PROBAMms
1133 677 1141 688 ,
1151 656 1238 684 restus
1248 677 1257 689 ι
1269 655 1386 684 idoneus
1397 678 1404 688 »
1415 666 1443 685 π
1454 657 1572 696 prohat-2
1584 656 1651 686 vitae
1661 679 1669 690 ‚
1680 657 1710 687 in
1718 668 1776 697 quo

135 704 224 732 hilum
234 722 243 734 ‚
265 711 325 739 quoe
336 701 371 728 de
381 700 473 730 nihilo
489 701 708 739 primordialiter
725 698 908 739 processerunt
919 719 926 726 .

138 745 210 771 Petr.
222 740 291 770 Bles.
303 750 347 778 ep.
363 747 426 770 166.

94 786 287 813 Pnacium
299 800 307 808 .
330 781 403 810 Vide
425 787 575 811 Panaretos
584 803 592 810 .

94 825 240 853 ancsvs
251 822 442 851 ΜοΝΑεῑεκιι
453 844 462 856 ‚
481 822 710 862 superintendens
723 821 755 850 ad
766 821 925 851 Monasterii

133 861 293 900 temporalia
303 883 310 895 ,
321 862 367 900 qui
377 863 439 891 alias
449 863 587 893 Defensor
599 862 758 892 Monasterii
770 863 908 892 dicebatur
917 883 924 890 .

135 910 148 939 [
162 902 334 932 Vestimenta
343 923 351 935 ,
361 914 421 942 qux
431 902 522 932 secum
533 904 687 933 detulerant
697 924 704 935 ,
714 902 849 942 accipient
858 925 866 936 ,
878 904 926 942 qui

981 694 1061 724 sensu
1070 696 1129 724 aD.
1141 697 1283 735 Gregorio
1291 697 1417 725 Medicus
1423 698 1573 734 probabilis
1586 719 1594 730 ‚
1607 697 1674 726 idest
1684 719 1693 732 ,
1713 708 1778 737 pro.

980 736 1047 764 batae
1058 737 1138 770 virae,
1148 737 1299 776 appellatus
1309 737 1347 765 est
1357 739 1502 765 Exorcista.
1516 741 1553 766 Ac
1568 738 1598 766 in
1607 739 1704 767 eodem
1714 737 1777 767 sen-

980 775 1009 805 su
1020 778 1051 805 in
1062 778 1157 806 Conc-
1165 778 1292 807 Toletan.
1304 778 1358 805 IV.
1367 787 1426 805 can.
1437 789 1464 813 4.
1479 777 1597 806 dicitur:
1624 779 1781 814 [Probabi-

981 817 1014 845 lis
1027 817 1091 846 vitae
1102 839 1111 850 ‚
1123 828 1204 857 atque
1216 818 1349 846 doctrinae
1359 817 1485 846 extiterit
1497 838 1504 845 .
1517 820 1528 850 ]
1551 819 1608 847 FR.
1629 819 1664 848 lic
1672 819 1777 849 etiam.-

981 863 994 893 [
1005 859 1178 894 Presbytero,
1188 858 1341 898 probabiles
1354 879 1362 891 ‚
1375 868 1419 887 aut
1429 858 1571 887 Diaconos
1582 860 1674 888 mittas
1685 860 1776 897 „Can-

981 898 1147 937 Episcopum
1162 911 1205 929 io.
1217 899 1311 939 quaest.
1326 909 1348 926 i.
1694 901 1698 905 ’
1819 901 1821 904 ’

135 943 200 972 huic
212 943 251 971 rei
263 944 403 982 praepoliti
413 943 476 972 sunt
486 965 494 976 ,
504 948 531 973 δε
544 943 698 972 inferentur
708 944 739 972 in
748 944 925 982 repofitorio,
938 939 1175 969 PROBAMENTUM.
1189 943 1245 970 PR.
1256 939 1392 978 probatio.
1405 938 1558 974 [Omnibus
1569 939 1701 969 adhibitis
1713 951 1775 980 pro-

132 988 161 1014 &
172 993 253 1012 erunt
263 993 293 1011 in
305 984 436 1021 potestate
447 985 584 1024 Principis
595 983 754 1013 Monasterii
764 1006 770 1012 .
782 986 816 1013 In
830 987 924 1023 Regu-

134 1025 160 1052 la
169 1025 194 1052 S.
203 1022 330 1052 Pachom.
341 1027 353 1056 ]
373 1028 401 1053 &
411 1024 482 1063 saepe
490 1026 524 1054 de
533 1026 586 1054 hoc
597 1035 710 1054 munere
719 1025 750 1052 in
761 1025 856 1054 eadem
867 1027 922 1055 Re-

132 1064 197 1103 gula
205 1083 213 1090 .

97 1106 245 1134 l’itmcn’o
257 1124 264 1132 .
275 1107 332 1135 FR.
345 1106 457 1134 verbum
467 1106 622 1144 significans
633 1106 808 1145 praedomino
817 1128 825 1140 ,
837 1107 924 1146 impe-

134 1155 165 1173 ro
176 1167 184 1178 ‚
194 1145 379 1183 principatum
390 1157 505 1176 exerceo
518 1169 525 1175 .
549 1155 561 1183 [
574 1148 714 1176 scholares
726 1148 803 1185 pueri
813 1169 821 1180 ‚
833 1152 861 1177 δε
872 1149 924 1176 im-

135 1186 246 1223 puberes
256 1186 451 1216 adolescentuli
470 1188 504 1216 ob
513 1188 652 1227 sanguinis
661 1188 828 1227 dignitatem
840 1189 874 1217 de
886 1188 920 1216 fe-

131 1227 189 1254 rula
198 1226 398 1255 transferuntur
417 1228 449 1256 ad
460 1229 669 1266 principandum
680 1229 865 1263 Presbyteris.
887 1230 923 1258 D.

131 1266 262 1295 Bernard.
272 1277 314 1305 ep.
327 1279 374 1302 4²·
384 1268 418 1296 ad
429 1269 582 1297 chricum
591 1271 729 1298 Senonen.
741 1269 873 1308 Archiep.

90 1307 198 1335 Pius-hs
212 1328 219 1339 ,
230 1317 350 1345 graecum
362 1318 495 1336 vocamen
506 1331 513 1341 ,
523 1310 616 1344 πᾱνσς
630 1331 636 1342 ,
653 1310 746 1342 arbor,
757 1319 816 1347 quae
828 1321 840 1338 a
852 1311 921 1339 Lati-

131 1347 174 1375 nis
185 1347 243 1375 Ilex
253 1348 364 1376 dicitur.
380 1355 391 1383 [
402 1349 453 1377 Sub
463 1360 515 1387 qua
523 1350 617 1378 arbore
627 1349 869 1388 comprehenderis
878 1361 924 1379 eos

128 1387 272 1425 loquentes
282 1388 330 1416 sibi
342 1393 350 1416 ἒ
363 1389 419 1424 Qui
429 1389 468 1417 ait
479 1413 485 1419 ,
497 1389 544 1418 sub
554 1391 636 1428 prino
647 1411 654 1418 .
664 1390 776 1419 Daniel.
786 1401 845 1429 cap.
853 1403 861 1419 i
870 1403 896 1427 4.
909 1395 921 1423 ]

133 1429 290 1466 FR-Itaque
300 1439 358 1456 non
368 1430 418 1456 fuit
431 1431 535 1459 Prunus
545 1431 634 1464 arbor,
644 1432 873 1469 quemadmodum
885 1433 922 1460 D.

131 1468 311 1505 Augustinus,
321 1467 402 1496 serm.
414 1481 427 1496 2
435 1479 446 1503 5
455 1481 480 1497 2.
491 1471 525 1498 de
535 1480 618 1508 temp.
630 1472 808 1502 existimavit3
820 1476 922 1501 Prinas

130 1516 206 1534 enim
216 1508 296 1534 arbor
307 1512 450 1545 Coccigaem
458 1530 467 1542 ,
478 1508 523 1538 seu
535 1510 676 1549 Coccifera
684 1512 787 1540 dicitur
796 1533 802 1539 .
814 1513 860 1541 De
870 1512 923 1541 hoc

131 1547 217 1574 Prino
227 1547 291 1575 vide
301 1548 441 1576 Latinium
452 1549 480 1577 in
492 1551 617 1579 correct.
640 1552 712 1580 Sixti
724 1553 823 1581 Senen.
834 1553 880 1581 lib.
897 1564 920 1588 5.

131 1597 228 1614 annot.
253 1597 320 1622 250.

90 1628 361 1670 Pxissscutiahxisrffi
372 1648 379 1656 .
403 1631 462 1660 PR.
472 1631 606 1660 Haerctici
625 1643 638 1660 a
648 1632 825 1661 Priscilliano
842 1632 921 1662 sedu-

130 1667 167 1695 ἂι
180 1688 189 1700 ,
199 1677 246 1705 qui
260 1677 289 1695 ιιι
302 1668 435 1706 Hispania
443 1681 476 1700 ex
486 1673 682 1701 Gnosticorum
692 1696 699 1707 ,
713 1677 740 1702 ὃ(
753 1673 920 1702 Manichaeo-

132 1716 194 1735 rum
203 1709 338 1736 erroribus
348 1720 454 1739 novum
463 1712 690 1751 blasphemiarum
703 1714 855 1742 monstrum
867 1714 921 1743 sor-

129 1757 251 1777 maverat
260 1769 268 1780 ,
283 1760 329 1783 24.
339 1760 384 1788 qu.
396 1761 423 1788 3.
435 1762 494 1780 can.
506 1764 554 1790 39.

88 1787 306 1820 Piusmssarcer.
321 1790 423 1832 [Unde
433 1802 447 1820 a
458 1791 507 1821 suo
518 1794 614 1831 Judice
625 1793 764 1823 ordinatio
774 1816 782 1827 ,
792 1805 921 1834 tanquam

978 980 1111 1010 bamentis
1121 1003 1129 1014 ,
1142 985 1170 1011 «Sc
1180 980 1327 1019 Scripturis
1337 979 1438 1009 sanstis
1447 1000 1456 1008 .
1468 981 1597 1010 Ruffinus
1606 982 1636 1010 in
1649 982 1772 1012 versione

977 1031 1091 1058 operum
1103 1021 1241 1060 Origenis
1251 1041 1258 1048 .

937 1059 1292 1100 Puoenncffivpossarmi'i,
1301 1061 1336 1090 fic
1345 1062 1480 1100 appellata
1490 1061 1540 1090 fuit
1557 1061 1663 1092 Piscina
1673 1063 1702 1091 in
1711 1066 1778 1092 Eva.

978 1104 1093 1142 Joannis
1103 1123 1114 1139 ,
1124 1113 1183 1140 cap.
1197 1113 1222 1138 5.
1245 1108 1256 1137 [
1270 1105 1332 1130 Erat
1345 1112 1434 1130 autern
1443 1101 1629 1140 Jerosolymis
1639 1103 1778 1141 probatica

979 1144 1094 1183 piscina,
1108 1154 1167 1182 qux
1178 1143 1390 1182 cognominatur
1403 1144 1538 1171 Hebraice
1550 1143 1696 1172 Bethsaida
1705 1145 1778 1176 ἃς]

980 1189 1020 1214 Ex
1034 1185 1166 1214 vocabulo
1175 1194 1267 1221 graeto
1277 1180 1412 1219 πρόβαιτυν
1424 1184 1516 1222 ,quod
1526 1194 1610 1212 ovem
1619 1184 1755 1222 significat
1766 1206 1778 1217 ‚

979 1227 1043 1265 quia
1055 1226 1084 1254 in
1095 1236 1125 1254 ea
1135 1224 1334 1252 mundabantur
1345 1234 1421 1256 oves,
1433 1233 1492 1262 qua:
1503 1234 1554 1262 pro
1563 1223 1701 1253 sacrificio
1712 1224 1778 1253 offe-

980 1267 1107 1295 rebantur
1117 1266 1146 1293 in
1155 1265 1273 1302 Templo
1284 1285 1292 1296 ,
1303 1273 1362 1302 quae
1376 1263 1478 1302 piscina
1487 1287 1495 1297 ,
1506 1274 1536 1292 ut
1547 1265 1631 1293 refert
1639 1265 1777 1303 Josephus·

981 1308 1065 1335 Hebr.
1076 1307 1121 1335 lib.
1133 1312 1161 1334 6.
1175 1305 1208 1333 de
1216 1305 1288 1333 bello
1297 1305 1422 1343 Judaico,
1437 1315 1494 1343 cap.
1506 1311 1532 1333 6.
1545 1305 1679 1334 :edificata
1689 1306 1776 1333 fuerat

979 1358 993 1376 a
1004 1350 1082 1386 Rege
1094 1346 1237 1376 Salomone
1250 1368 1257 1378 ,
1279 1354 1359 1383 quam
1370 1351 1503 1383 Stagnum
1513 1346 1663 1375 Salomonis
1674 1347 1778 1375 ibidem

980 1398 1059 1416 vocat
1069 1408 1076 1416 .
1091 1389 1188 1424 Itaque
1198 1387 1346 1414 Probattca
1357 1407 1364 1417 ‚
1375 1386 1454 1419 idest,
1467 1387 1554 1414 ovilla
1564 1387 1701 1415 dicebatur
1711 1408 1719 1420 ,
1730 1397 1778 1415 cu-

977 1431 1019 1465 jus
1029 1426 1187 1456 miraculosa
1207 1425 1334 1454 omnium
1353 1426 1545 1454 infirmitatum
1555 1428 1660 1455 curatio
1681 1437 1777 1464 parum

978 1480 1043 1498 ante
1055 1467 1160 1498 Christi
1171 1467 1323 1495 adventum
1342 1466 1371 1494 in
1381 1466 1486 1494 defectu
1500 1466 1710 1504 prophetiarum
1719 1477 1778 1495 cce-

979 1518 1057 1547 perat
1068 1506 1250 1539 innotescere,
1263 1510 1289 1534 &
1302 1507 1365 1534 ideo
1376 1507 1486 1535 Hebraei
1498 1507 1532 1535 de
1542 1506 1701 1542 huiusmodi
1712 1517 1777 1545 pro-

978 1550 1058 1589 digio
1078 1549 1183 1578 nullam
1202 1557 1283 1585 penes
1301 1545 1328 1574 se
1349 1547 1478 1575 notiti:m
1499 1547 1599 1575 habent
1610 1569 1618 1579 ,
1636 1552 1686 1576 nec
1705 1549 1738 1576 da
1748 1559 1777 1577 ea

979 1590 1124 1629 praedistus
1134 1587 1270 1627 Josephus
1283 1609 1291 1619 ,
1311 1597 1356 1615 aut
1366 1587 1447 1616 Philo
1457 1589 1541 1616 ullam
1553 1588 1724 1617 mentionem
1739 1588 1776 1616 fa—

978 1632 1074 1659 ciunt:
1096 1629 1262 1667 scripserant
1280 1628 1354 1655 emm
1375 1627 1406 1656 hi
1426 1629 1484 1666 post
1507 1628 1613 1658 Christi
1634 1638 1755 1657 mortem
1764 1650 1774 1661 ‚

980 1672 1107 1710 quand0,
1121 1679 1220 1708 nempe
1232 1691 1240 1701 ,
1250 1671 1304 1704 jam
1317 1669 1474 1706 praediftuui
1488 1670 1648 1697 miraculum
1658 1668 1777 1703 cefl'avieq

981 1722 1021 1740 rat
1033 1713 1062 1740 in
1074 1709 1177 1749 piscina
1190 1732 1197 1743 ,
1216 1709 1291 1748 quod
1300 1710 1426 1744 Cyrillus
1437 1731 1445 1742 ,
1468 1711 1514 1738 lib.
1529 1721 1554 1738 ι.
1576 1710 1606 1736 in
1617 1711 1755 1748 joannem
1764 1731 1775 1744 ,

977 1763 1036 1790 cap.
1052 1761 1115 1787 ης.
1127 1755 1154 1779 &
1165 1750 1351 1780 Tertullianus
1363 1760 1456 1778 contra
1469 1751 1524 1788 Jud
1544 1759 1602 1787 cap.
1618 1761 1660 1788 ¹3-
1679 1751 1774 1788 proba-

978 1793 1072 1821 biliter
1083 1791 1242 1820 existimant
1254 1791 1283 1818 in
1294 1791 1338 1818 die
1349 1792 1521 1819 Pentecostes
1532 1790 1634 1818 cess'afle
1643 1814 1652 1819 .

128 1826 290 1856 criminosus
304 1849 311 1860 ι
330 1839 360 1858 1¹1
369 1832 490 1869 prxlione
500 1834 626 1862 detentus
636 1834 691 1862 est.
714 1836 749 1862 In
760 1835 817 1863 vita
829 1837 853 1864 S.
865 1838 920 1865 Ve-
937 1837 1105 1865 Ριιοεᾼτιο,
1115 1830 1322 1870 Religiosorum
1333 1832 1494 1864 novitiatus,
1506 1837 1518 1866 [
1531 1831 1602 1860 Uno
1613 1830 1774 1860 discenden—

128 1867 233 1895 destanl
242 1868 347 1905 Epist-J
361 1873 416 1900 FR.
428 1873 562 1911 fignificat
577 1874 658 1903 etiam
669 1884 844 1908 carceratum,
856 1876 921 1904 ficut

127 1917 210 1935 etiam
225 1910 322 1937 ltaiice
333 1915 458 1948 Prigcone
467 1923 522 1942 tam
531 1914 566 1942 de
573 1925 678 1943 carcere
690 1937 698 1948 ‚
720 1925 800 1953 quam
819 1916 853 1944 de
874 1917 920 1944 de-

128 1957 206 1976 tento
218 1958 246 1976 in
258 1959 288 1977 ea
299 1952 468 1991 intelligitur
477 1974 483 1981 .
496 1961 508 1990 [
520 1957 554 1983 Et
565 1955 639 1993 quod
649 1953 827 1984 disconfitura
838 1978 847 1989 ‚
861 1967 920 1994 quae

126 1998 182 2016 erat
194 1999 222 2017 in
232 1999 309 2023 inari,
320 1992 451 2028 priliones
462 1995 563 2024 multos
575 1996 680 2023 nobiles
694 2005 708 2024 a
719 1996 806 2024 nautis
816 1998 900 2035 Regis
912 2019 920 2030 ‚

126 2039 173 2067 qui
185 2039 228 2057 eos
240 2032 309 2065 iuste
319 2041 446 2070 ceperant
459 2057 467 2068 ,
478 2039 532 2064 &c-
542 2035 644 2064 Mattli.
654 2036 766 2064 Parifius
777 2036 805 2064 in
814 2036 878 2064 hist.

84 2071 232 2098 Piuvich
244 2091 254 2107 ‚
269 2072 312 2099 vel
325 2076 478 2111 angnus
489 2096 496 2104 .
512 2077 548 2103 V.
559 2077 695 2112 Filiastra
704 2096 711 2103 .
723 2076 872 2113 Filiastrus
882 2097 890 2104 .

84 2111 266 2139 Pnivmmo
279 2132 285 2142 ,
298 2112 426 2147 uerbum,
447 2115 627 2154 privilegium
637 2116 762 2144 concedo
774 2136 781 2143 .
800 2117 899 2152 [Deus
910 2139 918 2151 ,

977 1884 1004 1902 re
1014 1895 1022 1906 ‚
1032 1874 1101 1901 alter
1111 1893 1120 1904 ‚
1140 1873 1183 1900 cui
1195 1881 1299 1900 nomen
1319 1881 1375 1899 erat
1384 1871 1521 1900 Gosuinus
1533 1893 1540 1903 ‚
1562 1872 1774 1910 importunitate

975 1913 1022 1942 sua
1032 1936 1039 1945 ,
1051 1923 1080 1941 ut
1091 1912 1259 1950 reciperetur
1268 1933 1275 1944 ,
1286 1912 1419 1945 obtinuit,
1433 1913 1481 1950 qui
1496 1913 1542 1940 vix
1556 1922 1603 1949 per
1613 1911 1659 1940 sex
1669 1911 1775 1940 hebdo-

977 1955 1067 1982 madas
1089 1953 1119 1980 in
1128 1953 1289 1990 probatione
1299 1952 1390 1980 stetit.
1413 1951 1516 1981 Caesar.
1537 1952 1582 1980 lib.
1599 1964 1621 1980 i.
1632 1962 1689 1990 cap.
1704 1955 1772 1985 io.]

979 1995 1034 2030 Qui
1047 1993 1150 2022 Auc‘tor
1159 1994 1194 2021 de
1206 1994 1229 2021 S.
1242 1994 1269 2020 H
1274 1992 1424 2031 ildegunde
1433 2003 1516 2031 agens
1529 2014 1536 2025 ‚
1548 1993 1645 2021 eodem
1657 1994 1773 2022 vocabu-

976 2035 1004 2063 lo
1016 2034 1074 2063 usus
1087 2033 1145 2061 fuit:
1162 2031 1306 2071 [Ingressa
1316 2032 1344 2060 in
1358 2034 1547 2071 probationem
1558 2055 1566 2066 ‚
1577 2043 1688 2062 manum
1696 2032 1771 2062 suam

975 2075 1048 2103 milit
1058 2075 1092 2102 ad
1103 2073 1185 2102 fortia
1196 2095 1204 2106 ,
1215 2074 1262 2101 lib.
1280 2084 1301 2100 i.
1311 2083 1335 2100 c.
1346 2075 1415 2108 40.]
1440 2077 1468 2102 ὅ(
1480 2085 1503 2101 r.
1515 2086 1541 2102 ι.
1553 2074 1600 2102 lib.
1613 2086 1640 2103 2.
1665 2077 1772 2110 [Anno

975 2114 1143 2154 probationis
1156 2114 1270 2151 expleto
1281 2134 1290 2146 ‚
1314 2113 1395 2141 faetus
1417 2114 1455 2142 est
1465 2113 1617 2143 Monachus
1630 2134 1636 2141 .

123 2152 195 2189 apud
213 2162 293 2189 quem
304 2153 402 2181 melior
420 2156 457 2183 eil:
476 2156 632 2184 obedientia
647 2178 654 2189 ,
669 2166 758 2200 'quam
780 2157 898 2186 vistimae
909 2179 918 2191 ‚
932 2157 1082 2187 Pitonotii,
1093 2165 1126 2183 ex
1135 2164 1228 2193 graeco
1238 2153 1385 2192 προβολὴ,
1395 2154 1473 2188 idest,
1484 2155 1630 2193 productio
1641 2175 1648 2182 .
1662 2155 1771 2190 [Dein-

123 2192 259 2229 quidquid
278 2194 432 2232 emancipet
441 2194 544 2228 homo,
566 2205 612 2224 aut
633 2196 795 2235 priviligiet
812 2196 918 2231 horno,

125 2233 343 2261 inobedientiam
355 2234 504 2264 detestatur
515 2257 521 2264 .
532 2238 605 2264 Petr.
617 2235 725 2265 Blesen.
736 2236 815 2274 epist.
828 2248 877 2274 90.

973 2196 1007 2224 de
1019 2195 1140 2223 infinitas
1151 2194 1325 2232 Angelorum
1336 2195 1491 2228 editiones,
1503 2199 1530 2224 ὃς
1541 2196 1664 2234 probolas
1676 2216 1684 2223 .
1705 2200 1772 2225 Ter-

973 2237 1036 2264 tull.
1046 2234 1152 2264 advers.
1167 2236 1272 2263 Haeret.
1282 2245 1341 2273 cap.
1353 2242 1403 2270 46,

81 2271 285 2301 vaittoiuiu
295 2293 302 2300 .
325 2276 382 2304 FR-
395 2275 464 2304 idest
473 2276 582 2314 privata
591 2277 636 2304 lex
648 2299 656 2310 ‚
679 2287 739 2315 quae
761 2287 820 2305 nou
828 2278 917 2308 omni-
931 2278 1092 2306 Pnocimo
1101 2296 1108 2302 .
1133 2276 1205 2304 Vide
1228 2276 1391 2304 Concambio
1401 2296 1409 2303 .

121 2312 168 2340 bUS
179 2334 187 2346 ι
199 2312 246 2341 sed
255 2314 385 2352 aliquibus
395 2317 510 2353 privatis
519 2316 687 2356 suffragatur,
698 2319 772 2355 Papa
783 2327 872 2346 autem
882 2319 917 2348 de
932 2320 1095 2347 Pitoczssio
1107 2337 1115 2349 ‚
1125 2315 1356 2353 supplicationum
1368 2326 1478 2355 agmen,
1488 2319 1562 2352 cujus
1571 2316 1679 2354 antiqua
1691 2316 1769 2345 insti-

98 2375 101 2379 .
122 2354 180 2389 jure
199 2364 258 2382 non
277 2355 367 2393 potest
386 2356 453 2385 locis
463 2357 518 2397 piis
526 2367 640 2390 noviter
660 2357 756 2387 erectis
768 2359 917 2399 privilegia

158 2395 349 2433 Hierolexi'con
372 2401 464 2427 Macri
476 2418 484 2427 .

975 2358 1046 2387 tutio
1065 2367 1098 2385 cx
1111 2356 1260 2396 apostolica
1269 2356 1422 2426 tradifione
1442 2355 1607 2396 promanasse
1624 2356 1768 2392 censetur,

1374 2406 1402 2426 m
1443 2408 1456 2437 3
1665 2407 1725 2436 qux
