1866 2526
151 56 225 98 532
470 46 516 87 *P
549 45 586 87 L

133 99 192 130 stas.
215 99 356 136 [Liberius
366 103 478 131 ornavit
495 104 529 132 de
539 102 652 142 platinis
670 102 827 132 marmoreis
842 101 930 140 sepul-

133 141 230 170 chrum
240 142 342 170 Sanstae
359 143 475 180 Agnetis
485 164 493 171 .
504 147 516 176 ]
531 144 628 173 Paulus
639 154 729 172 tamen
741 143 891 176 Diaconus,
904 147 930 171 δι

134 182 200 211 Ado
213 181 313 210 habent
323 183 452 212 Placoma
462 206 470 217 ,
480 194 510 212 ut
520 185 622 213 dietum
632 185 707 213 estin
717 184 782 211 dict.
793 184 930 216 Placaton,

134 223 178 250 ubi
190 223 321 251 Batonius
332 234 364 251 ex
375 233 467 261 graeco
478 225 609 253 vocabulo
621 220 774 258 πλακῶἑὴς
783 224 931 263 legendum

134 263 263 291 Placoton
274 272 350 301 putat
361 275 368 294 3
381 262 429 292 sed
438 275 492 303 ego
502 265 686 293 existimarem
697 286 705 297 ,
728 265 802 302 quod
811 265 935 293 Placorna

133 313 237 331 nomen
249 313 375 331 neutrum
385 305 480 333 melius
490 306 627 334 diceretur
638 316 671 333 ex
684 305 768 333 Paulo
777 305 866 334 Disco
874 316 910 333 no
922 327 929 337 ,

134 343 290 376 &Adone‚
310 344 372 381 quia
381 355 470 383 graece
488 347 569 374 etiam
586 342 740 382 πλάκωμα
749 345 885 384 reperitur
906 347 934 373 in

133 383 230 412 eodem
241 383 392 422 significatu
401 404 409 412 .
824 387 827 389 ’

93 424 219 452 Pina-A
231 444 239 456 ‚
253 425 311 453 FR-
324 425 448 458 Planum,
462 435 495 453 ex
505 425 605 464 gallico
617 427 748 455 vocabulo
757 427 822 455 Plat
831 447 838 454 .
849 429 930 455 Gem·

134 474 180 492 ma
190 485 198 496 ‚
209 464 257 492 lib.
272 475 295 492 i.
305 474 361 502 cap.
376 476 440 500 197.
452 475 534 504 agens
547 467 581 494 de
593 477 694 495 corona
703 467 843 500 clericali,
865 473 876 502 [
889 468 933 495 Su-

134 506 226 542 perior
245 514 335 533 autem
353 506 485 533 coronula
505 516 553 544 per
564 506 679 545 plattam
697 507 830 546 figuratur
838 529 845 535 .
859 510 870 539 ]
892 511 932 536 Ex

133 545 228 583 quibus
248 544 335 573 verbis
344 544 379 572 du
386 556 411 573 as
429 556 543 575 coronas
554 547 583 575 in
603 547 779 576 Clcricorum
802 548 934 586 capitibus

1298 45 1396 88 PL

986 113 1046 134 (αῖς
1061 101 1126 131 hinc
1137 112 1187 141 pro
1198 114 1231 132 eo
1242 125 1250 136 ,
1261 104 1336 142 quod
1347 105 1384 133 est
1396 102 1543 134 viininibus
1553 127 1560 138 ,
1580 103 1627 134 seu
1639 106 1787 144 palmarum

988 143 1062 172 foliis
1075 152 1237 172 conteXtum
1250 165 1258 176 ‚
1267 145 1388 184 intelligi
1396 144 1466 173 solet
1476 167 1484 178 ‚
1496 156 1524 174 ur
1535 145 1598 174 sunt
1609 145 1718 184 sportae,
1729 148 1783 176 sto-

989 194 1041 212 reae
1055 205 1063 217 ,
1074 187 1101 212 ὅ(
1113 183 1210 211 similia
1221 205 1228 217 ,
1241 184 1270 212 in
1281 185 1374 223 quibus
1384 186 1563 215 conficiendis
1572 188 1678 225 antiqui
1688 189 1785 216 Mona-

988 224 1034 263 chi
1044 224 1255 253 exercebantur:
1282 231 1294 260 [
1306 227 1340 253 In
1350 236 1431 264 quam
1449 227 1545 255 cellam
1557 227 1651 255 furtim
1661 228 1764 257 irruens
1775 250 1785 262 ‚

989 265 1114 293 codicem
1123 263 1200 292 suum
1210 265 1284 292 inter
1300 268 1354 301 ejus
1364 267 1482 304 plectas,
1501 278 1565 306 quas
1584 268 1617 296 de
1636 268 1787 305 palmarum

990 305 1067 333 soliis
1077 303 1179 334 solebat
1197 305 1322 334 intexere
1330 327 1340 339 ‚
1359 306 1477 337 latenter
1486 307 1624 337 abscondit
1637 329 1643 336 .
1663 308 1785 337 Casiinn.

989 346 1095 374 Collat.
1110 349 1151 373 18.
1162 357 1184 374 c.
1198 356 1244 381 25.

949 388 1122 419 Pineum,
1132 386 1272 425 lignorum
1284 386 1391 427 strues.[
1403 388 1437 415 In
1448 387 1610 427 Episcopntu
1619 389 1743 418 Ostiensi
1755 400 1786 418 iu

990 427 1067 455 Festo
1079 426 1245 456 Nativitatis
1254 427 1372 455 Domini
1381 428 1431 460 J&
1441 427 1575 457 Pascharis
1585 429 1647 458 duas
1657 431 1786 468 plectam

991 469 1129 507 lignorum
1142 488 1148 494 .
1170 467 1290 497 Cencius
1301 469 1440 496 Camerar.
1460 468 1490 495 in
1502 471 1557 504 ejus
1566 471 1722 498 Caeremon.
1745 472 1784 499 M.

990 511 1030 541 S.]
1043 509 1085 537 ubi
1095 508 1216 547 loquitur
1235 507 1268 536 de
1276 508 1489 547 obligationibus
1500 509 1646 539 Canonum
1657 513 1784 540 Camers:

991 550 1158 588 Apostolicae
1169 548 1269 577 debitis
1281 568 1288 575 .

133 584 208 614 fuisse
218 594 339 612 autumat
350 585 475 614 Morinus
487 608 495 619 ,
516 597 614 625 nempe
624 609 631 620 ,
650 587 774 627 superior
784 589 915 618 coronula
925 611 931 621 ‚
948 592 1104 619 Ριεετηις
1118 591 1205 618 Sui-A
1217 612 1223 622 ‚
1235 600 1293 628 qux
1305 589 1399 628 plicari
1410 589 1515 627 potest.
1534 589 1714 629 [Cognoscat
1726 591 1788 629 glo-

133 626 225 653 minor
236 625 306 653 dieta
319 636 326 655 5
338 628 365 653 ὅ(
376 626 427 654 alia
439 626 572 661 inferior,
582 639 611 656 ac
621 631 708 664 major
716 649 723 656 .

94 669 251 695 I'LAusitls
262 686 269 697 ,
283 665 431 702 plausibilis
444 687 450 693 .
463 668 595 707 [Dignus
605 669 734 702 omnino,
744 679 826 708 quem
836 670 933 708 plausi·

136 705 204 733 libus
213 708 304 734 Roma
316 705 424 734 foveret
435 708 505 735 ulnis
516 729 522 736 .
536 709 630 737 Sidon.
640 710 686 738 lib.
697 722 726 746 9.
738 710 815 748 epist.
830 721 874 745 14.
991 712 1020 739 in
1030 711 1136 750 Regist.
1149 711 1195 740 lib.
1211 721 1252 739 10.
1265 712 1342 749 epist.
1356 723 1403 740 ιε..

89 748 219 775 PLEBANJ
227 757 243 774 A
255 766 262 773 .
276 746 350 774 Vide
360 748 502 776 Parachia.
512 749 589 777 Plebs
603 771 610 777 .
948 755 1109 781 Piocmon
1119 772 1127 779 .
1140 752 1212 780 Vide
1219 753 1377 788 Spatalium
1386 773 1393 779 .

88 788 253 819 Primanus,
264 787 399 815 Par-ochus
411 788 517 821 ruram,
529 790 679 828 antiquitus
689 801 744 819 erat
756 801 861 829 magnae
875 792 931 819 exi—
948 794 1078 821 Pronum.
1092 794 1149 821 FR.
1160 793 1250 820 clavus
1262 814 1270 825 ,
1283 803 1337 830 quo
1348 793 1466 821 ncffitur
1477 802 1605 827 aratrum,
1619 796 1663 824 vel
1673 790 1788 830 aliquod

988 632 1026 659 ria
1035 630 1121 659 vestra
1131 629 1264 658 mandasse
1277 641 1325 658 nos
1337 628 1485 659 Artlieinio
1499 630 1667 660 Subdiacono
1678 651 1685 663 ,
1697 640 1726 658 ut
1736 631 1788 658 ali·
1864 621 1866 654 l

987 682 1050 709 quas
1059 670 1137 699 sellas
1148 671 1269 708 plectiles
1279 671 1356 699 nobis
1366 670 1487 709 dirigere
1500 671 1603 701 studeat
1615 693 1621 700 .
1639 672 1678 699 D.
1699 673 1791 710 Greg-

85 1800 174 1828 Pstns
184 1818 192 1829 ‚
203 1808 254 1835 pro
264 1800 395 1829 Parochia
407 1823 414 1829 .

129 827 295 854 stiinationis
307 848 314 860 ,
326 837 355 855 ut
365 828 467 856 diftum
479 829 516 857 est
530 829 557 857 in
567 831 632 859 dict.
645 832 848 869 chorepiscopus
858 853 864 859 .
877 836 933 859 De-

130 876 217 895 canm
228 887 234 894 .
256 867 419 905 Aliquando
429 870 511 898 etiam
531 870 667 899 Pax-ochus
678 872 813 901 Civitatis
826 872 932 900 intelli-

987 833 1208 864 instrumemum,
1221 833 1294 869 quod
1303 843 1392 861 aratro
1403 831 1551 865 inseri—itu.
1562 835 1580 862 si
1594 836 1652 872 quis
1664 835 1789 872 plonum-

987 874 1031 902 De
1042 873 1166 901 furtisAEt
1177 872 1195 899 l.
1206 872 1225 900 si
1237 873 1295 910 quis
1310 874 1422 911 plonum
1433 894 1440 900 .
1452 875 1496 902 De
1507 874 1611 902 damno
1621 897 1629 908 ‚
1640 880 1666 904 ὃ(
1679 873 1789 907 injuria·

131 906 207 945 gitur
217 927 224 935 .
248 913 259 942 [
274 908 373 937 Adfuit
383 914 410 938 δ(
420 910 556 939 Dominus
566 912 718 940 Evernrdus
736 913 825 941 Sanfti
838 913 930 949 Jacobi
948 917 977 942 1³1
988 923 1106 943 tomum
1117 933 1124 941 .
1135 915 1190 942 FR.
1203 911 1361 950 Fidejuffio,
1371 917 1399 942 &
1410 914 1616 943 Vadimonium.
1629 913 1734 952 [Quod
1743 911 1786 940 su-

129 948 261 976 Plcbanus
271 970 279 980 ‚
291 948 334 976 vir
343 950 436 984 justus,
445 960 524 989 atque
534 952 688 990 religiosus,
698 957 724 981 ἃ
735 964 847 991 propter
858 951 931 982 suam

127 986 301 1016 sanRitatem
314 991 390 1019 omni
401 991 522 1020 Civitati
534 994 700 1021 reverendus
709 1014 715 1020 .
736 993 837 1022 Cesar.
848 995 893 1022 lib.
909 1005 931 1022 i.

128 1039 185 1067 cap.
194 1030 244 1061 7.]
260 1032 316 1059 FR.
330 1037 342 1066 [
362 1033 468 1060 Electus
477 1033 585 1072 quidam
597 1034 627 1061 in
638 1035 785 1062 Plebanuin
795 1034 931 1070 cujusdam

127 1069 262 1098 Ecclesiae.
272 1071 317 1099 De
328 1071 360 1099 iis
384 1074 430 1111 qui
443 1075 488 1106 vi,
504 1077 531 1103 δε
542 1083 615 1104 metu
625 1078 675 1103 &c.
686 1084 739 1104 c.2.
753 1077 764 1106 ]
776 1076 847 1103 Item
860 1087 930 1104 non-

127 1119 276 1154 nuliiquaiii
286 1112 500 1147 parochianum,
517 1114 562 1144 seu
584 1116 732 1155 degentem
753 1115 782 1143 in
800 1115 930 1144 Par'ochia

127 1150 262 1188 significat
272 1173 278 1179 .
294 1158 305 1186 [
318 1153 418 1181 Nullus
428 1156 573 1191 Presbyter
584 1178 591 1189 ,
612 1166 658 1185 aut
669 1157 811 1185 Diaconus
820 1157 929 1186 alterius

126 1191 285 1228 plebanum(
304 1194 356 1221 nisi
368 1195 396 1222 in
407 1194 504 1225 itinere
515 1197 597 1225 suerit
612 1219 619 1230 ‚
633 1198 678 1226 vel
689 1198 820 1235 placitum
831 1197 916 1227 habuc

126 1231 185 1274 rit)
203 1232 235 1259 ad
246 1234 347 1261 :uiuam
360 1235 480 1273 recipere
492 1237 586 1266 audeat
597 1260 605 1271 ‚
626 1250 655 1274 9.
666 1238 761 1276 quaest.
776 1251 801 1267 2.
814 1249 873 1267 can.
885 1241 926 1274 4·]

129 1271 202 1299 Vide
212 1274 349 1302 Parashm
360 1295 367 1302 .

989 965 1036 992 per
1045 954 1144 984 mutuis
1155 975 1163 986 ,
1181 957 1209 982 ἀ
1219 954 1356 993 plegiariis
1374 954 1522 983 secundum
1544 956 1637 984 vestrae
1650 953 1787 984 Civitatis

987 994 1428 1030 consuetudinemindicibunt-In
1440 996 1577 1023 Decretal.
1588 996 1621 1023 de
1634 998 1793 1031 jux-ejurari*

986 1036 1023 1063 do
1035 1059 1042 1068 ‚
1061 1045 1117 1073 cap.
1135 1045 1179 1071 ¹9·
1192 1037 1203 1066 ]
1218 1035 1276 1065 Ubi
1287 1037 1357 1064 male
1367 1034 1459 1065 Glossh
1480 1035 1661 1072 fidejufl'orem
1683 1035 1790 1064 intelli-

987 1077 1027 1114 git
1038 1089 1049 1110 ,·
1069 1086 1130 1104 nam
1141 1077 1214 1104 enim
1227 1086 1296 1105 nunc
1307 1077 1458 1115 inutraque
1469 1076 1578 1110 Sicilia,
1599 1081 1627 1105 δε
1652 1077 1681 1106 in
1690 1076 1790 1106 Melita

985 1116 1121 1153 fidejussio
1132 1116 1273 1154 Plegiaria
1285 1140 1291 1149 ,
1303 1121 1331 1147 ὅ(
1343 1116 1479 1153 fidejufl‘or
1488 1118 1575 1154 Plegio
1587 1118 1726 1146 dicuntur.
1740 1120 1787 1145 112<

986 1168 1032 1186 vet
1044 1158 1124 1186 etiam
1135 1167 1224 1185 tenus
1233 1156 1333 1191 sensus,
1342 1158 1385 1186 ubi
1398 1158 1542 1186 evidenter
1552 1159 1586 1186 de
1595 1156 1767 1194 fidejussi-one
1778 1179 1787 1192 ,

985 1203 1012 1226 δ(
1025 1209 1083 1227 non
1092 1197 1126 1226 de
1137 1197 1289 1233 fidejufl'ore
1301 1199 1423 1237 loquitur
1436 1220 1443 1231 ,
1455 1199 1540 1232 idest,
1550 1199 1709 1227 abstrastive
1721 1221 1728 1231 ,
1738 1205 1787 1228 Su-

981 1247 1028 1276 per
1038 1241 1149 1268 mutuis
1160 1260 1168 1271 ‚
1181 1239 1363 1277 &plegtarizs
1374 1260 1381 1265 .
1393 1239 1465 1268 Vide
1475 1240 1594 1277 Replegio
1603 1259 1610 1266 .
1632 1239 1694 1268 Alia
1702 1238 1787 1275 syrio-

987 1290 1067 1314 nyma
1077 1300 1084 1306 .
1099 1279 1172 1307 Vide
1186 1279 1214 1306 in
1226 1280 1290 1308 dict.
1301 1280 1409 1307 Gaudio
1419 1300 1425 1306 .

85 1313 229 1346 PLEBEJUS
241 1334 249 1346 2
267 1323 318 1351 Pro
327 1313 445 1343 saeculari
456 1338 462 1344 .
485 1319 593 1352 [Multa
603 1318 664 1346 sunt
676 1341 683 1351 ,
703 1329 762 1357 quae
772 1319 859 1348 adhuc
871 1320 927 1356 ple·
944 1323 1092 1351 Pisaeam,
1103 1315 1245 1356 πλῆρωμοι
1266 1331 1319 1358 quo
1332 1319 1463 1347 vocabulo
1474 1319 1503 1347 in
1514 1319 1714 1357 significatione
1725 1320 1788 1348 uni-

126 1352 196 1387 bejns
207 1374 214 1385 ‚
226 1355 310 1381 multa
322 1377 329 1387 ,
340 1365 399 1392 que
411 1367 463 1391 jain
475 1359 615 1396 presbyter
627 1359 701 1387 fecit.
712 1360 825 1387 Pontius
837 1359 865 1387 in
878 1361 927 1389 Vi-

127 1403 154 1420 ta
165 1393 189 1436 S?
199 1395 305 1431 Cyrum]
319 1396 401 1432 Quod
416 1399 573 1426 vocabulum
587 1401 615 1427 in
625 1399 673 1427 hac
685 1399 888 1438 significatione
899 1401 928 1428 :ib

126 1432 265 1462 Africanis
276 1436 394 1464 Panibus
406 1437 501 1474 psssim
511 1439 735 1477 11fi11-p.2tu1·.FR.[
749 1443 868 1476 Μῄονος
880 1452 929 1469 no-

986 1359 1120 1389 vei-litatis
1130 1357 1199 1396 sxpc
1210 1370 1303 1388 contra.
1318 1360 1525 1388 Valentinianos
1535 1361 1620 1388 utitur
1639 1360 1787 1389 Tertullin-

984 1411 1033 1428 nus
1044 1412 1050 1431 5
1068 1399 1138 1438 apud
1149 1400 1285 1428 Iremeum
1307 1410 1372 1428 vero
1382 1400 1588 1438 plenitudinem
1599 1401 1713 1430 denotat
1724 1422 1732 1433 ,
1756 1411 1786 1429 ac

982 1440 1129 1469 ferundum
1140 1439 1322 1477 Epiphaniam
1332 1441 1566 1478 complementum
1579 1462 1585 1469 .

123 1473 169 1502 firi
181 1473 280 1510 plebeis
292 1497 298 1507 ,
319 1480 345 1505 ὃ(
360 1478 564 1508 catechumenis
578 1482 739 1515 martyrium
751 1480 907 1510 consecutis
922 1505 927 1513 ,
944 1485 1073 1512 Ριὶκυῃι.
1088 1483 1143 1509 PR.
1155 1480 1191 1508 est
1204 1482 1318 1508 maximi
1328 1481 1443 1518 quaestio
1454 1482 1526 1509 inter
1537 1483 1628 1509 Sacros
1640 1481 1786 1519 Exposito-

127 1523 236 1541 tantum
247 1514 363 1544 lionoris
374 1527 423 1555 pro
433 1521 558 1555 martyrii
568 1521 646 1559 ipsius
658 1521 835 1550 veneratione
847 1523 928 1551 dede-

126 1563 191 1582 runt
203 1575 210 1587 ,
222 1564 250 1582 ut
260 1555 293 1583 de
303 1556 466 1594 passionibus
476 1570 582 1594 eorum,
595 1562 679 1590 multa
691 1584 699 1594 ,
709 1571 739 1590 ut
751 1572 837 1601 prope
850 1563 926 1591 dixe-

124 1604 257 1638 timp-ene
266 1598 361 1626 cunsta,
371 1598 629 1639 conscripserinuut
642 1603 673 1630 ad
684 1602 804 1631 nostram
818 1614 927 1642 quoque

125 1644 255 1663 notitiam
268 1658 275 1669 ‚
295 1638 342 1681 qui
362 1640 488 1669 nondum
508 1641 565 1670 nati
585 1643 684 1671 fuimus
694 1665 702 1675 ‚
723 1653 908 1681 pervenerunt
922 1665 926 1671 .

124 1676 205 1719 Idem
217 1678 331 1720 Pontius
342 1679 475 1719 Carthag.
486 1682 624 1711 Diacouus
644 1684 673 1711 in
686 1685 752 1712 Vita
771 1685 796 1712 S.
810 1685 927 1722 Cypria<

127 1726 158 1744 m
169 1737 176 1748 ,
189 1717 200 1746 ]
212 1717 255 1760 ubi
268 1718 403 1755 plebejum
413 1742 420 1754 ‚
434 1731 484 1759 pro
495 1722 567 1751 laico
578 1745 586 1757 ‚
597 1723 828 1752 contradistincto
839 1726 869 1753 ab
880 1729 928 1754 Ec-

127 1756 274 1785 clesiastico
285 1760 433 1798 accipitur.

436 1803 663 1838 [confirmamus
676 1805 753 1833 vobis
764 1816 859 1833 omnes
871 1806 927 1844 ple-

126 1838 170 1866 bes
180 1859 195 1882 '.
208 1841 235 1866 ὅ(
246 1840 376 1883 Ecclefins
386 1863 393 1874 ‚
413 1843 611 1883 Parocliiasque
630 1855 689 1874 cum
700 1846 825 1874 omnibus
838 1857 928 1874 earum

124 1880 326 1916 pertinentibus
336 1901 343 1908 .
355 1883 390 1910 In
399 1884 516 1921 quodiim
528 1886 622 1923 privil.
634 1887 748 1923 joannis
762 1889 840 1924 Papa:
853 1889 928 1915 XIX.

127 1919 161 1948 ad
171 1919 292 1948 favorem
305 1922 433 1961 Episcopi
444 1925 536 1960 Sylvae
548 1927 681 1959 candide,
692 1937 736 1954 an.
755 1929 853 1958 1026.]
870 1914 938 1959 FR.l

126 1963 170 1988 Ac
180 1960 275 2004 clarius
285 1961 318 1989 in
327 1973 386 1990 can.
400 1965 477 1993 Null.
493 1977 535 1994 12..
547 1967 640 2005 quaest.
655 1978 678 1994 1.
688 1967 732 1995 ubi
750 1967 783 1996 sic
795 1967 924 1995 habetur:

126 2001 231 2035 [Nulli
243 2001 441 2045 Episcoporum
452 2006 532 2035 liceat
542 2017 582 2035 res
593 2007 706 2036 mobiles
717 2029 726 2040 ‚
745 2017 791 2036 aut
802 2008 927 2036 immobi-

126 2042 164 2068 les
173 2041 207 2069 de
216 2040 339 2078 subjectis
349 2044 468 2082 plebibus
478 2068 486 2080 ,
503 2047 618 2085 aliisque
627 2048 679 2085 piis
689 2048 756 2076 locis
765 2048 794 2076 in
803 2048 927 2086 proprios

127 2080 187 2124 usus
198 2081 296 2112 habere
307 2103 313 2110 .
334 2086 345 2115 ]
360 2087 452 2124 Atque
463 2087 591 2116 similiter
604 2094 615 2122 [
626 2089 669 2117 Dc
681 2088 792 2116 decimis
801 2090 871 2124 justo
883 2099 926 2116 or-

126 2121 192 2164 dine
202 2143 209 2155 ,
233 2134 292 2151 non
302 2133 409 2154 tantum
421 2128 497 2156 nobis
509 2150 517 2161 ‚
526 2128 572 2157 sed
582 2129 664 2157 etiam
675 2129 818 2165 majoribus
829 2129 926 2157 nostris

126 2159 216 2189 visum
227 2164 264 2191 est
277 2185 285 2196 ‚
304 2166 427 2195 Plebibus
438 2178 544 2197 tanturn
556 2191 563 2202 ‚
585 2169 629 2197 ubi
640 2169 808 2197 Sacrosansta
829 2169 926 2207 baptis-

126 2211 197 2230 mata
218 2204 316 2232 dantur
329 2226 337 2237 ‚
355 2207 451 2236 debere
467 2209 525 2237 dari
536 2231 543 2238 .
562 2211 633 2238 Can.
654 2210 688 2238 de
705 2210 826 2238 Decimis
838 2231 845 2242 ,
882 2218 925 2240 16.

125 2243 219 2287 quaest.
235 2256 258 2272 1.
270 2245 395 2289 ]41tem.·[
410 2249 464 2285 Qui
476 2251 584 2287 penitus
595 2249 658 2278 sunt
669 2250 771 2289 ignoti,
781 2261 837 2278 non
848 2250 926 2280 debes

126 2282 201 2322 ipsos
210 2295 371 2323 permittere
382 2288 410 2315 in
421 2290 472 2317 tuis
492 2291 611 2328 plebibus
630 2291 763 2320 celebrare
775 2312 783 2324 ,
802 2301 824 2319 c.
845 2302 872 2328 3.
892 2293 926 2320 de

124 2326 244 2354 Clericis
253 2328 405 2365 peregrinis
415 2350 422 2357 .

83 2366 179 2401 Puer
187 2378 202 2395 A
211 2387 221 2405 ,
234 2378 267 2397 ex
279 2378 369 2408 graeco
381 2370 464 2402 verbo
473 2367 574 2404 πλέκω
584 2392 593 2408 ,
606 2372 681 2411 quod
690 2371 814 2402 intexere
824 2371 927 2409 fignifi-

932 2437 938 2449 A

983 1532 1024 1550 res
1035 1520 1113 1560 super
1125 1520 1176 1548 hoc
1195 1521 1364 1555 adjet‘tivum
1384 1531 1486 1549 nomen
1499 1523 1527 1549 in
1540 1521 1693 1560 Evangelio
1703 1523 1784 1559 Joan.

984 1573 1025 1590 nis
1036 1583 1043 1593 ‚
1062 1572 1119 1599 cap.
1135 1572 1157 1589 i.
1168 1561 1318 1598 appositum
1332 1585 1337 1594 Ι
1360 1561 1403 1589 ubi
1417 1561 1544 1590 habetur:
1559 1567 1570 1596 [
1585 1562 1711 1590 Vidimus
1724 1562 1785 1599 glo-

985 1603 1051 1630 riam
1063 1605 1120 1637 ejus
1131 1624 1137 1634 ,
1150 1602 1267 1640 gloriam
1278 1602 1347 1640 quasi
1359 1603 1511 1640 Unigeniti
1522 1613 1535 1630 a
1546 1604 1626 1630 Patre
1646 1623 1654 1634 ‚
1674 1602 1787 1640 plenum

983 1653 1076 1681 gizitiae
1091 1646 1118 1671 ὃ(
1140 1643 1278 1670 veritatis.
1298 1645 1392 1673 ]Nam
1414 1643 1499 1671 diffio
1511 1644 1625 1670 Plenum
1647 1653 1704 1671 non
1723 1641 1785 1670 satis

983 1693 1094 1722 apperet
1107 1704 1114 1715 ‚
1126 1693 1160 1710 an
1171 1681 1287 1711 Christo
1297 1684 1422 1712 Domino
1434 1705 1441 1716 ,
1455 1683 1509 1712 sive
1520 1684 1621 1720 Jomni
1633 1684 1765 1710 reseratur
1777 1703 1785 1714 ,

982 1724 1067 1763 aliqui
1080 1723 1154 1751 enim
1167 1725 1268 1751 testum
1278 1723 1366 1752 casum
1379 1746 1386 1757 ‚
1405 1725 1452 1752 alii
1467 1734 1533 1752 vero
1543 1722 1682 1751 accusandi
1694 1722 1784 1750 casum

983 1764 1032 1793 ell'c
1043 1766 1207 1793 altercantur
1217 1784 1224 1792 .
1245 1765 1301 1801 Qui
1315 1765 1417 1792 rectum
1426 1763 1477 1792 este
1488 1773 1583 1793 tenent
1593 1785 1601 1796 ,
1621 1763 1717 1791 dicunt
1740 1773 1783 1790 re-

985 1805 1047 1834 ferri
1060 1805 1092 1833 ad
1104 1804 1256 1837 Christum,
1269 1805 1345 1838 idest,
1355 1805 1400 1834 ubi
1412 1805 1514 1842 incipit
1525 1806 1559 1833 In
1570 1803 1708 1842 principio
1720 1813 1778 1831 erat

988 1846 1105 1874 Verbum
1115 1866 1121 1871 .
1134 1844 1251 1884 Insuper
1260 1845 1290 1873 in
1301 1855 1379 1874 teittu
1390 1856 1482 1884 graeco
1494 1845 1532 1874 est
1543 1843 1687 1872 masculini
1698 1854 1782 1882 gene·

984 1887 1019 1914 ris
1030 1883 1147 1924 πλήρης,
1158 1897 1258 1925 nempe
1269 1887 1364 1924 plenus
1377 1908 1384 1919 ,
1398 1897 1480 1924 quare
1489 1896 1552 1913 tunc
1564 1895 1619 1913 non
1630 1884 1781 1913 concorda·

983 1937 1025 1954 ret
1036 1936 1096 1953 cuin
1110 1936 1221 1955 nomine
1232 1927 1341 1956 Verbum
1352 1938 1359 1957 ς
1372 1935 1400 1955 at
1412 1926 1497 1964 posset
1508 1925 1667 1965 responderi
1679 1947 1687 1958 ‚
1708 1924 1783 1963 quod.

983 1967 1134 1995 communis
1152 1969 1291 2006 Interpres
1315 1966 1435 1996 vertiss'et
1465 1964 1548 2004 λα’)ος
1577 1977 1625 2005 per
1650 1966 1761 1995 Verbum
1772 1985 1783 1993 .

981 2007 1134 2037 Nonnullis
1154 2008 1240 2046 placet
1260 2009 1332 2036 intra
1352 2006 1534 2046 parenthesim
1552 2009 1668 2036 Plenum
1684 2014 1782 2043 gratia.

990 2048 1081 2086 legere
1094 2059 1101 2078 ς
1113 2046 1159 2076 scd
1169 2048 1220 2076 lioc
1233 2059 1289 2076 non
1299 2049 1387 2086 potest
1398 2048 1534 2076 subsistere
1546 2069 1553 2080 ,
1575 2048 1638 2086 quia
1651 2045 1782 2084 particula

982 2088 1016 2121 (52
1027 2089 1184 2126 copulativa
1202 2090 1365 2126 parentclim
1378 2100 1434 2117 non
1444 2088 1567 2116 zdmittit
1581 2109 1588 2116 .
1608 2085 1782 2123 Theophilus

981 2139 1070 2157 autem
1083 2129 1262 2166 Plenigratia
1272 2129 1307 2162 ό*
1324 2132 1459 2159 veritatis
1480 2128 1548 2168 legit
1557 2149 1564 2156 .
1585 2128 1678 2157 Aliam
1691 2125 1779 2164 expli-

980 2169 1119 2197 cationem
1138 2171 1178 2207 ing
1187 2169 1259 2198 hunc
1278 2171 1369 2198 locum
1389 2179 1590 2198 commentatur
1599 2168 1683 2197 Card.
1694 2168 1775 2200 caje-

981 2219 1057 2238 tanus
1071 2231 1078 2237 .
1101 2211 1216 2238 Plenum
1240 2220 1306 2239 vero
1323 2210 1442 2239 Miclmel
1464 2210 1497 2239 de
1517 2209 1607 2238 Placio
1628 2205 1773 2246 legendum

981 2251 1123 2278 concludit
1144 2251 1174 2278 in
1183 2250 1237 2278 suis
1247 2255 1359 2279 Enarrat
1372 2274 1378 2284 ‚
1391 2261 1459 2279 tom.
1476 2261 1498 2278 1.
1509 2253 1613 2288 Evang.
1624 2250 1670 2286 ]ο.
1696 2254 1776 2273 enai·-

981 2301 1029 2319 rat.
1050 2302 1097 2328 34.
1119 2295 1147 2319 ὃ(
1156 2291 1266 2319 adducit
1286 2302 1336 2330 pro
1353 2291 1379 2320 se
1388 2293 1412 2320 S.
1425 2293 1470 2329 Jo.
1483 2289 1626 2330 Clirysost.
1645 2295 1725 2323 atque
1735 2285 1775 2312 D.

983 2332 1090 2366 Cyrilli
1098 2331 1270 2361 auctoritates
1286 2353 1293 2365 ,
1314 2333 1361 2370 qui
1370 2331 1479 2369 nonnisi
1488 2331 1603 2359 Plenum
1610 2337 1641 2355 in
1649 2326 1723 2354 refto
1734 2325 1774 2356 lez

985 2382 1055 2410 gllsst
1065 2393 1073 2401 ι

1664 2407 1737 2437 Pto»
