1866 2526
8 1963 10 1978 i

8 1981 22 2020 ²1

478 74 578 120 SO

129 147 258 181 puerum.
277 137 315 166 D.
324 135 382 166 Gre
403 135 614 176 .:1ib.11.epist.
628 139 697 172 46.]
720 137 811 173 Quare
830 130 930 175 inquit*

129 184 167 212 D.
178 177 291 219 August.
312 181 324 212 [
337 146 471 216 Soifiuistae
481 188 570 206 autem
589 178 760 216 appellantur
775 176 921 205 latinarum

129 223 267 252 literarum
277 217 493 256 eloquentissimi
505 220 656 252 Αιιέὶοιτε,
678 218 723 248 lib.
736 231 762 247 2.
773 217 922 246 locutionis

128 264 164 292 de
175 260 272 292 Exodo
281 282 288 292 ,
297 259 324 291 §.
334 260 402 288 Non
411 258 481 287 mihi
496 258 627 289 videntur
635 261 667 293 ‚]
684 262 711 288 δι
721 259 768 288 lib.
779 271 805 289 2.
815 258 849 287 dc
860 259 919 287 Do-

128 303 214 332 ctrina
223 299 382 331 Christiana
403 311 427 328 c.
439 310 452 337 3
464 310 486 328 i.
505 299 538 328 de
554 309 649 329 ornata
666 299 794 329 oratione
812 298 918 338 inquit:

128 349 141 379 [
151 345 322 386 Quamquam
330 341 411 369 eriam
420 339 510 369 sei-mo
518 351 576 370 non
586 339 720 379 captiosus
730 362 738 374 ,
760 339 808 369 sed
829 349 919 368 tamen

1267 76 1295 120 S
1327 75 1361 120 P
1645 84 1724 133 625

975 145 1034 165 rum
1044 133 1182 175 scaturigo
1194 147 1199 163 ι
1211 140 1224 172 t
1239 139 1329 175 Aquas
1339 160 1346 171 ,
1358 136 1459 171 fontes,
1469 133 1618 170 sortumina
1627 157 1635 170 ι
1657 145 1776 174 cambum

974 176 1030 205 rios
1041 186 1205 215 nuncupata,
1218 187 1300 215 quam
1309 178 1391 207 aliter
1400 178 1657 221 quomodocumque
1668 185 1773 214 colatu-

973 227 1012 245 τας
1022 239 1030 250 ‚
1041 216 1214 246 molendinas
1224 220 1299 251 &c.]
1313 221 1349 247 Et
1362 217 1493 248 inferius.-
1516 223 1631 260 [Aquas
1640 244 1648 256 ,
1661 222 1748 254 fontes
1762 247 1771 259 ,

970 255 1294 291 sortumina‚tamburrios
1304 270 1467 299 nuncupata,
1476 269 1556 299 quam
1567 263 1646 292 aliter
1655 274 1773 302 quomo-

972 298 1126 338 documque
1135 297 1279 329 scolaturas
1291 321 1300 333 ,
1318 301 1482 330 molendina
1491 305 1543 331 διε.
1562 303 1663 333 Bullar.
1675 305 1768 336 Casiri.

973 349 1042 368 tom.
1055 351 1082 368 2.
1092 339 1177 368 const.
1192 352 1259 377 294.

126 383 306 413 abundantius
314 403 323 415 ‚
335 391 415 420 quam
423 381 588 420 gravitatem
600 381 678 410 decet
688 403 697 415 ‚
721 383 866 411 verborum
874 390 921 408 ot·-
933 377 1060 409 SOSANIA
1074 402 1081 413 ,
1092 390 1148 409 vox
1158 381 1270 420 quidem
1281 381 1492 422 barbaro-graeca
1503 382 1630 416 caeduo»
1639 408 1647 420 ,
1658 387 1773 416 loricam

126 433 256 454 iumenta
265 421 422 451 consestans
431 443 439 455 ‚
458 421 620 460 sophisticus
630 422 733 450 dicitur
743 442 750 449 .
764 422 831 465 ].I¹¹
849 421 919 465 libro

124 474 217 495 tamen
228 461 330 493 Eccles.
340 473 363 490 c.
377 469 425 501 36.
435 462 465 490 in
477 463 579 492 malum
591 461 697 491 sensum
706 462 839 500 accipitur
850 483 857 494 ,
874 462 917 507 ubi

124 505 184 535 haec
195 505 346 534 habentur:
359 508 372 538 [
385 503 436 531 Vir
445 503 547 542 peritus
556 503 656 532 multos
667 503 788 532 erudivit
797 523 804 535 ‚
824 506 851 532 &
861 512 918 546 ani-

125 557 176 576 mx
187 545 241 574 suae
251 543 340 573 suavis
349 543 388 572 est
398 564 405 572 .
425 543 480 580 Qui
490 542 637 583 sophistice
646 543 771 581 loquitur
781 564 789 575 ‚
807 543 917 571 odibilis

125 587 164 616 est
175 598 183 618 ς
196 586 225 614 in
233 583 312 614 omni
323 595 350 613 re
358 583 558 613 defraudabitur
568 605 575 612 .
586 586 653 613 Non
663 583 701 612 est
711 583 753 612 illi
762 584 824 612 data
836 595 849 611 a
858 584 917 612 Do-

124 628 202 656 mino
209 626 313 665 gratia:
323 625 398 653 omni
408 625 482 654 enim
493 623 626 662 sapientia
635 623 806 652 defraudatus
818 624 856 653 est
867 644 874 651 .

83 667 255 699 Somrivus,
263 666 319 695 sive
327 665 401 694 aliud
410 665 640 693 medicamentum
649 662 915 704 somniferuiii‚quod

974 420 1128 459 significans
1139 442 1147 453 ,
1170 421 1236 450 licet
1247 422 1340 452 Graeci
1360 424 1390 452 in
1411 434 1516 459 neutro,
1529 435 1629 463 genere
1647 437 1771 465 pronun-

972 461 1048 489 cient
1058 481 1065 488 .
1090 468 1103 497 [
1115 462 1265 501 Adaptavit
1276 463 1396 493 humeris
1406 463 1459 494 suis
1469 463 1600 494 sosaniam
1613 488 1620 499 ‚
1630 471 1659 496 ἃ.
1669 478 1771 507 appen-

972 501 1014 530 dit
1024 500 1180 539 pharetram
1189 504 1294 541 pestori
1305 525 1312 532 .
1322 506 1445 543 Joannes
1455 506 1574 535 Diacon.
1599 512 1614 542 t
1625 510 1666 536 Ac
1676 509 1720 537 ubi
1732 510 1771 538 le-

971 542 1048 579 gitur
1067 543 1098 571 in
1106 542 1170 572 hist.
1179 545 1343 574 Francorum
1353 547 1480 583 Sosanias
1493 568 1500 580 ,
1520 545 1686 578 Aldhelmus
1703 560 1770 578 eunv

971 582 1032 611 dem
1043 581 1141 611 fastum
1152 583 1270 614 referens
1279 607 1287 618 ‚
1296 589 1392 615 Lorica
1401 585 1507 625 scripsit
1516 608 1524 616 .

931 619 1024 652 Soreu
1034 643 1041 650 .
1051 625 1107 653 FR-
1121 624 1210 653 saneti
1220 626 1303 655 Pont.
1323 630 1351 656 ὅ(
1360 628 1440 656 Mart.
1452 638 1554 658 nomen
1566 641 1572 657 ι
1593 639 1683 668 graece
1692 631 1769 661 enim

971 661 1063 702 Σωνγῗρ
1075 685 1083 697 ‚
1094 664 1179 694 latine
1191 666 1357 696 Salvator-em
1369 667 1521 707 significat.

123 705 407 748 soporemconciliat.
426 705 567 740 [Accedit
582 704 648 733 hinc
659 705 825 734 beatitudini
846 716 912 734 nieae
931 703 1100 733 ΒοτυιΑκες
1115 726 1121 733 .
1144 705 1217 734 Vide
1238 709 1383 737 aurulam
1394 729 1402 736 .

122 749 201 777 dulce
220 747 252 775 ad
271 746 394 774 invicem
411 746 607 774 commercium
624 746 764 775 literarum
775 768 782 779 ‚
801 747 874 775 unde
883 750 910 775 ὃ(
930 745 1025 774 Smno
1037 766 1046 779 ‚
1059 748 1173 776 verbum
1183 768 1192 779 ,
1202 748 1288 776 castro
1301 771 1308 782 ,
1321 748 1478 779 cunucliizo
1489 771 1496 783 ‚
1507 749 1538 778 in
1547 749 1608 790 lege
1617 751 1712 786 Salica,
1722 753 1766 783 ubi

122 786 340 817 amaritudinibus
368 785 434 814 meis
453 787 644 825 mitigativum
669 797 774 824 paratur
800 787 913 816 electua-

120 828 191 856 rium
201 848 212 864 ‚
229 830 258 855 &
268 826 479 865 inquietitudini
490 826 642 865 sopitivum
662 827 894 857 medicamentum
905 849 912 855 .

119 869 213 898 Petrus
222 865 345 896 Cellens.
355 867 401 896 lib.
414 877 441 904 3.
451 867 527 905 epist.
539 879 566 896 2.

78 908 318 937 SouniTiuNcuLA
332 929 338 935 .
348 909 403 937 FR.
413 918 426 935 a
439 907 522 936 verbo
533 907 629 937 sorbeo
641 919 647 936 τ
660 909 790 946 [Spirans
799 909 914 939 cadaver

118 947 321 977 sorbitiunculis
338 948 464 986 irrigabat
475 969 482 976 .
499 949 536 977 D.
546 949 666 978 Hieron.
676 949 707 978 in
717 949 847 989 Epitaph.
866 952 912 979 Fa-

117 989 197 1017 biolae
221 989 254 1016 ad
265 990 410 1018 Oceanum
422 1009 428 1016 .

79 1029 168 1058 SOREC
181 1049 189 1062 ‚
213 1039 268 1057 vox
279 1027 402 1058 hebraica
419 1029 450 1057 in
468 1039 524 1068 cap.
540 1041 564 1066 5.
584 1030 661 1060 Isaiae
681 1030 828 1061 secundum
847 1043 911 1061 ixx.

970 785 1054 815 ctiam
1064 788 1182 825 spathas
1191 789 1328 819 eunuchus
1337 789 1446 819 dicitur.
1460 791 1503 826 [Si
1514 792 1574 829 quis
1585 793 1698 822 caballus
1709 792 1767 832 spa-

969 826 1049 855 thum
1060 827 1208 862 furaverit,
1219 829 1263 858 tit.
1274 841 1321 865 41-
1335 833 1346 863 ]
1360 831 1432 860 Vide
1445 832 1595 862 Eunuchus
1607 853 1615 860 .

928 869 1078 898 spuit-‚us
1091 891 1099 901 ,
1110 869 1193 908 Talpa
1201 869 1301 899 animal
1313 893 1321 904 ‚
1330 868 1456 910 σπαίλαξ
1468 894 1475 905 ,
1486 876 1513 901 ὅ(
1522 869 1688 911 αἷσπαέλαξ.
1702 880 1715 910 [
1727 873 1768 904 Si-

969 910 1079 948 mulque
1090 911 1245 939 truculenta
1254 913 1411 950 regulorum
1421 922 1545 946 venena,
1567 913 1601 942 ad
1619 924 1678 952 quae
1699 925 1767 954 qua-

968 949 1099 988 drupedis
1108 951 1207 980 rubetae
1219 973 1226 985 ‚
1249 955 1278 980 δ(
1296 951 1398 992 spalagi
1421 953 1546 991 pestifera
1568 955 1706 984 confeffio
1715 956 1766 984 hu-

968 1000 1171 1072 iligangenaxttiilrg
1180 992 1308 1022 nocitura
1319 992 1462 1023 habebatur
1472 1014 1480 1022 .
1499 992 1615 1024 Aldhcl.
1634 996 1680 1025 lib.
1694 1008 1720 1032 4.
1739 1008 1764 1026 c.

122 1069 274 1098 versionem
284 1092 290 1102 ,
301 1070 344 1098 ubi
357 1071 475 1109 Vulgata
486 1070 565 1099 habet
575 1073 697 1101 Elefbam
709 1094 715 1100 .
728 1077 762 1102 Et
775 1073 803 1101 in
815 1074 911 1103 Traffii
926 1070 1038 1100 SPALLA
1051 1092 1058 1099 .
1079 1075 1135 1102 FR.
1147 1075 1329 1104 Contributio
1338 1075 1474 1116 Episcopo
1492 1076 1551 1106 dari
1561 1074 1642 1106 solita
1653 1099 1659 1106 .
1680 1083 1693 1113 ζ
1705 1079 1765 1110 Co-

119 1110 178 1148 post
191 1109 368 1148 Prophetiam
379 1112 502 1139 octavam
515 1112 615 1140 Sabbati
627 1113 717 1141 Sinffi
727 1112 859 1142 habentur
870 1124 909 1142 et-

118 1151 173 1179 iam
184 1149 243 1179 haec
253 1151 341 1180 verba:
355 1156 366 1186 [
379 1154 412 1180 Et
422 1152 559 1190 plantavit
569 1153 678 1182 vineam
691 1155 780 1182 Sorec.
793 1157 804 1186 ]
815 1154 908 1193 Signi-

117 1191 179 1220 fient
188 1201 256 1231 ergo
266 1191 389 1220 Elec‘kam
399 1214 407 1226 ‚
427 1192 491 1221 licet
502 1193 613 1223 Hebraei
621 1193 714 1223 dicant
734 1195 783 1223 esl'e
795 1195 811 1223 s
808 1196 909 1233 pecieiii

118 1232 184 1260 vitis
194 1233 305 1270 optimae
314 1252 321 1259 .
333 1235 447 1262 Graecus
457 1243 546 1262 textus
557 1234 624 1272 legit
635 1247 670 1265 nx
676 1233 841 1273 λλίκαρπος
852 1257 858 1268 ,
871 1236 911 1264 id-

966 1113 1116 1150 gnovimus
1127 1135 1135 1146 ‚
1146 1115 1220 1153 quod
1231 1116 1358 1154 praefatus
1368 1116 1517 1156 Episcopus
1526 1117 1622 1156 spallas
1632 1140 1640 1151 ,
1661 1129 1722 1157 quas
1733 1120 1764 1148 ab

967 1153 1062 1182 eadem
1074 1155 1190 1184 Ecclesia
1202 1177 1210 1189 ,
1233 1165 1288 1186 tam
1300 1156 1375 1195 ipse,
1398 1168 1478 1197 quam
1500 1159 1705 1197 praedecessores
1721 1159 1763 1189 sui

966 1193 1087 1232 recipere
1097 1195 1293 1226 consueverant
1303 1202 1355 1227 ἃς.
1374 1210 1431 1238 cap.
1441 1210 1503 1228 cum
1515 1200 1677 1229 venerabilis
1688 1222 1697 1233 ,
1716 1201 1763 1230 lib.

967 1245 993 1272 3.
1007 1235 1134 1264 decretal.
1145 1232 1190 1264 ti’t.
1199 1248 1247 1274 39.

118 1272 250 1305 est,bene
262 1272 442 1301 srufti'sicans.
453 1275 508 1303 FR.
524 1274 552 1302 in
564 1275 699 1313 Vulgata,
721 1276 766 1304 lib.
777 1276 868 1314 Judic.
887 1288 908 1305 c.
925 1275 1150 1305 SPANACLYSTUS
1161 1297 1169 1304 .
1192 1279 1264 1307 Vide
1284 1282 1490 1321 Panacsysticus
1501 1303 1508 1310 .
1530 1284 1662 1319 Spania-m
1675 1302 1682 1310 .

121 1324 130 1340 i
139 1319 165 1342 6.
175 1324 202 1348 4.
222 1312 254 1341 fit
264 1312 345 1340 ctiam
356 1313 390 1341 de
401 1313 482 1342 simili
495 1314 626 1344 vocabulo
637 1315 743 1344 mentio
753 1315 796 1344 his
807 1317 909 1346 verbis:
926 1316 1073 1345 Spimcus
1085 1338 1093 1350 ‚
1104 1326 1144 1345 res
1156 1328 1278 1348 rarenter
1287 1321 1422 1354 (οηῖεέὶει,
1433 1333 1467 1351 ex
1478 1333 1570 1361 graeco
1582 1323 1672 1352 vocab.
1682 1320 1761 1352 στι-α’·

119 1358 133 1388 [
147 1356 182 1382 Et
191 1351 324 1381 habitavit
335 1352 365 1381 in
378 1354 459 1384 Valle
468 1355 550 1383 Sorec
560 1375 568 1383 .

74 1393 171 1423 SOROR
183 1395 217 1422 Is
230 1395 363 1423 CAPILLO
373 1414 379 1422 .
393 1396 450 1424 PR.
460 1395 662 1435 sorni-innupta
671 1419 678 1430 ,
691 1397 721 1426 in
729 1398 814 1427 domo
823 1408 910 1436 pater-

116 1445 150 1463 na
159 1457 167 1468 ‚
177 1434 232 1463 sive
243 1434 330 1462 fratris
341 1434 453 1473 degens,
466 1437 483 1464 1.
494 1436 512 1464 fi
525 1436 584 1474 quis
594 1439 799 1476 longobar-dm,
810 1439 845 1467 de
853 1438 910 1468 suc-

115 1474 275 1504 cessionibus
286 1488 294 1503 :
304 1474 337 1502 de
347 1472 397 1502 hac
408 1475 495 1513 phrasi
506 1476 609 1505 dietum
619 1478 658 1506 est
668 1479 752 1507 etiarn
763 1479 791 1507 in
801 1479 867 1507 dist.
877 1486 908 1509 In

116 1515 214 1551 capillo
225 1536 233 1547 ‚
244 1518 270 1542 δε
284 1513 390 1542 fortasse
402 1515 552 1554 Virginem
563 1515 706 1546 habentem
717 1519 804 1548 adhuc
814 1519 910 1549 faciem

117 1553 309 1593 lanuginosam
319 1554 463 1592 significan
474 1566 536 1584 nam
547 1558 576 1585 in
586 1558 678 1586 multis
689 1559 764 1593 locis,
775 1561 910 1599 praecipue

118 1594 147 1623 in
157 1594 254 1623 Melita
264 1617 271 1627 ‚
280 1604 395 1633 magnus
406 1595 519 1625 dedecus
530 1597 566 1625 est
579 1598 738 1637 Virginibus
750 1621 757 1632 ‚
770 1600 826 1629 imo
837 1600 910 1630 scan-

117 1635 209 1663 dalum
217 1634 322 1663 auferre
333 1645 365 1663 ex
375 1636 454 1673 genis
463 1637 562 1674 primas
571 1638 725 1677 langiii'ncs,
738 1640 802 1669 sicut
812 1644 908 1671 Romae

117 1675 240 1714 virgines
251 1676 418 1704 murenulam
428 1698 436 1710 ,
451 1677 500 1706 seu
513 1677 642 1708 viriolzun
653 1680 759 1710 deferre
780 1682 864 1721 pudet
882 1683 910 1711 in

115 1715 191 1744 collo
201 1725 264 1745 ante
273 1717 395 1755 nuptias-

75 1755 291 1786 Souitewrimis
305 1779 311 1789 ,
322 1757 460 1787 carnifex.
481 1760 712 1796 [Sorrentialibus
721 1764 847 1794 Praesefli
863 1788 868 1798 ,
891 1764 908 1793 si

113 1794 284 1833 suspendunt
294 1798 411 1837 aliquem
421 1821 428 1831 ‚
449 1802 570 1840 quinque
579 1801 661 1831 solidi
673 1815 678 1830 :
699 1805 810 1843 quando
817 1805 909 1834 decol—

115 1837 175 1865 lant
186 1836 313 1866 similiter
321 1860 330 1871 ‚
350 1840 459 1878 quando
467 1852 573 1871 coecant
585 1843 731 1872 duodecim
741 1845 847 1875 denarii
859 1856 910 1884 pto

111 1887 282 1916 unoquoque
292 1880 374 1914 oculo
383 1901 390 1908 .
410 1883 550 1911 Romanus
561 1883 652 1912 Vatic.
666 1885 784 1914 Basilica:
795 1886 907 1915 canoni-

114 1927 159 1945 cus
172 1939 179 1950 ‚
190 1919 220 1946 in
230 1919 304 1947 tract.
314 1919 349 1948 de
361 1921 454 1950 eadem
465 1923 584 1958 Basilica,
596 1935 619 1952 c.
631 1927 694 1960 42·]
709 1928 770 1961 Ejus
782 1925 908 1963 synony-

114 1967 173 1986 ma.
197 1957 270 1987 Vide
292 1960 446 1998 Carnifex.

74 1999 144 2027 Sons
155 2019 162 2026 .
177 2000 233 2028 FR.
246 1999 313 2028 idest
325 2022 332 2033 ‚
342 2001 481 2032 divinatio
490 2025 497 2032 .
509 2004 582 2034 Vide
592 2015 650 2034 can.
661 2006 790 2045 pei-venir
799 2018 877 2041 ,can-
890 2009 908 2037 si

116 2039 176 2077 quis
184 2039 311 2069 Clericus
321 2063 329 2074 ‚
339 2044 366 2070 &
377 2041 452 2082 seqq.
467 2055 513 2080 z4.
523 2056 549 2084 q.
561 2055 587 2081 ς.
599 2046 673 2075 Vide
680 2051 751 2076 Teni
762 2067 770 2075 .

72 2079 239 2109 SoitiiAitiA
250 2101 256 2107 .
270 2083 326 2110 PR.
339 2083 467 2112 Venefica
478 2106 486 2117 ,
498 2087 580 2125 Maga
589 2107 597 2113 .
611 2092 623 2121 [
635 2087 694 2116 Alii
706 2098 772 2126 potu
785 2109 792 2121 ,
807 2088 854 2117 alii
864 2099 908 2117 au-

116 2130 171 2148 tem
183 2121 244 2149 cibo
254 2131 266 2148 a
276 2120 408 2152 sortiariis
417 2124 568 2155 dementati
578 2147 586 2155 .
605 2127 748 2156 Hincmar.
758 2129 792 2158 dc
802 2129 906 2158 divort.

114 2160 238 2189 [otharii
249 2162 279 2190 nd
294 2173 303 2190 ί
313 2172 338 2198 ς.
352 2165 492 2204 Interrog.

69 2200 278 2231 Soxriizoiuiu
288 2222 295 2230 .
319 2204 394 2233 Vide
415 2207 622 2244 Hydromantia
630 2228 637 2235 .
659 2213 717 2237 Sors
728 2230 735 2236 .

71 2242 219 2270 Semirus
232 2264 240 2275 ‚
260 2252 362 2272 nomen
381 2243 579 2275 substantivum
591 2269 598 2280 ,
614 2247 714 2277 sortem
733 2249 903 2289 significans.

966 1368 1013 1392 νιος
1023 1379 1029 1390 ‚
1040 1357 1114 1396 quod
1126 1368 1214 1388 rarum
1225 1360 1358 1399 fignificat
1370 1383 1377 1390 .
1392 1364 1553 1401 [Spar-ricus,
1565 1374 1624 1401 qua:
1637 1363 1760 1402 pendent

965 1395 1045 1435 super
1054 1399 1138 1427 altare
1148 1419 1154 1426 .
1167 1401 1260 1429 Anast.
1271 1402 1403 1431 Bibliotli.
1416 1404 1444 1432 in
1457 1404 1597 1433 Benedift.
1607 1406 1664 1433 ΙΙΙ.
1677 1407 1689 1436 ]
1705 1406 1761 1433 Ita-

966 1448 1018 1475 que
1028 1438 1185 1474 hujusmodi
1207 1441 1370 1471 indumenta
1389 1445 1433 1472 vel
1444 1446 1535 1481 pretio
1545 1467 1552 1477 ‚
1578 1445 1621 1472 vel
1632 1454 1739 1473 textura
1751 1468 1759 1478 ,

964 1477 1009 1506 seu
1019 1478 1211 1518 perspicuitate
1220 1492 1278 1510 rara
1286 1483 1446 1512 dicebantur
1455 1485 1486 1512 ad
1499 1485 1581 1513 instar
1592 1484 1646 1513 veli
1659 1486 1764 1514 tenuis.

966 1520 1025 1547 Alii
1036 1530 1127 1549 tamen
1140 1521 1245 1551 malunt
1264 1527 1394 1561 spanicas
1410 1524 1564 1564 hispanicas
1583 1524 1737 1564 significare
1749 1548 1760 1560 ‚

965 1559 1033 1589 idest
1044 1582 1052 1594 ,
1066 1561 1095 1589 in
1107 1560 1229 1600 hispania
1238 1573 1381 1593 contextas
1393 1586 1399 1592 .
1411 1569 1450 1594 Ex
1463 1565 1515 1594 lioc
1525 1575 1614 1594 autent
1627 1567 1762 1596 vocabulo

964 1602 1141 1639 componitur
1159 1602 1245 1635 dictio
1261 1607 1449 1645 spanaclystus
1471 1607 1542 1644 apud
1568 1606 1694 1635 eumdem
1713 1608 1760 1636 Bi-

963 1641 1064 1670 bliotli.
1074 1643 1106 1671 ad
1115 1642 1324 1681 significandum
1337 1647 1437 1675 textile
1447 1647 1525 1676 simul
1537 1646 1715 1684 uerspicuum,
1726 1659 1756 1677 ac

967 1683 1103 1711 occultum
1114 1695 1122 1714 ς
1134 1694 1197 1712 nam
1211 1695 1265 1714 vox
1276 1696 1360 1725 graeca
1372 1685 1475 1722 κλύςος
1486 1710 1492 1721 ,
1504 1687 1662 1716 absconsum
1674 1688 1760 1728 signi-

966 1723 1028 1752 ficat
1039 1743 1046 1751 .
1066 1725 1124 1753 PR.
1135 1724 1179 1752 De
1189 1727 1359 1766 etymologia
1368 1730 1554 1766 spanaclystus
1565 1728 1644 1757 aliter
1653 1729 1759 1759 dicium

966 1763 1017 1792 suit
1028 1764 1057 1792 in
1067 1764 1132 1792 di&-
1143 1768 1334 1808 Panaclystus.
1347 1773 1477 1807 spanicus
1490 1780 1556 1807 puto
1565 1770 1615 1799 cfl‘e
1626 1780 1758 1809 pannum,

963 1814 1044 1842 quem
1055 1806 1120 1834 Itali
1129 1812 1239 1843 Spann.z
1260 1819 1358 1838 vocant
1370 1822 1376 1837 :
1398 1810 1427 1837 in
1436 1811 1619 1840 Onomastico
1630 1814 1760 1840 Romano

967 1846 1076 1875 Paelicis
1086 1846 1182 1875 Felicii
1192 1849 1221 1876 in
1232 1848 1296 1877 dist.
1307 1856 1416 1888 Spanna
1426 1871 1433 1883 ,
1454 1862 1533 1889 quein
1550 1851 1688 1880 existimat
1706 1852 1758 1882 esle

963 1887 1147 1924 Spithamam,
1157 1887 1190 1916 de
1200 1898 1249 1926 qua
1260 1890 1375 1923 Plinius,
1388 1891 1434 1919 lib.
1447 1902 1473 1923 7.
1485 1904 1538 1920 αι.
1548 1894 1689 1921 Caeierum
1699 1902 1759 1922 non

964 1928 1053 1965 potest
1065 1929 1158 1966 negari
1170 1950 1177 1960 ‚
1198 1931 1273 1966 quod
1282 1941 1363 1969 penes
1374 1932 1500 1969 antiquos
1511 1934 1661 1971 Scriptores
1678 1944 1758 1973 repe-

963 1968 1045 1997 riatur
1055 1968 1187 2006 Hispania
1197 1970 1252 1998 fine
1261 1971 1363 2000 duobus
1373 1972 1468 2009 primis
1481 1973 1567 2002 ,literis
1576 1995 1584 2006 ,
1604 1978 1633 2003 ὅ(
1643 1984 1676 2003 ex
1687 1975 1759 2004 mul-

963 2009 998 2036 tis
1008 2008 1075 2036 locis
1087 2029 1092 2040 ,
1105 2010 1150 2046 qui
1162 2009 1257 2039 adduci
1268 2012 1300 2040 ad
1309 2013 1466 2051 exemplum
1477 2012 1580 2052 possent
1591 2037 1599 2048 ‚
1619 2025 1702 2044 unum
1714 2015 1757 2044 :tf-

963 2048 1032 2077 fcrre
1042 2048 1170 2082 sufficiat,
1182 2060 1213 2078 in
1224 2052 1281 2080 vita
1293 2054 1316 2081 S.
1328 2054 1463 2083 fructuosi
1477 2056 1616 2083 Bracarcn.
1627 2055 1757 2096 Episcopi

962 2099 1086 2118 notatum
1097 2111 1104 2122 ,
1116 2090 1158 2118 ubi
1171 2090 1205 2119 sic
1217 2091 1329 2121 habetur
1342 2105 1347 2121 :
1370 2100 1381 2129 [
1393 2094 1473 2130 Quali
1485 2095 1530 2124 Sol
1541 2097 1632 2125 oriens
1643 2097 1757 2126 inlumi-

961 2140 1071 2159 naturus
1091 2130 1218 2169 Spaniam
1229 2155 1236 2166 ,
1258 2134 1408 2164 aedificavit
1429 2134 1549 2165 sanetum
1566 2147 1618 2176 ope
1635 2137 1755 2167 Domini

962 2171 1159 2200 Monasterium
1169 2192 1176 2199 .

920 2212 1119 2241 SPANoi‘oGON
1131 2234 1139 2246 ‚
1157 2213 1364 2252 σπανοπῶγωι,
1381 2217 1428 2256 qui
1442 2227 1515 2247 raros
1534 2217 1607 2257 pilos
1626 2218 1706 2247 habet
1724 2218 1755 2247 in

959 2253 1037 2282 barba
1046 2275 1054 2285 ,
1079 2263 1159 2291 quem
1172 2254 1254 2282 Siculi
1266 2260 1350 2293 spano
1361 2268 1464 2287 vocant
1473 2279 1480 2286 .

111 2287 124 2316 ί
138 2283 198 2310 Nec
217 2292 335 2313 terrenae·
358 2286 450 2320 vobis,
474 2290 501 2316 ἃ
520 2288 634 2323 judaicae
656 2289 824 2328 poss'cssionis
837 2291 905 2320 ullos
920 2293 1104 2323 SPAitGlLLUM
1116 2316 1124 2327 ‚
1141 2293 1319 2332 aspersorium
1331 2309 1405 2337 aquae
1417 2299 1565 2328 benedidae
1576 2320 1582 2327 .
1606 2300 1756 2336 [Urceum

107 2322 292 2353 vindicandos
303 2324 353 2354 esse
363 2325 476 2356 sortitus
486 2328 675 2358 arbitremini.
686 2331 724 2360 D.
739 2331 866 2361 Ambros.
877 2333 905 2361 in

107 2361 248 2392 exhortat.
260 2366 294 2394 ad
307 2366 439 2406 Virgines
449 2388 456 2395 .

69 2400 245 2433 SORTUMINA
256 2427 264 2438 ,
278 2406 334 2435 sive
345 2412 512 2438 Surtmm'na
521 2431 530 2445 ,
541 2412 567 2440 ὃ(
576 2414 738 2441 Sorrunma.
751 2414 900 2454 Fit-Aqua>
920 2415 952 2444 81¹

146 2446 336 2479 Hierolexicm
358 2453 452 2500 Msam
464 2470 470 2479 .

958 2344 1018 2363 cum
1030 2344 1097 2373 aqua
1106 2335 1247 2364 benedicta
1256 2346 1318 2365 cum
1327 2337 1470 2378 spargillo.
1488 2342 1524 2369 In
1535 2340 1639 2370 Rituali
1649 2340 1754 2371 Cister-

957 2375 1088 2405 ciensium
1098 2397 1104 2403 .
1117 2378 1128 2407 ]
1142 2376 1214 2405 Vidc
1224 2378 1411 2417 Aspergillum
1421 2400 1428 2407 .
1451 2399 1455 2403 -

956 2426 1038 2447 aun
1048 2438 1056 2451 ,
1081 2416 1132 2446 liot
1146 2417 1305 2449 vocabulum
1314 2422 1450 2492 reperiltzui-
1468 2420 1498 2450 in
1507 2421 1756 2504 Regislrgossrhore-⁴
