1866 2526
103 51 219 133 junior,
239 91 286 125 seu
305 94 416 129 minor,
437 104 537 133 nempe
549 117 560 130 ‚
578 106 665 135 nepos
684 106 719 125 ex
736 96 840 126 stati-e.
860 99 906 126 Ita

106 136 212 168 Oleast.
225 140 252 166 δι
265 137 369 177 Eugub.

64 177 138 218 Cap.
149 188 195 207 21.
206 188 234 207 v.
245 185 295 216 36.
317 184 332 214 [
340 175 479 208 Civitates
488 177 588 217 refugii
599 177 685 207 Bosor
696 178 725 206 in
734 177 886 208 solitudine
898 200 906 211 ,

109 217 194 249 Misor
203 240 212 252 ,
235 222 261 248 δι
273 219 348 257 Jaser
361 241 369 252 ,
388 222 414 247 δ(
425 217 543 255 Jethson
554 240 563 252 ‚
582 223 609 248 δε
621 218 750 259 Mephaat
759 241 768 253 ,
778 219 907 248 civitates

106 270 239 300 quatuor.
250 262 263 292 ]
287 260 436 296 Quomodo
445 259 508 287 sunt
521 269 634 298 quatuor
644 281 652 293 ‚
665 261 683 289 st
693 269 816 289 numerat
826 260 907 298 quin-

108 305 181 342 que?
204 300 375 338 Respondeo
385 321 392 332 ‚
414 299 500 328 Misor
511 322 519 332 ,
538 304 565 329 «Sc
576 300 652 339 Jaser
662 301 713 330 esse
722 311 804 330 unam
813 323 820 334 ,
843 311 906 329 ean—

108 343 224 379 demque
234 340 390 371 Civitatem
402 360 410 369 .
433 341 521 371 Unde
532 342 563 369 in
572 350 650 370 textu
668 342 792 371 Hebraeos
800 353 859 371 non
867 342 903 370 le-

104 382 180 422 gitur
189 381 278 410 Misor
288 402 295 410 .

155 465 223 494 ex
264 464 456 494 LIBRO
496 463 811 501 JUD1CUM.

66 546 154 577 CAP.
165 557 192 582 9.
202 556 229 576 v.
244 551 286 575 18.
311 545 514 580 [Intersecistis
525 544 597 575 filios
608 547 664 581 ejus
682 544 853 585 septuaginta
863 544 904 574 vi-

106 597 152 616 ros
162 608 168 615 .
182 589 195 618 J
219 591 252 615 Et
263 596 355 615 tamen
365 597 399 615 ex
411 586 465 616 hoc
475 597 536 616 toto
548 585 637 624 capite
648 609 654 619 ,
667 591 693 616 &
704 599 736 616 ex
748 586 904 624 ptaeceden-

108 628 130 655 ti
160 638 186 656 v.
199 638 224 664 3.
247 627 388 656 manifeste
407 628 550 666 colligitur
560 650 567 660 ,
588 626 691 656 occisos
709 627 785 656 fuisse
795 636 904 655 tantum

106 667 249 706 sexaginta
260 669 324 696 offo
333 689 339 695 .
350 669 424 697 Nam
436 667 596 698 Abimelech
609 678 674 696 unus
686 679 719 696 ex
733 668 845 696 fratrum
857 678 903 696 nu-

106 718 183 736 mero
202 708 254 736 fuit
263 707 421 738 interfestor
432 731 439 738 .
460 708 594 746 Ῑοηπῆτιε
612 719 679 737 vero
698 719 763 737 natu
773 707 902 737 minimus

106 748 179 788 sugit
188 771 195 781 ,
214 753 241 778 ὅ(
252 759 369 778 mortem
379 750 464 778 evasit
474 771 481 777 .
505 749 673 787 Respondeo
684 770 691 777 .
710 749 847 787 Scriptura
855 748 903 778 Γε-

560 37 929 81 (Ϊοητηῑάἰόὶὶοηεε
958 50 1226 92 apparentes*

964 95 1019 124 <leo
1028 117 1038 128 ‚
1059 94 1112 140 hot:
1122 97 1206 126 altare
1216 95 1246 126 in
1263 95 1326 136 ipso
1341 100 1515 133 tabernaculo
1523 102 1678 135 extimum
1689 105 1743 136 ffiit
1751 127 1762 140 .

946 135 1041 175 &quod
1060 136 1170 165 licitum
1181 146 1238 166 erat
1247 159 1256 171 ‚
1277 147 1309 167 ut
1318 138 1400 169 docet
1418 144 1490 173 Abul
1499 166 1509 174 ,
1529 147 1664 175 Poterant
1682 148 1759 176 enim

964 177 1040 215 plura
1049 177 1145 206 altaria
1153 178 1184 206 iu
1203 178 1265 207 loc-0
1273 180 1438 211 tabernaculi
1448 184 1518 224 erigi
1529 208 1537 220 ‚
1554 186 1575 215 fi
1586 186 1761 217 victimarum

964 227 1091 246 numerus
1101 218 1138 247 ita
1150 218 1281 258 exegifiet
1289 241 1298 253 ,
1319 230 1350 249 ut
1360 220 1427 250 fecit
1436 223 1563 255 Salomon
1573 248 1581 259 ,
1601 237 1630 265 3.
1639 230 1711 267 Reg.
1734 234 1760 257 8.

963 267 1040 286 extra
1050 258 1253 288 tabernaculum
1263 271 1330 290 vem
1340 271 1486 302 numquam
1495 266 1603 296 licitum
1610 276 1665 296 erat
1674 290 1684 302 ,
1708 268 1760 298 nisi

963 309 996 326 ex
1006 297 1119 337 speciali
1131 299 1188 329 Dei
1199 300 1404 340 dispensatione
1416 323 1425 331 .

1004 382 1072 410 Ex
1114 363 1390 414 ttssRO'I.
1432 387 1677 416 REGUM.

922 460 1008 490 CAP.
1023 472 1046 490 1.
1066 472 1093 491 v.
1110 473 1133 491 1.
1158 463 1282 498 [Elcana
1291 464 1362 494 filius
1371 465 1519 502 Jerolmm,
1541 467 1594 496 filii
1605 467 1684 505 Eliu,
1708 469 1759 498 filii

963 502 1042 530 Tohu
1054 524 1060 535 ,
1073 503 1124 532 filii
1134 503 1207 542 Suph
1219 525 1228 537 ‚
1239 504 1400 543 Ephrataeus
1409 509 1440 538 .]
1465 511 1500 536 Et
1511 518 1603 537 tamen
1612 519 1646 537 ex
1662 520 1685 537 1.
1695 511 1755 538 Par.

963 548 989 570 6.
1005 542 1073 571 vers.
1083 553 1129 582 33.
1152 545 1251 573 Elcana
1260 546 1362 575 dicitur
1371 546 1445 576 fuiss'e
1456 556 1490 576 ex
1511 549 1582 578 tribu
1593 549 1660 578 Levi
1671 570 1678 577 ·
1690 548 1759 580 Res-

961 584 1072 621 pondeo
1083 606 1090 616 ,
1115 595 1180 613 vere
1191 585 1242 613 luit
1253 588 1351 616 Levita
1362 608 1370 620 ,
1387 597 1465 617 natus
1476 589 1609 618 tamenin
1622 589 1759 620 Ramatha

961 625 1090 652 Civitate
1110 626 1235 654 Levitica
1245 648 1252 659 ‚
1274 638 1334 666 quae
1346 628 1392 657 fita
1405 639 1461 658 erat
1474 630 1505 658 in
1525 630 1596 659 tribu
1609 629 1740 668 Ephraim
1751 649 1760 657 .

961 664 1049 707 Unde
1059 664 1205 694 domicilio
1223 677 1279 696 erat
1292 668 1451 706 Ephrataeus
1462 691 1470 703 ,
1489 681 1592 710 genere
1602 681 1695 700 tamen
1709 672 1760 700 Le-

962 713 1065 733 vitico:
1089 706 1122 734 fic
1132 707 1213 734 etiam
1224 708 1253 736 in
1266 709 1344 738 Afris
1355 710 1552 747 Apostolorum
1568 712 1659 750 Judaei
1670 711 1754 741 ratio-

960 755 994 773 nc-
1005 745 1140 774 domicilii
1150 748 1319 784 appellantur
1330 750 1479 779 Cretenses
1489 773 1496 784 ,
1509 753 1610 781 Arabes
1624 756 1677 781 διε.

105 799 140 827 Pe
151 790 231 828 Ponit
244 800 389 819 numerum
399 791 510 828 plenum
522 812 529 823 ‚
553 801 581 818 ac
591 790 742 818 rotundum
752 812 762 822 ‚
776 790 911 827 neglego,
920 785 989 813 Ibid.
1001 795 1027 814 v.
1043 797 1050 814 1
1063 797 1085 814 1.
1109 786 1303 827 [Dederisque
1312 788 1396 818 serv-e
1407 799 1460 819 tuae
1470 791 1565 820 sexum
1579 792 1699 826 virilem,
1711 793 1759 822 da-

106 840 213 858 minore
227 853 235 863 ,
259 832 304 860 vel
315 833 417 867 majore
431 853 437 863 ,
449 831 529 859 etiam
541 831 561 860 ss
572 831 772 869 aliquantulum
783 828 883 859 crescat
895 853 903 864 ,

109 872 153 899 vel
166 871 303 902 decrescat
314 883 321 902 ς
347 882 374 900 v.
383 882 410 910 g.
421 873 506 900 Num.
518 881 575 909 cap.
590 882 633 899 11.
644 872 787 900 Vocantur
797 870 903 910 septua-

108 911 187 950 ginta
198 911 317 945 seniores
328 934 335 945 ,
355 922 454 940 tumre
467 924 529 941 vera
540 912 640 941 fuerint
649 911 820 950 septuaginta
830 913 885 941 duo
895 925 903 944 ς

112 952 150 980 ita
160 951 206 981 hic
216 963 328 982 econtra
338 953 476 981 adduntur
485 954 540 982 duo
551 975 558 986 ‚
571 953 686 991 quinon
698 952 808 981 fuerunt
819 953 902 982 inter-

107 992 171 1021 {effi
181 1015 190 1026 ‚
214 993 278 1022 licet
289 998 318 1023 &
329 994 378 1031 ipsi
389 994 422 1022 de
435 995 544 1022 fratrum
556 1003 670 1022 numero
680 992 763 1021 ell'ent
773 1013 780 1020 .

65 1033 136 1070 Cap.
153 1044 192 1061 10.
213 1044 240 1062 v.
256 1046 277 1062 1.
304 1034 389 1069 [1³0st
401 1034 562 1063 Abimelecli
583 1033 701 1062 surrexit
713 1034 768 1062 dux
782 1033 811 1062 in
822 1033 903 1064 Israel

103 1077 121 1102 Ἰ
129 1073 193 1103 bola
205 1074 276 1103 filius
286 1075 371 1107 Phua,
381 1074 468 1113 patrui
481 1078 502 1104 Α
508 1073 652 1107 bimelech,
664 1074 708 1103 vir
719 1074 752 1102 de
762 1073 878 1104 [sachar.
891 1078 903 1107 ]

958 826 992 854 bo
1005 836 1067 854 eum
1087 827 1213 855 Domino
1230 829 1355 857 omnibus
1367 830 1459 859 diebus
1480 831 1544 859 vitae
1555 843 1609 867 ejus
1620 853 1628 861 .
1641 836 1653 865 ]
1678 834 1757 870 Quo-

959 868 1043 895 modo
1055 870 1141 896 Mater
1161 868 1292 898 Samuelis
1309 870 1449 909 promittit
1461 871 1551 900 filium
1569 874 1697 902 Domino
1707 895 1715 907 ,
1737 875 1758 904 fi

957 918 1052 936 ornnes
1065 908 1170 937 Levitae
1181 919 1259 938 erant
1269 911 1394 940 Domino
1405 912 1532 944 dicati,ut
1543 912 1657 942 habetur
1669 915 1760 943 Num.

959 959 986 986 3.
998 959 1023 976 v.
1036 958 1084 984 45.
1103 948 1273 987 Respondeo
1283 972 1292 984 ,
1313 952 1418 981 Levitae
1431 952 1588 982 dicabantur
1600 954 1727 983 Domino
1745 966 1760 983 a

958 990 1100 1027 trigesimo
1112 992 1198 1019 aetatis
1207 990 1261 1020 suae
1273 1003 1346 1021 anno
1356 991 1438 1031 usque
1449 994 1481 1022 ad
1491 994 1754 1033 quinquagesimum:

959 1029 995 1057 ita
1007 1032 1091 1060 Num.
1104 1043 1130 1065 4.
1142 1041 1198 1060 vu..
1209 1035 1293 1061 Anna
1305 1043 1372 1062 vero
1381 1033 1552 1073 sempiterno
1562 1035 1616 1064 Dei
1626 1034 1757 1074 obsequio

960 1070 1049 1099 filium
1060 1072 1181 1101 devovet
1191 1075 1368 1103 Nazarenum
1379 1074 1498 1104 futurum
1507 1096 1516 1103 .

89 1125 91 1127 ’
105 1117 146 1142 Ex
157 1115 251 1153 quibus
261 1115 366 1144 constat
379 1115 496 1145 Tholam
507 1115 581 1144 fnisse
603 1125 734 1151 nepotem
744 1116 885 1144 Gedeonis
896 1138 902 1149 ,
919 1111 990 1149 Cap·
1001 1122 1027 1149 3-
1039 1122 1097 1145 V·7·
1109 1116 1211 1147 [Porro
1221 1115 1327 1143 Samuel
1341 1116 1459 1144 necdum
1470 1117 1567 1146 sciebat
1575 1116 1758 1148 Dominum]

109 1156 228 1184 cheon
249 1157 324 1185 enim
347 1167 403 1185 erat
415 1156 496 1184 frater
518 1155 610 1187 Phua5
632 1154 678 1184 sed
688 1156 828 1193 quomodo
838 1167 904 1185 con-

103 1196 201 1224 cordat
212 1206 302 1227 textus
320 1208 381 1225 cum
392 1197 445 1225 alio
458 1197 521 1235 Jud.
535 1204 561 1226 6-
571 1208 599 1226 v.
617 1206 659 1231 15.
678 1196 837 1225 ubidicitur
847 1200 904 1226 Ge-

106 1236 179 1264 deon
198 1237 273 1267 fuiss'e
282 1239 316 1267 de
335 1239 408 1267 tribu
425 1237 571 1270 Manaffis,
594 1247 651 1265 non
672 1247 739 1265 vcro
750 1236 903 1267 Isacharis?

106 1276 294 1314 Respondeo.
313 1279 449 1311 Gedeon,
472 1282 500 1307 ὅ(
518 1278 594 1307 Phua
613 1278 678 1305 licet
705 1277 799 1306 fratres
820 1277 904 1307 efl‘ent

102 1318 227 1351 uterini,
248 1318 431 1347 nihilominus
448 1329 481 1346 ex
503 1318 621 1356 patribus
639 1317 808 1347 diversarum
819 1319 902 1348 tribu-

108 1366 154 1385 um
177 1359 235 1386 nati
245 1359 307 1388 sunt
318 1380 326 1391 ,
350 1360 386 1387 ita
396 1360 422 1388 S.
434 1359 547 1397 August.
559 1368 605 1397 qu.
617 1369 664 1393 47.
687 1361 818 1388 Poterant
828 1360 902 1388 enim

960 1154 1029 1181 Haec
1042 1155 1120 1182 verba
1131 1156 1272 1193 quomodo
1283 1156 1461 1184 verificantur
1472 1179 1479 1190 ,
1497 1158 1517 1186 fi
1528 1168 1551 1186 c.
1563 1167 1643 1195 praec.
1654 1158 1762 1186 dietum

959 1193 997 1222 est
1009 1214 1015 1221 .
1029 1196 1041 1226 ]
1066 1195 1169 1224 Samuel
1181 1197 1339 1234 proficiebat
1349 1219 1356 1230 ‚
1377 1201 1404 1225 &
1416 1198 1532 1235 placebat
1543 1208 1598 1227 tam
1608 1198 1736 1227 Domino
1748 1218 1757 1230 ,

958 1244 1038 1273 quam
1049 1235 1247 1269 hominibusH
1271 1237 1439 1276 Respondeo
1451 1260 1458 1271 ‚
1479 1237 1526 1267 hic
1544 1241 1646 1268 Textus
1666 1238 1758 1276 loqui-

958 1284 1004 1303 tur
1021 1276 1054 1304 de
1073 1277 1204 1313 peculiari
1220 1277 1335 1306 scientia
1347 1300 1355 1310 ,
1377 1282 1404 1306 Sc
1424 1278 1586 1317 cognitione
1598 1300 1605 1311 ,
1628 1289 1679 1317 qua
1689 1281 1760 1307 Pro·

959 1315 1050 1354 plietae
1069 1315 1250 1351 sensibiliter,
1272 1328 1300 1346 ac
1319 1327 1368 1355 per
1387 1319 1588 1348 revelationem
1598 1320 1757 1348 Dominum

958 1356 1071 1384 audiunt
1082 1376 1089 1384 .

108 1397 233 1428 toeminae
253 1400 353 1430 nubere
367 1400 428 1427 viro
448 1400 558 1428 alterius
570 1399 668 1431 tribus,
692 1400 801 1437 quando
819 1411 848 1428 ea
856 1412 901 1429 oc-
918 1397 985 1435 Cap.
999 1401 1023 1425 8.
1037 1407 1063 1425 v.
1076 1404 1102 1426 6.
1128 1397 1299 1436 [Displicuit
1309 1399 1398 1427 sermo
1411 1398 1440 1427 in
1451 1399 1536 1428 oculis
1549 1401 1677 1429 Samuelis
1689 1423 1697 1434 ‚
1721 1411 1760 1430 eo

107 1438 213 1467 cafione
241 1451 299 1469 non
327 1439 539 1469 transferebatur
563 1439 604 1468 hae
610 1439 710 1468 reditas
735 1439 766 1469 in
791 1441 903 1470 alteram

105 1479 207 1508 tribum
218 1500 226 1508 .

65 1520 134 1558 Cap.
151 1531 193 1549 10.
215 1519 284 1549 vers.
296 1532 322 1556 4.
346 1521 481 1556 [Habetis
492 1520 608 1561 triginta
628 1519 701 1549 filios
711 1520 836 1550 sedentes
857 1521 898 1550 su-

105 1571 155 1598 per
172 1560 288 1600 triginta
309 1562 398 1599 pullos
420 1561 551 1591 asinarum
563 1583 570 1594 ,
592 1564 620 1589 δε
640 1561 775 1599 principes
786 1562 904 1601 triginta

107 1600 253 1630 civitatum
263 1622 271 1634 ‚
291 1612 351 1640 quse
362 1612 395 1630 ex
406 1603 520 1631 nomine
539 1606 597 1637 ejus
609 1600 672 1629 sunt
690 1603 832 1640 appellatae
846 1605 902 1632 Ha—

106 1651 157 1670 VOt
179 1643 237 1679 Jair
247 1665 254 1675 ,
277 1641 346 1671 idest
355 1642 456 1681 oppida
475 1644 533 1681 Jair
543 1645 572 1673 .]
597 1643 652 1670 Cui
663 1642 819 1681 opponitur
835 1644 903 1672 alius

105 1692 196 1710 textus
206 1684 291 1712 Num.
306 1693 352 1720 23.
366 1693 393 1712 v.
406 1694 454 1719 4¹·
476 1684 520 1711 ubi
534 1682 654 1711 afleritur
663 1683 708 1711 lias
720 1683 847 1712 civitates
858 1694 904 1723 ap-

107 1723 220 1761 pellatas
238 1723 312 1752 fuine
322 1724 351 1751 ab
373 1723 427 1752 alio
436 1724 494 1761 Jair
513 1723 573 1752 filio
583 1723 708 1752 Manassis
728 1724 813 1762 longe
831 1726 904 1753 anti-

107 1764 205 1802 quiorc
217 1785 224 1791 .
247 1763 416 1802 Respondeo
426 1785 434 1791 .
449 1765 544 1793 Senior
554 1764 599 1792 ille
610 1764 668 1802 Jair
679 1763 792 1792 dederat
802 1775 904 1794 nomen

107 1804 164 1833 istis
176 1804 252 1833 villis
262 1816 272 1835 ,-
296 1805 433 1842 posterior
442 1815 509 1833 vero
520 1805 578 1843 Juir
587 1805 672 1832 muris
680 1805 739 1832 illas
748 1803 837 1833 cinxit
847 1828 855 1839 ‚
876 1817 904 1835 ac

105 1846 135 1873 in
147 1845 253 1883 oppida
261 1846 348 1874 erexit
357 1867 369 1879 ,
386 1845 514 1884 idemque
526 1855 628 1874 nomen
646 1844 835 1883 comprobavit
846 1868 854 1879 ‚
876 1851 906 1876 ὅ(

103 1886 244 1914 roboravit
253 1906 261 1913 .

67 1927 147 1964 Cap.
160 1931 202 1955 18.
214 1937 241 1955 v.
258 1937 282 1954 1.
307 1925 424 1961 [Tribus
434 1926 498 1955 Dan
516 1927 652 1964 quaerebat
664 1925 857 1965 poss‘effionem
872 1926 904 1955 si-

106 1968 148 2000 bi,
171 1976 201 1995 ut
213 1966 347 1995 habitaret
366 1967 395 1995 in
412 1977 458 1995 ea.
483 1966 581 2005 Usque
590 1968 624 1995 ad
642 1968 722 1996 illum
732 1968 811 1996 enim
831 1967 903 1996 diem

106 2007 180 2035 inter
190 2018 225 2036 ca:
231 2018 298 2036 teras
309 2007 392 2035 tribus
402 2006 503 2036 sortem
517 2018 576 2036 non
585 2018 723 2046 acceperat
734 2029 742 2035 .
754 2011 765 2040 ]
779 2009 903 2045 Quomo-

106 2047 143 2075 d'o
152 2046 283 2077 hocstare
304 2048 394 2086 potest
413 2058 474 2076 cum
484 2059 533 2081 eo,
555 2049 630 2086 quod
640 2049 742 2077 dicitur
754 2070 761 2081 ,
784 2059 842 2087 cap.
859 2059 901 2085 19.

107 2088 154 2116 lib.
172 2088 256 2126 Jofiie
268 2111 276 2122 ,
295 2089 339 2117 ubi
351 2088 515 2117 describitur
534 2088 591 2117 sors
611 2088 731 2128 septima
747 2089 810 2118 filiis
821 2090 902 2118 Dan?

105 2127 276 2166 Respondeo
287 2150 294 2161 ,
317 2129 364 2157 illa
375 2129 432 2157 sors
444 2140 500 2158 non
511 2139 567 2158 erat
577 2129 639 2158 satis
648 2131 735 2168 ampla
745 2151 753 2162 ‚
774 2140 837 2158 cum
847 2129 903 2158 suc—

106 2169 144 2197 rit
153 2178 282 2208 occupata
292 2170 322 2198 ab
331 2169 504 2198 Amorrhaeis
512 2181 611 2209 magna
623 2182 654 2200 ex
668 2181 743 2209 parte
752 2190 759 2197 .

65 2209 135 2247 Cap.
148 2221 161 2238 z
171 2220 195 2237 i.
205 2220 230 2238 v.
242 2221 269 2245 4.
293 2213 505 2245 [Extruxerunt
513 2212 598 2239 altare
609 2233 618 2244 ,
640 2212 854 2249 obtuleruntque
865 2210 902 2239 ibi

107 2250 265 2279 holocausta
276 2271 283 2278 .
296 2252 310 2282 ]
333 2251 430 2279 Altare
438 2254 493 2287 jam
503 2253 655 2280 extructum
666 2252 750 2280 fuerat
761 2262 774 2280 a
784 2250 881 2286 Moyse
891 2273 900 2284 ‚

107 2291 196 2318 Exod.
216 2295 263 2329 38.
274 2289 383 2329 insuper
403 2302 461 2320 non
470 2292 567 2320 licebat
587 2303 640 2320 aras
651 2292 775 2331 erigere,
799 2302 849 2320 nec
860 2291 901 2319 vi-

104 2329 200 2357 &imas
210 2331 307 2359 offerre
326 2342 402 2361 extra
414 2333 612 2361 tabernaculum
632 2333 741 2361 soederis
752 2353 762 2369 ,
783 2332 903 2370 ideoque

957 1437 1032 1475 quod
1043 1437 1192 1467 dixiss'ent:
1216 1440 1260 1467 Da
1272 1439 1348 1467 nobis
1365 1449 1458 1477 regem
1469 1442 1500 1471 .]
1525 1442 1587 1469 Imo
1596 1441 1678 1469 etiam
1696 1442 1760 1470 Do·

959 1478 1038 1506 mino
1057 1478 1199 1517 displicuit
1209 1500 1216 1512 ,
1234 1479 1280 1518 qui
1304 1480 1333 1508 id
1350 1481 1467 1509 Samueli
1488 1481 1638 1509 indicavit:
1665 1483 1759 1516 [Nou

959 1518 1033 1546 enim
1045 1529 1072 1546 tc
1085 1520 1242 1557 abjecerunt
1252 1542 1260 1553 ‚
1282 1519 1329 1548 sed
1349 1531 1391 1549 me
1402 1523 1432 1552 .]
1456 1524 1490 1550 Et
1500 1531 1594 1550 tamen
1613 1523 1698 1550 Deut.
1712 1533 1756 1555 17.

960 1569 986 1587 v.
1002 1570 1045 1595 14·
1068 1561 1239 1597 permittitur
1258 1559 1351 1590 Israeli
1371 1561 1537 1590 constituere
1558 1562 1603 1590 fibi
1624 1565 1748 1601 Regem.

961 1600 1113 1639 [Cumque
1132 1600 1262 1641 ingressiis
1281 1600 1363 1630 fueris
1384 1612 1484 1631 terram
1495 1624 1503 1635 ‚
1520 1612 1602 1642 quam
1618 1603 1757 1632 Dominus

959 1641 1033 1669 Deus
1044 1650 1104 1669 tuus
1115 1642 1189 1670 dabit
1200 1641 1267 1675 tibi,
1289 1646 1316 1671 ὅ(
1327 1641 1472 1680 possederis
1482 1654 1541 1672 eam
1558 1647 1612 1672 &a
1622 1644 1758 1672 constitu-

960 1690 1003 1709 am
1013 1681 1092 1720 super
1113 1692 1139 1711 tc
1151 1685 1256 1721 Regem
1267 1703 1273 1710 .
1285 1685 1298 1714 ]
1322 1682 1489 1721 Respondeo
1502 1705 1509 1716 ‚
1531 1694 1590 1713 non
1611 1693 1761 1722 peccarunt

960 1721 1092 1751 Israelitae
1102 1733 1226 1761 petentes
1238 1723 1283 1752 fibi
1295 1726 1400 1761 Regem
1414 1745 1421 1757 ,
1439 1724 1485 1762 qui
1498 1725 1629 1763 populum
1638 1735 1670 1753 ex
1681 1724 1758 1753 divi-

961 1773 1094 1795 nonum,
1115 1764 1258 1802 &legibus
1274 1764 1361 1792 aDeo
1370 1764 1535 1803 praescriptis
1555 1774 1664 1804 regeret
1675 1786 1683 1797 ,
1706 1764 1755 1793 sed

961 1813 1105 1841 peccarunt
1115 1826 1125 1838 ,
1146 1816 1180 1833 eo
1189 1804 1264 1842 quod
1274 1804 1415 1842 petierunt
1426 1805 1471 1834 fibi
1483 1808 1590 1844 Regem
1599 1827 1608 1839 ‚
1621 1805 1668 1844 qui
1678 1815 1756 1844 pere-

960 1844 1049 1882 grinis
1062 1845 1166 1883 legibus
1175 1867 1183 1878 ‚
1193 1855 1223 1873 ac
1234 1844 1366 1873 institutis
1375 1857 1420 1874 eos
1428 1846 1592 1884 gubernaret
1602 1868 1609 1879 ‚
1618 1846 1685 1874 ficut
1698 1848 1757 1874 bar-

960 1885 1030 1913 barae
1041 1906 1049 1917 ,
1059 1889 1087 1913 δε
1095 1886 1216 1923 gentiles
1226 1886 1352 1914 nationes
1362 1906 1370 1913 .
1381 1888 1444 1915 Hoc
1453 1887 1528 1916 enim
1537 1887 1683 1925 exprobrat
1693 1886 1756 1924 ipfis

960 1926 1098 1954 Dominus
1108 1947 1115 1958 ,
1138 1929 1165 1954 ὅ(
1177 1926 1211 1954 fic
1223 1925 1276 1954 hoc
1285 1925 1384 1955 eodem
1401 1938 1423 1955 c.
1435 1927 1586 1964 explicatur
1594 1929 1635 1962 jus
1647 1927 1754 1965 regium

961 1977 1020 1994 non
1030 1966 1141 2004 quidem
1153 1967 1254 2002 justum
1263 1988 1272 2000 ,
1294 1976 1324 1995 ut
1333 1977 1411 1996 notat
1421 1969 1447 1996 S.
1458 1967 1560 1997 Thom.
1573 1968 1619 1996 lib.
1633 1978 1659 2005 3.
1671 1968 1704 1996 de
1714 1978 1756 1996 re-

960 2007 1028 2046 gim.
1038 2007 1162 2045 Princip.
1172 2017 1196 2035 c.
1210 2018 1254 2035 11.
1265 2011 1293 2036 ὅ(
1308 2018 1330 2036 1.
1342 2019 1406 2046 2-q-
1420 2017 1482 2043 105.
1495 2018 1544 2036 art.
1561 2019 1584 2036 1.
1595 2011 1622 2037 ὅ(
1634 2020 1660 2037 1..
1680 2008 1753 2047 Agi-

960 2057 1004 2076 tur
1014 2058 1080 2087 ergo
1099 2048 1200 2082 dejure
1210 2048 1312 2082 injusto
1323 2069 1332 2081 ,
1351 2059 1380 2076 ac
1396 2047 1540 2088 prohibito
1549 2070 1557 2082 ‚
1578 2049 1615 2077 ita
1627 2049 1653 2076 S.
1664 2050 1760 2088 Greg.

959 2089 1051 2122 cajet.
1061 2089 1144 2116 Abul.
1154 2089 1253 2117 Vatab.
1263 2089 1388 2117 Secundo
1398 2110 1405 2122 ,
1416 2089 1481 2127 quia
1492 2089 1634 2128 petierunt
1646 2091 1754 2128 Regem

959 2130 992 2157 ad
1003 2129 1198 2164 judicandum,
1221 2129 1297 2168 quod
1311 2139 1409 2158 munus
1419 2138 1476 2158 erat
1486 2130 1626 2165 judicum,
1648 2133 1677 2158 δε
1698 2140 1755 2158 non

958 2170 1055 2208 Regis!
1068 2169 1100 2198 :id
1110 2180 1192 2208 quem
1201 2169 1291 2198 solum
1301 2170 1453 2210 pertinebat
1463 2170 1531 2199 bella
1539 2170 1660 2209 dirigere
1669 2190 1676 2197 .
1687 2172 1756 2199 Ter-

958 2211 1001 2238 tio
1014 2232 1022 2243 ‚
1046 2210 1109 2248 quia
1118 2211 1177 2239 haec
1193 2210 1297 2249 petitio
1304 2211 1422 2250 querelis
1430 2211 1599 2239 manifestata
1609 2210 1661 2238 fuit
1672 2221 1680 2241 ς
1695 2221 1755 2239 nam

957 2251 1180 2279 taediossamuelis
1188 2252 1304 2289 populus
1313 2262 1407 2291 regem
1415 2261 1560 2290 optaverat
1572 2272 1583 2280 ..
1603 2251 1758 2290 Quamplu-

956 2292 1032 2320 rimae
1055 2291 1114 2320 aliae
1125 2293 1245 2321 rationes
1255 2291 1428 2331 affignantur
1441 2293 1472 2321 ab
1482 2292 1686 2332 expositoribus
1699 2300 1756 2319 tam

955 2332 1062 2360 Latinis
1073 2353 1080 2364 ,
1102 2343 1183 2370 quam
1199 2333 1323 2361 Hebrteis
1332 2353 1343 2360 .

106 2370 272 2410 improbatur
289 2373 360 2402 novi
382 2373 474 2403 altaris
491 2373 592 2403 erectio
609 2372 754 2412 Josuezz»
773 2371 899 2412 Respon-
917 2371 1043 2406 Ibidem,
1062 2382 1089 2403 v·
1113 2378 1155 2402 18·
1181 2377 1239 2410 [Et
1257 2373 1408 2403 clamabitis
1427 2372 1456 2402 in
1464 2372 1509 2402 die
1528 2371 1602 2402 insa
1611 2369 1680 2403 facie
1709 2380 1753 2398 re-

1668 2408 1714 2447 gis

1833 2375 1866 2526 i
