1866 2526
460 60 556 106 SE

112 124 169 154 lum
179 147 187 158 ‚
195 126 223 154 &
231 123 319 154 claves
330 121 421 153 eidem
431 121 522 152 Priori
536 122 629 151 denuo
641 119 795 151 restituebat
805 142 813 155 ,
826 133 840 151 :i
850 130 905 162 quo

105 166 142 194 ibi
153 165 268 204 cingulo
278 165 359 194 rubro
370 185 378 197 ‚
400 173 433 192 ex
442 173 499 202 quo
508 161 583 191 bursa
591 161 674 191 serica
684 162 807 200 ejusdem
824 165 901 192 colo-

1264 60 1293 104 S
1326 61 1362 104 Ε
1623 73 1703 123 609

959 117 1056 148 tendat
1070 115 1149 148 selda:
1159 117 1212 148 suae
1224 118 1329 159 aliquid
1340 144 1348 155 ,
1359 121 1432 151 unde
1445 120 1516 153 visus
1528 124 1695 158 intuentium
1706 130 1757 158 im-

958 159 1089 197 pediatur
1098 179 1105 187 .
1117 159 1220 189 Matth.
1232 159 1317 190 Paris.
1329 161 1359 190 iii
1369 162 1433 192 hist.

106 207 143 235 ris
152 205 305 244 pendebat,
327 203 564 245 praecingebaturi
584 203 613 231 in
630 202 679 232 linc
699 204 773 232 enim
783 213 900 243 gemma:
917 200 1075 230 stiram-ss
1086 220 1094 229 .
1118 201 1192 230 Vide
1213 203 1347 241 Synelites
1358 223 1366 231 .
1718 250 1722 253 Ι
1742 251 1745 253 ¹

104 245 248 275 duodecim
255 256 319 274 cum
330 244 445 275 mosche
456 242 566 273 incluse
579 254 655 272 erant
665 264 672 272 .
684 244 815 273 Pontifex
827 245 899 274 inte·
915 241 1003 270 Sum
1015 243 1216 272 ΟεετΑτοκῐΑ
1229 245 1421 274 ΑΡοςι-οιιεᾼ
1433 265 1440 272 .
1462 246 1518 277 FR.
1529 246 1606 276 sedes
1624 251 1760 287 portatilis

105 287 158 315 rim
167 284 274 324 sumpto
297 298 330 315 ex
342 286 451 326 gremio
459 285 614 315 Caiiierarii
625 294 796 314 monetarum
808 285 897 329 pugil-

102 328 131 356 lo
141 328 198 356 auri
208 348 216 360 ‚
228 330 255 356 ὃς
263 337 371 367 :ii-genti
383 349 391 360 ,
403 326 506 365 populo
516 325 609 354 denuo
619 325 729 354 meliori
750 326 898 365 largitione

100 368 244 408 erogabat,
257 368 322 396 duni
334 368 528 396 intonabantui·
541 367 634 395 verba:
655 365 812 405 [Disperi'it
822 388 830 399 ‚
849 367 896 395 de—

99 408 143 437 dit
154 409 311 448 pauperibus
322 431 329 441 ,
347 408 450 444 justitia
460 409 515 443 ejus
527 416 618 435 manet
628 406 658 435 iii
668 405 797 450 steciilum
814 406 896 436 saecu-

101 449 124 478 li
135 468 142 477 .
153 452 163 481 ]
184 450 273 477 Prima
285 451 360 478 enim
379 448 454 476 sedes
476 447 637 486 potestatem
649 448 675 476 S.
684 449 761 476 Petri
771 448 894 477 Eccleiiae

99 489 209 528 Capitis
219 490 363 519 denotabat
375 511 383 523 ‚
395 493 422 518 &-
431 487 544 517 secunda
556 487 780 526 praedicationem
790 488 883 516 Dosto

98 529 134 558 ris
144 530 268 569 gentium
280 541 288 561 ς
300 528 394 559 d'ecem
404 539 471 558 vero
479 528 589 567 pretiosi
601 529 701 568 lapides
711 549 719 561 ,
739 529 786 566 qui
798 528 895 566 sigilla

98 571 302 609 appellabantur
313 593 320 604 ‚
331 581 408 600 erant
418 569 563 598 duodecim
579 570 774 608 Apostolorum
784 567 894 613 symbo-

99 611 155 638 lum
166 622 174 641 ς
195 610 299 639 moschi
317 612 389 640 odor
398 611 499 639 bonum
510 609 616 639 Christi
627 610 746 639 odorem
765 609 794 638 in
814 610 893 638 nobis

99 651 177 679 rcc‘tis
189 651 366 690 stigmatibus
384 651 508 689 operibus
526 650 692 689 iignificribat
703 661 711 681 5
734 660 763 678 ac
780 651 891 679 tandein

955 282 1106 321 papalis‚de
1118 284 1194 319 cujus
1207 284 1386 323 antiquitate,
1396 296 1425 314 ac
1436 289 1592 318 reverentia
1618 291 1762 319 Ennodius

953 322 1079 352 Ticinen.
1091 322 1181 362 Episc.
1192 325 1238 362 qui
1250 325 1342 354 floruit
1354 326 1385 358 in
1397 337 1493 366 quarto
1509 327 1609 359 saeculo
1620 352 1628 364 ,
1646 331 1680 360 fic
1699 330 1763 360 effa-

954 372 1016 391 tur:
1037 366 1127 399 [Ecce
1139 374 1213 392 nunc
1224 365 1258 394 ad
1274 366 1452 406 gestatoriam
1470 368 1566 398 sellam
1587 372 1757 410 Apostolicae

952 402 1130 433 confeffionis
1146 405 1198 433 uda
1207 407 1327 436 mittu'nt
1335 407 1437 447 limina
1447 410 1669 441 Caiididatoan
1684 415 1762 452 Apo-

953 444 1008 483 log.
1019 446 1031 476 ]
1046 445 1119 474 Vide
1131 446 1274 476 Cathedra
1283 469 1291 481 ‚
1302 448 1380 478 Sedes
1390 451 1547 489 episcopalis
1559 472 1566 480 .
1577 453 1680 482 Sellare
1692 473 1700 481 .

909 483 1000 513 Suro
1013 506 1021 517 ‚
1034 485 1064 513 in
1073 483 1165 515 sedem
1177 496 1254 525 pono
1263 510 1271 522 ,
1290 492 1319 517 δε
1330 491 1492 520 translative
1501 491 1695 531 posseffionem
1707 504 1761 522 tri-

949 525 1015 554 dere
1025 525 1140 556 denotat
1150 547 1157 555 .
1178 533 1191 563 [
1205 530 1327 558 Fratrem
1343 540 1435 560 autem
1447 540 1524 562 tuum
1533 535 1707 564 Lambertum
1726 535 1761 563 sic

948 563 1108 595 sellavimus
1118 590 1125 601 ,
1137 578 1167 597 ut
1176 569 1301 599 nostrum
1309 573 1351 606 jus
1361 572 1479 602 evadere
1493 585 1552 604 non
1566 586 1603 616 po
1612 575 1661 605 ss'et
1670 596 1678 603 .
1693 577 1762 605 Cae·

948 605 998 634 sar.
1008 607 1054 635 lib.
1070 609 1242 638 12.Mir:icul.
1251 615 1356 650 cap-5.]
1363 613 1566 653 Aliquandoyin
1579 616 1760 657 epi-Appium,

948 646 1045 675 sivein
1057 650 1120 687 equi
1129 648 1225 679 sellam
1235 652 1379 691 imponere
1389 653 1527 693 significat
1538 678 1546 686 .

97 691 264 730 marsupium
281 692 386 731 signum
398 700 454 719 erat
473 691 507 718 :id
525 692 764 720 rememorandum
774 692 891 720 Pontifi-
907 687 1034 716 ΕΗΔ-ΛΜΞ
1043 709 1053 721 ‚
1072 688 1137 718 sella
1144 689 1222 730 supra
1233 702 1315 731 quam
1324 693 1477 724 sustollitur
1487 698 1559 736 Papa
1569 720 1578 732 ,
1598 709 1627 727 ac
1639 696 1760 728 devehi-

96 742 157 761 cem
167 731 218 761 css'c
227 733 323 761 debere
335 741 481 771 pauperum
491 732 597 760 Pin-em
609 754 616 765 ‚
638 732 808 771 pupillorum
817 753 826 766 ,
847 734 889 762 vi-

97 773 264 812 duarumque
274 771 446 811 provisorem
455 793 463 805 ,
475 772 540 800 dum
550 772 608 811 ipse
619 774 650 802 in
661 773 797 802 Crucifixi
807 774 889 812 pati-i—

94 813 190 841 monio
199 811 370 851 dispensator
379 812 590 842 constituebatur
599 835 605 842 .

59 853 145 882 Senes
157 854 282 882 Vicit-s
297 880 303 889 ,
321 854 423 883 dicitur
433 854 624 892 interregnum
633 854 758 884 Ecclcfiae
775 855 888 895 proprio

93 893 200 922 Pastore
210 894 332 923 viduatae
343 907 349 922 :
371 901 384 931 [¹
396 896 542 924 Statuiinus
552 918 559 929 ,
579 906 609 924 ut
619 896 738 934 precaria
748 917 756 929 ,
774 901 803 926 ὃ(
814 907 886 925 com-

92 935 259 963 mutationes
278 944 401 974 tempore
419 936 590 965 viduatarum
602 937 778 966 Ecclefiarum
789 959 797 970 ,
811 937 886 966 faciae

93 975 125 1003 ab
135 974 177 1002 his
187 996 196 1008 ,
214 976 260 1013 qui
272 977 331 1004 loca
342 975 539 1014 Episcoporum
549 987 748 1016 occupaverant
760 999 768 1011 ‚
785 977 888 1007 rescin-

91 1015 191 1044 dantur
202 1035 208 1042 .
218 1016 333 1044 Concil.
346 1017 507 1048 Bellona]
531 1019 680 1054 Quomodo
696 1019 824 1048 incedere
842 1020 886 1049 de-

92 1056 155 1084 bent
167 1056 330 1085 Cardinnles
338 1066 462 1095 tempore
472 1059 549 1087 Sedis
561 1059 729 1097 Apostolicae
749 1060 871 1089 vacantis
881 1082 888 1088 .

92 1097 167 1124 Vide
175 1117 182 1123 .
195 1100 295 1124 Birrus
305 1117 314 1124 .
324 1101 425 1127 Crocea
435 1118 442 1125 .
460 1100 538 1135 Quid
557 1110 590 1129 eo
599 1109 724 1138 tempore
733 1099 764 1128 in
774 1101 889 1130 Litaniis

89 1137 236 1174 majoribus
257 1137 404 1166 dicendum
423 1139 456 1167 fit
474 1141 536 1169 loco
554 1146 593 1170 Ut
611 1145 750 1170 Domuum
759 1143 887 1180 Apostoli.

89 1189 172 1210 cumr,
182 1176 241 1210 ότ-
254 1178 326 1206 Vide
336 1180 503 1216 Apostolum
515 1202 522 1209 .

49 1218 221 1247 Stoicum„
233 1240 242 1251 ,
254 1217 376 1247 sedecula
385 1240 392 1247 .
417 1226 428 1254 [
440 1222 541 1250 Locato
559 1232 623 1250 ante
640 1223 740 1251 iestum
749 1221 869 1253 sediculo
880 1247 887 1258 ,

90 1258 199 1296 semper
207 1257 333 1287 affluebat
347 1270 436 1288 cot-am
448 1271 496 1290 eo.
512 1264 546 1291 In
559 1264 616 1291 vita
627 1263 652 1291 S.
666 1263 798 1293 Adelardi
811 1285 818 1293 .

52 1300 200 1329 Sentium
213 1320 220 1331 ,
233 1301 289 1328 i-R.
300 1309 369 1328 terra
379 1321 388 1333 ,
407 1311 467 1339 quae
479 1303 510 1330 iii
519 1304 664 1332 fluminum
675 1303 741 1342 ripis
762 1315 809 1343 per
823 1306 889 1334 allu-

92 1340 189 1368 viones
199 1340 375 1378 congeritur.
388 1342 488 1370 Buliar.
498 1343 626 1373 Cafinen.
639 1354 707 1373 tom.
721 1357 746 1374 2.
765 1346 888 1376 Constit.

90 1385 137 1419 38.
148 1389 195 1410 61·
207 1391 334 1418 73-137·

50 1421 286 1461 Seniciomitius
299 1443 305 1453 ,
317 1421 461 1451 seditiosus
470 1443 477 1450 -
490 1427 609 1464 Gregor.
622 1429 764 1456 Turonen.
784 1427 832 1457 lib.
846 1440 888 1458 io.

89 1461 186 1490 histor.
199 1471 254 1499 cap.
273 1471 317 1496 15.

50 1503 171 1530 §mauu
183 1522 191 1532 ,
211 1501 302 1529 brevis
313 1502 403 1530 tunica
412 1524 422 1536 ‚
443 1514 503 1542 quae
523 1505 569 1534 sub
579 1517 662 1545 cappa
683 1519 697 1536 a
707 1509 888 1548 Regularibus

90 1541 212 1570 defertur
223 1562 231 1574 ,
240 1541 397 1577 italicesaya
406 1546 557 1582 appellata:
573 1548 652 1581 [Alia
664 1558 730 1577 vero
741 1551 830 1587 puella
840 1551 886 1580 de-

85 1583 131 1610 dit
152 1581 266 1620 segnum
287 1580 366 1610 suum
384 1583 492 1621 leproso
502 1607 509 1614 .
529 1587 563 1616 In
585 1587 641 1616 vita
652 1589 678 1617 S.
690 1590 811 1628 Brigidae
824 1591 888 1621 Vir-

110 1632 160 1650 inis
172 1643 179 1649 .

46 1633 170 1696 Sagun—m,
181 1661 342 1706 segregatus:
354 1664 461 1707 [Quem
469 1677 613 1702 remotum,
624 1673 651 1698 δι
662 1668 802 1710 segregem
813 1672 886 1712 spre-

88 1703 156 1732 visse
166 1704 279 1731 tradunt
289 1713 437 1734 criminum
458 1707 639 1746 frequentiam
650 1732 657 1738 .
677 1713 843 1742 Prudentius
856 1725 863 1739 .·
874 1716 885 1745 ]

87 1744 132 1772 De
143 1743 284 1782 Propheta
294 1745 353 1773 Elia
365 1749 534 1786 agens.Vide
544 1752 886 1783 Saecntasussacutamas.
899 1747 901 1752 ¹

49 1784 138 1818 StJoit
149 1803 156 1810 .
181 1785 252 1812 Vide
274 1786 368 1823 sepher
376 1809 383 1815 .

47 1826 166 1853 Seium-i
179 1845 188 1857 ,
200 1834 303 1853 nomen
313 1827 443 1865 gallicum
452 1830 530 1867 Sisne
541 1849 549 1863 ,
561 1830 640 1865 idest,
649 1832 790 1870 poffeffio:
803 1841 814 1871 [
825 1836 885 1864 Do-

88 1865 241 1898 nationem,
254 1869 281 1894 ὅ(
293 1866 418 1897 seiiiinm
427 1889 434 1897 .
443 1871 593 1900 Matthaeus
607 1872 691 1902 Paris.
702 1873 731 1902 in
742 1875 802 1904 vita
814 1876 883 1904 Abb.

45 1905 136 1934 Sunii
149 1926 156 1936 ‚
168 1904 292 1934 hebraica
303 1917 356 1936 vox
369 1930 378 1941 ‚
388 1919 448 1948 quae
458 1912 598 1941 intraslata
609 1915 737 1943 remansit
747 1915 775 1943 in
788 1916 871 1946 veriio

86 1956 122 1974 ne
133 1944 214 1974 sacre
226 1945 368 1985 scripture
380 1971 387 1982 ,
406 1950 539 1989 fignificat
559 1951 666 1992 semper
677 1976 685 1988 ,
707 1957 751 1984 vel
764 1957 794 1984 in
805 1966 884 1986 κτεν-

49 2006 52 2011 .
85 1995 163 2014 nuni.
172 1987 308 2024 Pagm'nus
317 1999 426 2029 quoque
437 2002 467 2020 in
477 1992 644 2031 psalmorum
656 1995 838 2030 tradufflone,
850 1998 884 2026 il.

84 2027 139 2054 lam
149 2028 283 2056 idiomate
294 2030 430 2060 Hebraico
440 2033 564 2072 reliquit,
578 2034 612 2063 fic
624 2034 750 2064 scribens:
765 2041 815 2072 [Et
829 2038 883 2067 for-

83 2077 112 2095 te
132 2067 296 2105 quaesierunt
314 2070 431 2100 animam
441 2083 527 2102 meam
538 2095 546 2107 ,
565 2078 592 2104 ὃς
613 2086 671 2104 non
683 2076 883 2115 proposuerunt

81 2116 145 2136 ante
156 2108 331 2146 conspectum
341 2110 417 2140 suum
429 2113 516 2142 Selah.
528 2114 626 2144 Psalm.
640 2119 708 2155 53·]
723 2118 782 2147 Alii
792 2129 882 2149 tamen

46 2171 52 2175 .
81 2147 235 2186 significare
243 2153 335 2178 Amen
347 2154 470 2182 malunt.
495 2156 557 2184 Hoc
578 2156 711 2195 liquidem
722 2160 880 2190 vocabulum

81 2189 336 2226 reperiturtzintum
357 2194 387 2221 in
399 2192 508 2224 Psalmis
526 2206 574 2234 pei-
584 2196 758 2236 septuaginta
774 2209 828 2229 tres
840 2202 880 2230 vi-

81 2239 123 2271 ces
134 2250 149 2272 ’.
162 2240 190 2257 ac
199 2229 282 2259 semel
295 2233 324 2259 in
336 2234 480 2266 Habacuch
491 2246 501 2267 ς
511 2237 584 2265 unde
595 2238 708 2267 Hebraei
720 2240 880 2272 existimant

79 2269 158 2298 misse
168 2269 254 2308 psiusae
265 2293 274 2304 ‚
293 2276 321 2301 δε
330 2275 433 2312 quietis
441 2297 450 2308 ‚
471 2278 516 2306 vel
527 2278 656 2306 elationis
667 2279 742 2308 vocis
751 2281 858 2320 signum
868 2295 877 2316 ς

77 2310 167 2378 Ihnbbi
195 2312 274 2341 enim
296 2314 465 2344 Abrahamiis
489 2328 568 2356 putat
598 2329 693 2348 notam
723 2322 875 2353 muiicaiem

75 2358 92 2377 e
113 2360 128 2379 e
139 2370 147 2378 .
527 2375 531 2378 -

36 2390 130 2420 Setun
140 2412 148 2424 ‚
157 2392 270 2423 officim
280 2415 286 2422 .
299 2396 457 2431 [statutum
467 2398 506 2428 est
517 2420 526 2434 ,
548 2411 583 2432 ne
591 2399 651 2441 quis
660 2403 798 2434 Marcatoi·
808 2415 876 2445 pm:-

109 2433 304 2466 ,maalmeon
323 2442 421 2468 Macri
431 2459 439 2468 .
876 2442 885 2472 Ι

948 738 994 757 tur
1004 748 1012 755 .
1024 734 1036 764 [
1047 730 1178 761 Pontifex
1190 743 1249 762 non
1259 733 1382 771 escendit
1391 736 1530 766 continuo
1539 739 1572 768 ad
1584 741 1682 769 Alme
1692 760 1700 772 ‚
1712 737 1762 767 sed

946 769 1022 808 prius
1034 770 1319 808 intratsecretarium,
1331 774 1493 806 sustentatus
1503 788 1518 806 a
1529 779 1761 818 Diacombus‚qui

945 819 1009 838 eum
1032 809 1213 851 susceperunt
1234 815 1269 845 de
1288 815 1386 845 sellare
1413 816 1644 849 descendentem.
1672 820 1759 850 Ordo

945 853 1030 881 Rom.
1041 853 1054 884 ]
1065 853 1180 883 Dicitur
1191 857 1274 887 etiam
1284 858 1435 887 Sellarium
1446 871 1453 887 .-
1466 861 1605 898 reperitur
1614 861 1691 890 enim
1705 861 1757 890 ibi-

942 892 1006 921 dem
1015 894 1110 923 eadem
1120 898 1286 927 caeremonia
1296 898 1339 927 his
1349 900 1448 929 verbis:
1460 901 1617 937 [Diacones
1625 912 1689 932 eum
1710 901 1760 931 de-

942 931 1091 965 scendente
1102 938 1136 966 de
1146 936 1257 970 sellario
1265 940 1384 979 accipisit
1394 941 1485 970 obviis
1494 943 1616 973 manibus
1626 943 1759 980 &c-JQui

945 984 1036 1012 autem
1045 977 1124 1006 illum
1134 978 1284 1009 sustollunt
1292 982 1404 1011 Sellarii
1413 981 1575 1013 dicebantur
1583 1007 1593 1019 ‚
1613 995 1643 1014 ut
1654 984 1704 1014 suo
1713 985 1756 1012 lo-

943 1027 977 1045 co
986 1017 1108 1047 dicemus
1119 1039 1126 1046 .
1138 1021 1228 1056 Hujus
1239 1023 1363 1051 vocabuli
1372 1021 1547 1060 synonyme.
1568 1026 1642 1061 Vide
1651 1026 1755 1055 Cathe-

945 1060 998 1086 dra
1009 1079 1016 1086 .
1025 1059 1099 1089 Sella
1103 1062 1252 1097 gestatoria
1261 1063 1404 1102 apostolica
1412 1084 1420 1092 .
1432 1065 1514 1094 Ritus
1524 1076 1592 1095 vero
1600 1065 1648 1096 hie
1659 1065 1760 1095 sustol-

944 1098 1022 1127 lendi
1029 1097 1110 1138 super
1122 1100 1250 1132 humeros
1262 1103 1427 1134 Pontificem
1438 1127 1447 1139 ‚
1467 1117 1528 1136 non
1540 1106 1579 1136 est
1592 1107 1706 1147 quidem
1719 1106 1758 1136 ¹⁴:1⁴

943 1139 997 1168 stus
1005 1140 1211 1180 ,vel'superbiae
1221 1155 1286 1174 nota
1297 1167 1305 1178 ‚
1313 1153 1345 1173 ut
1355 1154 1457 1177 temere
1468 1149 1629 1178 Novatores
1640 1149 1754 1177 inficere

944 1190 1091 1213 conantur5
1101 1182 1148 1213 sed
1159 1184 1192 1213 :id
1202 1185 1365 1223 mysterium
1374 1186 1515 1225 pastoralis
1526 1188 1685 1228 vigilantiae
1696 1190 1756 1228 agi-

945 1230 990 1250 tur
1001 1243 1008 1250 .
1019 1224 1091 1252 Nam
1103 1226 1170 1264 quid
1180 1228 1254 1257 :iliud
1265 1237 1369 1257 nomen
1379 1228 1521 1268 Episcopi,
1532 1239 1613 1268 quam
1625 1230 1754 1269 superin-

943 1262 1094 1301 spefflireni
1103 1288 1112 1299 ‚
1132 1277 1160 1295 ac
1171 1268 1371 1308 invigilantem
1388 1280 1459 1299 curse
1469 1281 1558 1309 graece
1567 1270 1664 1301 sonat?
1686 1282 1755 1311 ergo

943 1305 1009 1333 dum
1021 1307 1090 1344 Papa
1101 1318 1237 1348 tamquam
1258 1308 1456 1349 Episcoporum
1477 1311 1625 1350 Episcopus
1644 1313 1675 1341 ab
1693 1323 1756 1341 uni·

943 1344 1023 1374 verso
1032 1347 1195 1379 Christiano
1205 1354 1298 1390 Grege
1308 1351 1410 1380 colitur
1422 1374 1430 1385 ‚
1450 1351 1601 1381 consonum
1620 1354 1750 1392 equidem

944 1387 996 1419 est,
1005 1396 1034 1415 ut
1047 1391 1185 1419 eminenti
1195 1392 1238 1420 ori
1248 1392 1361 1421 seflorio
1370 1392 1547 1425 deseramnac
1559 1396 1752 1427 collocemini&

942 1438 955 1456 a
966 1428 1043 1457 nobis
1054 1433 1109 1465 ejus
1119 1430 1241 1466 subditis,
1251 1443 1379 1473 tanquam
1392 1433 1500 1463 itineris
1509 1435 1607 1473 gloriae
1619 1436 1751 1467 dii-ec'tor,

942 1468 1060 1508 fideique
1070 1473 1168 1509 pharus
1177 1495 1185 1506 ‚
1197 1484 1225 1502 ac
1235 1475 1332 1503 mundi
1341 1475 1388 1503 lux
1403 1475 1530 1504 videatur
1539 1488 1551 1509 ;
1574 1475 1662 1504 fidelis
1673 1476 1753 1505 enim

943 1511 1059 1548 populus
1068 1523 1127 1541 non
1137 1513 1277 1543 abscondit
1293 1515 1367 1544 suam
1385 1514 1454 1543 hanc
1464 1515 1639 1545 pontificiam
1660 1518 1751 1545 lucer·

943 1561 1016 1588 nam,
1028 1563 1078 1580 iicc
1089 1555 1169 1591 ponit
1179 1566 1237 1584 eam
1246 1555 1292 1584 sub
1302 1556 1457 1589 n10d102scd
1467 1556 1548 1595 super
1559 1558 1750 1588 candelabrum

941 1593 1026 1631 erigit
1039 1613 1046 1625 ,
1056 1603 1085 1621 ut
1098 1595 1183 1624 luceat
1192 1597 1316 1625 omnibus
1327 1619 1334 1630 ,
1349 1598 1437 1636 quiin
1447 1598 1532 1626 domo
1540 1597 1647 1627 Christi
1660 1597 1724 1628 sunt
1736 1619 1744 1630 ‚

942 1642 1089 1671 propterea
1101 1636 1238 1674 Acephali
1248 1659 1256 1670 ‚
1268 1637 1315 1676 qui
1326 1648 1419 1667 cai-ent
1428 1639 1518 1676 capite
1531 1659 1538 1670 ,
1552 1638 1653 1668 invido
1663 1639 1746 1668 latta-

943 1682 972 1701 tu
983 1674 1046 1702 illos
1056 1676 1182 1704 mordere
1193 1688 1326 1706 conantur
1334 1701 1343 1712 ‚
1362 1680 1409 1718 qui
1422 1679 1500 1718 supra
1509 1679 1615 1718 reliqua
1625 1681 1745 1709 membra

942 1715 1060 1742 ereetum
1071 1715 1199 1747 deserunt
1207 1728 1285 1757 caput
1294 1741 1302 1752 ‚
1312 1721 1386 1755 cujus
1398 1722 1544 1756 mysticum
1555 1742 1563 1753 ,
1578 1731 1607 1749 ac
1617 1720 1747 1760 spiritua-

943 1754 997 1782 lem
1009 1756 1163 1794 typumhic
1175 1759 1294 1789 adiicere
1309 1762 1405 1789 curavi
1422 1763 1455 1790 in
1478 1762 1591 1790 illorum
1606 1763 1724 1800 gratiam
1736 1784 1745 1796 ,

941 1796 1035 1833 quibus
1046 1798 1090 1834 pia
1102 1799 1260 1829 testimonia
1279 1801 1418 1830 credibilia
1435 1801 1498 1831 sunt
1513 1802 1594 1831 nimis
1606 1823 1614 1835 ,
1635 1812 1745 1841 eritque

940 1836 1113 1866 credentibus
1123 1838 1232 1873 honor,
1252 1852 1311 1870 nou
1322 1842 1494 1872 credentibus
1514 1851 1604 1871 autem
1623 1844 1692 1883 lapis
1700 1843 1744 1871 of-

941 1876 1072 1906 fenfioni's
1084 1901 1091 1911 ,
1103 1882 1131 1908 ὅ(
1141 1891 1216 1918 petra
1226 1881 1362 1911 scandali.
1386 1884 1454 1919 Quae
1466 1883 1553 1922 figura
1562 1883 1637 1913 inter
1648 1886 1687 1912 M.
1698 1884 1743 1913 SS.

939 1918 1085 1947 Ciacconis
1097 1929 1223 1959 tanquam
1235 1922 1414 1952 verustiffima
1426 1933 1544 1961 reperta,
1555 1924 1626 1953 mihi
1637 1934 1669 1953 ex
1681 1934 1744 1964 gra-

940 1957 977 1987 tia
986 1960 1126 1997 quondam
1147 1963 1261 1999 Jomiiis
1272 1963 1399 2001 Baptistae
1422 1964 1506 1993 Marii
1524 1965 1665 1994 canonici
1685 1968 1744 1995 Ro-

939 2001 1014 2028 mani
1025 1999 1146 2029 exhibita
1159 2002 1219 2030 fuit.
1232 2005 1276 2031 Est
1286 2004 1363 2031 enini
1378 2005 1528 2042 primitivae
1539 2006 1664 2035 Ecclesiae
1675 2006 1743 2035 ritus

937 2049 1130 2078 argumentum
1141 2051 1240 2071 tumeit
1260 2042 1393 2082 inscripto
1411 2046 1527 2074 nomine
1545 2047 1649 2085 §.Juln'
1659 2048 1740 2086 Papze

935 2079 1040 2110 scilicet
1051 2081 1128 2118 hujus
1142 2083 1262 2112 nominis
1273 2084 1366 2122 primi,
1376 2095 1437 2114 turn
1449 2097 1482 2115 cx
1497 2086 1674 2116 venistiffima
1686 2088 1741 2117 for-

936 2130 979 2149 ma
990 2122 1119 2160 planetae,
1130 2122 1312 2153 sandaliorum
1323 2129 1375 2154 ἃς.
1387 2137 1467 2166 :itque
1476 2137 1510 2155 ex
1520 2129 1581 2157 rudi
1592 2128 1678 2157 curuli
1689 2128 1741 2158 sel—

937 2161 962 2190 la
975 2163 1008 2191 :id
1020 2163 1228 2192 similitudinem
1238 2166 1415 2204 antiquorum
1426 2167 1621 2198 Praefefitorum
1632 2169 1718 2198 Urbis
1731 2192 1739 2203 ,

934 2212 999 2241 quas
1009 2204 1170 2234 l’aiicirolus
1180 2206 1274 2243 typice
1284 2207 1360 2237 affert
1373 2208 1403 2237 in
1413 2208 1525 2239 Notitia
1535 2210 1650 2250 Imperii
1660 2229 1667 2238 .

1384 2455 1438 2495 Qq
1636 2455 1694 2487 Cui
