1866 2526
480 29 596 72 HY

1281 28 1328 70 H
1360 26 1400 67 Y
1637 39 1715 81 377

122 86 333 128 stantinopolim
344 108 352 119 ,
362 95 392 115 ut
402 87 538 125 Hypante
546 84 664 115 Domini
674 107 682 119 ,
692 84 759 114 idest
769 107 777 118 ,
789 83 918 114 Purifica-
932 83 1170 113 Hrttnriiesmus
1181 103 1189 112 .
1212 83 1286 112 Vide
1295 83 1478 122 Yperthesmus
1487 102 1495 111 .

123 129 164 156 tio
172 130 252 158 RM.
263 127 389 166 Virginis
398 125 562 156 solemniter
572 126 753 156 celebraretur
762 146 769 153 .
783 128 795 157 ]
807 123 917 155 Proccs-
931 124 1112 153 Hiponoios
1122 143 1129 151 .
1152 126 1208 154 FR-
1218 123 1376 153 dotalitium
1387 145 1394 156 ,
1405 134 1438 152 ex
1449 133 1541 163 graeco
1552 119 1694 158 ὑπέβαλον
1706 145 1714 159 ,
1724 121 1768 153 id—

123 168 162 197 sio
172 178 249 202 vero,
259 178 319 207 quae
329 177 390 196 eum
398 167 517 196 candelis
531 167 560 196 fit
571 167 600 195 in
611 166 661 195 hac
671 166 726 200 die,
737 177 751 195 a
762 168 810 196 Ser
831 167 860 195 io
869 167 917 194 Pa-

122 217 154 246 pa
163 207 249 238 fuerat
258 207 383 240 instituta
390 229 399 241 ‚
410 217 440 236 ut
448 218 482 237 ex
491 207 566 238 Ord.
577 210 662 238 Rom.
671 207 775 237 constat
787 219 792 234 z
804 177 853 236 iged
863 216 917 245 quo

121 248 155 276 ad
163 249 357 278 caeremoniam
366 248 549 280 candelarum,
561 247 727 277 censendum
737 248 775 276 est
787 247 916 276 vetustio-

122 298 179 316 rem
191 288 266 318 fuiffe
277 311 284 322 ,
296 299 356 317 tum
365 289 399 318 de
409 299 438 318 ea
449 289 574 318 habeatur
583 289 608 317 S.
622 289 708 328 Eligii
719 288 810 317 sermo
822 299 830 318 ς
853 297 915 316 nec-

122 339 180 357 non
196 330 366 369 antiquiores
385 329 474 358 Sanfti
492 328 572 358 etiam
583 329 618 357 de
636 330 729 359 eadem
745 327 916 357 mentionem

970 164 1009 193 est
1024 185 1031 196 ‚
1054 164 1169 192 donatio
1179 174 1293 204 propter
1303 164 1412 202 nuptias
1422 184 1428 191 .
1453 164 1526 192 Vide
1534 164 1725 200 Antiplmum
1739 181 1749 191 .

930 205 1168 233 Ηγρουκιεκιυκι
1180 226 1188 238 ‚
1212 202 1379 243 ὐποβρῦχων
1391 225 1402 241 ,
1410 203 1490 232 maris
1500 202 1614 232 fundum
1624 224 1631 235 ‚
1654 202 1699 231 seu
1709 202 1768 231 sub—

968 245 1066 274 meriio
1076 265 1083 272 .
1104 246 1268 280 [Cxterum
1286 245 1450 273 inenatabile
1472 243 1592 282 impastis
1604 242 1770 282 naufragium

969 285 1016 318 est,
1031 284 1211 323 irrespirabile
1220 285 1357 314 devoratis
1368 308 1376 319 ,
1386 282 1611 323 hypobrychium
1621 283 1658 311 est
1669 283 1699 311 in
1710 283 1770 311 ido—

969 325 1043 353 latria
1053 346 1060 353 .
1083 326 1200 354 Tertull.
1213 326 1246 354 de
1257 326 1440 363 Idolatrxap.
1452 337 1488 360 24
1498 328 1523 357 .]
1545 323 1618 352 Vide
1627 324 1746 362 Abyffus
1759 343 1768 350 ·

120 367 221 398 saciant
239 370 309 409 apud
328 371 426 399 Baton.
448 370 479 398 in
500 369 586 398 Notis
607 369 654 398 cit.
674 369 819 404 Mai-tyrol.
842 367 916 396 Vide
929 365 1188 399 ΗΥΡοςκΑΜιευΜ,
1209 367 1346 395 indusium
1358 388 1365 399 ,
1384 364 1526 399 subucula,
1550 375 1605 393 vox
1617 364 1768 403 graecobar-

123 411 248 438 Candela
257 431 264 437 .

81 449 268 479 Hrimsmus
278 473 286 484 ‚
310 449 474 485 ὐπασπιςῆς
485 472 492 483 ,
514 449 627 479 scutifer
635 471 643 482 ‚
665 449 775 485 adjutor
784 469 792 481 ‚
815 458 902 486 propu

118 500 218 528 gnator
227 511 234 518 .
246 491 290 519 Est
301 491 376 520 enim
385 491 416 518 ab
426 489 494 527 ibri,
509 489 556 519 sub
566 494 593 519 δ(
604 488 696 524 olo-tric
719 489 913 526 sub,scutum,

113 539 216 568 parma
229 552 235 562 ,
247 542 254 558 :
277 531 349 569 quali
356 532 407 570 ’qui
417 530 463 559 sub
481 529 558 559 scuto
567 530 689 569 protegit
701 549 709 557 .
731 529 784 557 Sed
792 528 913 557 usitatius

117 571 189 618 apud
200 572 310 600 Latinos
320 572 499 609 hyper-aspires
508 571 609 599 dicitur
619 591 627 602 ,
649 573 748 599 Graece
760 568 914 605 ὐπερασπι-

968 406 1028 434 bara
1041 403 1096 436 ὑπὸ
1106 428 1114 439 ,
1137 406 1204 435 idest
1215 429 1222 440 ,
1244 406 1291 435 sub
1302 428 1309 440 ,
1331 411 1358 436 ἃ
1369 405 1501 435 camisum
1511 427 1522 440 ,
1544 415 1641 443 nempe
1651 425 1660 437 ,
1683 404 1768 432 indu-

968 445 1034 474 lium
1045 457 1051 473 .·
1067 451 1079 480 [
1092 446 1207 476 Dicebat
1216 446 1322 485 semper
1332 469 1339 480 ‚
1351 448 1426 486 quod
1435 447 1520 486 pollet
1531 446 1690 474 intentione
1699 444 1767 472 dan-

967 486 996 514 di
1006 486 1163 525 pauperibus
1174 510 1181 521 ,
1191 489 1332 526 expoliare
1343 488 1444 517 divites
1453 509 1461 520 ,
1483 485 1608 525 &ipsum
1621 485 1703 513 etiam
1713 483 1767 520 hy-

967 525 1134 563 pocamisum
1146 529 1176 556 ab
1185 529 1224 557 eis
1233 529 1368 557 benevole
1377 527 1481 556 auferre
1491 548 1498 555 .
1521 525 1616 556 Anast.
1627 525 1659 554 in
1669 525 1725 553 vita
1738 526 1765 554 S.

967 568 1011 604 Jo.
1023 567 1197 604 Eleemosyn.
1209 571 1220 600 J
1235 569 1306 597 Vide
1319 570 1490 606 Efophore'um
1500 588 1508 596 .
1522 567 1624 603 Polyris
1636 585 1644 594 .

119 623 183 644 ςὶτς,
204 612 232 639 in
250 612 346 640 eodem
365 611 532 650 significatu:
554 611 584 638 ab
604 608 671 650 ὐπερ
689 634 694 640 ,
710 618 775 647 pro,
799 609 912 647 qiiodin
928 608 1172 636 Hwociusnvm.
1198 609 1270 638 Vide
1279 610 1390 648 Pyrale.

116 652 320 689 competitione
328 651 459 680 auxilium
467 651 584 679 denotat
595 672 604 683 ,
626 649 671 678 seu
681 661 695 678 a
716 650 800 678 verbo
812 649 908 687 timpa-
927 649 1107 677 HYr‘oculSiS
1119 669 1125 675 .
1149 650 1222 677 Vide
1233 651 1394 687 Duplicitas
1406 670 1412 677 .

117 688 218 729 αττ-ἵζω
227 699 348 729 ,protego
359 698 462 728 ‚pugno
472 692 599 727 ,strenub
609 710 616 717 .
640 692 699 718 Hac
709 700 778 719 voce
788 691 860 718 inter
869 699 898 717 ce
926 689 1107 717 Hrpocitirn
1122 708 1128 715 .
1151 690 1206 718 PR.
1226 687 1367 726 u'7ronparic
1380 711 1388 722 ‚
1398 689 1496 718 histrio
1508 711 1515 722 ,
1538 688 1677 717 simulator
1686 707 1695 720 ,
1718 685 1767 724 qui

119 740 191 759 teros
201 741 288 759 utitur
297 733 333 760 D.
345 731 545 766 Hieronymus,
555 731 584 759 in
594 730 760 760 Praesatione
772 731 800 758 in
811 732 909 758 Penta-

115 770 261 799 teuchum:
273 772 317 800 ubi
331 771 455 799 confutat
465 771 634 800 mendacium
644 771 678 800 de
687 782 734 804 70.
746 771 851 800 cellulis
863 792 869 802 ,
880 769 911 798 in

114 809 218 848 quibus,
227 821 257 839 ut
266 812 353 850 aliqui
364 811 558 844 fabulabantur,
570 824 617 844 70·
629 813 798 850 Interpi-etes
807 810 911 849 separa-

114 851 164 878 tim
175 849 261 880 sacros
271 853 365 881 Libros
373 851 439 886 jussii
449 853 594 881 Ptolomaei
604 851 781 891 Philadelphi
792 874 800 884 ,
821 862 854 881 ex
864 850 912 879 he-

113 891 203 920 braico
215 893 245 921 in
254 903 375 931 graecum
385 914 392 924 ,
404 891 502 930 spiritu
514 892 677 931 prophetico
689 915 695 925 ,
705 897 732 921 δ(
742 892 839 921 iisdem
852 902 912 919 ver-

113 931 152 959 bis
166 932 374 962 transtuliflent.
389 934 489 962 Probat
498 932 578 969 hujus
589 933 739 962 commenti
752 933 893 961 fallitatcm
905 955 912 965 ,

115 981 148 999 ex
160 982 193 1000 eo
205 975 279 1011 quod
294 975 423 1003 Aristaeus
433 973 550 1009 ejusdem
563 974 709 1003 Ptolomaei
720 974 911 1011 hyperaspitcs,

114 1015 141 1040 ὃ(
153 1014 240 1042 multo
254 1015 448 1053 post-tempore
457 1013 590 1053 Joseplius
601 1014 672 1043 nihil
683 1015 736 1042 tale
747 1014 893 1042 retulerint
905 1034 911 1041 .

115 1055 253 1082 Attamen
269 1065 327 1083 non
346 1055 444 1085 desunt
454 1057 544 1083 Patres
555 1076 562 1087 ,
586 1055 632 1093 qui
646 1056 686 1083 uti
710 1054 856 1084 veritatem
865 1054 911 1082 ad-

115 1092 218 1122 struant
231 1116 238 1126 ,
249 1096 322 1132 quod
332 1097 368 1124 D.
381 1096 571 1130 Hieronymus
582 1096 673 1127 reiicit
683 1105 713 1124 ut
723 1095 895 1123 mendacium
904 1115 911 1122 .

73 1132 176 1162 Humi
185 1144 200 1162 ε
211 1155 218 1167 ‚
229 1133 322 1178 ibra'am
334 1161 341 1173 ‚
351 1136 429 1170 idest,
440 1136 600 1174 principalis
609 1135 711 1165 chorda
721 1133 922 1165 citharceinfc-l

968 727 1110 766 personam
1130 728 1219 757 ficiam
1242 730 1272 757 in
1290 729 1368 757 scena
1390 730 1513 758 iimulat:
1537 729 1603 758 hine
1615 749 1622 761 ,
1644 728 1691 766 qui
1705 727 1766 755 fiete

966 769 1115 797 bonitatem
1129 769 1192 798 vitae
1203 769 1323 798 ostentat
1333 791 1340 802 ,
1362 771 1518 808 Hypocrita
1529 770 1628 798 dicitur
1637 789 1644 796 .
1666 769 1765 805 Inepta

966 819 1035 838 vero
1044 809 1137 843 Lirani
1147 810 1320 848 etymologia
1331 810 1442 839 videtur
1451 810 1483 839 in
1493 809 1618 838 Matthaei
1629 817 1766 836 commen-

969 860 1000 878 to
1009 872 1017 884 ,
1030 851 1074 879 ubi
1085 849 1119 877 fic
1131 850 1184 878 ait:
1207 851 1388 888 [Hypocrita
1398 850 1500 879 diciiiii·
1508 851 1538 878 ab
1548 851 1647 887 Hypos
1658 870 1666 881 ,
1689 847 1766 886 quod

966 890 1004 919 est
1013 890 1077 922 suin
1102 895 1129 920 ὃ(
1141 890 1214 919 criiis
1224 913 1232 924 ,
1244 901 1336 919 aurum
1347 902 1356 921 ,-
1369 892 1432 929 quia
1442 889 1487 919 sub
1498 901 1562 919 auro
1571 911 1580 924 ,
1602 889 1646 917 vel
1657 887 1705 918 sub
1715 887 1766 916 ho-

968 931 1070 960 nestate
1089 931 1233 960 exterioris
1249 931 1470 960 conversationis
1490 931 1568 960 habet
1579 929 1766 958 absconditum

967 972 1104 1010 plumbum
1116 971 1234 1000 falsitatis
1245 994 1253 1005 ‚
1265 974 1277 1003 ]
1301 973 1360 1010 quis
1369 982 1489 1011 unquam
1498 971 1528 999 in
1536 972 1589 1000 hoc
1601 970 1700 1008 adagio
1710 969 1765 997 Sub

966 1024 1033 1041 auro
1044 1010 1127 1050 posset
1139 1022 1240 1040 nomen
1251 1013 1430 1041 simulationis
1439 1013 1615 1051 excogitare?
1638 1010 1703 1039 Alia
1724 1019 1764 1037 et-

967 1063 1020 1081 iam
1040 1054 1229 1091 improprietas
1246 1052 1304 1084 ests
1329 1063 1391 1081 nam
1410 1063 1503 1081 aurum
1514 1053 1626 1091 Chrysas
1637 1072 1646 1083 ,
1667 1054 1695 1078 &
1707 1060 1765 1078 non

968 1093 1051 1129 Crzst's
1061 1094 1172 1126 dicitur,
1184 1097 1211 1122 δ(
1222 1093 1256 1122 iic
1267 1094 1454 1130 Hypochryta5
1469 1097 1495 1121 <St
1506 1103 1563 1121 non
1574 1093 1722 1130 Hypocrita
1735 1091 1764 1119 in

966 1136 1021 1169 ejus
1030 1132 1109 1162 sensu
1120 1133 1250 1162 debuisset
1260 1132 1357 1162 scribi.
1383 1133 1455 1162 Vide
1466 1137 1560 1162 Panes
1569 1131 1715 1160 dealbatus
1726 1152 1734 1158 .

113 1174 169 1202 rior
180 1184 282 1202 tenoris
290 1176 401 1209 dicitur,
411 1187 471 1215 quae
483 1178 640 1215 graviorem
649 1176 746 1205 sonum
758 1186 813 1213 prae
824 1185 905 1204 caete-
917 1168 1165 1222 {Hivvomicoxus
1175 1194 1182 1201 .
1207 1174 1280 1203 Vide
1301 1174 1486 1203 subdiaconus
1498 1194 1505 1201 .

115 1214 149 1241 ris
161 1214 269 1245 reddit;
291 1219 346 1251 ejus
355 1227 432 1245 enim
454 1226 534 1244 tonus
546 1217 703 1255 principalis
724 1218 753 1245 in
766 1216 909 1245 harmonia

111 1253 242 1299 habetur-3
269 1259 353 1295 [Jain
363 1268 438 1285 enim
454 1256 559 1295 hypate
579 1268 687 1296 quoque
701 1279 708 1290 ‚
732 1267 792 1284 cuin
805 1257 837 1286 fit
848 1267 911 1285 nete

112 1305 258 1329 contraria,
271 1298 309 1326 est
321 1308 414 1326 tamen
426 1309 479 1326 una
488 1299 656 1326 harmonica.
668 1299 760 1327 Clem.
772 1297 909 1326 Alexand.

113 1335 161 1363 lib.
177 1347 199 1363 i.
209 1335 303 1366 strom.
312 1349 370 1377 cap.
385 1341 433 1373 5.]
459 1339 531 1367 Vide
539 1344 607 1367 Nete
618 1359 624 1365 .

72 1376 216 1405 Humi-us
227 1398 236 1409 ‚
259 1377 366 1412 ὕπατος
376 1401 384 1411 ‚
405 1379 582 1417 principalis3
604 1379 733 1418 accipitur
745 1389 838 1407 tamen
861 1388 910 1416 pro

111 1417 249 1455 dignitate
268 1418 420 1447 consulari.
446 1425 456 1454 [
469 1420 531 1448 Post
552 1417 610 1447 haec
633 1420 741 1448 Patritii
752 1441 759 1452 ‚
781 1419 887 1457 Hypati
901 1441 908 1451 ,

111 1456 260 1523 {mitesque
272 1460 379 1495 Inclyti
390 1459 560 1496 introjerunt
569 1480 577 1487 -
600 1462 634 1488 In
648 1461 704 1490 vita
713 1461 739 1488 S·
750 1459 908 1498 Agathonis

135 1506 190 1534 apae
201 1517 208 1524 .

73 1537 311 1568 Hivzaiismsrzs
324 1559 330 1567 .
354 1541 427 1569 Vide
439 1542 606 1579 Hypafipisles
618 1562 625 1569 .

72 1577 331 1620 Hrptitiseiu-:rffius
344 1601 352 1612 ‚
373 1581 602 1611 Ostobci-menfis
613 1603 621 1615 ‚
642 1579 909 1621 dmpssepera'i‘oc,est

115 1617 228 1661 ultimus
238 1620 303 1648 anni
315 1621 412 1650 mensis
421 1623 491 1660 apud
503 1623 673 1655 Macedones,
683 1622 717 1650 de
728 1633 781 1660 guo
792 1621 823 1649 fit
836 1631 909 1649 men—

113 1667 154 1685 tio
166 1668 194 1686 in
206 1670 262 1702 cap.
275 1671 388 1699 propter
399 1663 536 1694 Ecciefias,
547 1663 608 1691 dist.
626 1675 632 1691 i
643 1668 667 1691 8.
680 1664 737 1692 FR-
748 1673 776 1691 ac
787 1661 869 1692 ctiam
878 1661 908 1690 in

111 1700 259 1728 canonibus
279 1702 463 1738 Apostolicis.
487 1703 554 1738 [Bis
572 1703 601 1732 in
620 1713 693 1732 anno
712 1702 907 1741 Episcopoi-um

109 1738 260 1769 celebratur
278 1742 405 1776 synodus
425 1747 476 1772 ἀς.
495 1741 576 1772 semel
595 1744 708 1782 quidem
729 1753 822 1782 quarta
843 1743 908 1772 feria

111 1779 284 1824 Pentecostes
293 1803 301 1814 ‚
322 1781 442 1812 secundo
452 1784 615 1812 duodecima
627 1783 838 1823 hyperberetaei‚
849 1794 907 1812 can.

114 1821 186 1856 36·]
210 1822 247 1849 ibi
257 1823 418 1852 Postillaior
427 1826 465 1858 til:
489 1825 662 1859 [Secundum
683 1835 749 1854 vero
758 1825 908 1853 concilium

112 1860 201 1887 idibus
223 1862 339 1891 oetobris
348 1863 476 1893 habeatur
486 1886 495 1897 ‚
517 1866 564 1903 qui
576 1866 633 1894 dies
645 1866 716 1904 apud
729 1867 844 1894 Graecos
857 1866 910 1901 hy-

115 1900 274 1937 perberetaei
295 1904 391 1932 meniis
401 1905 520 1933 decimus
538 1905 684 1934 invenitur
694 1926 701 1933 .
724 1905 838 1935 Concil.
850 1909 909 1935 An-

114 1939 200 1968 tioch.
212 1952 270 1980 cap.
284 1955 329 1972 ιο.
342 1947 354 1975 ]
370 1946 405 1973 In
414 1946 545 1984 aliquibus
554 1947 704 1975 Codicibus
717 1947 857 1986 Hyperbiti
867 1946 906 1975 le-

927 1216 1096 1243 Hipoonm
1107 1236 1114 1248 ,
1136 1225 1258 1254 grtecum
1270 1214 1428 1243 vocabulum
1439 1210 1564 1251 ὑπόγειον
1575 1231 1586 1249 ,
1597 1210 1664 1240 idest
1673 1232 1682 1244 ‚
1705 1209 1764 1239 sub-

965 1265 1118 1284 terraneum
1131 1276 1138 1287 ,
1161 1265 1216 1294 quo
1228 1255 1359 1284 vocabulo
1371 1254 1528 1292 Antipodes
1537 1252 1686 1292 appellavit
1695 1254 1712 1280 Ἰ
1720 1261 1764 1279 er-

966 1296 1114 1324 tullianus‘.
1138 1298 1210 1325 Item
1219 1294 1357 1334 sepulcra,
1381 1304 1527 1328 cavernas,
1538 1293 1696 1322 coemeteria
1706 1313 1713 1325 ,
1734 1295 1764 1320 ὅ(

965 1336 1060 1364 similia
1069 1337 1182 1365 denotat
1191 1337 1339 1375 aliquando
1350 1357 1357 1364 .

926 1378 1179 1406 HYPOMIMNISCON
1192 1397 1198 1404 .
1220 1379 1275 1407 PR.
1285 1387 1374 1417 graece
1384 1373 1593 1412 ὐπομιμνῆτκυγ
1603 1397 1610 1408 ,
1631 1382 1765 1403 rememo-

966 1418 1081 1445 ratorius
1092 1439 1100 1450 ,
1123 1419 1193 1447 utin
1203 1418 1280 1456 epist.
1305 1417 1430 1447 Concilii
1442 1416 1629 1454 Lugdunenlis
1646 1415 1680 1442 ad
1691 1416 1764 1443 Gre-

963 1458 1074 1496 gotium
1084 1460 1118 1487 X.
1129 1457 1243 1488 habetur
1252 1480 1260 1491 ,
1284 1458 1352 1487 idest
1363 1480 1370 1491 ,
1393 1458 1482 1496 quiex
1493 1457 1589 1484 officio
1599 1454 1743 1494 suggerere
1754 1475 1764 1487 ,

965 1503 993 1527 δε
1004 1509 1185 1528 rememorare
1197 1509 1315 1532 tenetur,
1326 1509 1407 1537 quein
1417 1497 1462 1526 alii
1473 1501 1503 1526 A
1513 1499 1644 1524 memoria
1653 1494 1761 1526 dicunt5

966 1539 1049 1568 hodie
1060 1543 1288 1568 Caremom'arum
1300 1540 1430 1577 lifagister
1441 1538 1542 1566 dicitur
1552 1557 1571 1582 ,ν

927 1580 1299 1609 HYPOMNEMATOGRAPHUS
1334 1579 1632 1614 ὐπομνηματογραφος,
1660 1585 1765 1604 memo-

968 1622 1076 1650 rialium
1087 1619 1222 1658 striptor5
1246 1619 1371 1648 minister
1381 1628 1436 1647 erat
1448 1620 1476 1646 in
1496 1617 1612 1646 Eccleiia
1621 1615 1764 1645 Constan-

967 1662 1056 1700 tinop.
1071 1661 1116 1699 qui
1130 1660 1326 1699 Episcoporum
1335 1658 1555 1688 consecrationes
1565 1656 1724 1696 registi-:ibat
1733 1677 1742 1683 .

924 1703 1188 1731 Hi'i‘OMNEsTiCUM
1201 1723 1208 1734 ,
1231 1697 1424 1737 ὐπομνηςικὸν.
1438 1701 1495 1728 PR.
1505 1698 1654 1730 Scholion,
1665 1696 1764 1735 postil-

965 1744 988 1770 la
1001 1764 1008 1775 ,
1030 1742 1185 1770 abbi-evatio
1195 1764 1202 1775 ‚
1213 1741 1407 1779 compendium
1418 1752 1425 1771 5
1437 1740 1470 1768 sic
1481 1739 1555 1767 enim
1566 1748 1620 1772 ejus
1629 1747 1763 1776 compen-

965 1783 1042 1811 dium
1059 1782 1216 1811 intitulavit
1232 1781 1383 1812 Anastasius
1403 1782 1430 1809 iii
1442 1779 1629 1809 coileftancis
1651 1779 1762 1816 perSir-

969 1823 1100 1852 mondum
1111 1824 1140 1851 in
1152 1829 1175 1851 8.
1186 1822 1253 1851 edit.
1276 1833 1336 1861 pag.
1352 1832 1381 1856 ¹5
1393 1833 1414 1849 i.
1425 1821 1471 1860 qui
1484 1819 1635 1849 Anastafius
1657 1818 1760 1856 Joanni

962 1865 1089 1893 Diatono
1097 1862 1223 1896 scribens,
1234 1863 1263 1890 in
1274 1863 1387 1901 epistola
1397 1862 1430 1890 ad
1439 1861 1551 1890 initium
1559 1859 1678 1897 ejusdem
1690 1860 1763 1889 Col-

962 1905 1092 1933 let‘Rancse
1104 1926 1112 1937 ,
1131 1914 1168 1932 ait
1182 1917 1186 1931 ;
1213 1903 1360 1939 [Exhibeo
1371 1906 1422 1931 &c.
1435 1913 1488 1930 una
1497 1912 1557 1930 cum
1567 1899 1760 1939 hypomnesti-

961 1956 994 1974 co
1006 1967 1013 1978 ,
1036 1945 1191 1973 declarante
1200 1944 1320 1973 breviter
1335 1943 1407 1982 gesta
1419 1943 1578 1971 Sancfiorum
1586 1945 1638 1970 δατ.

111 1981 189 2019 gitur
198 1983 329 2013 mendose
338 2005 345 2012 .
368 1986 439 2014 Item
449 1987 595 2025 allegorice
604 1997 666 2016 aetas
675 1997 794 2026 praeccps
803 1986 908 2015 intelli·
923 1987 1114 2016 vaosiffls
1124 2006 1133 2018 ‚
1144 1983 1280 2018 ὐπὸςασις
1291 2006 1298 2017 ‚
1311 1984 1396 2016 idest,
1408 1982 1522 2022 persona
1534 1995 1540 2010 :
1563 1983 1611 2011 diu
1620 1981 1701 2020 super
1708 1981 1762 2010 hoc

111 2031 188 2064 gitur
198 2044 205 2055 ,
229 2023 298 2052 idest
309 2046 316 2057 ,
329 2025 504 2057 autumnosa;
515 2037 575 2055 cum
586 2028 670 2057 fuerit
678 2028 723 2056 hic
734 2027 832 2056 meniis
841 2037 910 2066 pra:-

112 2071 192 2099 Cipue
201 2074 281 2102 penes
292 2067 456 2096 Macedones
464 2067 574 2097 ultimus
585 2065 651 2097 anni
663 2068 791 2107 periodus
801 2087 809 2095 .

72 2102 265 2134 HYPERDULIA
277 2126 284 2133 .
309 2107 382 2135 Vide
404 2109 494 2137 Dulia
503 2128 511 2135 .

73 2143 272 2175 Hrprnmox
285 2167 292 2179 ‚
315 2147 460 2186 ὐπερπυρον
470 2171 478 2181 ,
488 2159 610 2178 monetae
621 2160 707 2189 gemis
715 2171 724 2178 .
750 2149 856 2185 [Dotis
865 2160 911 2179 au-

113 2192 171 2228 tem·
182 2189 317 2224 quantitas
327 2198 386 2216 erat
395 2188 425 2216 in
434 2199 546 2218 centum
557 2190 676 2219 millibus
686 2190 909 2229 hyperpytotum

111 2223 314 2269 mlh-ponderis
324 2250 332 2261 ,
353 2229 477 2268 exceptis
487 2230 582 2259 decem
592 2230 652 2259 aliis
663 2230 782 2266 ejusdem
793 2241 910 2260 monet-e

109 2264 231 2295 millibus
239 2288 246 2295 .
258 2269 362 2298 Guliel.
375 2271 475 2305 Tyrius
485 2271 519 2299 de
528 2273 607 2300 Bello
615 2272 668 2300 Sac-
681 2272 744 2301 lib-1
753 2276 778 2300 8.
787 2282 861 2312 capa
870 2274 910 2303 8.]

110 2315 170 2344 quae
183 2319 239 2337 vox
259 2309 287 2337 in
300 2311 432 2348 primaeva
449 2314 505 2346 ejus
514 2312 715 2353 significatione
736 2313 816 2343 valde
839 2313 912 2353 igni-

110 2355 168 2376 tum
179 2349 296 2380 denotat
304 2372 315 2378 ,

964 2027 1124 2055 vocabulum
1132 2025 1206 2053 inter
1214 2025 1314 2053 latinos
1325 2047 1333 2058 ,
1353 2028 1381 2053 δι
1391 2034 1495 2063 graecos
1505 2026 1594 2053 Patres
1603 2023 1673 2051 olim
1681 2023 1762 2052 alter-

966 2077 1055 2096 catum
1066 2066 1151 2095 fuerat
1161 2087 1169 2098 ‚
1192 2075 1338 2094 renuentes
1348 2064 1426 2094 latini
1439 2075 1493 2094 tres
1510 2063 1668 2103 hypostases
1679 2065 1709 2092 in
1718 2063 1760 2092 di-

968 2108 1040 2136 vinis
1050 2107 1195 2136 admittere
1204 2127 1212 2139 ,
1235 2106 1419 2139 existimantes
1429 2128 1438 2139 ,
1461 2111 1511 2139 (ut
1522 2105 1561 2134 ait
1571 2105 1738 2144 Augustinus
1750 2128 1758 2139 ‚

968 2149 1014 2177 lib.
1024 2160 1051 2181 7.
1068 2148 1102 2176 de
1111 2147 1212 2176 Trinit.
1221 2157 1275 2185 cap.
1289 2152 1313 2177 8.
1323 2151 1349 2176 ὃς
1359 2159 1386 2184 9.
1399 2151 1412 2179 >
1429 2147 1504 2186 quod
1514 2144 1567 2174 hoc
1587 2156 1692 2175 nomen
1700 2145 1760 2174 sub-

968 2189 1094 2218 stantiam
1102 2187 1264 2226 significaret
1276 2209 1284 2221 ‚
1306 2189 1369 2227 quia
1378 2189 1409 2216 in
1421 2189 1485 2217 Deo
1495 2197 1577 2216 unam
1588 2197 1690 2216 tantum
1700 2186 1759 2214 sub-

967 2228 1092 2258 stantiam
1105 2228 1171 2256 fides
1180 2227 1231 2256 esse
1241 2228 1322 2257 docet
1334 2250 1342 2261 ,
1361 2229 1396 2257 de
1405 2229 1626 2268 quthatinorum
1635 2227 1760 2256 reniten-

969 2270 1005 2298 tia
1016 2270 1050 2298 :id
1071 2267 1214 2298 Eusebium
1223 2269 1257 2297 fic
1269 2292 1276 2303 ‚
1295 2280 1336 2308 ep.
1351 2280 1394 2298 io.
1411 2269 1574 2308 conquestus
1584 2268 1621 2296 est
1639 2269 1676 2296 D.
1689 2266 1761 2295 Basi-

967 2311 1028 2341 lius:
1044 2316 1056 2345 [
1067 2311 1154 2345 Quale
1165 2309 1242 2338 nobis
1249 2311 1380 2339 auxilium
1391 2311 1421 2339 ab
1430 2309 1658 2340 occidentalium
1668 2306 1762 2346 super-

967 2352 1033 2380 cilio
1043 2372 1052 2385 ,
1074 2354 1102 2380 &
1113 2349 1179 2383 fastu
1188 2350 1276 2384 aderit
1285 2373 1295 2386 ‚
1313 2352 1360 2391 qui
1373 2352 1520 2382 veritatem
1540 2358 1628 2389 neque
1636 2357 1741 2379 norunt
1752 2369 1762 2382 ,

1678 2398 1728 2421 ne-
