1866 2526
683 7 689 12 .
727 17 792 37 ἴῃ..

436 45 554 89 AD

40 126 44 129 ⁴
77 108 192 152 gnificat
203 104 406 146 nggmss'ionem
419 125 428 138 ,
447 103 546 132 fastam
560 103 589 132 iii
600 100 694 143 aliquo
713 101 777 131 vico
787 122 796 135 ‚
816 101 834 129 l.
853 99 872 130 ss

76 150 203 182 homines
214 169 223 181 ,
240 152 271 178 ὃς
281 147 319 176 ibi
329 144 409 176 Glos.
419 145 454 175 dc
463 143 639 184 aggressione
658 146 688 173 in
702 144 776 173 Vico
786 141 854 171 saeta
863 162 872 175 ,

76 191 135 221 &L
146 190 263 219 relatum
274 210 284 222 ‚
294 186 357 216 eod.
366 187 415 215 tit.

38 231 217 262 autumus
229 251 236 262 ,
255 228 290 258 de
310 227 413 257 familia
441 224 529 254 nobili
539 247 548 259 ,
567 225 652 254 distic
671 222 852 264 longobarda
863 242 871 250 .

82 278 95 308 [
106 274 215 302 Omnes
226 272 317 309 Reges
328 268 371 297 illi
383 267 490 296 fuerunt
502 266 638 305 Adelingi
651 287 658 298 ,
677 265 745 294 idest
755 286 764 298 ‚
775 265 811 294 de
821 273 873 292 no-

77 313 128 342 bili
138 309 263 351 prosapia
276 331 282 342 ,
293 319 353 348 quae
363 308 435 347 apud
447 307 510 335 illos
521 306 624 334 dicitur
634 306 775 344 Adclinga
785 326 792 333 .
811 306 871 333 Go—

77 353 182 383 tosred.
197 351 306 380 Virerb.
319 351 349 378 in
359 348 470 378 Chron.
482 349 495 379 ]
509 350 534 376 A
547 348 679 376 Saxonica
690 356 758 376 voce
769 345 850 375 Aden
862 365 870 377 ,

79 393 150 423 idest
159 415 167 427 ‚
191 391 293 421 nobilis
302 413 310 424 ,
331 393 359 419 &
379 392 448 426 Ling
458 409 467 421 ,
488 387 581 426 imago
591 409 600 420 ,
618 387 663 416 seu
684 386 755 416 filius
765 407 772 414 .
785 387 871 429 [Rex

78 444 147 463 vero
159 432 320 462 Edovardus
330 429 470 468 Edgarum
490 427 577 457 filium
586 438 682 457 eorum
702 426 793 456 secum
803 435 871 454 teti-

79 475 140 504 nuit
151 496 159 507 ,
172 477 201 504 &
211 473 274 512 quia
286 471 427 510 cogitabat
437 468 577 497 haeredem
586 478 647 497 euin
662 468 749 497 facere
760 489 768 500 ,
781 466 871 495 nomi-

79 515 159 544 navit
168 514 291 551 Adelmg
301 534 309 546 ,
328 521 410 550 quem
423 520 473 538 nos
484 508 599 537 dicimus
609 508 799 537 Domicellum
809 527 816 535 .
836 508 871 535 In

81 555 185 595 legibus
194 555 220 583 S.
231 553 361 583 Odoardi
374 550 461 589 Regis
472 571 480 582 ,
492 552 519 577 8(
531 548 669 578 Cous-M.
681 550 707 578 S.

40 598 224 626 Anamari-0
237 615 244 626 ‚
255 592 399 622 manifesto
408 615 416 625 ,
426 589 472 618 seu
483 591 638 629 promulgo.
651 588 871 632 Exemplar-Do-

76 635 228 665 ·minationi
238 634 334 663 vestrae
349 631 509 662 transmitto
519 651 528 663 ‚
551 641 581 658 ut
592 631 706 666 jubeatis
729 638 826 658 venire
839 628 870 656 fi-

79 677 155 705 deles
165 675 269 704 vestms
282 695 289 707 ,
300 675 424 702 dicentes
435 692 442 704 ‚
454 671 518 710 quia
528 671 566 699 eis
576 670 758 710 adcognitare
769 669 853 699 vultis
863 689 870 696 .

79 718 217 745 Hincmar
227 736 234 743 .
246 716 274 743 in
284 713 418 753 epistol.]

38 759 227 787 'Anni-nun
237 776 247 788 ‚
268 756 422 784 fraternitas
430 774 438 785 ,
458 751 490 780 ab
499 751 624 790 α’ἒελφὸς
633 774 640 785 ,
660 761 750 796 {352oe
768 750 852 779 frater
864 770 870 776 .

926 101 1074 132 Dominici
1083 102 1188 131 devote
1198 98 1359 130 observatur
1368 110 1376 130 5
1389 99 1480 128 statim
1491 101 1568 131 enim
1577 113 1606 132 ac
1615 104 1716 133 electus

927 143 965 172 est
984 153 1081 172 eorum
1089 141 1235 172 Generalis
1246 162 1254 173 ,
1273 140 1340 169 dum
1359 139 1432 169 suam
1443 141 1634 179 poss‘effionem
1642 144 1717 182 capit

926 184 959 212 -in
966 183 1085 213 seffione
1096 185 1152 220 ejus
1163 181 1234 210 stalli
1244 181 1277 210 ad
1289 180 1417 210 Chorum
1427 204 1435 216 ‚
1454 192 1551 211 omnes
1570 185 1652 221 pedes
1661 188 1717 221 ejus

927 223 1103 254 osculantur:
1128 224 1184 257 llll:
1202 223 1248 251 De
1265 220 1318 250 hoc
1327 221 1518 262 mtiquiffimo
1536 223 1591 252 ritu
1601 223 1716 253 habetur

926 265 1009 294 etiam
1021 266 1051 294 in
1060 263 1160 294 aftibus
1170 264 1196 292 S.
1207 261 1333 291 Susaunae
1343 264 1383 291 M.
1391 263 1439 292 ubi
1456 264 1547 303 agitur
1567 265 1601 293 de
1610 266 1717 295 adven-

928 316 957 335 tu
968 305 1095 339 Maximi,
1105 304 1148 333 his
1160 303 1268 332 verbis:
1283 309 1296 339 [
1307 304 1362 340 Qui
1373 303 1500 333 osculatis
1511 306 1573 340 Caji
1585 306 1697 344 pedibus
1707 326 1718 338 ,

926 347 962 376 de
981 346 1100 376 Susanna
1117 344 1225 384 aperuit
1248 344 1423 374 Diocletiani
1440 345 1591 374 concilium
1603 366 1610 374 .
1632 349 1643 378 1
1657 348 1717 375 Nec

927 397 982 426 prae
1002 386 1125 425 superbia
1143 391 1196 420 (ut
1207 385 1412 414 calumniantur.
1427 387 1609 419 Now-atores)
1623 396 1718 416 verum

926 427 1093 457 humi-litatis
1101 426 1176 455 causa
1188 425 1315 464 figuratas
1323 436 1414 455 cruces
1425 426 1454 455 in
1463 428 1717 458 calceamentisRo-

924 469 999 497 niani
1019 467 1168 498 Pontifices
1183 476 1285 506 gerunt
1296 488 1304 500 ,
1333 477 1363 496 ut
1373 488 1380 499 ,
1402 467 1534 496 nimirum
1544 490 1552 502 ‚
1569 468 1718 498 advertan-

927 519 972 537 tur
992 507 1147 538 Christiani
1159 530 1168 541 ,
1187 518 1246 536 non
1263 507 1440 537 Pontificales
1457 509 1540 547 pedes
1557 519 1685 538 venerari
1707 531 1719 544 0

924 548 972 577 sed
983 549 1153 578 salutiferum
1163 548 1234 577 iliud
1245 548 1350 587 [ignum
1361 561 1367 577 :
1386 548 1420 577 de
1434 559 1489 587 quo
1499 549 1546 578 usu
1559 549 1719 578 inveterato

925 600 1004 628 agam
1012 589 1132 619 diffusius
1141 589 1173 618 in
1192 589 1276 617 verbo
1284 590 1420 618 sandalia
1432 593 1438 621 ζ
1460 590 1551 628 ibique
1571 590 1717 620 curioiiffi-

927 640 1000 659 mam
1011 653 1019 664 ‚
1036 642 1067 659 ac
1087 628 1305 670 antiquissimam
1325 629 1403 668 liujus
1421 631 1530 669 generis
1543 631 1658 671 figuram
1669 632 1719 660 de-

925 671 1081 700 monstrabo
1093 692 1100 699 .

885 712 1012 742 Anaoc.
1032 712 1064 740 in
1084 711 1206 750 antiquis
1227 711 1379 741 Codicibus
1399 723 1450 751 pro
1471 714 1574 742 Adhuc
1591 713 1719 752 saepein-

928 753 1057 781 venitur.
1084 752 1192 789 [Quod
1203 753 1279 780 enim
1297 752 1384 782 adhuc
1403 755 1435 783 iis
1454 754 1514 791 post
1534 764 1611 783 tanta
1623 756 1718 785 funera

79 804 93 832 [
104 798 128 826 Ii
140 796 215 824 enim
225 805 322 824 omnes
332 796 417 824 etiam
436 792 562 822 fruentur
572 792 661 822 rursus
680 803 712 820 iis
723 814 730 824 ,
751 790 871 830 quaesibi
923 801 971 821 tua
988 792 1167 831 superbiens:
1189 793 1299 822 Lucifer
1315 794 1435 823 Caralit.
1454 794 1502 822 lib.
1524 807 1549 827 2¹-
1571 796 1606 823 de
1617 798 1719 836 Regib.

76 837 176 866 adsunt
186 858 194 869 ‚
215 836 383 874 praesesturis
394 857 402 868 ,
413 839 442 864 6<
450 835 615 862 oeconomiis
625 855 632 866 ,
652 838 680 862 ἀ
689 832 848 862 ministeriis
862 851 870 862 ,

77 888 106 906 ac
117 877 272 906 muneribus
283 899 292 911 ‚
311 881 339 906 ὃ(
349 877 454 905 officiis
465 896 473 907 ,
493 884 552 912 quae
563 875 610 903 illa
620 874 717 903 adsunt
730 895 737 905 ,
759 883 818 911 quae
829 873 872 901 di·
885 876 1142 903 AmtoGAtiznrim
1152 895 1160 902 .
1185 876 1242 904 PR.
1263 875 1350 904 diftio
1372 875 1554 915 Longobarda

78 928 180 947 cuntur
189 917 354 956 adelphata⁴
374 916 489 946 Balsem.
501 926 562 943 can.
582 926 629 953 37.
640 916 669 943 in
686 915 763 958 Trul.
779 916 791 945 ]
812 915 870 957 Re-

76 960 216 988 centiores
225 959 318 988 Graeci
333 958 579 997 congregationes
589 977 597 988 ‚
608 960 634 984 ὃ(
646 957 872 998 Contraternita-

78 1010 119 1029 tes
138 999 306 1028 saeciilarium
324 1000 502 1036 Adelphaton
525 1007 645 1025 vocent.
665 998 700 1024 In
719 996 872 1038 donatione

81 1051 117 1068 m.
127 1050 146 1067 s.
159 1040 225 1067 saeta
237 1039 407 1067 Monasterio
426 1038 569 1067 Catinensi
586 1048 600 1064 a
609 1037 736 1066 Tertullo
748 1058 755 1068 ‚
776 1036 820 1063 ubi
840 1035 872 1063 fit

928 834 1055 872 Apostat.
1067 837 1079 866 ]
1574 898 1582 910 ‚
1613 877 1718 917 fignifi,

922 925 970 942 icat
988 915 1178 953 personalem,
1201 926 1247 944 aut
1279 917 1380 945 realem
1401 918 1621 957 obligationem.
1647 919 1718 948 Bull.

925 956 1020 984 Cafin.
1043 966 1112 985 tom.
1137 969 1163 985 2.
1553 970 1578 987 2.
1603 960 1718 988 Dicitur

1189 956 1276 985 const.
1304 969 1366 990 ¹77·
1400 969 1467 996 239.
1500 969 1529 986 n.

929 997 1012 1024 etiam
1032 998 1281 1031 Adhoamentum‚
1304 998 1371 1027 ibid.
1394 999 1480 1028 const.
1508 1009 1573 1031 172.
1597 1010 1624 1028 n.
1651 1010 1676 1035 5.

888 1040 1013 1065 Aimon-
1037 1037 1111 1066 Vide
1132 1038 1271 1066 Adonidis
1292 1040 1419 1076 plandici-
1433 1060 1440 1067 .

79 1081 186 1108 mentio
205 1080 239 1106 de
258 1082 313 1114 ejus
331 1078 415 1107 fratre
434 1078 565 1106 Faustino
578 1098 584 1109 ‚
615 1076 673 1104 haec
701 1077 836 1105 habentur
857 1089 862 1104 ι
878 1079 1092 1117 ιΑυιΑΡΗοκωι
1104 1101 1111 1111 ,
1134 1089 1222 1117 graeca
1234 1089 1289 1107 vox
1302 1076 1469 1118 Α’«ἰὶιτῖφιιρονι
1489 1090 1531 1108 res
1540 1081 1574 1108 ad
1584 1074 1688 1110 bonum
1700 1104 1710 1116 ‚

81 1127 94 1156 [
106 1121 173 1149 Una
184 1130 244 1148 cuni
257 1118 382 1147 Faustino
393 1118 486 1147 nostro
496 1129 528 1146 ex
540 1116 659 1155 adelpho
670 1116 827 1145 charissimo
837 1137 844 1143 .
858 1119 870 1148 ]

40 1164 207 1191 ΑυειΗΑκι
218 1181 224 1186 .
238 1160 310 1187 Vide
322 1159 446 1187 Euchm
459 1178 466 1185 .
477 1164 633 1187 precatores
644 1178 651 1185 .

38 1206 204 1233 Amsxnito
215 1221 223 1232 ‚
233 1199 333 1227 afl'oci'o
344 1220 351 1230 ,
362 1203 389 1227 ὅ(
400 1200 433 1227 ad
445 1199 591 1226 dexteram
601 1198 716 1234 alicujus
727 1198 806 1226 simul
817 1207 850 1225 eo
863 1218 870 1229 ‚

77 1242 176 1279 dequo
188 1241 271 1268 verbo
288 1238 401 1277 saepein
411 1238 463 1267 suo
485 1238 684 1268 Caeremoniali
705 1248 740 1266 m.
761 1250 780 1266 s.
792 1240 870 1267 Cen-

78 1282 134 1310 cius
143 1283 274 1311 Camerar
284 1301 290 1307 .
301 1284 328 1308 δ(
338 1280 541 1308 Adextratcres
553 1302 561 1313 ‚
574 1280 646 1309 idem
658 1279 777 1318 appellat
789 1281 874 1319 Papa-

79 1323 113 1351 lis
123 1323 216 1351 Mirrae
226 1322 364 1350 delatores
377 1343 383 1353 ,
408 1322 471 1360 quia
482 1321 529 1360 ipsi
541 1322 573 1349 :d
583 1323 662 1358 Papae
674 1321 819 1349 dexteram
830 1323 873 1350 in-

78 1363 212 1392 cedebant
223 1385 231 1395 ,
249 1362 359 1402 quando
369 1362 511 1400 equitabat
521 1362 554 1390 ad
567 1362 732 1391 visitandam
752 1362 873 1401 aliquam

79 1405 234 1433 Eccleliarn.
246 1403 449 1442 Reperiebatur
455 1404 539 1432 ctiam
548 1404 787 1433 Aa'extrariorum
796 1406 874 1434 Scho-

78 1445 109 1473 la
119 1465 126 1471 .
139 1445 212 1473 Vide
222 1450 348 1475 Dextera
359 1465 365 1472 .
378 1449 500 1475 Dextera
511 1466 518 1472 .

41 1486 202 1515 Annum>
212 1507 220 1518 ‚
230 1490 257 1515 δε
268 1485 442 1523 Adfatimus
455 1508 462 1515 .
475 1488 548 1516 Vide
560 1485 712 1524 Afatomia
723 1507 730 1514 .

43 1528 260 1556 ADGENJCULOR
272 1549 280 1559 ,
298 1529 470 1564 genufleftor
479 1549 486 1555 .
511 1533 524 1563 [
537 1527 708 1562 presbyteris
727 1526 844 1555 advolvi
864 1549 871 1559 ,

82 1564 170 1592 charis
181 1567 235 1594 Dei
246 1567 449 1606 adgeniculari.
470 1572 545 1597 Tert.
557 1578 580 1595 c.
599 1573 630 1604 9.
650 1569 684 1596 de
694 1567 794 1606 poenit.
805 1570 818 1599 ]
831 1571 873 1596 En

81 1616 164 1643 quam
184 1606 276 1634 insana
295 1608 328 1636 sit
338 1608 542 1637 Haereticorum
562 1609 650 1637 nostri
662 1609 794 1647 temporis
814 1608 873 1637 sub-

928 1118 973 1146 vel
985 1119 1019 1146 ad
1031 1119 1133 1147 malum
1143 1118 1318 1151 indifferens,
1340 1128 1369 1147 ut
1389 1118 1452 1147 sum
1471 1119 1580 1150 divitiae
1593 1142 1600 1149 .
1625 1123 1720 1159 [Quae

927 1157 1096 1187 extrinsecus
1125 1160 1198 1192 lint,
1221 1164 1249 1188 δ(
1270 1158 1450 1197 Philosophis
1470 1171 1588 1200 quoque
1616 1163 1718 1192 Mundi

928 1198 1076 1237 adiaphora
1088 1220 1094 1227 .
1118 1200 1228 1228 Sanetus
1250 1201 1442 1235 Hieronymus
1454 1222 1462 1234 ‚
1486 1201 1564 1239 epist.
1575 1213 1624 1240 34.

889 1241 1067 1273 AnJocnrio
1077 1263 1084 1273 ,
1096 1241 1205 1274 jocandi
1215 1242 1287 1269 aftus
1298 1263 1305 1273 ‚
1325 1241 1393 1270 lusio
1403 1262 1410 1269 .
1433 1245 1492 1276 [Et
1501 1241 1599 1281 plaufis
1611 1265 1620 1277 ‚
1630 1247 1658 1273 δ(
1670 1244 1719 1273 ad-

927 1281 1136 1317 jocationecum
1146 1282 1254 1320 pueris,
1279 1282 1430 1315 vexillum,
1450 1283 1594 1322 &dignum
1617 1295 1720 1322 puero-

930 1332 989 1350 rum
1008 1322 1160 1360 arripiens,
1189 1323 1404 1359 jucundabatur.
1427 1324 1463 1351 In
1486 1324 1544 1352 vita
1566 1325 1593 1353 S.
1616 1325 1716 1354 Caroli

929 1363 1053 1391 Comitis
1064 1383 1071 1390 .
1091 1366 1104 1396 ]

893 1406 1031 1434 Animum
1043 1427 1050 1438 ,
1075 1404 1245 1442 injudiciiim
1263 1405 1296 1434 ad
1308 1405 1452 1444 praefixum
1472 1405 1546 1435 diem
1559 1417 1630 1436 voco
1640 1429 1647 1440 ,
1666 1406 1716 1436 seu

930 1446 1032 1475 intimo
1043 1468 1049 1478 ‚
1074 1457 1106 1474 ex
1120 1457 1174 1485 quo
1184 1447 1328 1475 derivatur
1338 1457 1440 1475 nomen
1461 1448 1634 1477 adiurnatus
1645 1470 1653 1481 ‚
1673 1448 1719 1476 id-

933 1487 971 1515 est
982 1509 990 1520 ‚
1009 1487 1108 1516 citatus
1119 1489 1152 1516 ad
1163 1488 1237 1516 diem
1247 1491 1299 1516 &c.
1320 1487 1372 1515 hoc
1383 1498 1396 1516 a
1408 1499 1475 1516 voce
1484 1488 1582 1527 gallica
1605 1489 1720 1518 adiour-

930 1538 978 1556 ner
987 1527 1139 1556 desumitur
1163 1531 1239 1563 [Pro
1258 1529 1345 1556 nimia
1368 1529 1565 1557 reclamatione
1576 1551 1584 1563 ‚
1604 1539 1666 1568 quae
1683 1530 1720 1559 ad

932 1579 980 1597 nos
991 1569 1069 1596 venit
1079 1570 1113 1597 de
1123 1568 1280 1598 hominibus
1291 1570 1483 1598 Ecclesiasticis
1493 1591 1500 1602 ,
1513 1569 1628 1608 quinon
1637 1580 1720 1600 erant

930 1610 1088 1643 adiurnati,
1101 1611 1132 1638 in
1142 1611 1307 1648 capsCaroli
1317 1611 1413 1649 Magni
1426 1631 1433 1642 ,
1453 1610 1499 1638 lib.
1515 1621 1537 1638 i.
1550 1620 1608 1649 cap.
1625 1621 1689 1647 15¹·
1702 1614 1718 1644 1

82 1645 230 1679 lennatio,
251 1648 298 1685 qui
308 1648 410 1676 nostras
420 1650 628 1687 genuflexiones
637 1650 670 1678 ad
687 1651 769 1688 pedes
787 1649 873 1679 Chri—
892 1651 1100 1679 Ammianus
1124 1651 1198 1680 Vide
1222 1652 1352 1679 Adiurno
1365 1671 1372 1677 .

82 1687 115 1715 sti
126 1688 230 1716 Vicarii
241 1687 377 1716 exhibitas
385 1688 513 1718 derident
525 1712 534 1723 ‚
545 1690 564 1718 si
575 1700 630 1718 tarn
643 1691 674 1719 ab
683 1691 802 1730 antiquo
813 1701 871 1719 om·
891 1693 1036 1719 Amiano
1046 1713 1054 1723 ‚
1084 1692 1113 1719 in
1140 1692 1274 1729 judicium
1305 1702 1374 1719 voco
1384 1712 1391 1723 ,
1414 1691 1448 1719 ad
1473 1690 1615 1730 agitandas
1635 1691 1699 1721 lites
1708 1713 1719 1722 .

82 1728 159 1756 nibus
170 1729 253 1757 etiam
265 1729 454 1758 Sacerdotibus
465 1731 584 1768 praestita
603 1731 689 1760 fuerat
699 1754 706 1765 ‚
727 1741 757 1759 ut
777 1742 810 1760 ex
832 1741 873 1760 re-

82 1768 149 1796 latis
159 1769 326 1797 Tertulliani
339 1771 428 1798 vcrbjs
439 1771 628 1800 manifestatur
638 1793 646 1805 ,
664 1772 751 1801 ubisit
763 1773 873 1802 mentio

81 1808 118 1838 de
127 1809 240 1847 publicis
252 1809 456 1840 Poenitentibus
468 1833 475 1844 ,
490 1813 535 1850 qui
548 1813 580 1841 ad
592 1813 716 1842 Eccleliae
730 1813 800 1842 fores
811 1835 818 1846 ,
840 1814 873 1842 ad

85 1850 263 1879 Sacerdotum
283 1851 365 1888 pedes
383 1852 587 1890 prostrabantur
597 1874 604 1880 .
625 1858 638 1888 [
649 1853 750 1883 Charis
761 1854 835 1887 Dei,
859 1857 870 1886 ]

86 1889 121 1917 de
132 1890 187 1918 illis
197 1913 205 1924 ‚
215 1890 320 1920 scilicet
331 1913 338 1924 ‚
359 1892 485 1932 loquitur
494 1895 681 1922 Tertullianus
691 1917 698 1927 ‚
719 1895 765 1933 qui
776 1895 807 1923 in
817 1905 873 1923 tor-

87 1931 188 1958 mentis
201 1931 484 1962 fidemChristianam
503 1934 615 1963 confesti
630 1935 739 1964 fuerant
751 1957 759 1968 ,
776 1939 804 1964 ὅ(
815 1947 873 1964 tan-

86 1980 168 2009 quam
187 1981 319 2007 martyres
328 1972 498 2003 habebantur
507 1997 515 2008 ‚
539 1976 573 2004 de
593 1976 688 2014 quibus
706 1978 733 2005 S.
753 1977 873 2015 Cypria-

85 2021 135 2038 nus
145 2032 153 2043 ,
167 2017 179 2046 [
189 2012 254 2040 Deo
263 2012 357 2042 charos
367 2015 452 2043 domo
461 2016 552 2054 privas
562 2038 571 2049 ,
583 2016 667 2055 Epist.
679 2017 711 2044 ad
722 2018 849 2045 Demetr.
860 2020 872 2049 ]

85 2051 195 2080 dixerat
204 2073 211 2079 .
223 2054 319 2092 Itaque
330 2055 364 2083 de
374 2056 558 2094 prostratione
570 2079 578 2090 ,
590 2067 671 2096 quam
682 2056 827 2086 exhibebat
837 2059 873 2087 D.

88 2091 249 2130 Epiphanio
260 2095 384 2132 populus,
396 2096 480 2125 refert
493 2098 530 2126 D.
543 2098 734 2133 Hieronymus
746 2110 752 2126 τ
767 2104 777 2133 [
789 2099 874 2127 Pedes

88 2132 250 2162 deosculans
262 2155 269 2166 ‚
288 2137 316 2162 &
327 2135 461 2165 fimbriam
471 2138 579 2166 vellens
589 2160 596 2171 ,
617 2139 646 2166 in
656 2138 741 2176 Epist.
753 2139 788 2167 ad
798 2141 875 2168 Pam-

87 2173 176 2202 mach.
190 2176 201 2205 ]
217 2176 272 2204 PR.
286 2175 397 2209 Quin&
409 2178 434 2205 S.
444 2180 490 2215 -Joz
503 2178 650 2213 Chrysost.
669 2178 769 2207 homil.
794 2190 836 2214 ¹4·
849 2180 876 2208 in

88 2214 168 2251 epist.
179 2214 212 2243 :id
223 2219 240 2244 '1
249 2213 348 2243 imoth.
368 2219 500 2255 populum
510 2219 543 2247 ad
553 2218 622 2248 hanc
642 2230 707 2258 erga
715 2219 876 2258 Religiosos

90 2255 277 2283 venerabilem
287 2254 489 2288 exhibitionem
497 2259 642 2288 hortatur:
663 2266 677 2295 [
691 2260 799 2289 Accede
812 2266 824 2294 (
835 2261 876 2288 in-

89 2294 208 2337 quiens)
229 2306 313 2335 tange
324 2295 412 2326 sacros
420 2300 520 2337 pedes5
534 2301 625 2339 ⁴longe
636 2301 710 2328 enirn
729 2300 877 2329 honorabi-

88 2335 137 2362 lius
147 2335 185 2363 est
197 2335 317 2365 illorum
327 2338 408 2376 pedes
418 2360 426 2371 ,
444 2350 525 2378 quam
543 2341 661 2369 aliorum
681 2351 762 2379 caput
781 2351 877 2381 tange-

78 2384 116 2404 πε
126 2395 133 2402 .
154 2378 167 2408 ]
180 2377 248 2405 Haec
260 2379 354 2407 eadem
363 2381 520 2410 reverentia
531 2391 544 2410 a
553 2381 676 2413 Patribus
694 2381 832 2412 vocalibus
851 2384 876 2413 S.

121 2418 317 2463 Hierolexicon
338 2424 432 2451 Macri
444 2442 450 2449 .

933 1737 943 1766 [
956 1736 996 1760 Eo
1009 1732 1082 1770 quod
1094 1742 1206 1770 propter
1224 1732 1430 1770 {implicitatezn
1446 1731 1522 1760 suam
1532 1754 1540 1765 ,
1558 1732 1648 1761 causas
1658 1732 1718 1762 suas

932 1772 1047 1800 minime
1057 1772 1139 1811 poffit
1151 1772 1298 1811 prosequi,
1317 1773 1361 1801 vel
1379 1772 1524 1801 admallare
1535 1794 1541 1801 .
1561 1773 1716 1812 Marculph.

932 1813 978 1841 lib.
1012 1825 1034 1841 1.
1065 1813 1205 1842 sormular.
1231 1824 1289 1852 cap.
1316 1824 1360 1841 21.
1382 1815 1393 1844 ]
1424 1814 1616 1851 Reperiuntur
1632 1815 1719 1843 etiam

937 1854 1019 1882 verba
1035 1855 1123 1883 Mallo
1136 1876 1142 1887 ,
1161 1857 1187 1882 ὅ(
1199 1853 1324 1884 Remallo
1335 1874 1342 1880 .
1363 1855 1436 1882 Item
1457 1854 1569 1882 nomina
1587 1856 1694 1884 Mallus
1708 1877 1716 1888 ,

931 1895 1006 1931 quod
1016 1895 1089 1923 locus
1096 1895 1193 1930 judicii
1204 1917 1212 1927 ,
1231 1898 1259 1923 ἃ
1270 1895 1419 1929 ΔίαίίεπΓω
1429 1916 1439 1929 ,
1457 1895 1533 1933 quod
1552 1895 1696 1934 litigantes
1706 1917 1716 1929 ,

927 1934 975 1963 seu
985 1935 1019 1964 ad
1037 1935 1172 1971 judicium
1181 1936 1279 1964 citatos
1298 1934 1453 1973 significant
1465 1956 1472 1963 .
1496 1941 1508 1970 [
1522 1937 1558 1964 Iri
1569 1936 1717 1965 crastinum

931 1987 998 2004 vero
1021 1976 1191 2005 milensibus
1212 1976 1334 2014 undique
1351 1974 1385 2002 ad
1401 1974 1539 2004 seniorem
1549 1977 1718 2005 confluenti-

930 2017 976 2044 bus
993 2017 1068 2051 jubct
1085 2027 1161 2044 reum
1181 2017 1294 2045 adduci.
1313 2017 1347 2044 In
1366 2015 1426 2045 vita
1435 2017 1462 2045 S.
1472 2017 1608 2050 Ges-aldi,
1629 2018 1676 2046 lib.
1693 2028 1717 2046 i.

931 2067 988 2095 cap.
1006 2068 1049 2093 ¹9·
1061 2060 1071 2089 ]
1086 2059 1173 2086 Refte
1184 2055 1328 2085 Mallenses
1340 2079 1348 2089 ‚
1359 2056 1405 2094 qui
1416 2057 1609 2087 obstinationis
1619 2058 1718 2087 mallio

934 2098 1117 2135 percutiendo
1129 2119 1136 2130 ,
1155 2101 1180 2126 δε
1192 2097 1219 2125 se
1230 2096 1302 2135 ipsos
1312 2119 1319 2129 ,
1331 2101 1358 2126 δ(
1369 2096 1536 2126 adversarios
1549 2097 1697 2127 offendunt
1709 2119 1716 2126 .

936 2140 962 2166 V
965 2139 1002 2166 id.
1013 2142 1117 2167 Vitium
1128 2138 1240 2174 litigiofi
1249 2159 1256 2164 .
1282 2140 1338 2166 FR-
1357 2141 1397 2166 Ex
1416 2139 1520 2178 legibus
1541 2139 1717 2178 Longobard.

933 2179 980 2206 lib.
992 2191 1017 2207 2.
1029 2179 1075 2206 tit.
1089 2178 1163 2213 52.1.
1179 2189 1200 2205 L.
1214 2190 1239 2205 2.
1250 2182 1277 2207 δ(
1289 2188 1316 2216 3.
1335 2179 1409 2207 Item
1419 2179 1463 2207 tit.
1478 2189 1523 2215 52.
1534 2179 1553 2207 l.
1570 2190 1612 2208 11.
1634 2180 1716 2214 [Ad-

935 2220 1025 2248 vocati
1038 2229 1133 2247 eorum
1152 2218 1180 2245 iri
1190 2219 1274 2247 mallo
1291 2219 1402 2257 publico
1421 2220 1454 2248 ad
1472 2219 1646 2258 praesentiam
1657 2222 1715 2249 Co-

933 2260 1008 2287 mitis
1019 2260 1134 2287 veniant
1144 2280 1152 2291 ,
1163 2262 1190 2286 ὃ(
1201 2259 1238 2286 ibi
1249 2259 1388 2298 legitimus
1397 2261 1530 2289 termimis
1541 2264 1593 2289 &c-
1605 2263 1616 2292 ]
1639 2262 1675 2289 Hi
1683 2272 1714 2289 ac

933 2301 1075 2332 Mallum,
1093 2303 1119 2327 ἃ
1139 2299 1280 2327 Placitum
1301 2300 1374 2328 idem
1391 2300 1510 2334 sonant,
1539 2311 1654 2338 nempe,
1674 2302 1715 2330 lo-

934 2350 995 2368 cum
1003 2340 1101 2380 giidicii
1111 2360 1117 2366 .
1138 2339 1244 2367 Ibidem
1254 2340 1300 2368 lib.
1316 2352 1362 2373 27·
1372 2341 1416 2369 iit.
1431 2346 1476 2376 56.
1488 2345 1516 2370 ὅ(
1536 2342 1554 2368 l.
1569 2351 1592 2369 i.
1611 2341 1656 2369 tit.
1668 2353 1718 2376 47.

936 2381 1063 2418 [Nullus
1073 2379 1106 2409 ad
1116 2379 1231 2409 Mallum
1241 2401 1250 2416 ,
1268 2382 1314 2411 vel
1324 2381 1357 2410 ad
1365 2382 1501 2411 Placitum
1511 2402 1520 2417 ,
1537 2384 1590 2411 ἃς.
1604 2383 1616 2413 1
1638 2382 1716 2452 Vide

1427 2423 1449 2452 B
1617 2423 1662 2450 Vo
1676 2440 1689 2446 -
