1866 2526
446 46 553 89 BA

50 110 212 140 Biannos
221 125 231 135 -
249 102 411 146 Religiosus
420 125 430 138 ,
452 103 499 144 qui
509 115 544 133 ex
556 101 684 134 instituto
701 104 806 133 barbam
825 112 877 132 nu-

91 148 150 179 trit.
161 153 175 184 t
185 148 278 176 Frater
287 146 401 186 quidam
411 156 445 174 ex
456 145 498 174 his
507 167 516 179 ,
529 155 598 185 quos
608 145 730 174 barbatos
740 145 856 174 dicimus
868 165 875 172 .

90 191 127 218 In
136 187 194 219 vita
212 189 239 218 S.
260 186 419 217 Erminoldi
428 206 436 214 .
457 189 470 218 ]
484 187 542 216 FR.
561 186 664 215 dicitur
673 185 759 214 etiam
780 185 859 214 miles
870 197 877 213 :

91 236 105 265 [
116 229 144 259 Si
155 228 215 268 quis
224 238 286 258 cum
297 226 432 257 militibus
443 248 453 260 ,
476 227 521 256 vel
531 226 648 265 privatis
658 226 773 255 barbatis
793 226 877 255 etiam

89 268 231 298 scelestam
239 269 336 298 inierit
346 267 494 298 factionem
506 289 514 301 ‚
524 278 583 296 can.
595 268 615 297 si
624 267 684 307 quis
694 288 703 301 ,
727 274 754 296 6.
766 277 812 306 qu.
828 278 851 296 i.
863 269 874 299 ]

91 315 119 342 δε
129 310 168 339 est
176 310 251 340 idern
259 320 289 338 ac
302 310 446 339 Barbatus
457 308 527 337 infra
538 328 546 336 .

48 352 256 381 flauminum
265 371 273 378 .
297 353 354 380 PR.
365 350 413 389 qui
424 350 530 379 barbam
541 348 627 378 rasam
639 347 746 378 ferunt:
761 354 773 384 [
784 347 876 377 Eccle-

90 392 188 421 siarum
198 392 280 430 plane
297 401 406 430 quoquc
417 392 549 420 Rcstorcs
561 412 569 423 ,
592 390 686 429 quibus
706 387 876 428 potissimum

88 432 168 470 hujus
178 433 219 461 rei
230 443 293 461 cura
303 430 435 460 debuisset
447 431 602 460 incumbere
611 451 620 463 ,
640 439 720 458 tanto
729 429 873 457 mundanae

91 473 241 513 vertiginis
259 473 384 512 quotidie
396 481 523 500 rotantur
541 469 659 509 impulsu
667 491 677 503 ‚
700 480 728 498 ut
739 480 785 498 eos
801 481 815 497 a
826 468 874 497 ἷκ-

87 515 222 544 cularibus
230 514 402 543 barbirasium
411 512 525 551 quidem
535 511 639 540 dividit
648 531 656 543 ‚
677 506 725 539 sed
734 510 806 538 aetio
818 520 874 538 non

88 553 226 584 discernit
237 576 245 588 ‚
257 566 304 583 nec
315 553 449 582 [terarum
462 554 630 581 meditantur
639 551 750 589 eloquia
758 549 874 589 scriptu-

90 605 181 624 rarum
193 618 201 629 ,
224 595 271 624 sed
279 594 346 623 scita
355 596 447 634 legum
457 615 465 626 ,
486 597 515 622 ὅ(
526 590 632 622 forense
643 591 767 631 litigium
778 611 786 619 .
798 594 873 621 Pctr.

89 637 279 665 Dam'mn.11'b.
295 647 317 664 i.
327 646 370 674 ep.
383 647 393 664 r
403 645 428 670 ς.

1225 45 1329 87 BA
1585 63 1691 110 103·

934 101 1019 143 Epist.
1033 104 1084 133 ult.
1093 102 1142 133 lib.
1152 104 1205 141 9.]
1217 104 1309 139 Quare
1317 101 1386 132 Itali
1396 107 1516 134 Barones
1538 114 1639 135 vocant
1649 116 1724 136 otio—

931 144 974 174 sos
983 166 992 178 ‚
1013 148 1042 173 δε
1054 145 1230 184 vagabundos
1239 163 1248 173 .
1269 144 1346 173 Item
1355 144 1458 173 Bardus
1476 145 1550 184 apud
1558 147 1655 176 Gallos
1675 157 1722 177 va-

932 196 973 214 tes
982 195 1039 214 erat
1050 206 1058 219 ,
1079 189 1108 214 &
1120 195 1200 225 poeta
1211 196 1217 214 :
1239 184 1313 214 unde
1322 186 1445 214 Lucanus
1454 186 1555 217 cecinit
1564 207 1572 216 .

971 226 1092 255 Plurima
1101 222 1188 255 securi
1201 225 1294 255 fudisti
1304 226 1425 255 carmina
1434 227 1515 256 Bardi
1527 247 1534 255 .

933 270 967 296 Et
977 267 1008 296 in
1016 267 1114 296 eodem
1125 265 1206 297 sensu
1213 266 1286 306 apud
1296 267 1448 297 Ami-‘inum
1457 267 1614 297 Marcellin.
1626 268 1672 297 lib.
1680 278 1688 296 i
1699 277 1723 303 5.

931 318 965 336 ex
976 307 1118 337 Athenaeo
1127 308 1174 337 lib.
1185 316 1212 338 6.
1234 307 1323 338 Unde
1335 318 1478 347 perperam
1496 309 1648 348 Calepinus
1657 308 1726 339 Phia

931 347 1062 387 iosophos
1073 349 1212 389 intelligit
1222 371 1230 378 .
1252 352 1326 380 Item
1338 349 1381 378 isti
1392 351 1486 379 Poetae
1497 371 1506 384 ‚
1528 351 1576 389 qui
1589 349 1671 379 sortia
1681 349 1725 378 vi-

931 399 1024 417 rorum
1035 389 1184 419 illustrium
1196 390 1263 420 faeta
1272 389 1392 419 heroicis
1401 389 1531 429 dispofita
1539 391 1703 420 carminibus
1719 412 1728 424 ,

932 440 994 458 cum
1003 430 1128 459 dulcibus
1138 431 1206 466 lyrae
1218 432 1337 461 modulis
1356 430 1538 460 decantabant
1548 453 1556 465 ,
1573 432 1658 460 etiam
1669 437 1725 461 Ba-

933 482 1008 499 rones
1029 471 1187 500 dicebantur
1198 493 1205 500 .
1234 479 1246 508 [
1257 472 1341 511 Apud
1359 474 1509 501 Petronem
1522 494 1530 505 ,
1556 476 1585 502 &
1603 473 1723 511 reliquos

931 513 1048 540 Barones
1059 522 1086 540 tc
1096 512 1128 541 in
1137 512 1254 543 maxima
1263 513 1352 552 gratia
1362 510 1438 552 posui
1451 534 1458 541 .
1480 514 1544 542 Cic.
1554 513 1588 542 ad
1599 513 1725 543 Atticum

932 551 978 579 lib.
991 560 1016 587 ς.
1040 555 1052 583 ]
1066 554 1163 592 Itaque
1171 554 1220 593 qui
1231 554 1406 583 laudabantur
1416 554 1583 583 carminibus
1593 554 1723 586 heroicis,

932 592 1016 621 etiam
1035 598 1150 623 Heroces
1161 615 1170 628 ‚
1192 599 1221 624 δι
1240 600 1359 624 Barones
1381 595 1451 624 disti
1468 593 1530 624 sunt
1542 617 1550 629 ‚
1573 599 1602 626 ὃς
1618 605 1724 624 nomen

932 632 1046 661 Baronis
1067 634 1161 664 nobile
1181 636 1266 664 evafit
1287 635 1389 664 deinde
1401 653 1409 663 ι

50 680 218 708 ΒΑκεοτΑ.
245 676 502 714 FR.navi'sgenus‚
524 673 564 702 ita
582 673 654 702 dista
673 674 704 702 ab
712 675 768 708 ejus
787 673 874 701 rostro
892 675 1037 702 Bituitus
1051 695 1058 706 ι
1080 678 1109 703 ἃ
1128 677 1241 705 Basilus
1253 698 1261 709 ‚
1283 676 1420 705 doliolum
1433 697 1441 709 ,
1463 675 1559 710 cadus,
1582 686 1627 705 vas
1646 676 1724 704 vina-

90 717 193 746 ferrato
202 737 210 745 .
235 723 247 752 [
258 719 369 756 Targias
378 716 476 744 multas
486 737 494 748 ‚
517 716 546 743 ἃ
555 715 644 753 galeas
655 724 716 742 cum
737 713 855 743 barbotis
866 735 873 747 ‚

88 762 118 786 ὃς
128 759 240 786 navibus
248 757 308 785 aliis
317 756 494 786 Christicolae
505 764 664 793 rapuerunt.
675 755 778 783 Matth.
788 753 873 784 Paris.

90 801 147 827 An.
162 809 171 826 i
179 808 247 834 219.

48 838 206 868 BAitiwrus
217 858 224 865 .
249 839 305 867 PR.
317 841 405 877 Eques
422 847 542 867 armatus·
551 857 560 869 ,
582 835 658 864 idem
682 846 712 864 ac
731 837 873 866 Barbatus

87 878 177 918 supra.
190 885 201 913 [
212 879 302 914 Quam
311 880 346 907 ob
357 889 415 907 rem
426 876 657 916 Archie'piscopus
666 878 802 914 Joannein
818 880 874 905 Au-

86 919 189 958 legium
201 920 404 948 Vicecomitem
414 930 475 948 cum
486 919 603 947 barbutis
612 927 735 956 quinque
794 918 875 946 llibus

85 966 101 994 (
111 960 146 989 fic
157 961 233 989 enim
245 970 311 990 tunc
323 962 391 989 bene
402 970 519 989 armatos
529 969 634 998 equites
642 960 767 996 appellab
805 969 814 987 t
825 963 836 991 )
847 958 876 986 in

89 1002 228 1029 Etruriam
235 1001 318 1029 milit.
330 1002 431 1030 Blond.
441 1001 535 1029 decad.
548 1012 574 1028 2.
586 1000 632 1027 lib.
648 1009 690 1027 10.
700 999 731 1028 in
741 1000 874 1028 Clemen-

933 715 1005 742 rium
1016 724 1050 742 ex
1062 714 1141 754 ligno
1152 728 1160 748 5
1171 717 1268 745 italice
1280 717 1376 746 Barile
1387 717 1490 746 dicitur
1501 737 1507 744 .
1532 717 1630 752 [Misit
1641 717 1722 745 baril-

932 756 972 783 los
982 754 1113 793 lapidibus
1123 778 1132 789 ,
1154 761 1183 786 &
1192 755 1320 786 sabulone
1331 758 1451 795 repletos
1462 778 1469 785 .
1493 756 1723 787 niat111.1³arii·.i11

933 796 1001 824 vitis
1020 796 1090 824 Abb·
1109 800 1121 829 ]
1145 800 1201 826 FR-
1225 803 1237 832 [
1249 797 1414 827 Monstravit
1433 798 1509 837 quod
1539 798 1564 826 ei
1585 798 1722 833 objectum

933 837 985 864 fuit
996 857 1003 868 ,
1026 836 1101 874 quod
1109 838 1139 866 in
1150 838 1267 867 Ecclelia
1275 839 1407 867 Deoven.
1417 839 1581 867 canonicum
1598 849 1657 867 non
1674 837 1723 866 ha-

931 875 1024 905 buisset
1036 877 1182 916 ingrestum
1194 900 1202 911 ‚
1222 879 1285 918 quia
1303 878 1465 917 promifisset
1482 879 1632 918 unicuique
1642 889 1722 917 paro-

932 917 1095 946 chianorum
1105 919 1227 958 quinque
1241 920 1350 948 bai-illos
1361 929 1421 949 vini
1432 921 1574 949 remittere
1584 942 1592 953 ‚
1604 930 1662 958 cap.
1677 931 1686 948 i
1694 931 1721 948 o.

933 959 966 986 de
977 959 1085 987 testibus
1095 981 1104 993 ‚
1126 964 1153 989 ὅ(
1164 960 1307 992 attestat.]
1328 963 1402 990 Item
1422 962 1551 1000 Baryllus
1561 961 1599 989 est
1622 960 1724 989 instru-

933 1009 1059 1028 mentum
1070 1000 1108 1028 lib
1114 1002 1244 1029 ratorium
1256 1011 1331 1039 aquae
1343 1021 1350 1028 .
1374 1001 1447 1030 Vide
1457 1003 1652 1041 Hydroscopion
1666 1021 1673 1028 .

90 1051 117 1068 tc
127 1043 198 1078 Papa
210 1043 263 1070 VI.
278 1043 290 1072 ]
304 1043 368 1074 Quo
380 1041 513 1070 vocabulo
522 1041 560 1068 uii
569 1039 631 1068 sunt
641 1040 743 1068 Coritis
754 1061 763 1073 ‚
785 1044 812 1069 δε
830 1041 875 1078 Jo.
893 1044 1047 1073 Bia-jon
1060 1060 1067 1068 .
1091 1043 1149 1071 FR-
1170 1042 1224 1071 hoc
1235 1043 1365 1070 vocabulo
1374 1053 1388 1070 a
1399 1041 1517 1071 Christo
1527 1042 1655 1071 Domino
1676 1051 1724 1079 ap-

38 1110 40 1112 ,
91 1082 221 1110 villanus
232 1102 239 1109 .
265 1082 339 1110 Vide
349 1083 534 1110 Barbaricum
546 1101 553 1107 .
576 1080 744 1110 Bardan‘otae
758 1101 766 1109 .

48 1124 220 1153 ancnicio.
232 1124 290 1150 PR.
301 1122 480 1161 tergiversor,
492 1132 525 1150 ex
538 1121 651 1149 Gallico
661 1122 796 1150 vocabulo
807 1127 876 1150 Bar-

85 1173 204 1200 gmgner
213 1184 221 1195 ,
244 1173 299 1200 quo
308 1163 446 1191 abundant
456 1162 594 1190 foeminae:
610 1165 621 1195 [
635 1160 707 1194 Quia
715 1165 742 1190 ἃ
752 1161 874 1190 foeuiinae

91 1203 248 1231 barcaniare
256 1201 348 1230 soient
361 1225 368 1231 .
379 1204 413 1231 In
424 1201 535 1231 constit.
547 1202 646 1230 Caroli
656 1201 752 1240 Magni
773 1203 818 1230 tit.
831 1207 876 1231 28.

49 1245 188 1276 ΒΑκςυε,
212 1246 240 1271 ὅ(
251 1248 357 1281 Bargus
368 1265 375 1271 .
398 1244 498 1272 Arbor.
511 1244 548 1271 In
558 1243 576 1270 i.
589 1242 675 1271 Salica
685 1251 731 1270 tit.
751 1249 800 1279 69.
812 1244 837 1275 §.
854 1254 876 1271 i.

934 1081 1048 1120 pellatus
1056 1081 1095 1109 est
1103 1084 1303 1121 Apostolorum
1313 1083 1445 1120 Princeps
1455 1102 1463 1110 .
1485 1082 1585 1111 Mattli.
1606 1092 1663 1120 cap.
1678 1089 1723 1110 16.

932 1121 1008 1160 quod
1019 1131 1121 1149 nomen
1130 1134 1163 1152 ex
1173 1124 1272 1152 duabus
1282 1123 1392 1152 vocibus
1403 1122 1563 1152 Chaldaicis
1578 1123 1722 1154 formatur,

935 1161 1068 1191 nimirum
1085 1172 1120 1191 ex
1136 1169 1193 1192 Bar
1205 1185 1213 1196 ,
1236 1163 1289 1191 hoc
1300 1163 1337 1192 est
1348 1185 1356 1196 ,
1379 1163 1451 1192 filius
1463 1185 1471 1196 ‚
1494 1167 1521 1192 δ(
1532 1174 1638 1197 Jauna,
1662 1165 1722 1193 Co-

933 1203 1040 1233 lumba5
1053 1203 1127 1231 unde
1140 1204 1171 1232 fit
1186 1210 1348 1239 Bar-janna
1357 1225 1365 1237 ‚
1384 1202 1490 1233 scilicet
1500 1225 1508 1237 ‚
1521 1204 1606 1232 Filius
1615 1204 1721 1233 colum-

933 1245 971 1272 bae
981 1263 989 1271 .
1012 1243 1087 1273 Vide
1105 1248 1267 1274 Trinomius
1278 1266 1285 1272 .

89 1285 179 1319 Quare
189 1284 274 1312 etiam
286 1294 357 1312 nunc
365 1295 396 1312 in
404 1285 485 1314 Italia
494 1283 597 1312 arbusta
607 1303 616 1316 ,
626 1286 655 1311 ὅ(
666 1283 798 1313 viridaria
807 1290 877 1314 Bar-
895 1286 1015 1313 Binum
1026 1305 1034 1317 ,
1056 1286 1168 1322 Apuliae
1180 1285 1270 1315 Civit.
1284 1284 1360 1314 Vide
1371 1288 1460 1314 Baira
1469 1305 1477 1313 .

89 1336 117 1353 co
129 1324 321 1363 appellantur.

47 1367 267 1400 BAizimuiorffi,
281 1366 385 1399 milites
394 1365 569 1397 Prxtoriani,
580 1374 670 1404 graete
678 1364 875 1404 Bupsxegfunffi

89 1416 207 1444 quorum
221 1406 375 1435 'Praefectus
396 1410 599 1445 Primi-virgins
621 1405 762 1434 dicebatur
771 1428 780 1439 ‚
812 1417 877 1445 quia

89 1447 200 1484 quando
213 1449 370 1485 Imperator
381 1448 537 1486 equitabat,
559 1448 589 1475 lii
610 1447 714 1474 milites
736 1447 828 1486 virgas
846 1458 876 1475 in

894 1327 1111 1354 Biummaccus
1126 1346 1133 1354 .
1159 1328 1216 1355 PR.
1238 1326 1326 1355 Canis
1343 1327 1482 1355 venaticus
1493 1347 1501 1359 ,
1518 1325 1618 1355 Italice
1637 1331 1723 1355 Brac-

935 1378 962 1394 co
970 1366 1088 1394 dicitur.
1113 1372 1125 1401 [
1145 1367 1201 1402 Qui
1219 1366 1355 1395 occiderit
1373 1377 1469 1396 Cincin
1487 1367 1701 1405 acceptoricium
1713 1389 1722 1400 ‚

936 1408 980 1435 vel
989 1407 1149 1436 bracconem
1161 1429 1169 1441 ‚
1191 1418 1272 1446 quem
1290 1408 1490 1436 barmbraccum
1500 1418 1600 1437 vocant
1613 1410 1642 1439 .]
1662 1407 1724 1436 Fri-

934 1446 994 1476 son.
1003 1448 1048 1475 tit.
1061 1459 1087 1482 4.
1098 1449 1124 1479 §.
1136 1460 1162 1486 3.

89 1487 209 1515 manibus
219 1487 339 1516 ferebant
349 1488 383 1516 ad
391 1489 538 1517 arcendum
551 1486 647 1527 populi
657 1496 792 1525 impetum
801 1500 809 1520 5
819 1489 875 1517 col·
894 1491 975 1517 BARo
986 1508 993 1515 .
1018 1488 1092 1517 Vide
1115 1489 1226 1518 Bardus
1237 1509 1246 1517 .
1269 1493 1445 1527 Catipanaus
1458 1511 1465 1522 ,
1487 1489 1615 1526 Sagibara
1624 1509 1631 1516 .

89 1526 187 1565 ligitur
198 1538 230 1555 ex
243 1529 350 1556 Iiidoro
362 1550 370 1560 ,
391 1532 465 1566 cujus
476 1539 567 1558 textus
577 1529 620 1557 his
633 1529 721 1556 verbis
733 1530 875 1568 corrigen—
895 1532 1104 1558 Banoxcnrus
1114 1550 1121 1557 .
1145 1532 1203 1559 FR.
1215 1530 1340 1564 Dynasta
1350 1551 1359 1564 ,
1380 1529 1452 1568 saepe
1472 1530 1505 1558 de
1524 1530 1575 1557 hoc
1589 1530 1672 1558 titulo
1695 1529 1724 1557 in

89 1566 137 1594 dus
147 1587 154 1594 .
180 1573 191 1602 [
203 1568 400 1606 l'rimivirgius
411 1569 548 1598 clavatus-s
554 1570 652 1608 ἵ(Ῑιεοά
663 1579 766 1606 primus
775 1572 813 1598 est
827 1571 878 1598 mi-

935 1570 1143 1608 Diplomatibus
1154 1570 1322 1599 Pontificum
1331 1591 1338 1598 .
1362 1571 1435 1600 Vide
1445 1574 1604 1607 Catipanus
1617 1590 1624 1596 .

89 1607 158 1635 litiae
171 1606 200 1635 in
212 1609 297 1646 virgis
306 1629 314 1634 .
337 1610 349 1640 ]
362 1611 418 1638 r-R.
431 1609 547 1639 Fortass'e
559 1611 643 1639 iidem
654 1619 732 1638 erant
746 1632 753 1643 ‚
774 1621 803 1639 ac
813 1614 878 1640 Bar—
897 1613 1032 1640 Eanum]
1044 1632 1052 1643 ,
1076 1611 1249 1649 itaappellati
1260 1610 1370 1639 fuerunt
1390 1610 1526 1649 Religioii
1538 1611 1700 1640 Carmelio:
1713 1631 1722 1643 ,

91 1647 149 1675 buti
157 1647 238 1685 supi-a
247 1649 276 1676 in
285 1649 350 1677 dic't.
361 1650 504 1679 Barbatus
514 1670 522 1678 .
545 1653 591 1680 De
601 1651 785 1689 Primivirgio
795 1672 802 1679 .
826 1655 877 1681 Vi-

88 1688 122 1716 de
132 1687 180 1716 suo
190 1689 252 1717 loco
261 1710 268 1716 .

50 1730 288 1758 BARui-saxisrffi
300 1750 306 1758 .
332 1732 388 1760 PR.
409 1731 543 1760 Haeretici
556 1752 564 1764 ‚
587 1742 600 1760 a
619 1730 771 1762 Bardcsane
799 1744 878 1763 antea

91 1770 226 1798 acerrimo
237 1770 302 1799 fidei
311 1770 456 1800 defensore
466 1793 474 1804 ,
495 1771 598 1800 deinde
610 1773 639 1800 in
651 1773 877 1804 Valentinianam

92 1809 216 1838 liaereiim
235 1810 330 1850 lapso,
353 1813 392 1840 ita
404 1813 595 1841 denominati.
618 1815 718 1842 Baton.
739 1817 794 1843 An.
811 1826 875 1853 ¹95-

92 1860 137 1878 nu.
153 1856 195 1878 16.
205 1855 233 1880 ὅ(
244 1851 321 1890 seqq.

51 1894 235 1923 BAiimvcuwi
247 1913 256 1924 ,
279 1892 328 1920 teli
338 1903 424 1932 genus
435 1913 443 1922 .
467 1893 601 1928 [Bafilius
619 1895 696 1923 enim
719 1895 878 1936 insequutus

94 1932 276 1970 imperatorio
295 1933 422 1963 barducio
435 1935 528 1972 petiit.
539 1935 662 1964 Cedren.

48 1973 170 2002 13:2st
183 1992 188 1999 .
203 1974 258 2002 PR.
269 1983 357 2012 graece
368 1973 482 2013 βραδῗις,
501 1976 592 2004 tardus
602 1997 612 2010 ,
631 1976 750 2015 inePtuS,
762 1978 856 2007 stultus
868 1999 876 2011 ,

91 2012 196 2042 otiosus
206 2035 214 2045 ‚
239 2015 410 2052 vagabundus
421 2036 428 2043 .
453 2022 464 2051 [
476 2017 570 2046 Nimis
578 2018 704 2046 audacem
718 2040 725 2051 ‚
738 2019 876 2058 nimisque

92 2053 214 2083 bardum.
226 2055 288 2083 Cic·-
298 2065 351 2093 pro
359 2056 480 2089 Cecim]
492 2057 605 2087 Dicitur
614 2059 700 2087 etiam
710 2061 877 2089 Bardmcus.

99 2094 220 2124 Maniai.
231 2095 277 2123 lib.
289 2107 316 2130 4.
326 2096 416 2135 epigr.
425 2108 444 2132 4

134 2134 203 2164 Laffi
216 2136 331 2164 bardiaci
345 2147 374 2165 os
385 2157 394 2170 ,
415 2138 491 2176 quod
500 2148 597 2168 evocat
606 2159 615 2168 .

94 2179 130 2205 Et
141 2177 270 2214 Juvenal.
280 2178 334 2206 Sat.
346 2188 374 2213 9.

134 2216 279 2246 Bardiacus
286 2218 370 2253 judex
380 2217 462 2259 datur
469 2218 640 2258 haecpunire
659 2220 768 2250 volenti
779 2223 818 2257 ²ll³

95 2258 132 2286 In
143 2255 223 2284 sensu
239 2268 433 2297 comparativo
442 2258 503 2288 usus
514 2262 552 2290 cst
561 2262 759 2290 Tertullianus.
771 2263 880 2297 [Pistor

935 1656 963 1680 «Sc
982 1662 1078 1679 corum
1090 1652 1262 1680 Coenobium
1274 1658 1458 1680 Barratorum
1476 1651 1583 1679 Pariiiis
1602 1661 1650 1689 per
1671 1651 1723 1679 ali-

936 1702 1004 1731 quot
1015 1702 1121 1731 tempus
1130 1693 1303 1720 nominatum
1314 1691 1364 1720 fuit
1376 1713 1384 1724 ,
1402 1691 1477 1730 quod
1489 1691 1596 1720 Gallice
1607 1697 1642 1720 Le
1654 1696 1725 1720 Con-

936 1742 1007 1761 vent
1017 1734 1062 1761 des
1072 1735 1175 1762 Barebs
1184 1733 1323 1761 dicebatur
1332 1754 1340 1765 ,
1361 1742 1420 1771 quae
1433 1732 1628 1760 denominatio
1636 1732 1726 1772 origi-

935 1784 1000 1801 nem
1007 1769 1106 1802 habuit
1114 1773 1168 1802 hoc
1180 1776 1257 1812 pacto
1267 1794 1274 1801 .
1287 1775 1362 1803 Cum
1372 1773 1515 1805 Saraceni,
1526 1783 1657 1811 occupata
1666 1775 1724 1810 jam

935 1817 1019 1843 Terra
1030 1815 1125 1843 Sanfta
1136 1836 1145 1848 ,
1164 1825 1277 1853 cappam
1286 1814 1432 1843 candidam
1447 1813 1490 1842 his
1500 1814 1647 1852 Religiofis
1657 1823 1722 1852 pro-

936 1854 1083 1884 hibuiss'cnt
1094 1876 1102 1888 ,
1113 1864 1176 1884 nam
1185 1857 1264 1884 color
1276 1855 1322 1883 hic
1334 1865 1384 1893 pro
1394 1854 1545 1882 nobilitatis
1559 1855 1637 1893 ligno
1646 1855 1722 1883 inter

936 1896 1000 1924 illos
1011 1895 1136 1927 habetur5
1148 1896 1235 1925 coacti
1254 1896 1317 1924 ideo
1336 1896 1409 1923 suere
1421 1895 1582 1924 Carmelitae
1595 1895 1721 1934 quaedam

937 1937 1022 1974 pallia
1033 1937 1172 1976 variegata
1183 1938 1217 1966 ad
1228 1935 1303 1965 usum
1315 1936 1492 1964 orientalium
1502 1934 1651 1970 deferre,&
1660 1946 1722 1965 cum

938 1977 988 2005 tali
998 1977 1133 2007 habitum
1144 1978 1318 2006 occidentem
1329 1976 1514 2014 demigrando
1524 1997 1532 2008 ,
1544 1980 1662 2005 Barrati
1672 1988 1720 2016 ap-

936 2018 1032 2056 pellati
1043 2017 1105 2046 sunt
1116 2040 1124 2051 ‚
1143 2018 1189 2047 ubi
1200 2017 1320 2057 procellii
1330 2017 1462 2054 temporis
1472 2017 1561 2045 albuin
1574 2017 1721 2047 indumen-

936 2069 995 2087 tum
1004 2058 1229 2097 reassiimpserunt
1239 2080 1247 2091 ,
1264 2058 1331 2086 teste
1340 2057 1500 2086 Tritliemio
1520 2058 1566 2086 lib.
1575 2059 1609 2086 de
1619 2059 1720 2088 laudib.

934 2101 1083 2129 Carmelit.
1093 2110 1152 2138 cap.
1164 2107 1190 2128 6.
1201 2109 1247 2138 qui
1258 2100 1398 2128 :iustorum
1408 2099 1575 2138 opinionem
1586 2121 1594 2132 ,
1606 2097 1720 2129 afferen-

935 2141 1005 2169 tium
1014 2141 1104 2169 :ilbum
1122 2141 1235 2179 pallium
1253 2141 1292 2168 eis
1310 2140 1341 2168 ab
1355 2141 1486 2168 Honorio
1495 2141 1548 2168 iv.
1568 2139 1722 2170 concessum

936 2181 1011 2210 fuiss'e
1022 2203 1030 2215 ‚
1050 2180 1184 2211 confutas
1198 2179 1304 2209 fortasse
1315 2190 1391 2209 error
1400 2180 1536 2211 invaserat
1550 2201 1557 2212 ,
1567 2181 1630 2219 quia
1642 2181 1721 2217 hujus

935 2222 1082 2251 Pontificis
1099 2220 1232 2251 consensu
1254 2220 1446 2260 reass'umptum
1464 2222 1552 2251 fuerat
1564 2222 1654 2251 album
1662 2224 1721 2261 pal-

933 2263 1002 2292 lium
1011 2283 1020 2291 .

93 2307 121 2326 te
132 2297 308 2328 bardiornon
318 2299 374 2328 est.
398 2299 515 2347 Advgr-s.
526 2303 659 2341 Hermog.
671 2305 684 2334 ]
697 2305 754 2332 PR.
763 2304 880 2332 Dicitur
894 2307 1053 2333 Manium
1065 2325 1074 2336 ‚
1095 2313 1185 2342 graece
1205 2299 1348 2342 szstor
1367 2324 1376 2336 ‚
1397 2302 1610 2331 instrumentum
1632 2302 1666 2331 ad
1687 2303 1721 2332 li-

91 2339 176 2367 etiam
185 2344 258 2367 Baro
268 2359 275 2367 .
298 2345 309 2374 [
320 2342 381 2369 Nos
390 2343 510 2370 barones
519 2347 654 2380 stupemus
663 2364 671 2371 .
690 2346 771 2373 Cice.
782 2344 829 2372 lib.
851 2356 878 2373 2.

934 2345 1048 2373 bundas
1069 2355 1166 2383 aquas.
1190 2345 1264 2372 Vide
1286 2344 1429 2373 Barillus.
1453 2345 1670 2383 Hydroscopion.

94 2379 127 2408 de
136 2380 265 2417 Finibus.
288 2381 342 2411 Illc
352 2381 416 2411 baro
424 2382 564 2422 reputabat
581 2384 774 2423 quaesiturum.
797 2385 878 2415 Idem
895 2388 1046 2421 Basiiiae,
1065 2394 1156 2424 graete
1177 2384 1323 2415 Βασιλέκα
1339 2405 1349 2418 ,
1377 2384 1442 2412 libri
1462 2393 1558 2422 regum
1566 2396 1581 2411 -‘
1600 2389 1612 2419 [
1632 2384 1724 2414 Habes

1374 2426 1403 2454 G
1446 2436 1464 2459 ο,
1627 2433 1683 2452 tet-
