1866 2526
473 19 579 65 PA

124 81 170 112 lib.
185 93 210 112 ι.
219 80 348 111 decretal.
361 78 395 109 de
407 79 578 114 auctoritate,
587 84 614 110 δ(
623 79 670 110 usu
680 80 745 120 pall.
756 90 815 110 can.
824 79 858 110 ad
867 79 918 110 ho—

123 133 220 153 norem
229 142 237 151 .
248 123 383 152 FR.N0n
391 121 479 159 potest
493 122 607 160 pallium
616 122 677 151 aliis
688 121 917 155 commodari‚lib.

127 174 152 192 r.
162 162 291 193 decretal.
300 162 344 190 tit.
357 166 383 191 8.
392 170 449 200 cap.
462 173 489 191 2.
498 163 559 191 Nec
569 162 616 191 uni
626 161 750 191 concess'o
761 184 769 196 ‚
782 161 918 202 intelligi-

123 213 169 232 tur
177 204 261 232 etiam
271 201 409 232 success‘ori
422 202 571 235 donatum5
590 201 636 231 sed
646 201 753 242 semper
765 213 852 232 novus
864 205 918 232 Ar-

122 243 313 283 chiepiscopus
322 243 402 272 debet
414 243 484 272 illud
495 244 630 282 postulare
640 254 654 272 a
663 244 731 274 Sede
740 243 900 283 Apostolica
910 264 916 271 .

122 287 220 314 Baton.
231 296 274 313 an.
286 293 353 322 432.
364 294 392 312 n.
403 296 431 321 9.
441 287 468 313 ἃ
480 284 535 313 Sac-
547 285 718 324 Congregat.
729 284 847 313 Rituum
857 304 866 316 ‚
890 295 916 318 4.

123 327 202 354 Mart.
219 332 292 354 1606
327 325 447 353 Blondus
456 324 550 353 decxd.
574 325 653 353 1.11b.
666 337 691 354 ι.
713 335 746 354 ex
757 324 916 366 testimonio

122 365 240 404 Agnelli
253 365 424 395 Ravennatis
440 364 560 401 ejusdem
580 365 704 394 Ecclefiae
726 365 833 403 antiqui
852 363 915 392 scri-

121 405 210 444 Ptoris
222 428 230 439 ,
249 405 309 435 haec
322 405 405 434 refert
415 420 423 435 :
444 411 455 441 [
467 406 592 435 Ornavit
603 406 814 434 Valentinianus
825 406 915 442 Impe-

121 456 195 476 rator
221 449 358 486 Joannem
377 446 543 486 Episcopum
559 447 752 475 Ravennaten.
771 444 857 484 pallio
882 454 913 472 ex

121 487 310 517 candidulam
322 487 458 520 confecto,
469 497 525 525 quo
537 485 608 516 solus
618 496 682 515 tunc
694 487 849 524 Imperator
858 493 915 512 ute-

121 538 196 558 retur
210 550 216 556 .
239 528 322 565 Quod
341 528 452 567 quidem
471 526 601 566 superbiae
611 527 784 556 incentivum
804 523 915 554 effecisse

123 569 248 597 videmus
261 593 267 602 ,
289 579 318 596 ut
328 567 454 607 Episcopi
467 570 642 597 Ravennates
651 577 691 595 eas
700 565 844 595 habuerint
853 574 914 593 cum

124 611 197 638 Pont
206 610 342 648 paritatis
351 608 547 637 contentiones
558 629 566 640 ‚
585 608 618 635 de
629 607 723 646 quibus
732 606 780 635 suo
790 615 913 644 tempore

121 649 242 678 dicemus
253 671 260 678 .
273 653 286 682 J
311 649 394 684 Quod
404 658 492 676 tmen
503 648 634 677 Batonius
654 657 735 686 negat
753 647 830 675 dieto
841 656 914 674 anno

122 700 155 728 43
165 702 190 719 ε..
202 700 326 727 num-91.
338 688 511 718 Ecclcfiastici
521 688 634 726 Imperii
646 689 782 716 Elcstores
793 688 811 716 st
822 697 913 715 carent

120 731 204 769 pallio
214 751 222 763 ,
233 741 290 759 non
300 728 408 768 possunt
417 729 537 768 eligere,
562 739 611 757 nec
622 727 779 757 consecrare
791 730 911 767 Impera-

119 779 209 799 torem
219 791 226 798 .
247 771 416 806 [Com-:idus
427 771 499 808 Imp.
511 774 562 798 διε.
581 771 629 809 qui
648 779 712 798 mox
731 769 763 798 ad
785 769 914 807 palatium

117 811 206 849 Aquis
218 811 342 843 veniens,
353 822 366 840 a
375 810 508 850 praedie‘to
518 811 661 840 Cardinali
672 816 750 845 (nam
760 809 914 839 Colonien.

117 851 261 890 fis‚quiid
273 851 359 881 facere
367 854 426 888 jure
437 851 566 880 debuerat
580 872 590 888 ‚
608 851 720 880 noviter
738 849 914 879 inthroniza-

117 900 160 920 tus
171 892 256 930 pallio
265 893 369 921 carebat
381 897 392 924 )
402 892 613 930 cooperantibus
621 892 796 924 Coloniensi,
808 895 836 920 ἃ
847 894 914 919 Tre-

119 933 222 962 virenfi
238 933 459 972 Archiepiscopis
470 942 531 961 cum
542 933 647 960 caeteris
658 932 801 971 Episcopis
819 933 848 960 in
859 933 915 960 Re-

118 983 182 1011 gem
200 975 314 1012 ungitur
327 994 333 1000 .
356 975 432 1003 Otto
453 973 605 1012 Frifingen.
625 973 708 1006 lib-7.
725 983 781 1011 cap.
801 984 847 1002 22.
859 984 865 1000 :
878 973 912 1005 ll:

117 1014 282 1042 Fuut‘tiones
292 1013 466 1052 Episcopales
477 1014 593 1042 minime
611 1024 739 1042 exercere
756 1013 845 1052 potest
863 1015 916 1041 Ar.

117 1053 305 1093 cliiepiscopus
315 1077 322 1087 ,
343 1064 489 1093 antequam
510 1055 626 1092 pallium
646 1054 774 1092 recipiat,
795 1064 853 1082 can.
865 1053 914 1081 nili

118 1093 242 1132 specialis
253 1116 261 1128 ,
273 1095 306 1123 de
317 1095 478 1123 auctoritate
495 1117 503 1128 ,
513 1099 540 1123 ὃ(
551 1093 598 1123 usu
609 1095 707 1133 pallii,
726 1105 785 1123 can.
796 1094 871 1133 quod
881 1094 911 1122 fi-

117 1144 175 1168 cut‚
186 1138 213 1164 ὃ(
225 1146 283 1163 can.
296 1134 429 1174 specialis,
440 1136 474 1164 de
482 1136 559 1164 elest.
573 1139 607 1164 Et
618 1135 672 1163 hoc
682 1135 768 1163 currit
780 1146 793 1164 a
803 1135 848 1163 die
858 1137 913 1170 ejus

115 1173 396 1208 consecrationis‚etfi
405 1178 460 1212 jam
472 1186 548 1204 antea
558 1176 589 1204 in
600 1175 767 1214 Episcopum
775 1175 839 1204 ess'et
848 1185 913 1203 con-

117 1215 234 1244 secratus
243 1239 250 1249 ‚
260 1227 274 1245 a
285 1217 331 1245 dic
342 1226 432 1244 tamen
441 1215 660 1245 confirmationis
671 1217 852 1255 intelligitur-5
866 1215 914 1244 ali-

117 1266 160 1284 ter
182 1256 212 1284 in
222 1267 315 1295 poenas
326 1257 400 1285 cadit
409 1278 416 1290 ‚
439 1254 499 1296 (με
521 1256 551 1284 in
560 1267 619 1285 can.
629 1258 761 1295 quoniam
771 1257 833 1285 dist.
850 1267 910 1285 ¹00.

120 1297 302 1326 continentur
311 1318 318 1325 .
331 1297 413 1332 Quod
425 1308 492 1326 vero
502 1297 636 1326 limitatur
647 1319 655 1330 ,
665 1299 775 1336 quando
787 1298 815 1325 in
826 1298 914 1326 aliena

115 1338 236 1366 Dioecefi
256 1348 385 1376 tanquam
395 1339 509 1377 fimplex
521 1337 668 1377 Episcopus
687 1348 797 1367 munera
807 1337 910 1377 cpiscor

117 1378 190 1416 palia
199 1378 233 1406 de
245 1379 356 1407 licentia
365 1379 514 1408 Ordinarii
526 1379 580 1407 loci
592 1389 718 1407 exercere
728 1380 813 1407 vellet
826 1399 832 1406 .
856 1383 913 1407 Au-

117 1420 205 1447 &orcs
214 1420 283 1457 apud
294 1419 462 1449 Mattliaeuni
481 1420 592 1447 Paulum
604 1422 725 1449 Leonem
738 1419 768 1448 in
781 1420 858 1448 trat‘l.
878 1419 912 1447 de

117 1459 289 1488 Auctor-itate
300 1482 307 1492 ‚
326 1463 353 1488 ὅ(
363 1459 411 1488 usu
424 1459 500 1498 pallii
510 1460 649 1488 pontificii
661 1482 668 1488 .
682 1460 739 1489 Ubi
750 1461 829 1488 etiam
838 1459 915 1488 susti-

119 1507 166 1526 net
179 1519 186 1530 ,
206 1500 280 1537 quod
292 1501 401 1537 quando
410 1500 587 1539 privilegium
597 1500 741 1529 deferendi
753 1500 865 1539 pallium
876 1500 914 1529 est

116 1538 206 1566 locale
217 1560 224 1571 ‚
245 1543 272 1568 ὃς
283 1550 340 1567 non
351 1540 494 1578 personale
505 1562 512 1573 ,
533 1550 571 1568 uti
582 1539 645 1569 sunt
655 1540 830 1580 Episcopatui
848 1552 915 1570 con-

117 1577 183 1606 cess'a
193 1600 200 1611 ,
211 1579 244 1608 de
254 1580 348 1618 quibus
359 1580 464 1618 aliquos
475 1590 676 1610 numeravimus
685 1581 764 1620 supra
776 1592 784 1611 ς
797 1580 827 1609 hi
839 1582 911 1610 enim

102 1617 222 1658 vpossent
242 1629 351 1648 numera
364 1619 534 1659 Episcopalia
543 1621 626 1651 libere
637 1633 764 1651 exercere
783 1631 846 1651 ante
865 1623 915 1651 ob-

119 1669 228 1688 tentum
239 1661 352 1699 pallium
365 1672 372 1692 5
393 1662 482 1700 itaque
492 1672 581 1700 poenae
601 1664 630 1691 in
648 1673 755 1691 canone
773 1673 912 1692 contentae

118 1699 208 1729 solum
223 1701 254 1729 in
263 1700 494 1740 Archiepiscopos
504 1724 511 1735 ,
521 1707 548 1732 δε
560 1704 627 1732 alios
636 1705 766 1732 primates
775 1704 892 1733 tendunt
905 1726 912 1738 ,

118 1741 234 1779 quinon
244 1742 364 1780 gaudent
375 1743 526 1782 privilegio
538 1744 617 1772 locali
628 1764 636 1771 .
653 1745 680 1773 Si
695 1745 807 1783 pallium
817 1745 913 1783 deper-

117 1781 147 1809 di
157 1781 310 1820 co'ntigerit
322 1803 329 1814 ,
354 1793 419 1811 runc
431 1783 662 1822 Archicpiscopus
679 1796 736 1814 non
748 1784 833 1824 poss'et
842 1796 876 1814 ex
886 1785 912 1815 se

119 1821 196 1850 aliud
209 1822 322 1851 formare
333 1834 339 1854 ς
362 1822 408 1852 sed
417 1824 510 1852 denuo
531 1835 545 1852 a
555 1825 647 1853 Sancta
656 1826 724 1854 Sede
741 1826 812 1855 aliud
827 1826 912 1865 impc-

117 1871 186 1891 trnoe
198 1871 381 1895 tenei·ctur‚ut
394 1864 490 1892 nostris
499 1865 667 1903 temporibus
679 1866 911 1896 Manfredionens

117 1901 338 1941 Archiepiscopo
349 1904 446 1932 accidit
457 1926 465 1938 ‚
487 1905 529 1933 cui
542 1906 606 1944 quia
618 1917 631 1934 a
643 1907 911 1945 pyratisinfidclibus

119 1943 235 1982 pallium
245 1943 433 1982 depraedatum
444 1945 540 1980 fuerat,
553 1956 616 1975 tunc
628 1948 661 1976 ad
672 1948 814 1977 Urbanum
825 1949 910 1977 VIII.

117 1994 168 2024 pro
178 1983 233 2011 :uio
244 1994 380 2014 recurrere
391 1984 493 2015 necesse
505 1986 556 2016 filit
567 2009 574 2021 ,
592 1988 659 2016 &in
669 1989 718 2016 tali
729 1988 789 2017 casu
799 1990 869 2027 Papa
877 1999 908 2017 ex

116 2024 205 2064 gratia
225 2025 297 2053 vivae
321 2026 397 2054 vocis
415 2028 526 2056 oraculo
545 2027 616 2056 illud
642 2030 793 2058 concedere
813 2028 883 2058 solet
902 2051 908 2058 .

117 2065 236 2101 Quando
242 2065 470 2105 Archiepistopus‘
476 2067 521 2096 sua
532 2069 598 2097 Sede
608 2071 701 2098 relicta
711 2071 744 2099 ad
753 2071 835 2098 alium
847 2071 910 2109 Epi-

116 2105 256 2144 scopatum
275 2105 433 2140 descendit,
457 2118 522 2137 tunc
540 2109 579 2137 uti
592 2109 740 2148 Episcopu*
753 2111 838 2149 pallio
854 2121 910 2139 am-

118 2147 189 2185 plius
202 2145 253 2175 frui
267 2158 322 2175 non
335 2148 432 2185 potest.
443 2149 499 2177 Sac.
511 2151 569 2178 Rir.
580 2151 724 2190 Congreg.
742 2158 784 2179 16.
793 2152 908 2181 Ostobr.

123 2193 207 2221 ⁴604.
217 2188 242 2214 Si
254 2190 307 2216 Arc
313 2187 484 2228 hiepistopus
503 2191 533 2218 in
544 2192 651 2229 propria
660 2192 808 2220 Provincia
825 2193 909 2220 mori-

117 2237 162 2255 tur
172 2248 180 2259 ,
195 2237 259 2255 tunc
270 2228 354 2267 pullio
366 2229 475 2258 indutus
486 2229 596 2268 sepeliri
607 2231 705 2263 debet3
725 2243 751 2261 at
760 2242 836 2261 extra
843 2235 908 2262 Pro-

116 2267 238 2296 vinciam
248 2269 342 2297 obiens
351 2291 359 2302 ‚
370 2280 431 2298 cum
441 2271 526 2309 pallio
537 2271 583 2300 sub
593 2273 681 2311 capite
689 2272 820 2312 sepelitur
829 2294 836 2302 .
854 2274 910 2303 Ca-

117 2307 175 2338 stal.
189 2309 216 2337 in
228 2311 304 2347 prixi
315 2319 421 2340 caerem.
440 2312 488 2340 lib.
503 2323 526 2340 r.
536 2311 600 2340 sest.
616 2324 657 2342 ιο.
673 2324 747 2342 num.
760 2326 786 2343 2.
807 2313 910 2344 Abusus

117 2358 206 2380 nutem
216 2350 296 2391 pallii
305 2350 379 2381 inter
387 2354 501 2382 Graecos
510 2353 658 2393 dupliciter
667 2365 780 2386 notatur
789 2378 797 2391 ‚
809 2356 909 2396 primo,

350 2466 360 2481 D

1264 25 1370 68 ΡΑ
1628 30 1709 82 489

972 79 1048 120 quod
1058 80 1151 111 solent
1159 91 1192 112 ex
1201 79 1367 112 sericoillud
1384 93 1550 118 contexere,
1571 96 1632 115 cum
1651 99 1685 117 ex
1702 88 1763 117 lana

972 122 1032 150 fieri
1042 123 1152 152 deberet
1161 145 1169 156 ‚
1179 133 1209 152 ut
1218 123 1390 153 Graecusmet
1404 125 1508 153 Auc'tor
1519 125 1616 155 Simon
1625 128 1764 162 Theffilo-

972 162 1089 192 nicensis
1099 162 1207 197 fatetur,
1218 163 1263 192 his
1271 164 1360 193 verbis
1371 176 1377 193 :
1392 170 1405 200 [
1416 164 1487 194 Ideo
1497 166 1570 194 enim
1580 177 1613 195 ex
1624 169 1682 196 lana
1692 179 1761 208 quo-

971 213 1024 242 que
1033 204 1138 232 texitur
1148 227 1156 238 ,
1179 205 1310 244 quoniam
1319 207 1462 234 erraticam
1473 216 1555 234 ovem
1566 228 1574 239 ,
1586 207 1654 236 idest
1664 230 1672 241 ‚
1683 219 1762 238 natu-

972 254 1029 272 ram
1039 245 1158 274 nostram
1168 245 1255 284 signat
1265 247 1296 277 .]
1316 249 1350 274 Et
1368 246 1432 275 licet
1444 248 1559 284 Joannes
1568 247 1709 277 Diaconus
1732 250 1763 277 in

973 285 1029 313 vita
1039 286 1064 314 S.
1075 288 1194 325 Gregor.
1203 288 1280 324 Papa:
1292 285 1365 315 dicat
1375 297 1429 325 prae
1435 287 1518 315 satum
1528 288 1691 318 Pontificem
1701 300 1764 318 can-

971 325 1038 354 dido
1050 347 1058 359 ‚
1069 325 1136 361 byffi
1143 336 1232 365 noque
1241 326 1328 365 pallio
1338 326 1414 355 usum
1426 327 1500 356 suifl‘e
1511 350 1518 361 ,
1536 328 1580 358 vel
1589 329 1669 358 debet
1680 330 1766 358 intel-

969 366 1020 404 ligi
1030 366 1064 394 de
1076 376 1239 406 tegumento
1250 389 1258 400 ‚
1278 368 1322 395 vel
1335 368 1353 396 si
1365 368 1398 396 dc
1409 369 1492 407 pallio
1502 369 1659 398 Pontificali
1671 371 1766 409 loqua-

972 416 1016 434 tur
1038 406 1112 436 suiss‘e
1121 408 1181 436 lana
1192 408 1311 436 mixtum
1321 408 1509 438 indubitanter
1518 410 1673 449 intelligere
1682 421 1763 450 opor.

971 456 1010 475 tet
1021 467 1027 474 .
1039 447 1174 476 Secundus
1183 450 1345 477 Cri-,ecorum
1356 448 1448 479 abusus
1458 451 1496 479 est
1507 473 1515 484 ,
1533 451 1608 490 quod
1618 461 1713 481 ornnes
1723 453 1763 480 lo-

970 497 1064 515 corum
1075 488 1220 518 Ordinarii
1230 489 1299 517 illud
1309 489 1434 518 deferant
1444 511 1453 524 ‚
1471 501 1555 530 quum
1564 491 1609 520 hic
1619 491 1764 522 illaudatus

972 538 1030 556 mos
1040 529 1159 567 antiquae
1170 539 1266 558 eorum
1278 530 1401 559 Ecclesiae
1412 534 1530 561 omnino
1540 531 1697 562 adversetur
1708 544 1717 564 ς
1728 533 1764 561 il·-

972 568 1061 596 lorum
1071 570 1145 597 enim
1157 569 1551 612 Patriarcha‚quotiesciimque
1559 573 1668 603 cefl'abat
1678 573 1763 602 schis-

970 619 1011 636 mn
1023 631 1030 641 ,
1041 620 1105 638 tunc
1115 609 1222 649 semper
1233 611 1347 649 pallium
1358 622 1371 640 a
1383 615 1510 642 Romano
1519 615 1600 643 Pont.
1619 614 1762 652 poscebam

970 650 1042 677 unde
1053 651 1236 689 Luitpmndus
1248 653 1276 680 in
1285 651 1328 680 sim
1338 653 1477 691 legatione
1486 655 1577 693 inquit
1589 667 1595 682 :
1607 661 1619 690 [
1634 655 1763 684 Vidimus·

971 690 1316 730 Constantinopolitanum
1336 692 1500 733 Episcopum
1521 695 1606 734 pallio
1625 706 1683 726 non
1701 695 1742 724 uti
1751 717 1762 729 ,

970 730 1022 760 nifi
1032 732 1120 760 Sanffi
1131 732 1218 760 Patris
1228 733 1312 762 nostri
1325 734 1459 771 permiss'u.
1469 736 1676 776 Subiungitque,
1687 735 1763 776 quod

969 772 1134 810 temporibus
1143 772 1346 812 Theophylasti
1357 775 1499 809 Eunuchi,
1521 781 1546 806 ὃς
1559 778 1764 806 Constantino-

970 813 1089 851 politani
1102 814 1266 844 Patriarchae
1277 837 1285 848 ,
1296 814 1343 853 qui
1354 816 1496 845 violenter
1505 827 1519 845 a
1531 818 1665 846 pontifice
1676 821 1762 848 Rom.

969 863 1019 891 pro
1029 852 1096 887 se‚&
1107 853 1293 884 successoribus
1304 856 1409 885 ferendi
1418 857 1531 895 pallium
1543 857 1597 887 fine
1607 859 1764 897 SedisApo-

969 893 1072 923 stolicae
1084 895 1195 924 licentia
1206 897 1344 925 indultum
1357 897 1530 927 extorserant
1540 921 1548 932 ‚
1559 909 1639 938 atquc
1651 910 1685 929 ex
1695 909 1762 928 tune

971 935 1052 963 talem
1061 935 1168 964 abusum
1181 937 1301 975 coepisse,
1312 938 1450 967 nimirum:
1465 943 1526 976 [Ex
1536 950 1591 978 quo
1602 941 1676 979 turpi
1688 950 1763 969 com-

971 976 1074 1004 mercio
1084 976 1280 1015 vituperandus
1291 989 1349 1006 mos
1358 979 1477 1009 inolevit
1488 1003 1495 1013 ‚
1507 990 1535 1008 ut
1548 991 1604 1009 non
1615 980 1702 1010 solum
1711 983 1763 1010 Pa—

969 1016 1096 1045 triarcliae
1107 1041 1116 1052 ,
1138 1017 1184 1047 sed
1203 1018 1284 1047 etiam
1293 1018 1419 1058 Episcopi
1440 1021 1525 1049 totius
1535 1022 1653 1050 Graecix
1672 1021 1764 1060 palliis

971 1067 1083 1086 utantur
1092 1079 1099 1085 .
1114 1061 1126 1090 ]
1139 1061 1197 1088 PR.
1210 1059 1347 1088 indultum
1358 1059 1410 1089 fuit
1419 1061 1536 1099 Jotnnis
1545 1063 1622 1101 Papae
1635 1063 1687 1091 XI.
1699 1072 1764 1091 mm

970 1099 1111 1126 Albericus
1131 1102 1230 1129 Romae
1242 1102 1387 1135 Tyrannus
1406 1102 1546 1131 violenter
1562 1113 1613 1141 pro
1624 1101 1674 1131 hac
1690 1114 1762 1132 con-

968 1138 1085 1168 ceffione
1097 1141 1261 1170 Pontificem
1272 1142 1362 1180 coegit
1375 1164 1382 1175 ‚
1394 1140 1458 1171 dfim
1472 1143 1502 1171 in
1513 1153 1619 1172 carcere
1629 1145 1708 1172 illum
1719 1144 1763 1173 in-

970 1178 1072 1208 clusum
1082 1182 1231 1210 arftaverat
1240 1202 1247 1209 .
1260 1183 1350 1210 Bai-on
1371 1194 1414 1212 an.
1424 1194 1459 1222 93
1467 1196 1494 1219 4.
1506 1194 1580 1212 num.
1596 1196 1618 1213 1.
1628 1185 1667 1219 εΗε
1680 1186 1762 1214 Con-

967 1220 1018 1249 stat
1029 1221 1095 1249 item
1107 1243 1115 1254 ,
1135 1223 1209 1261 quod
1219 1223 1385 1261 Justinirinus
1394 1223 1467 1252 suam
1478 1225 1594 1262 patriam
1608 1225 1766 1265 privilegiis

967 1262 1115 1291 nobilitare
1126 1265 1237 1302 cupiens
1248 1285 1254 1295 ,
1265 1273 1345 1302 quam
1356 1264 1539 1303 justinianam
1548 1266 1707 1294 Civitatem
1716 1277 1762 1305 ap-

968 1302 1117 1340 pellaverat
1127 1326 1135 1338 ‚
1155 1305 1305 1342 Agripitum
1316 1306 1413 1344 Papam
1425 1307 1448 1334 Ι.
1458 1315 1600 1345 rogaverat
1611 1329 1620 1340 ‚
1640 1317 1670 1335 ut
1688 1307 1763 1336 illius

967 1342 1102 1372 Civitatis
1121 1345 1258 1384 Episcopo
1278 1345 1390 1384 pallium
1408 1347 1568 1376 concederet
1581 1368 1588 1375 .
1606 1350 1707 1377 Bai-on.
1717 1359 1762 1376 an.

971 1394 1002 1421 53
1011 1393 1036 1419 5.
1049 1395 1122 1414 num.
1137 1396 1181 1422 55.
1193 1386 1277 1422 Quod
1287 1396 1376 1415 tamen
1388 1409 1396 1420 ‚
1415 1398 1449 1415 ne
1459 1388 1488 1415 in
1497 1387 1552 1416 hoc
1572 1388 1764 1427 praejudicium

968 1426 1194 1464 Metropolitanis
1204 1427 1282 1455 fieret
1293 1448 1300 1459 ‚
1321 1428 1472 1457 concedere
1489 1428 1622 1457 recusavit
1632 1448 1640 1456 .
1661 1430 1763 1458 Baron.

969 1465 1034 1494 ibid.
1045 1477 1120 1495 num.
1132 1477 1176 1503 57.
1194 1472 1221 1496 ὅ(
1235 1472 1280 1503 58.
1299 1468 1352 1496 Sed
1363 1468 1485 1506 vigilius
1504 1469 1608 1497 deinde
1615 1470 1686 1506 Papa
1705 1479 1764 1498 cre-

967 1506 1022 1534 bris
1035 1507 1158 1536 instantis
1170 1509 1327 1537 molestatus
1336 1507 1500 1537 concefl'emt
1510 1529 1517 1536 .
1528 1511 1627 1538 Baron.
1639 1509 1704 1538 ibid.
1714 1521 1762 1539 nu.

972 1555 1017 1583 56.
1029 1548 1074 1576 De
1085 1559 1140 1587 quo
1151 1549 1264 1577 indulto
1273 1549 1353 1577 ctiam
1364 1550 1401 1577 D.
1410 1551 1562 1588 Gregorius
1572 1572 1581 1584 ,
1594 1550 1672 1585 lib.4.
1682 1551 1761 1588 epist.

973 1597 1016 1623 ις.
1037 1590 1212 1618 mentionem
1243 1589 1306 1618 facit
1323 1601 1331 1620 5
1372 1599 1453 1629 atque
1484 1591 1582 1629 vigore
1604 1589 1765 1625 hujusmodi

968 1631 1103 1658 Romana*
1116 1631 1190 1659 Sedis
1208 1630 1421 1669 privilegiorum
1431 1653 1439 1665 ‚
1458 1629 1581 1670 usquead
1591 1630 1708 1669 praesens
1728 1631 1764 1660 il·

966 1670 990 1697 la
1018 1671 1168 1707 Jzistiniansi
1199 1670 1310 1700 Civitas
1337 1682 1351 1699 a
1378 1671 1532 1700 patriarcha
1560 1671 1765 1701 Constantino—

968 1711 1086 1748 politani
1115 1710 1304 1746 jurisdictione
1328 1722 1455 1750 exempta
1477 1712 1570 1741 existit
1582 1733 1590 1740 .
1613 1714 1671 1742 PR.
1697 1715 1762 1748 Quo

969 1761 1036 1779 vero
1067 1751 1100 1779 ad
1127 1751 1342 1780 patriarcharum
1367 1754 1557 1782 auctoritatem
1588 1753 1763 1783 concedendi

968 1801 1062 1820 eorum
1091 1790 1264 1831 suffraganeis
1287 1795 1397 1831 pallium
1419 1816 1427 1827 ‚
1458 1795 1626 1834 intelligitur
1652 1795 1761 1823 facultas

967 1831 1026 1860 haec
1036 1855 1044 1865 ,
1068 1833 1087 1861 fi
1109 1834 1263 1872 acceperint
1281 1834 1446 1863 Patriarchae
1469 1846 1483 1863 a
1492 1835 1629 1864 l’ontificc
1649 1836 1764 1874 pallium

967 1882 1029 1901 cum
1057 1872 1142 1902 solito
1164 1874 1306 1903 fidelitatis
1327 1877 1490 1913 Jutamcnto
1510 1879 1562 1904 ἀς.
1593 1885 1623 1904 ut
1651 1885 1762 1905 cautum

965 1913 1005 1941 est
1028 1914 1058 1941 in
1079 1924 1137 1952 cap.
1149 1915 1281 1953 Antiquae
1291 1937 1300 1948 ,
1322 1916 1357 1944 de
1369 1917 1464 1954 privil.
1486 1920 1513 1944 δε
1523 1916 1618 1945 excessi
1631 1927 1662 1946 in
1674 1917 1719 1946 lib.
1734 1927 1760 1953 5.

965 1955 1095 1983 decretal.
1117 1966 1123 1982 :
1138 1956 1153 1989 Η
1169 1966 1174 1982 ;
1194 1955 1311 1984 Pallium
1334 1967 1401 1985 vero
1418 1979 1426 1990 ‚
1448 1956 1482 1985 de
1504 1968 1560 1996 quo
1575 1958 1760 1987 Tertullianus

965 1995 1106 2023 :vastatum
1117 1994 1288 2029 instituerat,
1309 1997 1346 2026 est
1368 1998 1451 2037 longe
1461 1999 1493 2026 ab
1504 1998 1762 2037 EpiscopalidiVer-

964 2035 1041 2066 sum5
1053 2036 1128 2073 quod
1137 2046 1151 2064 a
1163 2034 1301 2065 I’harisaeis
1314 2037 1448 2067 serebatur
1457 2059 1464 2066 .
1476 2041 1576 2068 Baton.
1589 2039 1618 2067 in
1631 2042 1761 2078 Apparat.

966 2087 993 2104 n.
1003 2087 1031 2112 9.
1044 2077 1100 2105 PR.
1111 2077 1234 2106 Tiberius
1247 2078 1315 2106 item
1327 2079 1421 2108 Caesar
1438 2079 1508 2109 circa
1525 2081 1554 2108 id
1573 2081 1661 2119 legem
1673 2080 1760 2110 sanci-

966 2126 1042 2145 verat
1051 2137 1059 2143 .
1081 2117 1161 2145 Idem
1172 2120 1270 2146 Baton.
1279 2129 1346 2148 ann.
1362 2127 1404 2149 «6.
1418 2130 1490 2149 num.
1503 2128 1529 2150 6.
1541 2121 1650 2160 Illoque
1660 2125 1758 2151 Roms:

964 2167 1032 2195 aqua
1042 2179 1050 2190 ‚
1060 2157 1162 2195 &igne
1175 2158 1315 2187 interdicti
1334 2160 1514 2190 induebantur
1524 2184 1532 2195 ,
1552 2162 1617 2190 item
1626 2163 1760 2201 Virgines

963 2197 1026 2226 Deo
1034 2196 1196 2227 consecratae
1208 2220 1215 2227 .
1226 2199 1304 2228 Idcm
1314 2211 1358 2230 an.
1371 2212 1414 2237 57.
1425 2212 1499 2231 num.
1510 2214 1529 2239 9
1537 2213 1559 2231 1.
1569 2203 1664 2232 Postea
1674 2203 1761 2233 Chri-

964 2237 1042 2266 stiani
1051 2238 1150 2273 abjecta
1160 2250 1225 2279 toga
1236 2261 1244 2273 ‚
1261 2240 1332 2271 illud
1344 2243 1463 2272 ferebant
1474 2265 1482 2277 ‚
1499 2244 1574 2272 unde
1582 2244 1652 2281 apud
1660 2245 1762 2273 Genti-

964 2279 1004 2306 les
1014 2279 1139 2318 adagium
1150 2280 1219 2309 illud
1230 2292 1237 2308 ε
1247 2286 1290 2310 De
1300 2292 1362 2321 toga
1370 2285 1408 2313 ad
1432 2285 1533 2313 allium
1543 2305 1550 2312 .
1561 2284 1762 2321 Ibid.num.94.
1790 2310 1794 2312 ,

965 2323 993 2348 ὅ(
1002 2318 1078 2358 seqq.
1089 2320 1174 2355 Quod
1184 2331 1241 2350 erat
1251 2323 1407 2363 quadrangu
1421 2335 1466 2354 um
1476 2345 1483 2352 .
1494 2325 1563 2354 Ibid.
1573 2326 1644 2353 Item
1654 2326 1689 2354 de
1698 2325 1763 2364 phi—

965 2359 1114 2400 losophico
1122 2362 1209 2403 pallio
1217 2383 1225 2396 ‚
1236 2372 1292 2402 quo
1300 2366 1422 2396 utebatur
1432 2365 1604 2405 Porphyrius
1615 2386 1622 2394 .
1637 2367 1746 2395 Ibidem
1755 2388 1764 2401 ‚

1653 2417 1729 2436 num.
