1866 2526
100 1566 272 1595 SMAiTirtvs
287 1587 296 1598 ,
305 1564 402 1594 Italice
410 1565 559 1593 Smaltato.
572 1567 669 1600 [Rete
679 1573 772 1592 totum
780 1574 813 1592 ex
824 1573 838 1598 ς
847 1563 943 1591 eminis

145 48 226 86 622
514 41 545 83 S
575 41 625 84 M

130 103 195 131 chia
216 96 312 130 eadem
320 98 478 139 praefectura
488 100 691 140 appellabantur
699 120 708 134 ,
729 108 759 128 ut
767 97 846 138 supra
856 96 928 128 dixi-

129 152 187 171 mus
197 163 206 171 ο

88 182 213 213 διτιευε
227 202 236 212 ·
258 181 334 213 Vide
355 185 527 212 sitonicum.

87 225 217 255 Sitones
231 244 240 257 ,
249 219 355 258 σιτώνης
364 243 371 251 .
384 225 443 252 FR.
454 220 645 251 frumentarius
654 243 662 256 ,
671 220 718 250 scu
728 220 931 249 frumentorum

131 265 293 304 negotiator
304 285 312 292 .
322 264 396 292 Vide
408 264 550 292 Latinium
559 263 590 291 in
599 263 757 292 Salvianum
769 283 777 294 ‚
787 261 835 290 lib.
846 273 873 296 4.

89 307 261 337 sii-omenti
272 326 280 338 ,
290 302 420 335 σιγωνικόν
430 325 439 337 ,
450 304 609 343 granarium
621 325 629 337 ,
641 314 655 332 a
668 313 735 332 voce
744 312 834 341 graeca
844 301 931 335 σῖτος,

131 357 191 385 quae
203 346 371 374 frumentum
380 344 524 383 fignificat.
536 345 594 380 [De
605 344 750 372 frumentis
761 352 860 376 autem,
871 351 930 381 quae

131 386 250 417 scribitis
260 407 268 419 ‚
285 387 370 424 longe
379 385 459 414 aliter
472 386 524 414 Vir
533 384 694 423 magnificus
703 383 852 413 Ciridanus
869 381 934 411 affc—

1290 39 1396 84 SO

986 100 1046 126 rum
1056 93 1110 125 hoe
1121 94 1270 140 inyentum
1278 98 1425 131 rutitandia
1433 95 1539 137 capillis
1548 120 1556 133 ‚
1567 107 1601 128 ex
1613 97 1691 135 sevo,
1702 103 1731 131 δε
1742 101 1786 132 εἱ-Δ

987 147 1068 183 nere.
1087 137 1223 181 Optimus
1241 138 1337 179 sagino
1347 163 1356 176 ,
1370 139 1521 179 &caprino
1530 161 1539 172 ‚
1561 141 1663 171 duobus
1675 143 1763 172 modis
1773 166 1786 178 ,

986 177 1079 222 spissus
1088 198 1097 211 ,
1112 187 1144 221 ἐς
1153 177 1274 215 liquidus
1285 191 1291 208 :
1311 190 1424 219 uterque
1442 181 1514 220 apud
1524 182 1675 212 Germanos
1685 186 1791 220 majore

987 229 1020 247 in
1028 216 1078 262 usu
1089 227 1160 247 viris
1168 239 1177 251 ,
1188 228 1268 257 quam
1279 220 1418 251 foeminis.
1437 223 1450 254 ]
1464 225 1499 251 Et
1508 223 1642 253 Martialis
1651 246 1660 259 ‚
1678 224 1725 254 lib.
1740 236 1749 253 i
1757 238 1785 262 4.

989 268 1079 298 ePlgr·
1091 270 1104 287 Ζ
1111 265 1138 288 6.

1030 299 1157 343 Caustica.
1166 301 1333 343 'Iseutonicos
1341 301 1464 332 accendit
1473 302 1568 340 spuma
1574 305 1687 344 capillos
1699 317 1706 334 :

1071 341 1201 378 Captivis
1224 344 1327 380 poteris
1349 343 1449 373 cultior
1471 343 1521 373 effe
1541 347 1626 375 comis
1636 367 1644 374 .

948 383 1056 412 Setini
1068 400 1076 408 .
1101 380 1175 409 Vide
1193 385 1311 414 Sinaida
1322 404 1329 413 .

135 428 173 456 rit
183 449 191 460 ‚
201 427 264 466 quia
274 424 449 455 solummodo
461 434 538 454 tanta
548 424 699 453 transmissa
708 424 772 453 sunt
783 445 791 456 ,
811 434 870 462 quae
882 433 933 461 pro
951 425 1050 452 Sonitu
1062 442 1070 454 ,
1083 431 1199 457 etymon
1208 443 1216 450 .
1226 424 1302 453 Vide
1313 428 1386 455 Bria
1397 445 1405 454 .

134 466 273 497 transaRae
284 466 446 495 indiffionis
458 466 551 494 debito
569 466 601 494 ad
612 465 777 504 replendum
788 464 933 493 fitonicum
949 466 1097 493 Soccums
1109 484 1117 495 ,
1137 463 1312 494 calciamenti
1320 476 1407 505 genus
1417 487 1425 494 .
1439 471 1452 501 [
1464 466 1552 501 Quam
1563 477 1622 496 cum
1634 468 1726 498 stan-03
1743 479 1789 498 au„

132 508 291 538 sufficerent
303 528 309 535 .
323 510 441 545 Gregor.
454 506 499 535 lib.
515 517 541 535 i.
550 506 682 544 epist-2.]
695 505 844 544 Reperitur
855 515 934 534 voca-

132 550 225 578 bulum
235 551 338 578 siricus
349 568 356 581 ,
375 547 451 585 quod
463 546 670 575 frumentarium
683 549 874 575 Mei-catorum
901 545 935 574 si-

133 590 256 630 gnificat.
271 594 282 623 [
293 588 508 617 Consideremus
516 587 586 616 solas
597 587 804 626 negotiatorum
814 609 822 620 ,
841 591 868 615 ἃ
879 585 935 615 fiti-

132 640 228 659 corum
247 629 371 658 omnium
383 629 487 657 turbas.
506 628 625 657 Salvian.
645 628 679 656 de
699 628 810 666 provid.
821 627 867 656 lib.
881 629 933 662 4.]

133 675 206 706 cujus
217 670 338 699 Codices
348 669 479 698 mendose
490 669 574 708 aliqui
584 672 737 706 Syricorum
746 668 857 697 habent.
870 670 927 696 FR.

133 715 287 741 sitonicum
301 710 449 748 aliquando
466 709 843 748 proipsafrumentiannona
860 707 933 736 usur-

140 750 395 790 patur.[1ndicastis
404 750 581 779 solicitudini
592 750 687 778 vestrae
699 748 935 777 Sereniffimoruin

131 792 294 830 Principum
310 790 428 828 jussione
438 801 530 819 curam
541 791 653 819 sitonici
671 789 745 819 fuifl‘c
757 790 913 818 mandatam
927 808 934 816 .

135 834 216 862 Idem
228 834 267 861 D.
278 835 365 870 Gi‘eg.
377 833 423 860 lib.
441 843 484 860 io.
496 831 575 870 epist.
585 842 597 869 3
607 836 632 859 8.

102 875 192 904 SivnN
204 894 211 902 .
222 875 278 902 FR.
289 873 398 902 Tertius
410 873 591 902 Hebraeorum
599 871 709 901 mensis.
718 870 793 901 Vide
805 871 937 901 Aunores

135 915 233 943 citato.
255 913 285 942 in
307 913 372 942 diet.
384 914 451 942 Elul
460 933 469 941 .

95 956 164 984 SIVE
176 976 183 983 .
207 954 280 984 Vide
299 959 349 983 Seu
361 975 368 981 .
390 955 449 983 Vel.

94 997 205 1025 Situm
216 1016 223 1023 .
233 997 287 1024 PR.
300 995 518 1023 tintinnabulum
529 1016 536 1028 ,
549 994 707 1033 campanula
718 1015 726 1026 ,
737 1003 797 1032 qux
811 1004 823 1021 a
835 990 939 1021 Latinis

134 1037 244 1075 qutcllia
252 1036 408 1064 dicebatur.
422 1036 470 1070 [Si
481 1036 540 1074 quis
551 1036 662 1064 skellani
673 1035 706 1063 dc
718 1035 822 1063 caballis
835 1033 938 1063 furave-

136 1087 173 1105 rit
186 1097 192 1104 .
204 1079 239 1105 In
251 1077 312 1115 lege
321 1075 400 1104 salica
411 1097 418 1108 ,
429 1076 473 1104 tit.
487 1088 534 1113 29.
543 1077 569 1108 ξ.
582 1087 609 1115 3.
622 1078 634 1107 ]
648 1076 722 1104 Vide
731 1075 817 1104 Sctlla
829 1095 838 1103 0

97 1118 191 1156 &Avi
206 1137 213 1144 .
230 1119 287 1146 FR.
305 1128 366 1146 non
381 1117 526 1145 credebant
545 1118 574 1146 in
595 1116 805 1145 immortalitate
823 1115 922 1144 animae
934 1134 940 1142 .

139 1158 219 1194 [Etfi
229 1169 281 1197 ego
293 1158 391 1196 fungar
404 1158 463 1186 vice
474 1158 542 1186 coris
555 1158 656 1186 fernim
668 1178 676 1190 ‚
695 1161 723 1186 δε
734 1167 791 1184 non
803 1155 830 1184 se
841 1165 938 1184 exacue

139 1199 231 1230 entis5
250 1208 341 1227 tamen
352 1209 386 1226 ne
398 1198 548 1227 muticanis
557 1198 708 1237 opprobrio
719 1207 800 1226 noter
815 1198 844 1225 ab
854 1196 939 1225 illite—

138 1239 215 1272 ratis,
226 1242 254 1267 ὃ(
264 1240 382 1268 maxime
392 1239 485 1272 slavis,
496 1241 543 1278 qui
552 1250 613 1268 cum
623 1248 712 1267 morte
722 1237 869 1277 temporali
880 1247 939 1264 om-

991 503 1084 546 diunt‚
1091 501 1212 532 socculos
1222 504 1282 534 suos
1292 507 1323 535 in
1332 507 1510 539 dormitorio,
1521 509 1677 537 Sacerdotes
1687 520 1787 543 autem.

991 545 1132 573 Diaconus
1141 566 1149 577 ,
1172 548 1200 573 δε
1210 547 1394 577 Subdiaconus
1415 549 1444 577 in
1455 548 1570 577 sacristia
1581 549 1768 588 relinquentes
1780 573 1787 579 ω

992 586 1027 613 In
1037 585 1156 623 quodam
1167 587 1366 617 Caeremoniali
1376 591 1443 618 M.S.
1454 589 1690 623 Cisterciensium,
1699 602 1738 620 αι
1747 594 1791 623 8]

992 627 1048 655 FR.
1059 626 1123 654 Hoc
1136 628 1366 671 vocab-usitatum
1377 630 1463 660 fuerat
1474 631 1558 660 etiam
1576 631 1647 670 apud
1658 630 1771 660 Latinos
1782 653 1791 664 ,

992 666 1030 694 est
1040 676 1158 709 namque
1167 667 1372 699 diminutivum
1391 682 1498 701 nomen
1521 681 1534 700 a
1543 677 1616 701 Socco
1624 672 1792 700 calceamen-

992 714 1022 750 to
1032 728 1041 739 ‚
1062 707 1129 751 idest
1140 729 1148 741 ‚
1160 718 1265 751 'parvus
1276 709 1386 743 soccus5
1407 713 1511 751 legitur
1527 713 1604 741 enim
1613 713 1686 750 apud
1695 714 1794 742 Sveto-

993 756 1071 790 nium
1084 757 1115 792 in
1128 749 1226 793 Vitell.
1237 761 1261 778 c.
1272 762 1296 780 z.
1308 753 1399 790 quod:
1421 756 1499 788 [Pro
1518 753 1638 781 maximo
1650 763 1762 782 munere
1779 764 1796 783 a

994 788 1136 816 Messaliiia
1147 798 1240 826 petiit,
1250 801 1280 819 ut
1293 792 1341 821 fibi
1351 794 1432 831 pedes
1442 795 1575 833 praeberet
1587 794 1795 826 excalceandos:

994 827 1346 873 detractumquesocculum
1355 834 1483 864 dextrum
1491 854 1502 871 ,
1511 835 1584 865 inter
1594 844 1690 874 togam
1699 855 1707 867 ,
1718 835 1795 863 tuni<

994 867 1091 913 casque
1103 869 1222 907 gestavit
1232 870 1334 901 assidue
1345 884 1551 913 nonnumquam
1562 874 1767 904 osculabundus.
1779 877 1796 907 1

996 912 1031 938 Et
1040 910 1148 955 Plinius
1157 931 1166 943 ,
1178 911 1224 939 lib.
1235 923 1265 948 9.
1275 923 1299 940 c.
1313 924 1326 951 3
1336 923 1363 949 ς.
1371 915 1404 943 de
1415 916 1568 955 margaritis
1578 925 1661 954 agens
1673 938 1681 949 ‚
1699 916 1796 954 exagi-

997 959 1035 994 tat
1047 950 1226 994 fceminarnm
1236 953 1375 983 luxuriam
1385 956 1416 984 in
1426 954 1469 984 his
1477 955 1601 994 geminis,
1613 960 1640 985 δε
1650 956 1708 984 haec
1720 957 1795 985 intei-

996 992 1046 1019 alia
1056 1001 1145 1029 inquit
1157 1003 1163 1020 :
1187 999 1198 1028 [
1211 993 1287 1028 Quin
1298 998 1325 1023 ἃ
1336 996 1447 1034 pedibus
1458 1019 1466 1029 ,
1487 1007 1535 1025 nec
1548 996 1719 1034 crepidarum
1737 1007 1798 1025 tan-

998 1041 1059 1075 tuin
1068 1032 1227 1071 obstragulis
1241 1059 1246 1067 ,
1266 1033 1314 1063 sed
1331 1037 1398 1065 totis
1418 1036 1534 1066 socculis
1551 1037 1655 1065 addunt
1667 1057 1675 1065 .
1696 1039 1798 1074 Neque

998 1082 1073 1101 enim
1084 1072 1188 1112 gestare
1199 1084 1254 1111 pam
1264 1078 1424 1115 margaritas
1433 1100 1442 1111 ,
1453 1078 1504 1107 nisi
1514 1078 1618 1106 calcent
1628 1081 1680 1106 διε.
1693 1080 1704 1109 ]
1716 1081 1751 1106 Et
1763 1078 1797 1106 de

997 1113 1095 1158 eodem
1106 1115 1240 1143 vocabulo
1251 1116 1335 1150 idem,
1345 1118 1391 1146 lib.
1402 1129 1447 1156 37.
1457 1130 1479 1147 c.
1492 1130 1519 1148 ι.
1530 1118 1568 1146 ita
1578 1119 1749 1147 mentionem
1761 1118 1800 1147 fa-

995 1165 1032 1182 cit
1044 1164 1050 1183 :
1064 1154 1313 1189 [Tolerabiliorem
1325 1167 1416 1187 tamen
1428 1160 1492 1188 fecit
1502 1158 1604 1187 causam
1614 1159 1678 1195 Caji
1688 1159 1797 1188 Princi-

997 1195 1038 1234 pis
1051 1215 1060 1228 ‚
1084 1195 1134 1239 qm.
1143 1194 1224 1234 super
1232 1199 1326 1227 onmia
1337 1200 1478 1229 muliebria
1494 1199 1615 1228 sot-culos
1634 1199 1763 1229 induebat
1782 1211 1801 1228 e

996 1244 1149 1274 margaritis
1158 1257 1165 1264 .
1177 1240 1189 1268 ]
1204 1237 1277 1266 Vide
1288 1241 1394 1277 Cuspus
1404 1262 1412 1273 ,
1434 1244 1545 1270 Ficones
1557 1260 1564 1268 .

138 1280 186 1310 nia
197 1289 295 1318 putant
310 1280 393 1312 finiri,
406 1279 467 1308 haec
478 1281 574 1318 loquar
585 1290 635 1318 pro
645 1279 812 1308 certitudine
824 1277 939 1307 resurre-
956 1277 1069 1308 Socim,
1078 1275 1250 1313 jiirisdiffio[
1260 1279 1304 1307 De
1312 1281 1408 1317 quibus
1420 1281 1568 1319 Episcopus
1579 1279 1659 1319 ipsius
1672 1281 1800 1310 Ecclefiae

138 1320 240 1349 &ionis
250 1341 258 1352 ‚
277 1324 305 1349 δ(
316 1330 365 1358 pro
376 1321 506 1358 qualitate
518 1321 609 1348 meriti
622 1320 718 1349 futui-x
739 1318 937 1347 remuneratio—

144 1362 205 1393 nis,
226 1361 345 1390 firmiter
362 1361 488 1389 indicans
509 1362 612 1391 cunetis
636 1361 778 1390 fidelibus.
798 1360 941 1388 Ditmarus

140 1401 231 1440 Epist.
252 1402 282 1430 in
292 1400 403 1430 chron.
424 1402 471 1429 lib.
487 1413 511 1431 i.

140 1483 168 1512 se
177 1492 290 1512 xcentas
300 1481 438 1512 sexdecim
448 1483 506 1511 auri
516 1483 596 1512 obrifi
606 1482 766 1521 pensantem
777 1481 941 1510 libras.Ana.

141 1524 275 1554 Biblioth.
288 1524 318 1552 in
330 1526 422 1552 Leone
432 1525 486 1552 IV.

141 1606 274 1635 albaveris
283 1627 291 1639 ‚
303 1609 331 1634 δι
342 1605 420 1634 bullis
431 1606 517 1634 aureis
530 1626 538 1638 ‚
549 1604 690 1633 conclusas
699 1604 781 1633 etiam
791 1603 847 1632 :iuri
859 1603 943 1642 petias

145 1657 174 1675 in
182 1646 209 1675 se
220 1646 321 1675 habens
332 1644 464 1674 smaltitas
474 1666 480 1673 .
492 1646 588 1675 Anast.
599 1644 774 1675 Biblioth.in
784 1644 942 1674 Benedicto.

997 1328 1010 1345 a
1020 1318 1219 1345 constitutione
1231 1319 1408 1357 antiquorum
1421 1321 1499 1349 habet
1511 1331 1607 1349 omnes
1625 1321 1803 1350 redditiones

996 1357 1140 1386 socharum
1150 1377 1156 1384 .
1168 1359 1203 1386 In
1213 1358 1271 1387 vita
1282 1360 1307 1387 S.
1320 1360 1458 1390 Osvvaldi
1470 1359 1574 1399 Episc.]
1588 1360 1660 1391 Vide
1671 1367 1740 1390 Saea
1751 1382 1758 1389 .

955 1399 1056 1427 Socim
1070 1419 1077 1426 .
1102 1398 1175 1426 Vide
1197 1405 1266 1428 saca
1278 1420 1285 1427 .

98 1443 241 1472 :Sinnium
252 1464 261 1475 ‚
282 1442 380 1471 Italice
399 1443 506 1470 smalto
516 1462 524 1470 .
544 1448 556 1477 [
570 1441 647 1471 Fecit
665 1442 783 1470 tabulam
800 1440 834 1469 de
846 1439 943 1468 smalto
956 1441 1152 1468 Soccoitnitvii
1164 1458 1171 1465 ·
1183 1440 1343 1468 Praesidium
1353 1441 1442 1469 cordis
1452 1462 1460 1473 ‚
1472 1440 1589 1469 cardiaci
1598 1441 1795 1471 medicamenti

997 1490 1084 1518 geniis
1093 1499 1102 1507 .
1122 1479 1210 1513 [Alia
1220 1480 1265 1508 die
1276 1482 1416 1509 morituris
1426 1480 1570 1509 soccordio
1582 1502 1589 1513 ,
1611 1485 1638 1509 δε
1649 1482 1776 1510 thanatio
1789 1504 1799 1514 „

997 1524 1025 1549 δ(
1037 1518 1202 1557 asclipidoto
1212 1540 1219 1547 .
1238 1521 1354 1549 'IertulL
1373 1531 1404 1550 in
1416 1521 1560 1560 Apolog.]
1577 1522 1637 1550 Ubi
1647 1521 1796 1551 secundum

999 1561 1161 1590 vocabulum
1169 1561 1319 1591 remedium
1339 1562 1474 1601 fignificat
1496 1571 1592 1591 contra
1613 1563 1670 1591 vim
1681 1564 1778 1591 mortis
1789 1573 1798 1593 ς

998 1611 1112 1630 tertium
1123 1610 1212 1629 autem
1222 1613 1327 1632 nomen
1337 1602 1449 1631 denotat
1461 1603 1601 1642 quoddam
1613 1603 1801 1633 medicamen-

1001 1652 1060 1671 tum
1069 1641 1227 1681 AEsculapii
1237 1663 1246 1670 .

101 1687 222 1716 Summa
233 1709 241 1721 ‚
252 1687 392 1725 σμῖἶγμα,
406 1685 471 1725 sapo
481 1697 514 1714 ex
527 1686 610 1714 verbo
620 1683 721 1722 ffw'll'ffl
730 1706 738 1717 ,
750 1685 817 1714 idest
830 1707 837 1718 ‚
848 1695 946 1723 purgo.
960 1684 1030 1712 Soni
1042 1704 1050 1715 ,
1062 1683 1229 1721 appellatum
1240 1683 1292 1711 fuit
1304 1686 1405 1713 flumen
1415 1682 1565 1722 Euphrates
1577 1704 1584 1712 .
1597 1684 1672 1713 Vide
1685 1685 1776 1712 Choba
1789 1703 1798 1711 0

146 1728 253 1762 [Dixit
265 1739 332 1767 ergo
343 1727 456 1766 puellis:
470 1726 562 1755 afferte
572 1726 642 1755 mihi
652 1727 745 1755 oleum
754 1748 762 1759 ‚
780 1730 808 1754 δε
819 1725 945 1765 snxigma-
961 1726 1038 1754 SocA
1050 1744 1057 1752 .
1069 1725 1125 1752 FR.
1138 1723 1210 1752 funis
1219 1744 1227 1751 .
1250 1724 1298 1759 [Si
1308 1725 1368 1763 quis
1378 1724 1455 1763 fogas
1467 1724 1568 1752 furatus
1579 1723 1660 1752 suerit
1677 1724 1710 1752 de
1728 1725 1799 1752 bove

143 1778 169 1797 ta
180 1789 188 1802 ,
207 1773 236 1798 δ(
245 1769 313 1797 ostia
323 1768 454 1806 promarii
463 1767 588 1796 claudite
597 1789 606 1801 ,
626 1776 657 1796 ut
666 1768 749 1795 laver.
760 1766 870 1795 Daniel.
889 1776 944 1804 cap.

148 1820 194 1848 13·
205 1820 238 1838 n„
248 1820 257 1837 1
265 1811 306 1842 7.]
319 1808 417 1847 Aliqui
428 1808 589 1837 existimant
598 1807 672 1836 fuiss'e
683 1817 778 1846 aquarn
790 1806 907 1840 hordei,
918 1811 947 1835 ὃς.

999 1764 1148 1833 ἒιιῑῗῒοζίο,
1163 1765 1215 1793 lib..
1228 1765 1307 1793 i..tit.
1319 1778 1333 1795 2
1342 1775 1366 1802 5.
1377 1766 1432 1804 leg.
1442 1776 1488 1804 33.
1500 1764 1566 1799 five,
1579 1765 1598 1793 l.
1610 1765 1629 1794 fi
1643 1773 1701 1804 quis
1710 1763 1805 1803 sogas,

1021 1815 1034 1833 e
1057 1814 1124 1833 urtis
1134 1825 1141 1833 .

141 1849 244 1888 lupini5
255 1859 282 1878 at
291 1848 438 1879 secundum
448 1859 565 1888 graecam
576 1849 806 1888 significationem
815 1847 944 1885 quaelibet
961 1846 1016 1875 Sor
1026 1847 1130 1875 Novus
1141 1865 1148 1872 .
1172 1844 1247 1874 Vide
1256 1849 1408 1875 Nativitas
1420 1847 1535 1875 Domini
1549 1866 1555 1872 .

144 1900 264 1919 mixtura
275 1890 446 1929 intelligitur
457 1912 465 1924 ‚
478 1890 511 1918 ad
521 1890 679 1922 lavandum,
689 1893 717 1918 δ(
726 1888 888 1927 poliendum
899 1897 944 1926 ap-
961 1888 1114 1916 SotAitium
1125 1889 1338 1917 EXPOSiTloNis
1350 1908 1357 1920 ,
1372 1897 1428 1916 erat
1438 1887 1511 1916 locus
1522 1886 1645 1914 eminens
1656 1884 1803 1915 circumse-

145 1941 172 1959 ta
184 1952 190 1959 .
209 1932 265 1960 FR.
276 1930 324 1960 sed
334 1931 518 1959 communiter
537 1936 663 1969 Smegma
674 1930 795 1961 dicitur5
814 1928 849 1957 stc
868 1939 944 1957 enim
958 1940 961 1966 ζ

143 1972 252 2001 Plinius
263 1993 272 2005 ‚
292 1973 343 2001 lib.
355 1983 401 2001 ιι..
420 1982 477 2010 cap.
491 1981 538 2007 25.
559 1972 594 2000 de
612 1970 714 2010 lupinis
723 1980 823 2009 agens,
835 1968 943 2008 inquit:
960 1969 961 1972 ’

145 2018 160 2047 [
173 2013 200 2042 Si
212 2023 280 2042 vero
291 2013 396 2042 coelesti
408 2023 476 2052 aqua
485 2011 679 2052 discoquantur
689 2033 697 2045 ‚
714 2011 804 2048 (idest
813 2032 822 2043 ,
832 2010 945 2048 lupam)

143 2052 236 2082 succus
244 2055 292 2082 ille
301 2053 422 2092 smegma
433 2054 463 2082 fit
474 2055 505 2085 .]
530 2057 564 2082 Et
575 2053 633 2088 xiib.
647 2063 694 2085 27·
705 2063 728 2080 c.
742 2062 786 2080 12.-
808 2055 947 2088 Smecgma

146 2092 241 2123 scribit
252 2116 261 2127 ‚
270 2094 314 2123 fic:
328 2101 340 2129 [
351 2093 452 2129 Osyris
462 2096 580 2123 ramulos
591 2093 644 2123 fert
656 2093 761 2131 nigros,
772 2101 877 2124 tenues,
888 2093 945 2120 len<

147 2143 190 2162 tos
202 2155 210 2167 ,
222 2138 249 2163 ἃ
262 2135 289 2163 in
298 2135 331 2163 iis
343 2135 409 2163 folia
419 2135 493 2174 nigri
506 2145 554 2164 ceu
565 2135 627 2168 lini,
638 2133 785 2171 semenque
796 2132 826 2160 in
835 2132 945 2160 ramulis

145 2175 260 2213 nigrum
268 2176 352 2203 initio
362 2197 370 2208 ,
382 2176 449 2204 dein
457 2176 551 2206 colore
560 2184 667 2204 mutato
676 2173 830 2204 rubescens
841 2171 945 2212 smecg-

144 2225 216 2244 mata
228 2216 385 2244 mulieribus
397 2216 500 2245 faciunt
512 2227 546 2245 ex
555 2216 616 2245 liis..
629 2219 641 2248 ]
653 2217 716 2244 Hoc
726 2212 878 2253 putosuisse
889 2224 946 2242 inu-

147 2257 233 2284 liebre
242 2255 361 2295 smegma
371 2278 379 2289 ,
390 2266 445 2294 quo
455 2255 574 2286 Susanna
583 2279 592 2291 ‚
611 2268 646 2286 ex
657 2256 774 2285 Daniele
783 2253 861 2293 supra
872 2275 881 2287 ,
902 2253 946 2283 usa

1001 1937 1071 1966 ptus,
1081 1927 1112 1955 in
1122 1937 1177 1966 quo
1187 1927 1391 1966 delinquentes,
1404 1937 1434 1956 ut
1445 1928 1475 1956 ab
1487 1927 1659 1965 Imperatore
1671 1926 1805 1955 videren-

1001 1978 1056 2001 tur,
1066 1969 1281 2006 exponebantur.
1296 1974 1307 2004 [
1319 1968 1382 1998 Post
1393 1968 1532 2007 paululum
1542 1978 1609 2006 crgo
1616 1966 1747 2003 jullerunt
1758 1966 1808 1995 in·

1001 2008 1068 2037 ferri
1078 2018 1140 2037 eum
1151 2008 1181 2036 in
1188 2008 1316 2037 solarium
1326 2008 1506 2047 expositionis
1517 2029 1525 2041 ,
1544 2018 1574 2037 ut
1585 2008 1648 2037 eflet
1659 2008 1696 2036 ibi
1708 2029 1716 2040 ,
1737 2017 1802 2046 qua-

1002 2059 1082 2078 tenus
1100 2047 1270 2087 prospiceret
1289 2051 1442 2088 Imperator
1461 2060 1509 2088 per
1530 2049 1667 2077 cancellos
1683 2047 1802 2076 triclinii

1003 2088 1044 2120 sui
1056 2101 1086 2118 ea
1098 2112 1106 2123 ,
1118 2099 1178 2130 quae
1190 2089 1279 2118 futura
1288 2099 1365 2118 erant
1375 2090 1435 2118 fieri
1446 2110 1453 2118 .
1464 2092 1499 2119 In
1512 2089 1655 2118 colleftan.
1668 2087 1801 2118 Anastaiii

1004 2129 1139 2161 Bibliotli.
1150 2133 1163 2163 ]
1185 2133 1219 2160 Et
1229 2131 1300 2169 apud
1311 2131 1437 2159 eumdem
1447 2131 1549 2169 legitur
1559 2151 1566 2163 ,
1583 2129 1631 2158 sed
1649 2127 1779 2158 mendose
1792 2140 1799 2155 ;

1004 2178 1016 2207 [
1037 2172 1196 2200 Statuerunt
1214 2181 1282 2210 ergo
1300 2170 1572 2201 Reverendissimnm
1592 2171 1747 2199 Dominum
1768 2169 1804 2197 m

1002 2212 1095 2241 medio
1104 2211 1199 2241 solani
1207 2212 1394 2252 dispofitionis
1404 2232 1411 2240 .
1423 2214 1437 2244 1
1456 2211 1509 2241 Sed
1517 2211 1712 2250 corrigendum
1721 2231 1729 2243 ‚
1742 2215 1803 2238 Ex-

997 2253 1139 2291 pofitioms
1149 2274 1158 2281 .

148 2296 236 2326 fuerat
246 2317 254 2325 .
264 2298 340 2326 Item
349 2296 527 2326 Dioscorides
539 2303 664 2337 smegma
674 2297 757 2326 etiam
767 2294 871 2324 scribit..
880 2296 946 2324 Cae-
962 2294 1187 2334 SotA11013FR.
1199 2296 1313 2324 verbum
1322 2316 1331 2329 ‚
1350 2294 1486 2331 fidejubeo
1495 2315 1504 2328 ‚
1524 2293 1542 2323 l.
1553 2303 1580 2331 3.
1599 2291 1634 2320 de
1643 2286 1802 2318 exercitali-

147 2347 208 2365 xum
216 2337 325 2376 saponis
336 2337 496 2368 inventores
504 2338 587 2376 primi
598 2338 674 2367 Galli
686 2337 770 2369 fuere,
783 2335 820 2363 ita
830 2336 945 2369 Plinius,

147 2377 196 2414 lib.
210 2384 257 2409 ιε.
266 2388 323 2419 cap,
340 2389 385 2409 iz.
394 2378 439 2418 ubi
447 2378 482 2418 sic
493 2380 547 2410 ait:
573 2378 747 2415 [Prodestac
756 2376 821 2416 sapo
832 2377 945 2406 :Gallo-

1003 2335 1068 2363 bus.

962 2376 1135 2417 Sourion,
1151 2373 1283 2417 solatium*
1299 2376 1392 2416 presto
1403 2397 1412 2412 ,
1430 2373 1523 2406 reficio
1534 2391 1541 2401 .
1562 2369 1658 2409 [Huic
1669 2367 1806 2413 vos-sola⁴²

1707 2419 1767 2440 tia·
