1866 2526
449 11 561 58 DE

92 83 133 114 Hi
143 80 222 112 enim
231 77 312 109 armi:
317 79 378 114 jura
387 72 514 105 Ecclefiae
524 68 671 99 defendere
683 78 697 95 v
703 60 883 96 ovcbamwel

93 135 152 153 erat
161 119 288 152 Ecclefiz
297 113 466 158 particularis
478 135 485 147 ‚
497 111 544 151 qui
555 109 599 139 vir
608 107 719 138 illustris
731 128 738 139 ,
748 110 775 135 ὃς
787 112 885 143 potens

1236 0 1282 36 D
1312 0 1348 34 Ε
1606 0 1682 41 233

936 59 1059 87 culatur.
1090 56 1127 84 In
1158 53 1216 82 vita
1247 49 1338 80 Saneti
1354 45 1482 78 Othonis
1510 42 1596 83 Episc.
1626 43 1675 73 lib.
1704 52 1731 70 κ.

937 108 996 138 cap.
1012 108 1020 125 i
1033 107 1056 125 i.

95 163 146 194 else
155 162 291 192 debuerat,
303 163 330 188 δ(
342 156 426 186 etiam
435 163 492 183 erat
500 149 630 182 defensor
639 147 826 184 Synodorum,
837 143 884 182 qui
898 143 1095 170 Derion-rio
1106 157 1114 169 ,
1138 132 1208 163 'idest
1218 153 1225 164 ,
1238 128 1404 168 florilegium
1417 148 1424 155 .
1436 125 1510 155 Vide
1519 125 1616 164 Infloro
1627 143 1634 151 .

95 216 109 233 a
117 201 222 234 Grecis
230 199 336 234 asim,
349 195 518 234 idest‚Justus
527 191 707 222 dicebatur-,Sc
717 188 746 217 ab
756 187 816 216 aliis
826 190 888 222 Syn—

98 247 176 282 λέμου
186 255 196 277 5
208 241 263 271 >hic
273 241 304 269 ab
312 237 448 277 Episcopo
458 257 466 268 ,
475 235 562 264 Clero
574 254 582 266 ,
599 235 627 261 ὅ(
639 229 772 258 nobilibus
782 225 885 255 civibus

98 276 552 324 eligebaruncujus·idoneitates&
565 271 691 311 requisita
702 271 732 298 in
744 270 770 298 C
772 264 890 296 .The0d.

102 327 120 354 l.
129 322 294 354 Defensores
304 322 341 350 it:
350 317 523 357 praecipimus
534 337 541 348 ,
554 319 580 343 8.
592 314 629 342 C.
641 312 674 340 de
685 311 759 339 offic.
772 312 798 337 δε
809 305 890 341 jurid.

902 183 1063 211 Deforme.
1075 174 1194 205 ventilo;
1209 172 1244 201 sic
1253 171 1287 200 de
1299 169 1447 200 frumento,
1456 165 1532 205 quod
1544 165 1574 192 in
1586 163 1654 192 areis
1668 171 1735 190 vcn-

943 219 1071 249 tilatione
1081 214 1228 245 mundatur
1238 234 1246 245 ,
1266 209 1424 240 Ambrosius
1434 206 1525 245 inquit
1537 216 1543 233 :
1568 209 1580 239 [
1594 201 1737 232 Gemcnti-

942 262 988 290 bus
997 259 1085 291 ateis*
1095 257 1161 286 dum
1170 253 1287 283 ceditur
1300 249 1389 280 meffis
1399 270 1408 286 ,
1421 249 1555 277 frumenta
1566 243 1717 273 defolliunt
1729 262 1738 274 ,

945 302 992 330 lib.
1004 300 1037 329 de
1047 297 1149 329 Viduis
1162 317 1169 324 .

103 375 236 395 notantur
247 385 254 396 ,
276 366 303 391 ὅ(
313 359 423 390 habebat
432 355 654 395 jurisdiffionem
672 353 702 380 in
714 346 891 388 chularibus
906 343 1062 371 Dffoucio
1073 359 1080 367 .
1101 340 1157 367 FR.
1169 345 1241 374 cogo
1253 355 1260 366 ,
1271 333 1398 361 violento
1409 351 1415 358 .
1440 335 1452 364 [
1464 328 1491 358 Si
1502 327 1573 356 forte
1585 324 1684 363 aliquis
1693 323 1742 351 de-

103 407 135 436 in
152 405 284 445 aliquibus
294 401 391 431 casibus
403 422 410 434 ,
429 409 488 428 can.
499 394 638 435 quoniam
655 389 787 422 Monaclii
800 408 809 421 ‚
832 396 890 415 can.

104 447 185 476 Probi
196 455 271 475 num.
286 450 328 472 16.
337 452 413 480 qun.
425 445 451 470 ὅ(
462 449 520 468 can.
531 438 560 466 in
572 433 694 473 singulis,
703 430 814 461 dist.77.
827 436 894 465 quo-

106 497 165 516 rum
184 486 302 526 primum
313 484 340 513 S.
352 482 535 511 Sebastianum
554 474 629 505 fuiss'e
647 471 729 502 refert
741 472 840 499 Baron.
851 477 893 494 aii.

109 533 176 558 268.
189 524 351 556 scholastici
360 532 450 550 sutem
461 515 624 549 Defensores
635 537 643 548 ‚
664 512 711 551 qui
724 521 782 539 non
792 506 874 536 armis
887 528 894 538 ‚

949 382 1076 411 sorciaret
1085 377 1212 408 Domino
1223 374 1295 413 Regi
1307 371 1503 401 reclitudinem
1516 368 1591 397 suam
1601 377 1610 397 ς
1621 360 1747 395 Archic-‘

950 421 1059 461 piscopi
1070 442 1078 453 ,
1097 416 1246 457 Episcopi,
1267 418 1295 443 ὅ(
1306 410 1506 443 Arcliidiaconi
1516 408 1616 438 debent
1628 407 1741 442 eumju-

951 463 1052 492 ilitiare
1061 483 1069 495 ,
1079 469 1108 489 ut
1119 459 1194 497 Regi
1203 455 1345 484 satisfaciit
1356 474 1363 481 .

909 505 1059 532 Defoiims
1071 522 1078 529 .
1102 499 1175 528 Vide
1186 497 1377 535 Infabricatus
1390 515 1397 526 ‚
1409 493 1580 530 Inspeciatus
1590 508 1598 516 .

109 569 158 598 sed
168 567 294 597 doctrina
303 568 359 601 jum
368 561 488 591 Ecclefiae
501 555 685 587 defendebant
696 574 704 586 ,
721 560 788 589 quos
800 548 894 577 Adv0>
910 546 1076 573 Deraffluoa
1089 563 1096 574 ,
1107 539 1232 569 effraenor
1244 557 1251 564 .
1264 543 1275 572 [
1289 537 1417 571 Cumque
1431 541 1527 560 venter
1538 528 1661 559 reficitur
1671 549 1677 560 ,
1690 527 1743 555 lin-

108 619 182 639 caros
194 616 319 637 vocamus
331 626 337 632 .
348 603 421 633 Vide
433 594 663 631 Adminiculatbr
673 615 680 627 ‚
693 591 895 621 Com-laniator,

951 595 1002 622 gua
1012 582 1180 611 defi-,entitur
1192 600 1198 606 .
1222 579 1259 607 D.
1270 579 1356 615 Orc-g.
1365 575 1412 604 lib.
1429 585 1452 602 i.
1462 573 1492 600 in
1503 582 1559 610 cap.
1575 580 1599 605 5.
1611 569 1674 608 Job.

109 650 284 681 Prota-:dicus
294 668 301 675 .
312 641 493 674 Defensorem
503 636 696 668 scholasticum
706 628 896 663 oecumenius
911 626 1078 655 Dkrnonno
1091 643 1098 650 .
1121 620 1194 652 Vide
1207 618 1313 656 Capillo
1323 637 1330 644 .

109 691 141 720 in
153 691 221 720 Asta
230 686 428 726 Apostolorum
435 680 557 720 ἀγοραῖον
567 699 574 711 ,
583 676 657 705 adest
668 697 675 708 ,
685 673 737 702 fori
749 670 897 713 proclama—
911 667 1074 695 Demus-ro
1089 684 1097 696 ‚
1119 662 1242 692 arborem
1253 658 1380 688 frustibus
1390 653 1482 694 spolio
1494 675 1502 686 ‚
1522 657 1548 682 ὅ(
1559 648 1746 689 metaphorice

110 741 201 760 rorem
211 724 469 765 vocnt.Justinianus
478 723 633 758 Imperator
644 716 802 746 Adice-:tos
813 719 895 739 etiam

112 768 279 802 Defensores
296 764 451 806 appellavit
462 783 469 794 ‚
491 763 564 796 cujus
579 757 639 788 haec
647 755 712 785 sunt
721 753 818 784 verbu
841 753 897 786 [Et

113 812 245 842 sancimus
266 817 360 837 omncs
370 801 567 844 appellationes
578 821 587 833 ‚
605 799 661 828 sive
673 806 720 835 per
729 795 756 823 se
768 816 775 828 ,
787 793 841 822 (ive
852 800 900 830 pei·

114 859 316 893 procuratorem
328 870 334 880 ‚
354 846 410 875 five
420 854 466 883 pei·
482 838 639 871 defensores
647 842 699 867 &c-
723 848 748 865 2.
761 846 787 873 q.
801 840 827 862 6.
842 841 900 860 can.

116 892 298 924 Anteriorurn
308 891 338 920 .]
360 890 401 916 Ex
412 885 454 913 his
463 883 569 921 septem
578 892 592 910 a
600 881 637 909 D.
647 877 788 916 Gregorio
799 884 849 913 pro
860 871 901 900 sc-

115 944 190 974 ptern
200 932 270 961 urbis
280 927 437 969 regionibus
445 923 589 954 constituti
597 920 671 953 sunt,
682 928 749 958 quos
759 925 831 945 nunc
844 912 888 943 Ad
895 930 901 933 ν

116 984 228 1004 vocatos
244 968 453 1001 Coniistoriales
461 964 640 1003 appellamus5
660 969 724 988 tunc
745 965 833 986 autem
845 957 902 983 Rc-

116 1014 258 1054 gionarios
266 1009 431 1040 Defensores
439 1004 620 1044 appellabant5
632 1006 646 1035 (
656 998 821 1038 temporibus
830 994 903 1025 enim

117 1055 193 1091 istius
213 1051 358 1083 Pontificis
365 1049 469 1087 septem
490 1054 596 1074 tantum
605 1042 694 1072 Urbis
711 1040 836 1078 regiones
847 1035 904 1064 exi-

119 1095 223 1125 stebant
234 1098 246 1126 )
256 1092 286 1121 in
297 1089 425 1130 praesenti
437 1096 524 1116 autem
534 1085 567 1114 ad
577 1081 723 1113 duodecim
732 1081 822 1109 Sixtus
832 1079 902 1114 Papa

120 1137 173 1165 IV.
186 1134 272 1166 nuxit,
283 1142 344 1161 cum
353 1127 508 1158 differentia
516 1135 606 1154 tamen
616 1119 886 1162 przeminentiaruin
899 1138 905 1148 ‚

120 1187 149 1205 ui
161 1175 272 1205 habetur
291 1173 320 1201 in
330 1172 443 1199 tristam
463 1167 652 1196 Dominorum
671 1162 786 1191 fratrum
805 1159 838 1187 dc
849 1161 904 1187 Ru<

955 705 1071 734 frustum
1081 701 1251 742 spiritualem
1262 709 1296 727 ex
1304 696 1466 726 lectionibus
1476 702 1622 731 excerpere
1639 687 1746 728 fignifi-

953 757 995 775 cat
1008 758 1013 774 :
1029 751 1041 781 [
1053 743 1204 782 Quaesitum
1215 740 1347 768 volumen
1358 735 1474 765 'invenio
1486 757 1493 768 ‚
1517 733 1639 772 produco
1650 752 1658 762 ,
1670 727 1748 758 leffi-

955 799 984 816 to
997 809 1005 820 ,
1028 794 1146 823 excerpo
1158 804 1164 815 ‚
1188 790 1304 810 maxima
1315 791 1329 807 e
1347 786 1453 816 magnis
1471 775 1559 812 capita.
1576 771 1727 801 defrudans
1739 790 1746 800 ,

956 825 1106 858 Sidon-lib.
1118 836 1145 861 9.
1156 822 1234 861 epist.
1254 823 1306 858 9.]
1321 821 1378 847 FR.
1399 816 1446 845 sed
1464 810 1750 853 Defrustanshabent

956 867 1071 898 correcti
1082 864 1202 895 Codices
1212 885 1220 896 ‚
1243 861 1311 890 idest
1321 883 1328 893 ‚
1349 857 1495 894 frustratim
1504 855 1624 893 colligo.

917 913 1099 941 Driuucrus
1113 927 1120 934 .
1143 903 1217 933 Vide
1227 902 1310 939 Miffa
1323 897 1516 937 defunchrum
1526 917 1533 923 .
1545 892 1748 923 Dcfiinctorum

959 950 1054 979 tituli.
1077 946 1151 975 Vide
1161 950 1236 973 Bona
1255 951 1383 970 meinorm
1395 959 1401 966 .
1425 940 1480 967 Pro
1504 935 1638 966 defunCtis
1655 933 1750 961 colore

960 991 1040 1020 rubro
1050 987 1144 1017 Graeci
1164 986 1194 1014 in
1212 982 1376 1012 funeralibus
1385 989 1499 1008 utuntur
1509 998 1516 1005 .
1539 975 1614 1005 Vide
1631 980 1729 1003 Saccus
1744 990 1751 997 -

960 1030 1081 1061 Dubium
1090 1028 1162 1056 circo
1169 1024 1396 1054 benedictionem
1407 1018 1508 1048 incensi
1520 1039 1528 1050 ,
1552 1027 1606 1055 quo
1615 1011 1751 1044 Defuntti

960 1068 1152 1101 incensantur.
1165 1065 1239 1095 Vide
1251 1063 1395 1100 Absolutio
1406 1081 1413 1088 .
1422 1059 1543 1088 Dubium
1554 1058 1584 1085 in
1596 1055 1685 1085 verbis
1694 1051 1751 1082 Of-

962 1110 1070 1141 fertorii
1080 1132 1088 1143 ,
1112 1107 1187 1147 quod
1200 1106 1230 1134 in
1241 1103 1317 1134 Missii
1329 1101 1531 1131 Defunc‘torum
1540 1097 1670 1128 recitatur
1681 1114 1688 1122 .
1700 1092 1753 1122 Vi-

963 1154 996 1182 de
1006 1153 1182 1191 Offertortum
1193 1167 1201 1175 .

120 1217 176 1246 beis
188 1237 196 1249 ,
213 1218 286 1251 cujus
299 1212 392 1241 titulus
402 1209 440 1238 est
451 1229 458 1240 ,
478 1207 608 1244 Defensor
617 1205 767 1232 redivivus
778 1221 784 1228 .
805 1199 864 1229 Ubi
875 1197 908 1225 de
924 1197 1069 1224 DnoAiiiA
1080 1213 1088 1224 ‚
1110 1194 1137 1218 ὃ(
1147 1194 1287 1225 Degamus
1298 1205 1305 1213 .
1327 1183 1400 1213 Vide
1412 1186 1537 1220 Agamus
1550 1199 1557 1207 .

119 1256 247 1295 Collegii
256 1253 464 1283 Advocatorum
473 1244 705 1277 Consistomlium
713 1241 823 1279 origine
834 1261 842 1272 ‚
861 1238 907 1266 ha-
924 1237 1126 1265 DEGRADATIO
1139 1250 1146 1258 .
1170 1227 1245 1258 Vide
1256 1226 1453 1265 exauc‘toratio
1463 1242 1470 1249 .

121 1299 177 1326 bitu
186 1305 242 1324 tam
253 1294 373 1334 privato,
384 1300 464 1329 quam
476 1288 595 1327 publico,
609 1285 643 1314 de
653 1282 808 1312 muneribus
817 1288 910 1308 eorum

81 1355 86 1358 ·
121 1339 153 1366 in
163 1334 342 1366 Confistoriis
353 1330 511 1362 Pontificiis
521 1350 528 1361 ,
539 1324 709 1357 admissione,
720 1334 748 1351 :ic
761 1321 860 1351 ordine
871 1318 911 1348 se-

120 1378 206 1406 dendi
217 1377 247 1405 in
258 1373 396 1405 Conciliis
404 1369 574 1411 generalibus
587 1390 594 1401 ‚
605 1367 706 1403 dejure
717 1361 889 1392 doftrinandi
904 1382 911 1393 ,

121 1429 151 1447 :tc
162 1415 368 1446 transmittendi
380 1412 515 1442 officium,
526 1413 553 1439 ὅ(
565 1410 655 1437 locum
666 1402 870 1435 Advocationis
881 1401 913 1429 ad

123 1459 223 1488 liberos
236 1480 244 1492 ‚
255 1462 283 1486 ὃ(
293 1456 325 1485 de
334 1453 517 1484 advocatione
527 1457 674 1489 pauperum
683 1468 690 1479 ,
702 1450 729 1474 ὃς
740 1443 817 1477 fisci,
829 1441 912 1471 diser-

125 1509 155 1527 te
165 1499 259 1537 agitur
269 1519 276 1530 ,
299 1504 414 1535 quorum
423 1491 644 1530 superioritatem
657 1487 763 1515 ratione
773 1484 860 1512 officii
872 1483 915 1512 Bi-

123 1539 272 1568 bliothecae
286 1532 508 1573 Archigymnasii
520 1531 607 1560 Almae
619 1528 706 1558 Urbis
715 1524 915 1565 agnosc05quo-

125 1590 186 1608 rum
197 1578 321 1607 oninium
332 1574 609 1605 DD..idx·0cat0rum
621 1570 677 1598 Sac.
687 1565 853 1596 Consistorii
863 1574 915 1592 tam

123 1618 290 1649 decessorum
303 1639 309 1650 ,
322 1625 402 1655 quam
411 1612 584 1642 existentium
597 1610 665 1639 vitas
677 1609 759 1646 pleno
771 1627 779 1639 ‚
788 1616 817 1634 ac
827 1606 901 1633 erudi

127 1672 158 1690 to
167 1660 270 1688 calamo
290 1657 413 1686 exaravit
424 1655 507 1683 Dorn.
526 1662 599 1680 meus
619 1649 738 1680 Carolus
756 1645 917 1676 Cartharius

127 1701 289 1730 eorumdem
300 1698 344 1728 Ad
350 1704 508 1725 vocatorum
520 1694 643 1721 Decanus
655 1711 664 1723 ‚
674 1688 816 1727 sapientiae
827 1687 917 1718 decus,

130 1747 159 1771 ὃ(
171 1739 330 1778 Apostolici
340 1736 458 1766 Ari—hivi
470 1733 598 1764 Adriane
613 1732 692 1761 Arcis
703 1732 760 1758 Prae
766 1728 847 1757 fec'ius
857 1748 863 1755 .
888 1730 917 1755 E.

131 1791 192 1810 rant
202 1781 286 1809 etiarn
296 1778 342 1808 alii
357 1776 516 1807 scholastici
527 1770 692 1802 Defensores
705 1792 713 1803 ,
735 1769 783 1808 qui
794 1768 826 1797 ad
834 1767 918 1798 Orbis

134 1821 275 1860 Regiones
285 1831 299 1848 α
307 1817 485 1848 Pontificibus
496 1812 628 1844 Romanis
639 1812 672 1840 ad
686 1808 882 1850 patrocinanda
894 1808 919 1836 S.

132 1865 170 1891 R.
185 1865 214 1890 F..
225 1859 453 1899 posseffionum,&
464 1855 675 1895 regonitionuni
683 1856 739 1888 jura
749 1849 917 1882 debitamiit-

134 1903 260 1930 rebantur
269 1922 275 1933 ,
289 1899 363 1939 quod
372 1909 405 1927 ex
417 1895 536 1933 ejusdem
544 1896 581 1924 D.
591 1893 724 1932 Gregorii
735 1890 856 1929 epistolis
867 1899 923 1917 non

137 1953 197 1971 raro
208 1942 294 1980 liquet
306 1951 314 1971 ς
335 1943 361 1967 δε
374 1938 422 1971 hi,
443 1938 467 1966 S.
476 1940 513 1966 R.
524 1940 553 1965 E.
565 1934 728 1964 Subdiaconi
743 1932 826 1959 etiam
835 1929 924 1968 appel.

136 1984 258 2013 iabantur
271 2002 277 2009 .
289 1979 362 2009 Vide
370 1979 567 2007 subdiaconus.
577 1977 621 2004 De
631 1975 707 2003 malis
717 1972 871 2002 Advocatis
883 1972 923 1999 A·

137 2025 258 2063 „apicius
266 2024 338 2059 Papa
349 2019 448 2057 inquit.-
462 2018 551 2053 [Dum
561 2016 677 2045 humana
685 2015 758 2042 lucra
769 2012 926 2043 attendunt,

138 2074 241 2094 :terna
251 2060 363 2101 praemia
373 2059 501 2097 perdunt,
512 2068 568 2085 can.
580 2057 641 2095 quin
652 2053 813 2094 Episcopus,
825 2062 895 2091 5.q.3
903 2052 926 2082 .]

137 2108 212 2136 Item
223 2100 389 2133 Defensores
400 2098 506 2138 poss'unt
520 2097 580 2126 fieri
590 2096 698 2125 Clerici
709 2116 718 2127 ,
729 2105 788 2122 can.
800 2094 831 2121 in
839 2093 938 2137 singu:¹

140 2147 173 2175 lis
186 2167 193 2179 ,
204 2145 265 2174 dist.
276 2154 322 2177 77·
334 2143 407 2170 Item
415 2138 553 2169 Defen⁴or
563 2137 665 2166 dicitur
675 2134 816 2164 Exorcista
825 2153 833 2160 .

143 2187 284 2222 Exorcista
295 2203 302 2212 .

100 2229 294 2259 Dercssoiusi
307 2245 316 2257 ‚
329 2224 387 2251 FR.
396 2218 563 2250 defensionis
570 2217 696 2247 officium
706 2236 713 2243 .
723 2218 837 2245 Extrav.
848 2215 932 2253 Joan-

144 2267 186 2295 nis
195 2266 286 2295 XXII.
298 2264 332 2300 de
342 2264 437 2298 major.
447 2265 475 2299 ὅς
485 2259 645 2293 obedientia
656 2279 664 2291 ‚
673 2265 732 2294 cap.
743 2255 827 2285 unico
837 2275 844 2282 .

101 2311 279 2341 szzitcuto
290 2302 312 2339 ‚²
309 2303 409 2333 fercula
417 2302 452 2332 de
461 2296 552 2331 mensa
560 2299 661 2328 aufero.
673 2304 686 2334 [
697 2296 774 2334 Quid
784 2294 883 2323 mirum
893 2293 936 2322 di-

142 2351 218 2381 etum
227 2368 235 2381 ,
246 2344 337 2389 mensa
347 2352 486 2385 nunquam
496 2335 657 2371 disarniatur
665 2361 674 2373 ‚
697 2344 838 2377 nunquam
848 2334 938 2367 defer-

924 1277 1072 1305 Damno
1087 1293 1093 1299 .
1115 1272 1172 1299 FR.
1184 1267 1339 1297 Dehonoro
1349 1287 1356 1297 ,
1381 1263 1491 1303 quando
1501 1284 1508 1295 ,
1520 1260 1627 1289 scilicet
1637 1280 1645 1292 ‚
1663 1256 1696 1286 ad
1710 1255 1758 1284 lai-

966 1326 1024 1345 cam
1033 1311 1258 1342 communionem
1266 1307 1394 1336 Clericos
1404 1302 1625 1333 exterminabant
1637 1314 1644 1328 .·
1669 1297 1760 1334 [Un-

967 1358 999 1386 de
1011 1366 1069 1384 non
1077 1360 1184 1392 opertet
1195 1373 1202 1383 ‚
1212 1359 1242 1378 ut
1254 1347 1419 1387 degradetur
1428 1367 1435 1378 ,
1447 1348 1475 1373 ὃ(
1485 1342 1674 1372 dehonoretur
1684 1348 1753 1366 una·

969 1405 1084 1436 quaeque
1093 1392 1243 1423 Provincia
1255 1412 1263 1423 ‚
1286 1399 1344 1418 can.
1354 1386 1453 1415 scitote
1465 1407 1473 1418 ,
1491 1390 1535 1413 16.
1546 1394 1573 1421 q.
1589 1393 1613 1419 3.
1626 1392 1682 1409 cin.
1694 1379 1759 1408 Sub-

969 1440 1099 1468 diaconus
1109 1456 1116 1468 ,
1143 1445 1189 1468 24.
1199 1430 1292 1471 quaest.
1309 1441 1331 1457 i.
1342 1430 1354 1460 ]
1367 1427 1512 1456 Dicebatur
1523 1425 1609 1453 etiarn
1621 1422 1762 1450 Exaus‘ia-

938 1480 940 1482 ’
970 1482 1062 1510 ratio,
1084 1473 1235 1512 Depofitn'o,
1260 1470 1397 1509 dequibus
1408 1470 1504 1496 Baron.
1524 1475 1586 1493 ann.
1610 1472 1656 1498 57.
1674 1472 1701 1489 n.
1715 1471 1766 1488 ω..

971 1523 999 1548 &
1011 1529 1057 1556 23.
1068 1519 1141 1546 Item
1151 1514 1273 1551 1)εῄεᾶιό
1283 1533 1291 1545 ,
1314 1510 1470 1539 Damnatio
1483 1528 1490 1539 ,
1513 1515 1572 1533 can.
1592 1503 1668 1531 sextz
1678 1501 1763 1530 actio-

974 1571 1009 1589 ne
1021 1581 1028 1592 ‚
1049 1568 1111 1586 cuin
1121 1555 1177 1592 seq.
1193 1564 1236 1589 ις.
1246 1562 1292 1591 qu.
1303 1562 1331 1584 7.
1342 1552 1415 1579 Item
1424 1546 1559 1584 Depofitio
1569 1566 1576 1577 ,
1598 1547 1626 1572 δε
1642 1542 1765 1571 Interdi-

973 1604 1023 1630 c‘bio
1036 1621 1043 1633 ,
1067 1599 1097 1626 in
1107 1595 1227 1625 decretal
1237 1593 1271 1622 de
1281 1591 1395 1621 Clerico
1405 1585 1647 1618 excommunicato
1656 1604 1664 1616 ,
1676 1583 1763 1621 depo-

972 1642 1024 1671 sito
1035 1661 1043 1673 ,
1055 1643 1083 1668 δ(
1095 1636 1246 1666 interdicto
1257 1643 1303 1672 per
1313 1641 1413 1661 totum.
1425 1630 1497 1658 Item
1509 1627 1640 1655 Excitan*
1653 1624 1766 1661 depres-

973 1684 1076 1719 byterio
1087 1701 1095 1712 ‚
1118 1678 1186 1707 idest
1196 1698 1203 1709 ,
1214 1672 1357 1713 degradari
1369 1692 1375 1699 .
1389 1669 1462 1700 Vide
1472 1667 1676 1706 Presbyterium
1686 1684 1693 1691 .
1707 1664 1766 1692 Ho-

974 1719 1018 1753 die
1030 1722 1094 1749 vero
1106 1716 1268 1758 degradatio
1279 1711 1495 1743 denudationem
1503 1719 1517 1736 a
1525 1705 1604 1734 sacris
1625 1704 1768 1734 ordinibus

975 1762 1110 1802 significat
1120 1783 1127 1793 ,
1138 1761 1172 1787 de
1184 1767 1234 1796 qua
1243 1766 1301 1784 can.
1313 1754 1332 1783 fi
1345 1753 1403 1792 quis
1414 1760 1476 1780 curn
1485 1747 1611 1779 elerico,
1627 1757 1636 1774 1
1647 1757 1670 1773 i.
1679 1755 1725 1783 qu.
1737 1757 1768 1774 2.

975 1805 1020 1834 ubi
1032 1802 1066 1832 fic
1084 1801 1197 1829 habetur
1209 1809 1215 1824 :
1239 1803 1251 1832 [
1271 1798 1306 1824 In
1325 1791 1509 1822 criminalibus
1529 1798 1596 1816 vero
1612 1785 1694 1814 causis
1714 1790 1768 1815 &c.

977 1847 1046 1874 Non
1055 1852 1144 1871 autem
1153 1840 1229 1868 aliter
1249 1845 1376 1875 puniatur
1395 1832 1519 1863 Clericus
1530 1850 1537 1861 ‚
1561 1827 1611 1856 nisi
1631 1827 1770 1855 obnoxius

977 1893 1099 1924 repertus
1110 1905 1116 1915 ,
1128 1878 1282 1910 sacerdotio
1292 1876 1407 1905 nudatus
1417 1872 1502 1901 fuerit
1511 1871 1541 1899 ab
1552 1866 1690 1906 Episcopo
1699 1866 1748 1896 suo
1758 1888 1770 1900 ,

980 1926 1026 1956 vel
1039 1923 1195 1953 Clericatus
1205 1919 1312 1948 bonore
1332 1919 1344 1948 ]
1365 1920 1393 1945 ὃ(
1403 1913 1522 1942 traditur
1540 1908 1651 1939 brachio
1661 1906 1771 1936 saecula-

981 1968 1004 1995 ri
1017 1988 1024 1999 ‚
1050 1975 1075 2000 ς.
1086 1962 1214 1992 decretal.
1225 1961 1270 1988 tit.
1284 1969 1330 1993 40.
1345 1966 1402 1994 cap.
1425 1965 1469 1986 27·
1483 1951 1556 1981 Vide
1575 1949 1749 1987 DIffecratus
1761 1969 1774 1981 ‚

983 2013 1139 2037 Execratus
1152 2024 1158 2031 .
1182 2004 1255 2031 Item
1266 1999 1299 2028 de
1312 1998 1402 2035 poeriis
1414 1996 1443 2024 in
1452 1993 1508 2022 sex.
1521 1989 1673 2029 Quomodo
1681 1998 1773 2020 autem

983 2048 1060 2077 fiebat
1073 2042 1221 2082 antiquitus
1233 2062 1240 2069 .
1263 2039 1336 2068 Vide
1345 2039 1478 2066 Orarium
1489 2054 1497 2062 .

942 2090 1149 2118 Dromonio
1160 2104 1166 2111 .
1189 2081 1263 2110 Vide
1274 2078 1399 2116 Degrado
1410 2097 1418 2105 .

856 2132 931 2162 Vide
943 2132 1184 2160 Deonmmxou.
1209 2118 1429 2157 FR.explod0r,
1451 2114 1592 2154 expellor.
1613 2117 1625 2147 [
1644 2114 1678 2140 Et
1700 2111 1777 2139 velut

986 2166 1135 2198 homicidae
1147 2166 1178 2193 in
1188 2171 1313 2192 extremo
1322 2158 1446 2188 examine
1457 2155 1549 2192 aJusto
1558 2154 1649 2191 judice
1661 2152 1779 2192 degran-

988 2210 1155 2239 dimbumur
1167 2227 1175 2237 ,
1196 2210 1209 2238 (
1226 2203 1294 2238 idest
1310 2200 1481 2238 expellentur
1499 2200 1513 2229 )
1531 2206 1591 2224 can.
1612 2194 1686 2222 inter
1697 2202 1778 2221 exte-

990 2262 1018 2280 ra
1029 2272 1035 2282 ,
1060 2260 1106 2278 22.
1119 2256 1164 2285 qu.
1176 2257 1202 2280 4.
1214 2246 1227 2276 ]
1243 2242 1302 2272 Ubi
1315 2238 1409 2271 Glofl'a
1426 2248 1504 2267 extra
1523 2234 1632 2265 sensum
1644 2232 1782 2273 grandine

990 2299 1080 2330 poenae
1091 2295 1199 2316 aeternae
1213 2281 1343 2322 flagellari
1353 2282 1567 2318 interpretatur:
1591 2286 1650 2304 non
1660 2274 1734 2302 enim
1750 2272 1785 2302 in.¹

992 2339 1118 2362 extremo
1127 2326 1232 2367 judicio
1251 2322 1459 2363 flagellabuntur
1477 2319 1666 2348 damnatorum
1683 2313 1783 2342 animat

1688 2363 1747 2394 poe.
