1866 2526
486 35 586 78 SC

129 99 230 130 nevola
246 97 389 138 dispositio
396 95 436 126 est
447 117 456 130 ,
477 95 523 125 vel
541 102 656 123 concors
675 91 852 122 voluntatum
861 101 927 121 con-

130 140 222 171 sensus
230 162 238 169 .
257 140 314 176 Qui
324 149 392 178 ergo
402 147 496 166 mutua
503 134 532 164 se
550 133 744 164 benevolentia
757 131 926 172 prosequun-

131 191 192 214 tur,
211 180 339 211 amicitiae
350 178 472 218 respectu
482 175 603 206 schetice
624 174 766 210 conjuncti
783 174 928 204 dicuntur.

132 221 287 251 Haereticus
297 220 373 250 enim
384 219 483 258 impius
494 215 638 247 Nestorius
650 237 658 248 ‚
667 214 869 244 ecclesiasticam
881 214 930 243 do-

133 263 249 290 &rinam
269 272 326 290 non
337 259 488 289 admittens
498 280 506 291 ,
525 257 589 296 quia
600 255 656 294 ipse
665 257 741 284 Deus
750 254 838 284 homo
850 255 930 284 faetus

131 301 170 330 est
183 323 190 335 ,
210 302 355 340 nostraque
369 311 464 330 natura
475 298 634 334 conjunctus
643 295 781 329 asseritur,
800 295 930 335 hyposta-

135 341 217 371 ticam
225 342 338 381 quidem
350 364 356 374 .
376 341 420 370 seu
433 339 603 379 personalem
615 336 840 373 conjunffionem
849 347 930 376 nega-

132 382 178 411 bat
189 403 196 411 .
206 383 300 412 Nicer.
312 383 358 412 lib.
369 393 395 420 3.
408 380 478 409 thes.
491 379 603 409 orthod.
615 378 662 407 fid.
674 388 696 421 ⁶:
706 379 758 414 9.]
772 377 859 406 Unde
869 379 930 407 Me-

132 421 189 451 dici
199 424 339 453 scheticas
350 424 450 461 aliquas
461 420 547 451 febres
558 427 659 449 vocant
669 439 677 452 ‚
687 418 756 446 idest
766 438 775 451 ,
786 418 910 447 relativas
922 439 929 451 ‚

133 461 179 492 scu
190 463 281 492 unitas
291 483 299 491 .

93 502 223 533 Semnus
237 526 244 536 ‚
260 503 371 542 σχῖγοςτ
390 503 490 532 arboris
507 500 608 540 species
619 521 628 533 ‚
649 500 684 528 de
694 509 746 537 qua
763 498 794 527 in
812 508 869 537 cap.
887 509 928 536 ¹3·

134 544 263 573 Danielis
273 564 279 571 .
292 544 390 582 Aliqui
401 553 499 582 putant
511 541 560 570 ess'e
570 539 675 570 lentisci
686 539 818 572 arborem,
828 549 888 577 quae
901 540 931 567 in

132 584 212 613 Chio
231 583 324 614 Insula
334 583 482 613 mastichen
493 582 621 621 producit
633 603 640 613 ‚
661 588 690 608 nt
703 580 789 608 Abbas
800 579 930 617 Justinia-

133 635 182 653 nus
196 625 225 653 in
236 627 292 660 ejus
304 624 431 663 Epistolis
441 621 661 651 memorabilibus
669 619 841 649 diversorum
850 620 930 649 diflu-

133 663 161 693 se
170 687 178 698 ‚
190 675 219 693 ac
230 665 336 693 erudite
347 665 406 703 egit
415 684 422 692 .
432 665 488 692 FR.
500 664 554 692 Hic
565 671 656 691 autem
669 662 713 690 vir
722 661 889 698 Justinianus
900 660 929 689 in

131 705 227 734 studiis
245 704 349 743 semper
360 702 506 738 indefesshs,
519 713 601 742 negat
617 701 668 731 elle
689 700 794 730 lentisci
807 702 885 730 arbor

132 745 282 774 mastichen
291 745 487 783 producentem
497 755 506 775 5
519 744 553 772 sic
562 743 637 772 enim
646 742 684 771 ait
699 742 729 769 in
741 752 807 770 torn.
824 753 846 770 ι.
856 751 914 780 ep.3
922 762 928 769 .

130 791 145 821 [
158 785 252 814 Alberi
261 789 313 814 ἃς.
334 784 500 825 somigliano
509 785 534 813 al
550 783 669 813 lentisco
680 804 688 816 ,
710 793 724 810 e
736 781 830 821 percio
839 782 928 810 alcuni

132 825 261 854 scrivono
271 847 279 858 ‚
299 824 351 854 che
360 827 385 854 la
394 826 501 854 masticc
522 825 535 853 ὲ
549 825 661 864 lagrima
680 823 709 851 di
731 822 867 855 lentisco-5
888 832 929 850 ma

132 875 230 894 errano
242 887 250 900 ,
260 866 362 904 perche
374 866 421 895 essi
434 865 502 894 sono
512 866 538 894 d’
548 867 654 894 altezza
665 862 724 892 ass'ai
737 864 885 903 maggiori,
895 862 929 891 ed

129 905 226 935 hanno
237 907 261 935 le
271 906 369 936 fronde
382 906 429 945 piis
442 905 547 945 lunghe
557 907 587 934 in
599 905 685 934 forma
697 904 816 933 rotonda
825 924 832 932 .
845 906 857 935 ]
876 903 928 933 Sed

1288 30 1317 72 S
1348 32 1388 73 C
1644 35 1723 75 601

986 98 1096 129 nempe,
1109 86 1238 119 mastiche
1249 89 1405 128 campestris
1415 85 1526 119 dicitu&
1539 85 1701 128 producitur
1711 88 1790 119 eninr

986 142 1021 161 ex
1030 131 1146 171 quadam
1164 129 1253 167 specie
1271 129 1401 159 carduum
1419 125 1593 167 spinosorum
1605 152 1613 164 ‚
1633 141 1693 170 quae
1705 131 1787 161 aPli—

988 171 1039 201 nio
1048 174 1150 200 Castus
1163 193 1170 204 ‚
1181 171 1202 199 1.
1213 181 1228 199 2
1237 181 1260 199 ι.
1270 180 1327 209 cap.
1346 181 1355 199 ι
1363 177 1390 200 6.
1402 169 1555 208 appellatur
1565 191 1573 203 ‚
1584 180 1613 200 ac
1622 172 1727 209 optime
1736 172 1784 201 de-

985 212 1112 242 scribitur
1124 232 1132 245 ,
1153 211 1215 240 fiuti
1237 221 1300 241 vere
1318 210 1474 249 experimur
1492 210 1610 240 existere
1628 212 1659 240 in
1670 213 1766 241 Melita
1774 234 1784 247 ,

987 262 1068 292 quam
1081 252 1138 291 ipse
1148 274 1156 286 ‚
1166 262 1196 280 ac
1205 252 1253 280 alii
1264 251 1342 280 citati
1353 251 1399 280 hic
1409 251 1439 280 in
1447 250 1514 280 ἀὶᾶ.
1532 253 1634 281 Castus
1647 253 1785 281 affirmant

987 294 1019 323 in
1029 292 1122 323 Sicilia
1132 292 1269 322 abundare
1278 315 1287 326 ,
1298 296 1326 322 ὅ(
1336 303 1369 321 ex
1378 303 1407 321 ea
1417 292 1547 331 gignitur
1556 291 1683 322 mastiche
1693 313 1701 325 ‚
1723 303 1783 331 quae

986 337 1132 365 Acantica
1148 333 1334 373 appellabatur
1342 345 1354 368 ,-
1374 342 1434 372 quae
1451 333 1558 371 gratior
1567 355 1575 367 ‚
1604 343 1633 362 ac
1650 332 1785 362 salubrior

988 384 1042 413 prae
1054 373 1128 403 Chia
1137 376 1175 403 est
1188 386 1196 406 ι
1215 384 1277 403 nam
1286 373 1410 413 saporem
1422 373 1561 411 pra-sefer:
1578 373 1738 407 meliorem,
1757 383 1787 402 ac

986 415 1164 444 callositatem
1182 415 1212 444 in
1221 415 1301 453 gustu
1312 414 1392 444 habet
1401 435 1411 448 ,
1434 424 1485 442 nec
1496 415 1597 444 teritur
1605 415 1743 444 medendo
1752 414 1786 443 fi-

986 466 1031 484 cut
1042 455 1116 485 Chia
1127 467 1135 487 ς
1146 455 1205 484 haec
1216 455 1327 494 indiget
1335 465 1402 483 cerae
1414 455 1617 484 commixtione
1626 477 1635 489 ,
1657 455 1706 484 illa
1717 465 1785 484 vero

984 495 1077 525 secus:
1090 496 1149 525 haec
1159 495 1241 525 nimis
1253 495 1366 525 deliccat
1378 495 1464 524 fauces
1473 518 1482 529 ,
1494 495 1619 525 dolorem
1628 495 1728 534 capitis
1738 506 1786 524 ex-

985 538 1049 566 citat
1062 559 1069 570 ,
1084 546 1165 565 venas
1178 535 1332 566 meseraicas
1341 558 1350 569 ,
1375 536 1431 565 five
1442 535 1584 575 capillares
1594 536 1760 575 constringit
1773 557 1783 569 ‚

986 589 1014 607 ac
1025 577 1144 615 proinde
1163 576 1307 606 transitum
1319 576 1399 612 chyli
1416 577 1449 605 ad
1460 576 1544 615 hepar
1556 577 1702 606 difficilem
1722 576 1784 605 red-

984 619 1026 647 dit
1038 640 1047 651 ,
1064 618 1138 647 unde
1147 616 1319 646 debilitatem
1339 617 1468 646 stomachi
1479 627 1612 656 provocat
1627 638 1634 646 .
1654 619 1728 646 Item
1741 617 1783 645 in-

986 658 1094 687 sernum
1104 668 1134 686 os
1143 658 1310 697 constringit
1320 680 1328 692 ,
1352 658 1388 686 ita
1400 668 1428 686 ut
1442 658 1530 687 nimio
1542 658 1661 696 premitu
1670 668 1782 687 evacua-

985 699 1027 727 tio
1036 699 1082 727 fiat
1091 720 1099 731 ‚
1111 699 1178 727 &in
1190 708 1368 727 excremento
1381 697 1529 728 trahuntur
1539 698 1703 728 moroidales
1721 698 1783 728 san-

983 740 1080 779 guinis
1087 748 1186 778 guttae,
1200 749 1228 767 ac
1238 750 1271 768 ex
1283 739 1420 768 intestinis
1430 739 1610 778 pinguedinis
1621 739 1782 778 particulae5

983 791 1043 819 quae
1054 790 1145 808 tamen
1156 790 1168 808 a
1178 778 1306 815 sylvestri
1318 778 1454 818 spinarum
1466 779 1594 808 mastiche
1606 791 1662 808 non
1673 779 1783 810 causan-

984 831 1028 850 tur
1037 840 1044 848 .
1056 820 1130 849 Chia
1139 818 1221 849 semel
1233 820 1334 850 madita
1345 831 1402 848 non
1413 818 1528 849 inservit
1537 820 1651 859 amplius
1664 841 1670 852 ,
1688 819 1736 850 sed
1750 821 1784 849 il·

983 863 1008 891 la
1017 871 1050 890 ex
1060 860 1146 899 spinis
1156 872 1213 889 non
1222 870 1444 899 contemperatur
1453 872 1511 891 cera
1521 882 1529 894 ,
1541 864 1569 890 ὃς
1580 860 1727 890 madefacta
1736 862 1782 891 diu

983 903 1012 931 in
1023 900 1076 930 sale
1086 900 1246 930 conservata
1256 902 1336 931 durat
1348 922 1355 929 .

132 957 227 990 contra
245 945 272 975 se
281 947 451 986 graviffimos
469 947 599 976 Amores
611 945 689 975 habet
698 965 708 982 ,
730 943 928 973 Dioscoridem
942 944 1112 973 Sei-iumioit
1122 963 1130 975 ‚
1152 942 1208 971 {ive
1219 963 1228 975 ,
1249 943 1386 981 Schilpbor
1395 961 1403 970 .
1423 944 1478 972 FR.
1490 942 1622 981 Armiger
1632 964 1640 976 ‚
1653 943 1764 972 Satelles
1775 963 1782 971 .

133 997 164 1014 in
174 987 269 1025 primis
279 1009 286 1020 ,
308 988 385 1026 quil.
399 997 531 1016 1.narrat.
546 992 570 1016 8.
589 990 616 1015 ὃ(
631 991 674 1016 8ι.
685 987 739 1014 ait:
763 991 776 1021 t
788 984 928 1014 Lentiscus

135 1028 249 1056 i'elinam
259 1028 351 1067 gignit
363 1050 369 1060 ,
389 1039 448 1068 quae
469 1027 612 1057 lentiscine
625 1026 838 1066 cognominatur
849 1047 857 1059 ‚
879 1026 927 1054 ali-

983 983 1056 1012 Hist.
1069 982 1242 1021 Longobard.
1254 983 1299 1012 lib.
1312 996 1338 1013 2.
1349 993 1404 1021 cap.
1419 995 1433 1012 2
1441 987 1466 1011 8.
1478 984 1552 1012 Vide
1560 989 1689 1013 Scamera
1699 1005 1706 1012 .

942 1025 1155 1053 Scuiitizmorus
1166 1043 1173 1050 .
1187 1024 1261 1052 Vide
1272 1030 1450 1062 Burgemotus
1461 1043 1469 1052 .

133 1068 384 1110 quibus-mastiche:
400 1072 452 1100 ]&
462 1069 566 1104 Plinius
578 1090 586 1102 ,
597 1069 644 1097 lib.
659 1078 702 1104 ¹4·
714 1077 769 1106 cap.
782 1078 827 1096 20.
847 1069 927 1101 [Re-
942 1067 1067 1094 Senism
1078 1086 1084 1097 ‚
1095 1059 1214 1102 σχίσμα
1225 1086 1232 1097 ,
1243 1064 1312 1093 idest
1323 1087 1329 1097 ,
1349 1063 1455 1093 scilliira
1466 1085 1472 1097 ‚
1493 1064 1593 1094 divisio
1605 1085 1611 1092 .
1635 1070 1648 1100 [
1662 1063 1785 1094 Haereses

133 1109 188 1136 lina
202 1107 309 1137 lentisci
322 1131 330 1142 ‚
351 1120 430 1148 quam
441 1109 590 1139 mastichen
600 1118 718 1138 vocant.
732 1110 744 1140 ]
766 1108 844 1137 Idem
855 1108 928 1135 affir⁴

133 1157 186 1177 mat
197 1149 328 1183 Galenus,
339 1151 385 1179 lib.
398 1163 424 1180 2.
434 1150 466 1180 ad
475 1151 609 1180 Glaucum
620 1150 654 1178 de
666 1149 792 1178 facultate
804 1148 928 1186 Simplic.

134 1201 162 1223 7.
174 1190 235 1217 Pius
255 1191 295 1218 11.
318 1191 346 1218 in
357 1191 485 1230 descript.
507 1191 577 1220 Alie
588 1190 702 1219 minoris
712 1212 720 1223 ,
742 1200 765 1218 c.
777 1200 824 1225 74.
843 1199 871 1217 ac
880 1188 927 1217 alii

133 1239 193 1258 non
204 1230 280 1268 pauci
291 1233 410 1270 antiqui,
420 1236 447 1261 ὃς
457 1231 624 1271 antesignani
636 1231 777 1260 Auftores.
792 1229 876 1259 Ratio
885 1239 928 1257 :iu-

133 1279 190 1299 tem
210 1271 382 1308 proceritatis
393 1273 515 1301 arborum
525 1293 533 1305 ‚
557 1272 601 1300 vel
611 1271 735 1310 aliqualis
746 1270 875 1299 soliorum
885 1280 928 1298 ro-

133 1311 280 1339 tunditatis
290 1322 348 1341 non
357 1313 449 1341 officit
459 1324 467 1343 5
479 1311 550 1350 saepe
561 1312 636 1340 enim
648 1311 770 1340 videmus
779 1311 907 1339 animalia
919 1332 926 1343 ,

133 1351 234 1390 plantas
244 1372 252 1384 ,
273 1351 337 1381 solia
347 1375 356 1386 ‚
375 1356 402 1382 St
413 1353 511 1381 fructus
522 1352 644 1388 ejusdem
656 1351 754 1390 speciei
772 1352 806 1380 ob
816 1351 928 1379 varieta-

130 1401 188 1420 tem
196 1392 336 1421 climatum
345 1416 353 1426 ,
365 1403 409 1422 aut
420 1393 473 1422 soli
482 1395 651 1432 aliquantum
663 1393 780 1423 variaris
801 1395 829 1420 &
840 1393 928 1420 multo

132 1432 217 1471 magis
238 1433 388 1462 dicendum
399 1434 437 1462 cst
455 1433 488 1461 de
498 1433 655 1468 hujusmodi
676 1433 761 1462 Chiis
773 1433 907 1461 arboribus
919 1454 925 1464 ‚

132 1482 192 1509 quae
203 1483 237 1501 ex
248 1474 346 1501 eodem
366 1474 520 1511 Justiniano
529 1484 561 1502 cx
575 1485 644 1502 terra
663 1473 745 1501 nimis
755 1473 828 1501 arida
838 1473 926 1501 nutri-

133 1521 216 1539 untur
225 1534 232 1544 ,
255 1514 327 1541 unde
336 1516 436 1542 mirum
446 1525 504 1542 non
514 1514 552 1542 est
561 1536 569 1547 ‚
591 1515 610 1543 ii
621 1512 797 1552 depreffiores
807 1513 860 1542 sint
871 1523 925 1551 prae

133 1552 239 1580 caeteris
249 1553 371 1588 ejusdem
383 1554 482 1592 speciei
494 1576 501 1586 ,
519 1565 546 1582 ac
558 1554 646 1583 minus
657 1553 785 1593 vigorose
795 1553 923 1582 foliorum

135 1591 251 1621 formam
262 1593 389 1632 gignant.
402 1597 439 1622 At
449 1593 605 1623 miraculosa
616 1595 734 1623 mutatio
745 1594 925 1628 lacrymarum

136 1633 276 1662 mastichis
286 1635 317 1662 ab
327 1635 423 1664 Alatio
434 1646 466 1663 ex
479 1637 669 1675 Papagomeno
679 1657 686 1668 ,
697 1639 724 1664 ὅ(
732 1635 792 1663 aliis
803 1635 926 1663 relatori-

135 1673 182 1702 bus
191 1672 282 1702 aflerta
295 1696 303 1707 ‚
322 1673 386 1704 satis
396 1675 495 1704 ibidem
505 1686 519 1704 a
536 1676 651 1714 praefato
663 1675 820 1714 Justiniano
837 1675 926 1710 rejici-

136 1723 181 1742 tur
193 1734 200 1741 .
224 1717 303 1743 Errat
313 1715 395 1744 etiam
411 1715 598 1754 Sigismundus
615 1716 748 1746 Gelenius
766 1717 877 1744 innotis
895 1716 927 1744 ad

132 1753 257 1784 Plinium
265 1777 273 1788 ,
296 1757 343 1786 lib.
360 1767 368 1784 1
378 1768 402 1785 ι..
413 1766 470 1794 cap.
489 1767 530 1789 ¹7·
540 1757 584 1785 ubi
596 1767 685 1786 textus
694 1756 774 1785 habet
783 1757 813 1785 in
823 1756 928 1794 princi-

134 1795 183 1832 pio
195 1806 201 1822 :
225 1801 237 1830 [
249 1799 322 1836 Ergo
335 1797 428 1826 transit
450 1798 479 1824 in
489 1797 637 1827 mastichen
647 1819 655 1830 ‚
678 1807 737 1836 quae
747 1807 780 1825 ex
791 1798 842 1825 alia
852 1796 928 1836 spina

133 1834 182 1863 fit:
195 1837 206 1866 ]
227 1837 273 1874 qui
286 1847 423 1876 perperam
433 1837 566 1877 corrigit:
590 1841 670 1877 [Ego
679 1836 787 1866 transeo
797 1841 849 1866 ὄις.
867 1848 926 1876 quae

133 1877 162 1903 ὅ(
174 1885 207 1902 ex
218 1874 316 1906 humili
325 1877 402 1915 spina
412 1880 486 1909 δια]
505 1878 610 1907 Plinius
620 1878 735 1907 enimin
743 1878 875 1907 anteriori
886 1888 929 1906 ca-

133 1915 194 1953 pite
215 1916 250 1944 de
268 1917 387 1952 Myrrha
405 1929 487 1957 agens
496 1940 505 1952 ,
523 1919 648 1948 dixerat:
678 1925 690 1955 [
702 1919 819 1957 Reliqua
839 1919 909 1948 vitia
918 1940 926 1952 ,

131 1961 145 1989 (
157 1956 223 1992 idest
232 1978 240 1990 ‚
251 1959 364 1996 Myrrha
377 1959 640 1997 >deprehenduntur
646 1959 740 1998 sapore
749 1959 854 1998 gummi
862 1960 930 1988 den·

134 2005 163 2024 te
176 1995 350 2028 lentescentis
360 2020 368 2027 .
392 1999 566 2030 Fallacislime
575 2010 665 2030 autem
674 2000 839 2029 adulteratur
849 2022 857 2034 ‚
878 2002 927 2029 In—

132 2037 193 2065 dica
215 2038 329 2074 Myrrha
340 2061 348 2072 ,
367 2050 428 2079 quae
447 2040 484 2069 ibi
493 2041 528 2070 de
547 2042 663 2080 quadarn
682 2040 760 2079 spina
769 2041 926 2079 colligitur.

134 2078 198 2106 Hoc
209 2077 298 2107 solum
316 2082 390 2118 pejus
399 2081 430 2109 in
449 2081 533 2110 India
543 2081 616 2111 affert
636 2081 710 2111 facili
729 2081 906 2110 distinctione
918 2103 926 2114 ‚

134 2127 214 2146 tanto
230 2119 352 2149 deterior
359 2121 398 2149 est
407 2142 414 2149 .
427 2123 440 2154 ]
461 2125 496 2150 Et
514 2122 674 2152 immediate
692 2121 814 2161 sequitur
833 2121 867 2150 de
876 2122 928 2150 alia

133 2157 211 2196 spina
234 2161 348 2194 Indica,
367 2172 427 2200 quae
446 2162 598 2192 mastichen
615 2163 726 2202 gignit,
745 2163 775 2190 in
785 2173 809 2190 c,
826 2173 868 2194 ¹7·
879 2161 926 2190 cit.

135 2203 147 2233 [
160 2202 234 2238 Ergo
243 2201 337 2230 tranlit
347 2202 378 2230 in
390 2202 539 2231 mastichen
549 2225 557 2236 ,
576 2214 636 2242 qux
647 2214 680 2232 ex
700 2203 750 2231 alia
759 2201 836 2241 spina
854 2202 886 2231 fit
897 2202 927 2230 in

132 2239 214 2268 India
223 2261 230 2268 .
242 2243 254 2272 ]
276 2242 367 2281 Igitur
383 2243 490 2272 alterari
501 2243 614 2273 minime
624 2244 723 2272 debent
734 2243 818 2271 Plinii
832 2243 909 2272 verba
918 2263 927 2271 .

132 2280 264 2310 Mastiche
274 2293 342 2312 vero
349 2294 383 2312 ex
395 2283 481 2322 spinis
491 2285 619 2322 producta
631 2285 765 2323 reperitur
776 2284 806 2311 in
820 2285 924 2312 Melitae

982 1104 1092 1143 quidem
1104 1114 1150 1132 eos
1160 1125 1167 1136 ‚
1178 1105 1224 1142 qui
1236 1106 1356 1134 omnino
1365 1106 1470 1143 abrupti
1484 1104 1547 1134 sunt
1557 1127 1566 1138 ‚
1578 1108 1605 1134 δι
1617 1105 1647 1133 in
1658 1104 1713 1144 ipsa
1724 1105 1778 1134 fide

983 1144 1046 1174 sunt
1058 1144 1335 1174 abalienati-Schisma
1346 1156 1434 1176 autem
1445 1146 1549 1184 cos,qui
1559 1155 1672 1185 propter
1680 1145 1782 1185 aliquas

983 1185 1170 1215 ecclesiasticas
1181 1185 1268 1215 causas
1278 1208 1286 1220 ‚
1306 1190 1332 1216 δε
1343 1187 1515 1217 medicabiles
1525 1187 1689 1225 quaestiones
1707 1186 1784 1216 inter

982 1226 1010 1255 se
1018 1225 1146 1255 differunt
1158 1246 1165 1254 .
1186 1227 1355 1266 Illegitimos
1372 1237 1461 1256 autem
1480 1229 1646 1257 Conventus
1663 1227 1784 1266 appellat

982 1267 1221 1305 congregationes,
1231 1278 1290 1306 quse
1300 1267 1362 1296 sunt
1371 1278 1384 1296 a
1395 1268 1538 1297 rebellibus
1548 1268 1722 1306 presbvteris‚
1736 1266 1782 1296 vel

982 1307 1124 1346 Episcopis
1136 1330 1142 1339 ,
1154 1312 1181 1336 ὅ(
1191 1318 1204 1336 a
1216 1308 1324 1346 populis
1334 1309 1448 1337 minime
1459 1308 1555 1337 doctis.
1568 1307 1781 1337 BalsamonAER.

982 1349 1056 1377 inter
1066 1348 1227 1377 Catholicos
1237 1348 1364 1382 schisma,
1375 1349 1485 1381 divilio,
1498 1360 1526 1377 ac
1536 1347 1672 1387 separatio
1685 1348 1730 1377 illa
1740 1348 1784 1376 in-

983 1388 1134 1428 telligitur,
1157 1399 1216 1428 quae
1227 1390 1327 1418 accidit
1342 1390 1372 1418 in
1390 1389 1573 1418 subtraftione
1590 1390 1619 1418 ab
1627 1389 1783 1418 obedientia

981 1433 1113 1460 Romanae
1124 1430 1249 1459 Ecclesia·
1260 1452 1266 1459 .
1281 1430 1426 1466 [Schisma
1437 1430 1567 1469 liquidem
1580 1429 1668 1468 ipsum
1678 1451 1687 1462 ,
1706 1429 1783 1467 quod

981 1480 1100 1510 graccum
1113 1481 1213 1499 nomen
1223 1470 1405 1504 est‚sciss'uram
1415 1469 1553 1501 sonatised
1565 1471 1593 1498 in
1603 1469 1708 1498 unitate
1719 1468 1783 1498 scis-

984 1511 1043 1540 sura
1053 1510 1104 1540 ess'e
1113 1522 1171 1540 non
1182 1512 1270 1550 potest
1281 1524 1288 1539 :
1301 1523 1360 1540 non
1371 1522 1439 1550 ergo
1448 1511 1548 1539 unitati
1560 1532 1568 1544 ‚
1579 1511 1668 1547 (idest,
1681 1509 1784 1538 Catho-

981 1553 1110 1589 licismo)
1120 1552 1319 1585 communicat,
1340 1553 1385 1591 qui
1396 1550 1572 1580 schismaticis
1582 1549 1766 1579 communicat
1776 1571 1783 1579 .

981 1595 1073 1622 Partes
1083 1592 1129 1621 sibi
1141 1593 1189 1631 ipsi
1202 1593 1325 1621 fecerunt
1334 1615 1342 1626 ‚
1352 1597 1381 1622 ὃ(
1392 1594 1422 1621 ab
1430 1592 1550 1632 e0,quod
1561 1601 1645 1620 unum
1654 1590 1692 1619 est
1703 1611 1710 1623 ‚
1729 1595 1784 1624 (ut

984 1633 1111 1672 Apostoli
1123 1634 1265 1671 Judaejam
1276 1634 1363 1662 verbis
1383 1634 1497 1672 loquar)
1517 1630 1674 1670 semetipsos
1691 1629 1783 1669 segre—

985 1683 1088 1712 gantes,
1098 1672 1225 1712 spiritum
1236 1685 1291 1702 non
1302 1673 1410 1707 habent,
1422 1674 1516 1712 quibus
1528 1673 1653 1701 omnibns
1664 1671 1733 1700 illud
1744 1671 1783 1700 ef-

985 1714 1074 1743 ficitur
1084 1737 1092 1747 ,
1102 1725 1132 1743 ut
1145 1715 1207 1753 quia
1219 1715 1248 1742 in
1260 1715 1365 1743 unitate
1376 1725 1460 1743 unum
1472 1725 1529 1742 non
1540 1712 1602 1741 sunt
1612 1735 1620 1746 ‚
1631 1722 1660 1740 ut
1670 1712 1732 1750 quia
1753 1712 1782 1740 in

984 1764 1061 1793 parte
1075 1754 1125 1784 effe
1134 1756 1284 1784 voluerunt
1296 1777 1303 1787 ,
1326 1765 1355 1784 ut
1376 1755 1439 1794 quie.
1447 1753 1573 1793 spiritum
1587 1764 1645 1782 non
1663 1752 1782 1786 habent,

986 1795 1122 1833 Corporis
1130 1795 1237 1824 Christi
1248 1795 1410 1825 sacrificium
1422 1795 1519 1824 habere
1529 1805 1588 1823 non
1599 1792 1712 1832 polline,
1722 1803 1782 1821 can.

983 1834 1100 1865 schisma
1110 1858 1119 1869 ‚
1141 1848 1187 1872 24.
1197 1846 1242 1875 qu.
1260 1848 1280 1864 ι.
1292 1839 1303 1868 ]
1316 1839 1388 1866 Nam
1398 1836 1514 1865 Ecclelia
1532 1835 1570 1864 est
1591 1835 1655 1863 sicut
1664 1833 1785 1863 Domini

985 1877 1181 1906 vestimentum
1191 1899 1199 1910 ,
1209 1877 1283 1915 quod
1292 1876 1397 1905 scissiim
1410 1887 1467 1905 non
1477 1876 1526 1904 fuit
1537 1897 1545 1908 ,
1565 1886 1625 1904 can.
1635 1874 1711 1903 ficnti
1720 1875 1782 1902 Do-

985 1918 1056 1946 mini
1068 1918 1274 1951 vestimentum,
1291 1929 1299 1945 1
1308 1918 1430 1955 6.qu.rst.
1443 1928 1469 1950 7.
1481 1916 1554 1944 Vide
1564 1921 1703 1945 Romanus
1713 1925 1783 1943 mor-

983 1960 1033 1987 bus
1043 1978 1050 1986 .
1073 1960 1108 1987 In
1121 1957 1193 1986 sacra
1203 1959 1445 1996 tamen.Scriptura
1463 1967 1514 1995 pro
1531 1955 1713 1984 contentione
1733 1955 1784 1984 ali-

983 1999 1091 2037 quando
1101 1998 1231 2027 sumitur:
1255 1998 1412 2033 [Dicebant
1429 2008 1497 2036 ergo
1518 2008 1550 2025 cx
1563 1995 1708 2025 Pliarisaeis
1723 1995 1783 2034 qui-

983 2041 1061 2068 dam:
1081 2042 1149 2068 Non
1160 2040 1197 2068 est
1206 2038 1251 2066 hic
1263 2038 1349 2067 homo
1359 2049 1372 2067 a
1384 2038 1507 2076 De0,qui
1518 2036 1653 2066 sabbatum
1663 2047 1720 2064 non
1735 2047 1782 2065 cu-

982 2080 1066 2108 stodit
1078 2101 1085 2107 .
1098 2081 1157 2109 Alii
1167 2089 1256 2107 autem
1269 2080 1411 2107 dicebant:
1431 2079 1582 2113 Quomodo
1595 2077 1684 2116 potest
1695 2075 1782 2106 homo

982 2120 1109 2158 peccator
1119 2120 1176 2149 haec
1188 2119 1263 2159 signa
1273 2120 1356 2148 facere
1368 2124 1376 2149 ?
1388 2123 1423 2148 Et
1431 2117 1546 2148 schisma
1556 2129 1614 2147 erat
1634 2119 1709 2146 inter
1717 2129 1762 2146 eos
1772 2139 1780 2145 .

982 2164 1026 2200 Jo.
1036 2172 1092 2200 cap.
1102 2172 1130 2197 9.
1142 2164 1154 2193 ]
1165 2161 1260 2190 Paulus
1272 2171 1338 2190 vero
1351 2160 1498 2199 Apostolus
1506 2158 1641 2188 sciss'uram
1652 2181 1658 2191 ,
1669 2162 1696 2186 &
1707 2159 1782 2187 divi-

982 2203 1086 2231 fionem
1096 2202 1127 2230 ab
1137 2202 1242 2230 unitate
1253 2223 1261 2234 ,
1280 2205 1308 2230 δι
1316 2200 1450 2230 societate
1461 2226 1468 2239 ,
1488 2211 1548 2240 quae
1560 2201 1590 2228 in
1598 2199 1714 2228 Christo
1723 2199 1760 2227 est
1773 2223 1781 2236 ,

981 2243 1012 2271 in
1023 2243 1099 2281 epist.
1107 2253 1115 2270 ι
1124 2243 1164 2271 .ad
1175 2241 1312 2271 Corinth.
1321 2252 1374 2271 αι.
1385 2252 1432 2280 per
1443 2242 1595 2271 dictionem
1606 2239 1730 2276 Schisma
1739 2240 1781 2268 in-

981 2283 1088 2322 telligit
1099 2304 1108 2315 ,
1118 2294 1178 2321 quae
1189 2283 1277 2312 unitas
1286 2282 1323 2311 est
1333 2283 1428 2311 eadem
1437 2282 1585 2312 Catholica
1598 2281 1662 2309 lides
1672 2300 1680 2308 .

132 2319 219 2350 insula
230 2344 237 2355 ‚
257 2333 317 2362 qnae
330 2325 480 2353 vernaculo
489 2325 622 2354 vocabulo
632 2325 801 2362 Mnstechatd
809 2326 908 2353 Sceuch
917 2346 925 2358 ,
941 2324 1163 2353 semma-ricus
1175 2343 1182 2351 .
1203 2325 1259 2353 PR.
1271 2322 1444 2352 Christianus
1462 2324 1492 2352 ab
1502 2321 1617 2351 Ecclesia
1637 2320 1785 2349 Catliolica

131 2360 199 2390 idest
211 2384 219 2396 ‚
233 2363 365 2394 Mastiche
375 2364 514 2405 spinarum
523 2387 532 2401 ,
541 2366 586 2407 yel
599 2366 729 2403 Mistcbet
740 2365 764 2394 el
773 2365 905 2395 Sciahnra
916 2386 924 2398 ,

368 2482 376 2497 )

979 2363 1083 2395 divisus
1093 2386 1101 2398 ,
1121 2374 1203 2404 quem
1217 2365 1315 2404 vulgus
1326 2365 1481 2403 Christiana
1499 2364 1765 2431 ‘ligium‘rf‘dvssn
1777 2381 1785 2393 ,

1660 2412 1667 2429 ι
1688 2410 1713 2431 ei
1736 2422 1744 2436 ,
