<?xml version="1.0" encoding="UTF-8"?>
<!DOCTYPE html PUBLIC "-//W3C//DTD XHTML 1.0 Transitional//EN"
    "http://www.w3.org/TR/xhtml1/DTD/xhtml1-transitional.dtd">
<html xmlns="http://www.w3.org/1999/xhtml" xml:lang="en" lang="en">
 <head>
  <title>
</title>
<meta http-equiv="Content-Type" content="text/html;charset=utf-8" />
  <meta name='ocr-system' content='tesseract 3.04.00' />
  <meta name='ocr-capabilities' content='ocr_page ocr_carea ocr_par ocr_line ocrx_word'/>
</head>
<body>
  <div class='ocr_page' id='page_1' title='image "./dominicimacrimel00magr/dominicimacrimel00magr_0457.png"; bbox 0 0 1866 2526; ppageno 0'>
   <div class='ocr_carea' id='block_1_1' title="bbox 460 28 578 72">
    <p class='ocr_par' dir='ltr' id='par_1_1' title="bbox 460 28 578 72">
     <span class='ocr_line' id='line_1_1' title="bbox 460 28 578 72; baseline -0.017 0"><span class='ocrx_word' id='word_1_1' title='bbox 460 28 578 72; x_wconf 89' lang='lat' dir='ltr'>ME</span> 
     </span>
    </p>
   </div>
   <div class='ocr_carea' id='block_1_2' title="bbox 65 84 906 329">
    <p class='ocr_par' dir='ltr' id='par_1_2' title="bbox 102 84 904 251">
     <span class='ocr_line' id='line_1_2' title="bbox 103 84 903 121; baseline -0.009 -1"><span class='ocrx_word' id='word_1_2' title='bbox 103 101 156 120; x_wconf 81' lang='lat' dir='ltr'>tres</span> <span class='ocrx_word' id='word_1_3' title='bbox 165 90 224 121; x_wconf 85' lang='lat' dir='ltr'>dies</span> <span class='ocrx_word' id='word_1_4' title='bbox 234 89 290 121; x_wconf 79' lang='lat' dir='ltr'>fine</span> <span class='ocrx_word' id='word_1_5' title='bbox 300 88 370 119; x_wconf 85' lang='lat' dir='ltr'>vino</span> <span class='ocrx_word' id='word_1_6' title='bbox 379 108 388 121; x_wconf 84' lang='lat'><em>,</em></span> <span class='ocrx_word' id='word_1_7' title='bbox 399 91 428 117; x_wconf 72' lang='grc' dir='ltr'>ὃς</span> <span class='ocrx_word' id='word_1_8' title='bbox 437 88 557 117; x_wconf 86' lang='lat' dir='ltr'>medone</span> <span class='ocrx_word' id='word_1_9' title='bbox 567 107 576 120; x_wconf 87' lang='lat'><em>,</em></span> <span class='ocrx_word' id='word_1_10' title='bbox 595 90 624 116; x_wconf 65' lang='grc' dir='ltr'>ἀ</span> <span class='ocrx_word' id='word_1_11' title='bbox 635 95 715 114; x_wconf 76' lang='lat' dir='ltr'>carne</span> <span class='ocrx_word' id='word_1_12' title='bbox 725 95 850 121; x_wconf 67' lang='lat' dir='ltr'>jejunent</span> <span class='ocrx_word' id='word_1_13' title='bbox 861 84 903 114; x_wconf 86' lang='lat' dir='ltr'>us-</span> 
     </span>
     <span class='ocr_line' id='line_1_3' title="bbox 102 126 904 171; baseline -0.016 -10"><span class='ocrx_word' id='word_1_14' title='bbox 102 141 156 171; x_wconf 88' lang='lat' dir='ltr'>que</span> <span class='ocrx_word' id='word_1_15' title='bbox 166 131 200 161; x_wconf 76' lang='lat' dir='ltr'>ad</span> <span class='ocrx_word' id='word_1_16' title='bbox 211 128 342 169; x_wconf 81' lang='lat' dir='ltr'>Vesperas</span> <span class='ocrx_word' id='word_1_17' title='bbox 351 149 363 167; x_wconf 88' lang='lat'><em>,</em></span> <span class='ocrx_word' id='word_1_18' title='bbox 371 128 404 157; x_wconf 89' lang='lat' dir='ltr'>de</span> <span class='ocrx_word' id='word_1_19' title='bbox 414 127 515 158; x_wconf 85' lang='lat' dir='ltr'>remed.</span> <span class='ocrx_word' id='word_1_20' title='bbox 528 137 629 166; x_wconf 77' lang='lat' dir='ltr'>peccat.</span> <span class='ocrx_word' id='word_1_21' title='bbox 640 137 662 154; x_wconf 82' lang='lat' dir='ltr'>c.</span> <span class='ocrx_word' id='word_1_22' title='bbox 677 137 703 159; x_wconf 92' lang='lat'>7.</span> <span class='ocrx_word' id='word_1_23' title='bbox 715 128 727 157; x_wconf 92' lang='grc'>]</span> <span class='ocrx_word' id='word_1_24' title='bbox 738 127 774 155; x_wconf 85' lang='lat' dir='ltr'>In</span> <span class='ocrx_word' id='word_1_25' title='bbox 784 126 904 157; x_wconf 67' lang='lat' dir='ltr'>AEthio-</span> 
     </span>
     <span class='ocr_line' id='line_1_4' title="bbox 106 166 903 211; baseline -0.006 -10"><span class='ocrx_word' id='word_1_26' title='bbox 106 174 150 211; x_wconf 74' lang='lat' dir='ltr'>pia</span> <span class='ocrx_word' id='word_1_27' title='bbox 159 181 271 201; x_wconf 83' lang='lat' dir='ltr'>utuntur</span> <span class='ocrx_word' id='word_1_28' title='bbox 289 169 336 198; x_wconf 81' lang='lat' dir='ltr'>hac</span> <span class='ocrx_word' id='word_1_29' title='bbox 360 169 479 208; x_wconf 77' lang='lat' dir='ltr'>potione</span> <span class='ocrx_word' id='word_1_30' title='bbox 497 169 561 198; x_wconf 89' lang='lat' dir='ltr'>loco</span> <span class='ocrx_word' id='word_1_31' title='bbox 571 168 630 198; x_wconf 89' lang='lat' dir='ltr'>vini</span> <span class='ocrx_word' id='word_1_32' title='bbox 642 189 650 201; x_wconf 87' lang='lat'><em>‚</em></span> <span class='ocrx_word' id='word_1_33' title='bbox 671 177 732 205; x_wconf 80' lang='lat' dir='ltr'>quae</span> <span class='ocrx_word' id='word_1_34' title='bbox 754 166 783 196; x_wconf 90' lang='lat' dir='ltr'>in</span> <span class='ocrx_word' id='word_1_35' title='bbox 804 178 903 207; x_wconf 78' lang='lat' dir='ltr'>magna</span> 
     </span>
     <span class='ocr_line' id='line_1_5' title="bbox 106 210 503 251; baseline -0.008 -10"><span class='ocrx_word' id='word_1_36' title='bbox 106 212 258 251; x_wconf 78' lang='lat' dir='ltr'>quantitate</span> <span class='ocrx_word' id='word_1_37' title='bbox 269 210 361 239; x_wconf 80' lang='lat' dir='ltr'>hausta</span> <span class='ocrx_word' id='word_1_38' title='bbox 369 210 486 239; x_wconf 81' lang='lat' dir='ltr'>inebriat</span> <span class='ocrx_word' id='word_1_39' title='bbox 495 230 503 237; x_wconf 89' lang='lat'><em>.</em></span> 
     </span>
    </p>

    <p class='ocr_par' dir='ltr' id='par_1_3' title="bbox 65 250 674 286">
     <span class='ocr_line' id='line_1_6' title="bbox 65 250 674 286; baseline -0.008 -4"><span class='ocrx_word' id='word_1_40' title='bbox 65 253 154 282; x_wconf 79' lang='grc' dir='ltr'>ΜεσΑ</span> <span class='ocrx_word' id='word_1_41' title='bbox 166 252 362 281; x_wconf 56' lang='lat' dir='ltr'>Dona-ricus</span> <span class='ocrx_word' id='word_1_42' title='bbox 373 270 381 279; x_wconf 88' lang='lat'><strong>.</strong></span> <span class='ocrx_word' id='word_1_43' title='bbox 403 251 476 280; x_wconf 88' lang='lat' dir='ltr'>Vide</span> <span class='ocrx_word' id='word_1_44' title='bbox 487 250 655 286; x_wconf 82' lang='lat' dir='ltr'>Domesticus</span> <span class='ocrx_word' id='word_1_45' title='bbox 667 270 674 277; x_wconf 92' lang='lat'>.</span> 
     </span>
    </p>

    <p class='ocr_par' dir='ltr' id='par_1_4' title="bbox 65 287 906 329">
     <span class='ocr_line' id='line_1_7' title="bbox 65 287 906 329; baseline -0.006 -8"><span class='ocrx_word' id='word_1_46' title='bbox 65 293 153 322; x_wconf 76' lang='grc' dir='ltr'>ΜεεΑ</span> <span class='ocrx_word' id='word_1_47' title='bbox 175 293 381 321; x_wconf 58' lang='lat' dir='ltr'>Hes-munet«</span> <span class='ocrx_word' id='word_1_48' title='bbox 394 313 401 325; x_wconf 94' lang='lat'><em>‚</em></span> <span class='ocrx_word' id='word_1_49' title='bbox 421 287 501 329; x_wconf 61' lang='grc' dir='ltr'>μέγα.</span> <span class='ocrx_word' id='word_1_50' title='bbox 519 287 694 329; x_wconf 64' lang='grc' dir='ltr'>ε’ταιιριᾶρχης</span> <span class='ocrx_word' id='word_1_51' title='bbox 706 312 712 322; x_wconf 83' lang='grc'>,</span> <span class='ocrx_word' id='word_1_52' title='bbox 740 289 808 318; x_wconf 84' lang='lat' dir='ltr'>idest</span> <span class='ocrx_word' id='word_1_53' title='bbox 820 311 828 322; x_wconf 90' lang='lat'>,</span> <span class='ocrx_word' id='word_1_54' title='bbox 852 299 906 318; x_wconf 77' lang='lat' dir='ltr'>ma-</span> 
     </span>
    </p>
   </div>
   <div class='ocr_carea' id='block_1_3' title="bbox 959 83 1766 327">
    <p class='ocr_par' dir='ltr' id='par_1_5' title="bbox 959 83 1766 327">
     <span class='ocr_line' id='line_1_8' title="bbox 959 83 1766 123; baseline -0.005 -8"><span class='ocrx_word' id='word_1_55' title='bbox 959 87 1030 115; x_wconf 63' lang='lat' dir='ltr'>calis</span> <span class='ocrx_word' id='word_1_56' title='bbox 1040 107 1048 120; x_wconf 89' lang='lat'><em>,</em></span> <span class='ocrx_word' id='word_1_57' title='bbox 1059 91 1149 118; x_wconf 79' lang='lat' dir='ltr'>Meta,</span> <span class='ocrx_word' id='word_1_58' title='bbox 1162 89 1274 121; x_wconf 74' lang='lat' dir='ltr'><em>Myr-um</em></span> <span class='ocrx_word' id='word_1_59' title='bbox 1283 105 1291 112; x_wconf 88' lang='lat'>.</span> <span class='ocrx_word' id='word_1_60' title='bbox 1312 85 1464 123; x_wconf 67' lang='lat' dir='ltr'>Neophytus</span> <span class='ocrx_word' id='word_1_61' title='bbox 1475 105 1483 116; x_wconf 84' lang='lat'>.</span> <span class='ocrx_word' id='word_1_62' title='bbox 1493 83 1560 112; x_wconf 83' lang='lat' dir='ltr'>Olea</span> <span class='ocrx_word' id='word_1_63' title='bbox 1573 85 1741 123; x_wconf 75' lang='lat' dir='ltr'>,Ololygmus</span> <span class='ocrx_word' id='word_1_64' title='bbox 1758 94 1766 116; x_wconf 82' lang='grc'>,-</span> 
     </span>
     <span class='ocr_line' id='line_1_9' title="bbox 960 124 1764 165; baseline -0.005 -9"><span class='ocrx_word' id='word_1_65' title='bbox 960 130 1046 165; x_wconf 73' lang='lat' dir='ltr'>Orgia</span> <span class='ocrx_word' id='word_1_66' title='bbox 1054 148 1062 160; x_wconf 88' lang='lat'><em>,</em></span> <span class='ocrx_word' id='word_1_67' title='bbox 1073 127 1211 164; x_wconf 79' lang='lat' dir='ltr'><em>oscillum</em></span> <span class='ocrx_word' id='word_1_68' title='bbox 1222 147 1230 158; x_wconf 91' lang='lat'><em>,</em></span> <span class='ocrx_word' id='word_1_69' title='bbox 1242 126 1397 163; x_wconf 79' lang='lat' dir='ltr'>Parasceve</span> <span class='ocrx_word' id='word_1_70' title='bbox 1405 146 1414 158; x_wconf 90' lang='lat'><em>‚</em></span> <span class='ocrx_word' id='word_1_71' title='bbox 1425 124 1581 160; x_wconf 75' lang='lat' dir='ltr'>Pelegian&#39;a</span> <span class='ocrx_word' id='word_1_72' title='bbox 1591 145 1598 157; x_wconf 96' lang='lat'><em>,</em></span> <span class='ocrx_word' id='word_1_73' title='bbox 1610 124 1764 156; x_wconf 77' lang='lat' dir='ltr'>Rumbula,</span> 
     </span>
     <span class='ocr_line' id='line_1_10' title="bbox 959 165 1765 200; baseline -0.005 -4"><span class='ocrx_word' id='word_1_74' title='bbox 959 168 1075 196; x_wconf 73' lang='lat' dir='ltr'>Schmus</span> <span class='ocrx_word' id='word_1_75' title='bbox 1087 188 1095 200; x_wconf 91' lang='lat'><em>‚</em></span> <span class='ocrx_word' id='word_1_76' title='bbox 1108 172 1208 196; x_wconf 70' lang='lat' dir='ltr'>strena</span> <span class='ocrx_word' id='word_1_77' title='bbox 1219 187 1226 198; x_wconf 85' lang='lat'><em>,</em></span> <span class='ocrx_word' id='word_1_78' title='bbox 1236 171 1363 195; x_wconf 74' lang='lat' dir='ltr'>Tannus</span> <span class='ocrx_word' id='word_1_79' title='bbox 1376 187 1383 199; x_wconf 93' lang='lat'><em>,</em></span> <span class='ocrx_word' id='word_1_80' title='bbox 1393 165 1469 194; x_wconf 78' lang='lat' dir='ltr'>Thia</span> <span class='ocrx_word' id='word_1_81' title='bbox 1480 186 1487 197; x_wconf 92' lang='lat'><em>,</em></span> <span class='ocrx_word' id='word_1_82' title='bbox 1498 169 1633 192; x_wconf 77' lang='lat' dir='ltr'>Traccmes</span> <span class='ocrx_word' id='word_1_83' title='bbox 1646 186 1653 197; x_wconf 95' lang='lat'><em>‚</em></span> <span class='ocrx_word' id='word_1_84' title='bbox 1670 170 1744 193; x_wconf 76' lang='lat' dir='ltr'>Tuto</span> <span class='ocrx_word' id='word_1_85' title='bbox 1755 184 1765 196; x_wconf 83' lang='lat'>.</span> 
     </span>
     <span class='ocr_line' id='line_1_11' title="bbox 962 204 1766 246; baseline -0.006 -9"><span class='ocrx_word' id='word_1_86' title='bbox 962 209 1068 246; x_wconf 68' lang='lat' dir='ltr'>Vespera</span> <span class='ocrx_word' id='word_1_87' title='bbox 1080 229 1088 240; x_wconf 91' lang='lat'><em>,</em></span> <span class='ocrx_word' id='word_1_88' title='bbox 1099 207 1199 237; x_wconf 61' lang='lat' dir='ltr'>variola</span> <span class='ocrx_word' id='word_1_89' title='bbox 1212 228 1218 239; x_wconf 89' lang='lat'><em>,</em></span> <span class='ocrx_word' id='word_1_90' title='bbox 1229 206 1322 242; x_wconf 74' lang='lat' dir='ltr'>Visula</span> <span class='ocrx_word' id='word_1_91' title='bbox 1334 227 1342 239; x_wconf 95' lang='lat'><em>,</em></span> <span class='ocrx_word' id='word_1_92' title='bbox 1353 206 1465 235; x_wconf 78' lang='lat' dir='ltr'>Vvarda</span> <span class='ocrx_word' id='word_1_93' title='bbox 1477 227 1485 238; x_wconf 96' lang='lat'><em>‚</em></span> <span class='ocrx_word' id='word_1_94' title='bbox 1494 204 1676 233; x_wconf 70' lang='lat' dir='ltr'>zar-abarana</span> <span class='ocrx_word' id='word_1_95' title='bbox 1687 225 1694 236; x_wconf 94' lang='lat'><em>,</em></span> <span class='ocrx_word' id='word_1_96' title='bbox 1714 207 1766 232; x_wconf 83' lang='lat' dir='ltr'>Zi-</span> 
     </span>
     <span class='ocr_line' id='line_1_12' title="bbox 963 243 1765 278; baseline -0.007 0"><span class='ocrx_word' id='word_1_97' title='bbox 963 252 1055 278; x_wconf 70' lang='lat' dir='ltr'>zania</span> <span class='ocrx_word' id='word_1_98' title='bbox 1065 268 1073 275; x_wconf 93' lang='lat'>.</span> <span class='ocrx_word' id='word_1_99' title='bbox 1095 246 1258 277; x_wconf 74' lang='lat' dir='ltr'>Melitenses</span> <span class='ocrx_word' id='word_1_100' title='bbox 1275 257 1326 275; x_wconf 85' lang='lat' dir='ltr'>una</span> <span class='ocrx_word' id='word_1_101' title='bbox 1347 257 1410 275; x_wconf 86' lang='lat' dir='ltr'>cum</span> <span class='ocrx_word' id='word_1_102' title='bbox 1432 246 1527 275; x_wconf 84' lang='lat' dir='ltr'>Siculis</span> <span class='ocrx_word' id='word_1_103' title='bbox 1547 243 1648 273; x_wconf 75' lang='lat' dir='ltr'>habent</span> <span class='ocrx_word' id='word_1_104' title='bbox 1665 246 1765 274; x_wconf 73' lang='lat' dir='ltr'>Roma:</span> 
     </span>
     <span class='ocr_line' id='line_1_13' title="bbox 963 288 1424 327; baseline -0.009 -9"><span class='ocrx_word' id='word_1_105' title='bbox 963 289 1108 327; x_wconf 88' lang='lat' dir='ltr'>Templum</span> <span class='ocrx_word' id='word_1_106' title='bbox 1119 310 1127 317; x_wconf 90' lang='lat'><strong>.</strong></span> <span class='ocrx_word' id='word_1_107' title='bbox 1149 288 1224 316; x_wconf 86' lang='lat' dir='ltr'>Vide</span> <span class='ocrx_word' id='word_1_108' title='bbox 1243 288 1407 325; x_wconf 78' lang='lat' dir='ltr'>Hodegitria</span> <span class='ocrx_word' id='word_1_109' title='bbox 1417 307 1424 314; x_wconf 93' lang='lat'>.</span> 
     </span>
    </p>
   </div>
   <div class='ocr_carea' id='block_1_4' title="bbox 104 324 1767 371">
    <p class='ocr_par' dir='ltr' id='par_1_6' title="bbox 104 324 1767 371">
     <span class='ocr_line' id='line_1_14' title="bbox 104 324 1767 371; baseline -0.005 -10"><span class='ocrx_word' id='word_1_110' title='bbox 104 343 174 371; x_wconf 83' lang='lat' dir='ltr'>gnus</span> <span class='ocrx_word' id='word_1_111' title='bbox 186 333 338 361; x_wconf 72' lang='lat' dir='ltr'>conduc‘tor</span> <span class='ocrx_word' id='word_1_112' title='bbox 348 354 355 365; x_wconf 90' lang='lat'><strong>,</strong></span> <span class='ocrx_word' id='word_1_113' title='bbox 367 333 413 370; x_wconf 83' lang='lat' dir='ltr'>qui</span> <span class='ocrx_word' id='word_1_114' title='bbox 423 341 551 370; x_wconf 77' lang='lat' dir='ltr'>tanquam</span> <span class='ocrx_word' id='word_1_115' title='bbox 560 328 783 360; x_wconf 78' lang='lat' dir='ltr'>Generaliffimus</span> <span class='ocrx_word' id='word_1_116' title='bbox 795 339 907 367; x_wconf 74' lang='lat' dir='ltr'>praeerat</span> <span class='ocrx_word' id='word_1_117' title='bbox 924 332 1087 358; x_wconf 69' lang='lat' dir='ltr'>Muoonm</span> <span class='ocrx_word' id='word_1_118' title='bbox 1099 351 1106 362; x_wconf 93' lang='lat'>,</span> <span class='ocrx_word' id='word_1_119' title='bbox 1129 328 1250 358; x_wconf 77' lang='lat' dir='ltr'>melodia</span> <span class='ocrx_word' id='word_1_120' title='bbox 1262 350 1269 361; x_wconf 94' lang='lat'><em>,</em></span> <span class='ocrx_word' id='word_1_121' title='bbox 1290 325 1422 364; x_wconf 58' lang='grc' dir='ltr'>μελφέἷα</span> <span class='ocrx_word' id='word_1_122' title='bbox 1450 325 1642 363; x_wconf 76' lang='lat' dir='ltr'>[Psalmorum</span> <span class='ocrx_word' id='word_1_123' title='bbox 1660 324 1767 354; x_wconf 82' lang='lat' dir='ltr'>nihilo-</span> 
     </span>
    </p>
   </div>
   <div class='ocr_carea' id='block_1_5' title="bbox 102 369 908 493">
    <p class='ocr_par' dir='ltr' id='par_1_7' title="bbox 102 369 908 493">
     <span class='ocr_line' id='line_1_15' title="bbox 103 369 908 411; baseline -0.005 -9"><span class='ocrx_word' id='word_1_124' title='bbox 103 373 162 402; x_wconf 77' lang='lat' dir='ltr'>aliis</span> <span class='ocrx_word' id='word_1_125' title='bbox 170 372 389 406; x_wconf 62' lang='lat' dir='ltr'>conductoribus,</span> <span class='ocrx_word' id='word_1_126' title='bbox 401 373 448 411; x_wconf 89' lang='lat' dir='ltr'>qui</span> <span class='ocrx_word' id='word_1_127' title='bbox 457 372 636 401; x_wconf 71' lang='lat' dir='ltr'>hetaertarche</span> <span class='ocrx_word' id='word_1_128' title='bbox 648 370 806 399; x_wconf 82' lang='lat' dir='ltr'>dicebantur</span> <span class='ocrx_word' id='word_1_129' title='bbox 817 383 822 398; x_wconf 91' lang='lat'><strong>:</strong></span> <span class='ocrx_word' id='word_1_130' title='bbox 835 369 908 400; x_wconf 69' lang='grc' dir='ltr'><strong><em>ἐται-</em></strong></span> 
     </span>
     <span class='ocr_line' id='line_1_16' title="bbox 102 409 907 453; baseline -0.006 -11"><span class='ocrx_word' id='word_1_131' title='bbox 102 409 149 450; x_wconf 74' lang='grc' dir='ltr'>ρία</span> <span class='ocrx_word' id='word_1_132' title='bbox 160 414 235 442; x_wconf 85' lang='lat' dir='ltr'>enim</span> <span class='ocrx_word' id='word_1_133' title='bbox 245 424 333 453; x_wconf 68' lang='lat' dir='ltr'>grxce</span> <span class='ocrx_word' id='word_1_134' title='bbox 344 424 451 452; x_wconf 75' lang='lat' dir='ltr'>agmen,</span> <span class='ocrx_word' id='word_1_135' title='bbox 463 417 490 442; x_wconf 72' lang='grc' dir='ltr'>ὃ(</span> <span class='ocrx_word' id='word_1_136' title='bbox 504 411 646 441; x_wconf 80' lang='lat' dir='ltr'>cohortem</span> <span class='ocrx_word' id='word_1_137' title='bbox 659 410 907 450; x_wconf 74' lang='lat' dir='ltr'>fignificat-[Erant</span> 
     </span>
     <span class='ocr_line' id='line_1_17' title="bbox 104 451 907 493; baseline -0.007 -10"><span class='ocrx_word' id='word_1_138' title='bbox 104 463 153 492; x_wconf 86' lang='lat' dir='ltr'>per</span> <span class='ocrx_word' id='word_1_139' title='bbox 166 455 237 483; x_wconf 87' lang='lat' dir='ltr'>idem</span> <span class='ocrx_word' id='word_1_140' title='bbox 257 464 365 492; x_wconf 82' lang='lat' dir='ltr'>teinpus</span> <span class='ocrx_word' id='word_1_141' title='bbox 385 453 569 493; x_wconf 75' lang='lat' dir='ltr'>jerosolymis</span> <span class='ocrx_word' id='word_1_142' title='bbox 588 451 705 481; x_wconf 79' lang='lat' dir='ltr'>Domini</span> <span class='ocrx_word' id='word_1_143' title='bbox 729 451 907 489; x_wconf 70' lang='lat' dir='ltr'>Imperatoris</span> 
     </span>
    </p>
   </div>
   <div class='ocr_carea' id='block_1_6' title="bbox 962 365 1766 442">
    <p class='ocr_par' dir='ltr' id='par_1_8' title="bbox 962 365 1766 442">
     <span class='ocr_line' id='line_1_18' title="bbox 963 365 1766 405; baseline -0.007 -6"><span class='ocrx_word' id='word_1_144' title='bbox 963 371 1053 399; x_wconf 88' lang='lat' dir='ltr'>minus</span> <span class='ocrx_word' id='word_1_145' title='bbox 1063 378 1232 398; x_wconf 80' lang='lat' dir='ltr'>concentum</span> <span class='ocrx_word' id='word_1_146' title='bbox 1240 367 1397 397; x_wconf 73' lang='lat' dir='ltr'>dulcissimo</span> <span class='ocrx_word' id='word_1_147' title='bbox 1409 368 1480 397; x_wconf 78' lang='lat' dir='ltr'>ultra</span> <span class='ocrx_word' id='word_1_148' title='bbox 1488 376 1533 395; x_wconf 89' lang='lat' dir='ltr'>om</span> <span class='ocrx_word' id='word_1_149' title='bbox 1539 376 1583 394; x_wconf 82' lang='lat' dir='ltr'>nes</span> <span class='ocrx_word' id='word_1_150' title='bbox 1594 365 1766 405; x_wconf 79' lang='lat' dir='ltr'>distinguens</span> 
     </span>
     <span class='ocr_line' id='line_1_19' title="bbox 962 406 1764 442; baseline -0.005 -3"><span class='ocrx_word' id='word_1_151' title='bbox 962 410 1105 439; x_wconf 82' lang='lat' dir='ltr'>decoravit</span> <span class='ocrx_word' id='word_1_152' title='bbox 1125 410 1322 442; x_wconf 74' lang='lat' dir='ltr'>melodimate,</span> <span class='ocrx_word' id='word_1_153' title='bbox 1345 409 1376 437; x_wconf 84' lang='lat' dir='ltr'>in</span> <span class='ocrx_word' id='word_1_154' title='bbox 1388 409 1446 440; x_wconf 74' lang='lat' dir='ltr'>vita</span> <span class='ocrx_word' id='word_1_155' title='bbox 1460 407 1549 436; x_wconf 67' lang='lat' dir='ltr'>Sancti</span> <span class='ocrx_word' id='word_1_156' title='bbox 1559 406 1696 436; x_wconf 83' lang='lat' dir='ltr'>Gulielmi</span> <span class='ocrx_word' id='word_1_157' title='bbox 1708 407 1764 436; x_wconf 80' lang='lat' dir='ltr'>Ab·</span> 
     </span>
    </p>
   </div>
   <div class='ocr_carea' id='block_1_7' title="bbox 960 451 1044 480">
    <p class='ocr_par' dir='ltr' id='par_1_9' title="bbox 960 451 1044 480">
     <span class='ocr_line' id='line_1_20' title="bbox 960 451 1044 480; baseline -0.012 0"><span class='ocrx_word' id='word_1_158' title='bbox 960 451 1026 480; x_wconf 81' lang='lat' dir='ltr'>batis</span> <span class='ocrx_word' id='word_1_159' title='bbox 1036 472 1044 479; x_wconf 89' lang='lat'><em>.</em></span> 
     </span>
    </p>
   </div>
   <div class='ocr_carea' id='block_1_8' title="bbox 106 488 1765 533">
    <p class='ocr_par' dir='ltr' id='par_1_10' title="bbox 106 488 1765 533">
     <span class='ocr_line' id='line_1_21' title="bbox 106 488 1765 533; baseline -0.004 -10"><span class='ocrx_word' id='word_1_160' title='bbox 106 495 209 523; x_wconf 90' lang='lat' dir='ltr'>Nuntii</span> <span class='ocrx_word' id='word_1_161' title='bbox 224 495 408 526; x_wconf 67' lang='lat' dir='ltr'>Andronicus,</span> <span class='ocrx_word' id='word_1_162' title='bbox 424 495 546 533; x_wconf 72' lang='lat' dir='ltr'>Angelus</span> <span class='ocrx_word' id='word_1_163' title='bbox 557 495 676 531; x_wconf 87' lang='lat' dir='ltr'>Joannes</span> <span class='ocrx_word' id='word_1_164' title='bbox 687 491 733 520; x_wconf 84' lang='lat' dir='ltr'>vir</span> <span class='ocrx_word' id='word_1_165' title='bbox 744 490 906 529; x_wconf 75' lang='lat' dir='ltr'>magnificus</span> <span class='ocrx_word' id='word_1_166' title='bbox 921 493 1045 521; x_wconf 59' lang='lat' dir='ltr'>Mutum</span> <span class='ocrx_word' id='word_1_167' title='bbox 1055 513 1063 523; x_wconf 90' lang='lat'><em>,</em></span> <span class='ocrx_word' id='word_1_168' title='bbox 1075 492 1174 520; x_wconf 86' lang='lat' dir='ltr'>malum</span> <span class='ocrx_word' id='word_1_169' title='bbox 1185 513 1192 524; x_wconf 88' lang='lat'><em>,</em></span> <span class='ocrx_word' id='word_1_170' title='bbox 1217 500 1329 530; x_wconf 85' lang='lat' dir='ltr'>pomum</span> <span class='ocrx_word' id='word_1_171' title='bbox 1344 511 1351 523; x_wconf 82' lang='lat'><em>,</em></span> <span class='ocrx_word' id='word_1_172' title='bbox 1374 490 1405 519; x_wconf 86' lang='lat' dir='ltr'>in</span> <span class='ocrx_word' id='word_1_173' title='bbox 1416 489 1532 529; x_wconf 82' lang='lat' dir='ltr'>quodam</span> <span class='ocrx_word' id='word_1_174' title='bbox 1544 488 1702 527; x_wconf 83' lang='lat' dir='ltr'>pervetusto</span> <span class='ocrx_word' id='word_1_175' title='bbox 1720 488 1765 516; x_wconf 83' lang='lat' dir='ltr'>in-</span> 
     </span>
    </p>
   </div>
   <div class='ocr_carea' id='block_1_9' title="bbox 61 532 907 937">
    <p class='ocr_par' dir='ltr' id='par_1_11' title="bbox 105 532 907 654">
     <span class='ocr_line' id='line_1_22' title="bbox 106 532 906 574; baseline -0.006 -11"><span class='ocrx_word' id='word_1_176' title='bbox 106 535 188 574; x_wconf 80' lang='lat' dir='ltr'>Mega</span> <span class='ocrx_word' id='word_1_177' title='bbox 197 534 356 564; x_wconf 70' lang='lat' dir='ltr'>ezaermrcha</span> <span class='ocrx_word' id='word_1_178' title='bbox 366 557 374 564; x_wconf 82' lang='grc'><strong>.</strong></span> <span class='ocrx_word' id='word_1_179' title='bbox 385 535 488 564; x_wconf 87' lang='lat' dir='ltr'>Guliel.</span> <span class='ocrx_word' id='word_1_180' title='bbox 498 538 599 569; x_wconf 80' lang='lat' dir='ltr'>Tyrius</span> <span class='ocrx_word' id='word_1_181' title='bbox 608 533 652 562; x_wconf 88' lang='lat' dir='ltr'>lib.</span> <span class='ocrx_word' id='word_1_182' title='bbox 666 545 678 561; x_wconf 80' lang='lat' dir='ltr'><strong><em>z</em></strong></span> <span class='ocrx_word' id='word_1_183' title='bbox 690 543 710 560; x_wconf 85' lang='lat' dir='ltr'>i.</span> <span class='ocrx_word' id='word_1_184' title='bbox 721 532 754 560; x_wconf 86' lang='lat' dir='ltr'>de</span> <span class='ocrx_word' id='word_1_185' title='bbox 765 532 838 560; x_wconf 91' lang='lat' dir='ltr'>bello</span> <span class='ocrx_word' id='word_1_186' title='bbox 850 532 906 560; x_wconf 84' lang='lat' dir='ltr'>Sat.</span> 
     </span>
     <span class='ocr_line' id='line_1_23' title="bbox 105 572 907 614; baseline -0.005 -11"><span class='ocrx_word' id='word_1_187' title='bbox 105 586 163 614; x_wconf 73' lang='lat' dir='ltr'>cap.</span> <span class='ocrx_word' id='word_1_188' title='bbox 182 584 223 605; x_wconf 80' lang='lat'>16.</span> <span class='ocrx_word' id='word_1_189' title='bbox 237 579 247 607; x_wconf 92' lang='lat'>]</span> <span class='ocrx_word' id='word_1_190' title='bbox 273 576 332 605; x_wconf 89' lang='lat' dir='ltr'>Ubi</span> <span class='ocrx_word' id='word_1_191' title='bbox 352 575 522 605; x_wconf 81' lang='lat' dir='ltr'>librariorum</span> <span class='ocrx_word' id='word_1_192' title='bbox 543 574 649 603; x_wconf 76' lang='lat' dir='ltr'>incuria</span> <span class='ocrx_word' id='word_1_193' title='bbox 671 572 907 609; x_wconf 63' lang='lat' dir='ltr'>Mega-&#39;‘tiriarcha</span> 
     </span>
     <span class='ocr_line' id='line_1_24' title="bbox 107 616 225 654; baseline 0.017 -11"><span class='ocrx_word' id='word_1_194' title='bbox 107 616 208 654; x_wconf 82' lang='lat' dir='ltr'>legitur</span> <span class='ocrx_word' id='word_1_195' title='bbox 218 638 225 645; x_wconf 90' lang='lat'>.</span> 
     </span>
    </p>

    <p class='ocr_par' dir='ltr' id='par_1_12' title="bbox 66 656 652 693">
     <span class='ocr_line' id='line_1_25' title="bbox 66 656 652 693; baseline -0.002 -10"><span class='ocrx_word' id='word_1_196' title='bbox 66 656 176 686; x_wconf 69' lang='grc' dir='ltr'><strong>ΜεοΑκ</strong></span> <span class='ocrx_word' id='word_1_197' title='bbox 187 660 301 687; x_wconf 66' lang='grc' dir='ltr'><strong>Κγκιοκ</strong></span> <span class='ocrx_word' id='word_1_198' title='bbox 313 677 321 686; x_wconf 90' lang='grc'><strong><em>.</em></strong></span> <span class='ocrx_word' id='word_1_199' title='bbox 345 657 417 686; x_wconf 87' lang='lat' dir='ltr'>Vide</span> <span class='ocrx_word' id='word_1_200' title='bbox 425 659 526 691; x_wconf 69' lang='lat' dir='ltr'>xyrim</span> <span class='ocrx_word' id='word_1_201' title='bbox 537 666 632 693; x_wconf 76' lang='lat' dir='ltr'>megan</span> <span class='ocrx_word' id='word_1_202' title='bbox 643 675 652 683; x_wconf 85' lang='lat'><strong>.</strong></span> 
     </span>
    </p>

    <p class='ocr_par' dir='ltr' id='par_1_13' title="bbox 65 696 904 897">
     <span class='ocr_line' id='line_1_26' title="bbox 65 696 904 737; baseline -0.002 -14"><span class='ocrx_word' id='word_1_203' title='bbox 65 696 250 727; x_wconf 54' lang='lat' dir='ltr'>liminium</span> <span class='ocrx_word' id='word_1_204' title='bbox 264 719 272 730; x_wconf 93' lang='lat'><em>,</em></span> <span class='ocrx_word' id='word_1_205' title='bbox 293 696 481 737; x_wconf 67' lang='grc' dir='ltr'>μίλσνεῗγριοι</span> <span class='ocrx_word' id='word_1_206' title='bbox 492 718 500 729; x_wconf 90' lang='lat'><em>,</em></span> <span class='ocrx_word' id='word_1_207' title='bbox 511 696 577 725; x_wconf 78' lang='lat' dir='ltr'>idest</span> <span class='ocrx_word' id='word_1_208' title='bbox 590 718 597 728; x_wconf 89' lang='lat'><em>,</em></span> <span class='ocrx_word' id='word_1_209' title='bbox 615 696 716 724; x_wconf 76' lang='lat' dir='ltr'>malum</span> <span class='ocrx_word' id='word_1_210' title='bbox 726 716 734 728; x_wconf 84' lang='lat'><em>,</em></span> <span class='ocrx_word' id='word_1_211' title='bbox 752 698 779 724; x_wconf 65' lang='grc' dir='ltr'>ὃ(</span> <span class='ocrx_word' id='word_1_212' title='bbox 793 703 904 732; x_wconf 88' lang='lat' dir='ltr'>pomum</span> 
     </span>
     <span class='ocr_line' id='line_1_27' title="bbox 105 735 903 776; baseline -0.004 -12"><span class='ocrx_word' id='word_1_213' title='bbox 105 735 258 772; x_wconf 64' lang='lat' dir='ltr'>sylvestres</span> <span class='ocrx_word' id='word_1_214' title='bbox 281 738 414 775; x_wconf 75' lang='lat' dir='ltr'>accipitur</span> <span class='ocrx_word' id='word_1_215' title='bbox 434 748 484 776; x_wconf 86' lang='lat' dir='ltr'>pro</span> <span class='ocrx_word' id='word_1_216' title='bbox 494 746 665 776; x_wconf 86' lang='lat' dir='ltr'>quocumque</span> <span class='ocrx_word' id='word_1_217' title='bbox 685 735 771 764; x_wconf 65' lang='lat' dir='ltr'>frusta</span> <span class='ocrx_word' id='word_1_218' title='bbox 783 736 886 773; x_wconf 81' lang='lat' dir='ltr'>agreste</span> <span class='ocrx_word' id='word_1_219' title='bbox 897 755 903 761; x_wconf 92' lang='lat'>.</span> 
     </span>
     <span class='ocr_line' id='line_1_28' title="bbox 103 774 903 817; baseline -0.005 -12"><span class='ocrx_word' id='word_1_220' title='bbox 103 786 133 805; x_wconf 80' lang='lat' dir='ltr'>ut</span> <span class='ocrx_word' id='word_1_221' title='bbox 144 778 172 805; x_wconf 90' lang='lat' dir='ltr'>in</span> <span class='ocrx_word' id='word_1_222' title='bbox 181 777 309 817; x_wconf 81' lang='lat' dir='ltr'>sequenti</span> <span class='ocrx_word' id='word_1_223' title='bbox 320 788 396 807; x_wconf 82' lang='lat' dir='ltr'>textu</span> <span class='ocrx_word' id='word_1_224' title='bbox 408 790 414 806; x_wconf 91' lang='lat'>:</span> <span class='ocrx_word' id='word_1_225' title='bbox 442 780 549 813; x_wconf 84' lang='lat' dir='ltr'>[Cibus</span> <span class='ocrx_word' id='word_1_226' title='bbox 559 786 649 806; x_wconf 78' lang='lat' dir='ltr'>autern</span> <span class='ocrx_word' id='word_1_227' title='bbox 659 777 735 805; x_wconf 82' lang='lat' dir='ltr'>nobis</span> <span class='ocrx_word' id='word_1_228' title='bbox 746 787 821 804; x_wconf 73' lang='lat' dir='ltr'>erant</span> <span class='ocrx_word' id='word_1_229' title='bbox 833 774 903 803; x_wconf 76' lang='lat' dir='ltr'>radi-</span> 
     </span>
     <span class='ocr_line' id='line_1_29' title="bbox 101 815 902 858; baseline -0.002 -13"><span class='ocrx_word' id='word_1_230' title='bbox 101 827 144 845; x_wconf 85' lang='lat' dir='ltr'>ces</span> <span class='ocrx_word' id='word_1_231' title='bbox 153 819 351 858; x_wconf 79' lang='lat' dir='ltr'>inclagriorum</span> <span class='ocrx_word' id='word_1_232' title='bbox 363 839 371 847; x_wconf 87' lang='lat'><strong>.</strong></span> <span class='ocrx_word' id='word_1_233' title='bbox 394 821 430 848; x_wconf 91' lang='lat' dir='ltr'>In</span> <span class='ocrx_word' id='word_1_234' title='bbox 441 829 499 848; x_wconf 81' lang='lat' dir='ltr'>vita</span> <span class='ocrx_word' id='word_1_235' title='bbox 521 820 546 848; x_wconf 86' lang='lat' dir='ltr'>S.</span> <span class='ocrx_word' id='word_1_236' title='bbox 560 816 706 853; x_wconf 84' lang='lat' dir='ltr'>Euthymii</span> <span class='ocrx_word' id='word_1_237' title='bbox 716 817 785 856; x_wconf 84' lang='lat' dir='ltr'>apud</span> <span class='ocrx_word' id='word_1_238' title='bbox 796 815 902 845; x_wconf 84' lang='lat' dir='ltr'>Surium</span> 
     </span>
     <span class='ocr_line' id='line_1_30' title="bbox 105 859 302 897; baseline -0.005 -9"><span class='ocrx_word' id='word_1_239' title='bbox 105 869 151 886; x_wconf 85' lang='lat'>20·</span> <span class='ocrx_word' id='word_1_240' title='bbox 161 859 284 897; x_wconf 74' lang='lat' dir='ltr'>Januarii</span> <span class='ocrx_word' id='word_1_241' title='bbox 295 880 302 888; x_wconf 86' lang='lat'><strong>.</strong></span> 
     </span>
    </p>

    <p class='ocr_par' dir='ltr' id='par_1_14' title="bbox 61 896 903 937">
     <span class='ocr_line' id='line_1_31' title="bbox 61 896 903 937; baseline -0.004 -10"><span class='ocrx_word' id='word_1_242' title='bbox 61 897 364 930; x_wconf 67' lang='lat' dir='ltr'>MELCHISEDECHMM</span> <span class='ocrx_word' id='word_1_243' title='bbox 375 922 382 928; x_wconf 87' lang='lat'><strong>.</strong></span> <span class='ocrx_word' id='word_1_244' title='bbox 416 903 474 930; x_wconf 71' lang='lat' dir='ltr'>PR.</span> <span class='ocrx_word' id='word_1_245' title='bbox 497 898 632 929; x_wconf 66' lang='lat' dir='ltr'>Haeretici</span> <span class='ocrx_word' id='word_1_246' title='bbox 650 920 658 931; x_wconf 86' lang='lat'><em>,</em></span> <span class='ocrx_word' id='word_1_247' title='bbox 691 898 739 937; x_wconf 89' lang='lat' dir='ltr'>qui</span> <span class='ocrx_word' id='word_1_248' title='bbox 759 896 903 928; x_wconf 77' lang='lat' dir='ltr'>afferebant</span> 
     </span>
    </p>
   </div>
   <div class='ocr_carea' id='block_1_10' title="bbox 960 528 1764 648">
    <p class='ocr_par' dir='ltr' id='par_1_15' title="bbox 960 528 1764 648">
     <span class='ocr_line' id='line_1_32' title="bbox 961 528 1764 570; baseline -0.002 -10"><span class='ocrx_word' id='word_1_249' title='bbox 961 532 1088 561; x_wconf 80' lang='lat' dir='ltr'>ventario</span> <span class='ocrx_word' id='word_1_250' title='bbox 1110 531 1234 561; x_wconf 69' lang='lat' dir='ltr'>Ecclesiae</span> <span class='ocrx_word' id='word_1_251' title='bbox 1254 531 1421 570; x_wconf 71' lang='lat' dir='ltr'>Collegiatz</span> <span class='ocrx_word' id='word_1_252' title='bbox 1452 531 1478 559; x_wconf 86' lang='lat' dir='ltr'>S.</span> <span class='ocrx_word' id='word_1_253' title='bbox 1501 529 1619 559; x_wconf 82' lang='lat' dir='ltr'>Faustini</span> <span class='ocrx_word' id='word_1_254' title='bbox 1640 528 1764 558; x_wconf 80' lang='lat' dir='ltr'>Viterbii</span> 
     </span>
     <span class='ocr_line' id='line_1_33' title="bbox 960 569 1764 612; baseline -0.005 -11"><span class='ocrx_word' id='word_1_255' title='bbox 960 572 1018 601; x_wconf 83' lang='lat' dir='ltr'>haec</span> <span class='ocrx_word' id='word_1_256' title='bbox 1032 573 1112 601; x_wconf 80' lang='lat' dir='ltr'>verba</span> <span class='ocrx_word' id='word_1_257' title='bbox 1124 574 1253 612; x_wconf 86' lang='lat' dir='ltr'>leguntur</span> <span class='ocrx_word' id='word_1_258' title='bbox 1263 584 1271 600; x_wconf 83' lang='lat'>.-</span> <span class='ocrx_word' id='word_1_259' title='bbox 1291 578 1303 607; x_wconf 87' lang='lat'>[</span> <span class='ocrx_word' id='word_1_260' title='bbox 1317 573 1395 601; x_wconf 87' lang='lat' dir='ltr'>Crux</span> <span class='ocrx_word' id='word_1_261' title='bbox 1408 581 1469 599; x_wconf 78' lang='lat' dir='ltr'>tum</span> <span class='ocrx_word' id='word_1_262' title='bbox 1479 580 1598 609; x_wconf 80' lang='lat' dir='ltr'>quatuor</span> <span class='ocrx_word' id='word_1_263' title='bbox 1614 569 1764 609; x_wconf 79' lang='lat' dir='ltr'>Evangeli-</span> 
     </span>
     <span class='ocr_line' id='line_1_34' title="bbox 962 613 1427 648; baseline -0.004 -6"><span class='ocrx_word' id='word_1_264' title='bbox 962 613 1007 642; x_wconf 85' lang='lat' dir='ltr'>stis</span> <span class='ocrx_word' id='word_1_265' title='bbox 1016 635 1024 648; x_wconf 91' lang='lat'><em>,</em></span> <span class='ocrx_word' id='word_1_266' title='bbox 1049 617 1076 642; x_wconf 69' lang='grc' dir='ltr'>ὅ(</span> <span class='ocrx_word' id='word_1_267' title='bbox 1088 623 1149 642; x_wconf 87' lang='lat' dir='ltr'>cum</span> <span class='ocrx_word' id='word_1_268' title='bbox 1159 613 1248 641; x_wconf 83' lang='lat' dir='ltr'>mellis</span> <span class='ocrx_word' id='word_1_269' title='bbox 1257 613 1291 641; x_wconf 88' lang='lat' dir='ltr'>de</span> <span class='ocrx_word' id='word_1_270' title='bbox 1302 613 1407 640; x_wconf 82' lang='lat' dir='ltr'>raminc</span> <span class='ocrx_word' id='word_1_271' title='bbox 1420 632 1427 640; x_wconf 85' lang='lat'><em>.</em></span> 
     </span>
    </p>
   </div>
   <div class='ocr_carea' id='block_1_11' title="bbox 920 651 1763 692">
    <p class='ocr_par' dir='ltr' id='par_1_16' title="bbox 920 651 1763 692">
     <span class='ocr_line' id='line_1_35' title="bbox 920 651 1763 692; baseline -0.005 -10"><span class='ocrx_word' id='word_1_272' title='bbox 920 655 1047 682; x_wconf 76' lang='grc' dir='ltr'>Μειοτε</span> <span class='ocrx_word' id='word_1_273' title='bbox 1060 675 1067 686; x_wconf 90' lang='lat'><em>,</em></span> <span class='ocrx_word' id='word_1_274' title='bbox 1080 652 1211 688; x_wconf 68' lang='grc' dir='ltr'>μηλωτῦι,</span> <span class='ocrx_word' id='word_1_275' title='bbox 1222 653 1302 692; x_wconf 87' lang='lat' dir='ltr'>pellis</span> <span class='ocrx_word' id='word_1_276' title='bbox 1312 654 1396 682; x_wconf 83' lang='lat' dir='ltr'>ovina</span> <span class='ocrx_word' id='word_1_277' title='bbox 1405 675 1413 686; x_wconf 93' lang='lat'><em>‚</em></span> <span class='ocrx_word' id='word_1_278' title='bbox 1431 662 1476 681; x_wconf 78' lang='lat' dir='ltr'>aut</span> <span class='ocrx_word' id='word_1_279' title='bbox 1487 651 1598 681; x_wconf 82' lang='lat' dir='ltr'>alterius</span> <span class='ocrx_word' id='word_1_280' title='bbox 1607 651 1763 690; x_wconf 84' lang='lat' dir='ltr'>quadrupe-</span> 
     </span>
    </p>
   </div>
   <div class='ocr_carea' id='block_1_12' title="bbox 957 693 1764 926">
    <p class='ocr_par' dir='ltr' id='par_1_17' title="bbox 957 693 1764 926">
     <span class='ocr_line' id='line_1_36' title="bbox 959 693 1762 732; baseline -0.002 -10"><span class='ocrx_word' id='word_1_281' title='bbox 959 695 1001 722; x_wconf 90' lang='lat' dir='ltr'>dis</span> <span class='ocrx_word' id='word_1_282' title='bbox 1012 715 1019 722; x_wconf 90' lang='lat'>.</span> <span class='ocrx_word' id='word_1_283' title='bbox 1032 694 1181 728; x_wconf 82' lang='lat' dir='ltr'>[Ultimus</span> <span class='ocrx_word' id='word_1_284' title='bbox 1192 695 1229 722; x_wconf 84' lang='lat' dir='ltr'>est</span> <span class='ocrx_word' id='word_1_285' title='bbox 1239 693 1344 722; x_wconf 78' lang='lat' dir='ltr'>habitus</span> <span class='ocrx_word' id='word_1_286' title='bbox 1355 703 1448 721; x_wconf 88' lang='lat' dir='ltr'>corum</span> <span class='ocrx_word' id='word_1_287' title='bbox 1461 693 1540 732; x_wconf 79' lang='lat' dir='ltr'>pellis</span> <span class='ocrx_word' id='word_1_288' title='bbox 1550 693 1660 731; x_wconf 80' lang='lat' dir='ltr'>caprina</span> <span class='ocrx_word' id='word_1_289' title='bbox 1669 714 1677 725; x_wconf 88' lang='lat'><em>,</em></span> <span class='ocrx_word' id='word_1_290' title='bbox 1699 701 1762 730; x_wconf 67' lang='lat' dir='ltr'>quae</span> 
     </span>
     <span class='ocr_line' id='line_1_37' title="bbox 959 732 1763 773; baseline -0.004 -10"><span class='ocrx_word' id='word_1_291' title='bbox 959 735 1075 763; x_wconf 65' lang='lat' dir='ltr'>melotes</span> <span class='ocrx_word' id='word_1_292' title='bbox 1085 735 1239 773; x_wconf 82' lang='lat' dir='ltr'>appellatur</span> <span class='ocrx_word' id='word_1_293' title='bbox 1249 755 1256 762; x_wconf 89' lang='lat'>.</span> <span class='ocrx_word' id='word_1_294' title='bbox 1267 732 1388 764; x_wconf 78' lang='lat' dir='ltr'>Caffian.</span> <span class='ocrx_word' id='word_1_295' title='bbox 1400 734 1447 762; x_wconf 85' lang='lat' dir='ltr'>lib.</span> <span class='ocrx_word' id='word_1_296' title='bbox 1462 744 1484 762; x_wconf 87' lang='lat'>1.</span> <span class='ocrx_word' id='word_1_297' title='bbox 1496 733 1581 761; x_wconf 82' lang='lat' dir='ltr'>instit.</span> <span class='ocrx_word' id='word_1_298' title='bbox 1592 743 1649 770; x_wconf 80' lang='lat' dir='ltr'>cap.</span> <span class='ocrx_word' id='word_1_299' title='bbox 1661 737 1686 761; x_wconf 79' lang='lat'>8.</span> <span class='ocrx_word' id='word_1_300' title='bbox 1695 732 1763 761; x_wconf 85' lang='lat' dir='ltr'>Cir-</span> 
     </span>
     <span class='ocr_line' id='line_1_38' title="bbox 957 773 1762 812; baseline -0.002 -8"><span class='ocrx_word' id='word_1_301' title='bbox 957 778 1083 810; x_wconf 79' lang='lat' dir='ltr'>cujerunt</span> <span class='ocrx_word' id='word_1_302' title='bbox 1103 776 1133 803; x_wconf 88' lang='lat' dir='ltr'>in</span> <span class='ocrx_word' id='word_1_303' title='bbox 1147 775 1256 804; x_wconf 85' lang='lat' dir='ltr'>melotis</span> <span class='ocrx_word' id='word_1_304' title='bbox 1267 796 1274 808; x_wconf 89' lang='lat'><em>,</em></span> <span class='ocrx_word' id='word_1_305' title='bbox 1298 775 1328 803; x_wconf 86' lang='lat' dir='ltr'>in</span> <span class='ocrx_word' id='word_1_306' title='bbox 1339 774 1454 812; x_wconf 82' lang='lat' dir='ltr'>pellibus</span> <span class='ocrx_word' id='word_1_307' title='bbox 1464 774 1582 812; x_wconf 76' lang='lat' dir='ltr'>caprinis</span> <span class='ocrx_word' id='word_1_308' title='bbox 1592 793 1599 801; x_wconf 89' lang='lat'><strong>.</strong></span> <span class='ocrx_word' id='word_1_309' title='bbox 1619 773 1704 811; x_wconf 82' lang='lat' dir='ltr'>Epist.</span> <span class='ocrx_word' id='word_1_310' title='bbox 1727 773 1762 802; x_wconf 84' lang='lat' dir='ltr'>ad.</span> 
     </span>
     <span class='ocr_line' id='line_1_39' title="bbox 961 812 1764 854; baseline -0.001 -10"><span class='ocrx_word' id='word_1_311' title='bbox 961 817 1093 845; x_wconf 82' lang='lat' dir='ltr'>Hebraeos</span> <span class='ocrx_word' id='word_1_312' title='bbox 1113 826 1170 854; x_wconf 78' lang='lat' dir='ltr'>cap.</span> <span class='ocrx_word' id='word_1_313' title='bbox 1189 827 1198 844; x_wconf 84' lang='grc' dir='ltr'>ι</span> <span class='ocrx_word' id='word_1_314' title='bbox 1209 827 1232 844; x_wconf 79' lang='grc' dir='ltr'>ι.</span> <span class='ocrx_word' id='word_1_315' title='bbox 1243 816 1255 847; x_wconf 76' lang='lat' dir='ltr'>J</span> <span class='ocrx_word' id='word_1_316' title='bbox 1277 815 1376 845; x_wconf 72' lang='lat' dir='ltr'>Trastu</span> <span class='ocrx_word' id='word_1_317' title='bbox 1387 814 1487 844; x_wconf 90' lang='lat' dir='ltr'>deinde</span> <span class='ocrx_word' id='word_1_318' title='bbox 1510 814 1642 852; x_wconf 86' lang='lat' dir='ltr'>temporis</span> <span class='ocrx_word' id='word_1_319' title='bbox 1652 812 1764 852; x_wconf 86' lang='lat' dir='ltr'>usurpa-</span> 
     </span>
     <span class='ocr_line' id='line_1_40' title="bbox 958 853 1762 895; baseline 0 -11"><span class='ocrx_word' id='word_1_320' title='bbox 958 867 1017 885; x_wconf 84' lang='lat' dir='ltr'>tum</span> <span class='ocrx_word' id='word_1_321' title='bbox 1039 856 1092 886; x_wconf 86' lang='lat' dir='ltr'>fuit</span> <span class='ocrx_word' id='word_1_322' title='bbox 1113 855 1167 885; x_wconf 88' lang='lat' dir='ltr'>hoc</span> <span class='ocrx_word' id='word_1_323' title='bbox 1187 866 1291 885; x_wconf 88' lang='lat' dir='ltr'>nomen</span> <span class='ocrx_word' id='word_1_324' title='bbox 1303 865 1355 895; x_wconf 87' lang='lat' dir='ltr'>pro</span> <span class='ocrx_word' id='word_1_325' title='bbox 1371 865 1537 894; x_wconf 84' lang='lat' dir='ltr'>quocunque</span> <span class='ocrx_word' id='word_1_326' title='bbox 1559 853 1672 893; x_wconf 83' lang='lat' dir='ltr'>pellicio</span> <span class='ocrx_word' id='word_1_327' title='bbox 1681 854 1762 884; x_wconf 83' lang='lat' dir='ltr'>iudu-</span> 
     </span>
     <span class='ocr_line' id='line_1_41' title="bbox 958 906 1070 926; baseline -0.009 0"><span class='ocrx_word' id='word_1_328' title='bbox 958 906 1053 926; x_wconf 88' lang='lat' dir='ltr'>mento</span> <span class='ocrx_word' id='word_1_329' title='bbox 1063 918 1070 925; x_wconf 88' lang='lat'><strong>.</strong></span> 
     </span>
    </p>
   </div>
   <div class='ocr_carea' id='block_1_13' title="bbox 103 936 1763 974">
    <p class='ocr_par' dir='ltr' id='par_1_18' title="bbox 103 936 1763 974">
     <span class='ocr_line' id='line_1_42' title="bbox 103 936 1763 974; baseline -0.001 -7"><span class='ocrx_word' id='word_1_330' title='bbox 103 939 306 970; x_wconf 85' lang='lat' dir='ltr'>Melchisedech</span> <span class='ocrx_word' id='word_1_331' title='bbox 326 952 383 970; x_wconf 86' lang='lat' dir='ltr'>non</span> <span class='ocrx_word' id='word_1_332' title='bbox 404 940 478 970; x_wconf 76' lang='lat' dir='ltr'>suiss‘e</span> <span class='ocrx_word' id='word_1_333' title='bbox 489 940 634 969; x_wconf 85' lang='lat' dir='ltr'>hominem</span> <span class='ocrx_word' id='word_1_334' title='bbox 649 961 656 972; x_wconf 96' lang='lat'><em>‚</em></span> <span class='ocrx_word' id='word_1_335' title='bbox 680 938 728 968; x_wconf 88' lang='lat' dir='ltr'>sed</span> <span class='ocrx_word' id='word_1_336' title='bbox 747 939 804 968; x_wconf 91' lang='lat' dir='ltr'>Dei</span> <span class='ocrx_word' id='word_1_337' title='bbox 814 938 901 966; x_wconf 83' lang='lat' dir='ltr'>virtu·</span> <span class='ocrx_word' id='word_1_338' title='bbox 917 940 1067 967; x_wconf 66' lang='lat' dir='ltr'>Memmo</span> <span class='ocrx_word' id='word_1_339' title='bbox 1078 960 1086 971; x_wconf 88' lang='lat'><em>,</em></span> <span class='ocrx_word' id='word_1_340' title='bbox 1097 938 1126 967; x_wconf 86' lang='lat' dir='ltr'>in</span> <span class='ocrx_word' id='word_1_341' title='bbox 1135 948 1242 967; x_wconf 82' lang='lat' dir='ltr'>canone</span> <span class='ocrx_word' id='word_1_342' title='bbox 1252 936 1338 966; x_wconf 73' lang='lat' dir='ltr'>Miss&#39;ae</span> <span class='ocrx_word' id='word_1_343' title='bbox 1349 957 1356 964; x_wconf 96' lang='lat'>.</span> <span class='ocrx_word' id='word_1_344' title='bbox 1378 936 1452 965; x_wconf 89' lang='lat' dir='ltr'>Vide</span> <span class='ocrx_word' id='word_1_345' title='bbox 1463 941 1556 965; x_wconf 84' lang='lat' dir='ltr'><em>Canon</em></span> <span class='ocrx_word' id='word_1_346' title='bbox 1568 936 1650 974; x_wconf 67' lang='lat' dir='ltr'>Miffae</span> <span class='ocrx_word' id='word_1_347' title='bbox 1660 957 1668 965; x_wconf 91' lang='lat'><strong><em>.</em></strong></span> <span class='ocrx_word' id='word_1_348' title='bbox 1688 936 1763 965; x_wconf 87' lang='lat' dir='ltr'>Vide</span> 
     </span>
    </p>
   </div>
   <div class='ocr_carea' id='block_1_14' title="bbox 103 988 478 1020">
    <p class='ocr_par' dir='ltr' id='par_1_19' title="bbox 103 988 478 1020">
     <span class='ocr_line' id='line_1_43' title="bbox 103 988 478 1020; baseline 0.003 -12"><span class='ocrx_word' id='word_1_349' title='bbox 103 988 178 1018; x_wconf 80' lang='lat' dir='ltr'>tem,</span> <span class='ocrx_word' id='word_1_350' title='bbox 203 993 248 1017; x_wconf 83' lang='lat'>24.</span> <span class='ocrx_word' id='word_1_351' title='bbox 263 992 308 1020; x_wconf 89' lang='lat' dir='ltr'>qu.</span> <span class='ocrx_word' id='word_1_352' title='bbox 320 993 347 1019; x_wconf 86' lang='lat'>3.</span> <span class='ocrx_word' id='word_1_353' title='bbox 358 992 418 1010; x_wconf 81' lang='lat' dir='ltr'>can.</span> <span class='ocrx_word' id='word_1_354' title='bbox 429 992 478 1019; x_wconf 87' lang='lat'>39.</span> 
     </span>
    </p>
   </div>
   <div class='ocr_carea' id='block_1_15' title="bbox 957 978 1414 1017">
    <p class='ocr_par' dir='ltr' id='par_1_20' title="bbox 957 978 1414 1017">
     <span class='ocr_line' id='line_1_44' title="bbox 957 978 1414 1017; baseline -0.004 -10"><span class='ocrx_word' id='word_1_355' title='bbox 957 980 1127 1017; x_wconf 82' lang='lat' dir='ltr'>Diptychum</span> <span class='ocrx_word' id='word_1_356' title='bbox 1138 1001 1144 1011; x_wconf 85' lang='lat'><em>,</em></span> <span class='ocrx_word' id='word_1_357' title='bbox 1158 984 1259 1007; x_wconf 80' lang='lat' dir='ltr'>Nomen</span> <span class='ocrx_word' id='word_1_358' title='bbox 1271 1000 1278 1011; x_wconf 93' lang='lat'><em>,</em></span> <span class='ocrx_word' id='word_1_359' title='bbox 1287 978 1396 1006; x_wconf 80' lang='lat' dir='ltr'>oblatio</span> <span class='ocrx_word' id='word_1_360' title='bbox 1405 996 1414 1005; x_wconf 82' lang='grc'><em>.</em></span> 
     </span>
    </p>
   </div>
   <div class='ocr_carea' id='block_1_16' title="bbox 60 1018 1762 1060">
    <p class='ocr_par' dir='ltr' id='par_1_21' title="bbox 60 1018 1762 1060">
     <span class='ocr_line' id='line_1_45' title="bbox 60 1018 1762 1060; baseline -0.001 -11"><span class='ocrx_word' id='word_1_361' title='bbox 60 1018 224 1050; x_wconf 64' lang='grc' dir='ltr'>Μεκκιτᾼ</span> <span class='ocrx_word' id='word_1_362' title='bbox 236 1044 244 1055; x_wconf 90' lang='lat'><em>‚</em></span> <span class='ocrx_word' id='word_1_363' title='bbox 255 1032 391 1060; x_wconf 78' lang='lat' dir='ltr'>agnomen</span> <span class='ocrx_word' id='word_1_364' title='bbox 405 1022 561 1051; x_wconf 73' lang='lat' dir='ltr'>Catholicis</span> <span class='ocrx_word' id='word_1_365' title='bbox 573 1020 631 1060; x_wconf 84' lang='lat' dir='ltr'>post</span> <span class='ocrx_word' id='word_1_366' title='bbox 641 1020 803 1051; x_wconf 88' lang='lat' dir='ltr'>Concilium</span> <span class='ocrx_word' id='word_1_367' title='bbox 814 1018 902 1049; x_wconf 76' lang='lat' dir='ltr'>Chai·</span> <span class='ocrx_word' id='word_1_368' title='bbox 918 1021 1062 1048; x_wconf 64' lang='grc' dir='ltr'>ΜεΜοειιΑ</span> <span class='ocrx_word' id='word_1_369' title='bbox 1073 1021 1257 1048; x_wconf 50' lang='lat' dir='ltr'>sisci-oium</span> <span class='ocrx_word' id='word_1_370' title='bbox 1270 1039 1277 1045; x_wconf 93' lang='lat'>.</span> <span class='ocrx_word' id='word_1_371' title='bbox 1301 1018 1374 1046; x_wconf 87' lang='lat' dir='ltr'>Vide</span> <span class='ocrx_word' id='word_1_372' title='bbox 1384 1020 1629 1046; x_wconf 74' lang='lat' dir='ltr'>Commemoratio.</span> <span class='ocrx_word' id='word_1_373' title='bbox 1653 1019 1762 1047; x_wconf 85' lang='lat' dir='ltr'>Memo-</span> 
     </span>
    </p>
   </div>
   <div class='ocr_carea' id='block_1_17' title="bbox 99 1061 903 1141">
    <p class='ocr_par' dir='ltr' id='par_1_22' title="bbox 99 1061 903 1141">
     <span class='ocr_line' id='line_1_46' title="bbox 101 1061 903 1101; baseline -0.001 -12"><span class='ocrx_word' id='word_1_374' title='bbox 101 1061 256 1091; x_wconf 84' lang='lat' dir='ltr'>ccdonense</span> <span class='ocrx_word' id='word_1_375' title='bbox 266 1063 297 1090; x_wconf 80' lang='lat' dir='ltr'>ab</span> <span class='ocrx_word' id='word_1_376' title='bbox 306 1061 466 1091; x_wconf 78' lang='lat' dir='ltr'>adversariis</span> <span class='ocrx_word' id='word_1_377' title='bbox 477 1062 642 1101; x_wconf 71' lang='lat' dir='ltr'>impositum,</span> <span class='ocrx_word' id='word_1_378' title='bbox 654 1061 767 1091; x_wconf 73' lang='lat' dir='ltr'>Arabica</span> <span class='ocrx_word' id='word_1_379' title='bbox 780 1071 834 1090; x_wconf 83' lang='lat' dir='ltr'>vox</span> <span class='ocrx_word' id='word_1_380' title='bbox 843 1065 903 1088; x_wconf 81' lang='lat' dir='ltr'>Me-</span> 
     </span>
     <span class='ocr_line' id='line_1_47' title="bbox 99 1100 902 1141; baseline 0.001 -10"><span class='ocrx_word' id='word_1_381' title='bbox 99 1101 155 1131; x_wconf 77' lang='lat' dir='ltr'>leek</span> <span class='ocrx_word' id='word_1_382' title='bbox 165 1124 172 1135; x_wconf 91' lang='lat'><em>‚</em></span> <span class='ocrx_word' id='word_1_383' title='bbox 192 1113 252 1141; x_wconf 79' lang='lat' dir='ltr'>quae</span> <span class='ocrx_word' id='word_1_384' title='bbox 265 1102 439 1141; x_wconf 78' lang='lat' dir='ltr'>Imperialem</span> <span class='ocrx_word' id='word_1_385' title='bbox 451 1124 459 1136; x_wconf 92' lang='lat'><em>‚</em></span> <span class='ocrx_word' id='word_1_386' title='bbox 482 1104 525 1132; x_wconf 81' lang='lat' dir='ltr'>vel</span> <span class='ocrx_word' id='word_1_387' title='bbox 537 1104 643 1141; x_wconf 83' lang='lat' dir='ltr'>regium</span> <span class='ocrx_word' id='word_1_388' title='bbox 655 1102 806 1141; x_wconf 65' lang='lat' dir='ltr'>fignificats</span> <span class='ocrx_word' id='word_1_389' title='bbox 828 1100 866 1129; x_wconf 82' lang='lat' dir='ltr'>ita</span> <span class='ocrx_word' id='word_1_390' title='bbox 875 1111 902 1128; x_wconf 84' lang='lat' dir='ltr'>e-</span> 
     </span>
    </p>
   </div>
   <div class='ocr_carea' id='block_1_18' title="bbox 957 1058 1762 1094">
    <p class='ocr_par' dir='ltr' id='par_1_23' title="bbox 957 1058 1762 1094">
     <span class='ocr_line' id='line_1_48' title="bbox 957 1058 1762 1094; baseline 0.001 -6"><span class='ocrx_word' id='word_1_391' title='bbox 957 1060 997 1088; x_wconf 83' lang='lat' dir='ltr'>ria</span> <span class='ocrx_word' id='word_1_392' title='bbox 1007 1058 1182 1094; x_wconf 64' lang='lat' dir='ltr'>subjectionis</span> <span class='ocrx_word' id='word_1_393' title='bbox 1201 1059 1302 1088; x_wconf 76' lang='lat' dir='ltr'>dicitur</span> <span class='ocrx_word' id='word_1_394' title='bbox 1315 1059 1407 1089; x_wconf 85' lang='lat' dir='ltr'>velum</span> <span class='ocrx_word' id='word_1_395' title='bbox 1427 1059 1594 1087; x_wconf 70' lang='lat' dir='ltr'>monialium</span> <span class='ocrx_word' id='word_1_396' title='bbox 1605 1079 1612 1086; x_wconf 92' lang='lat'><strong>.</strong></span> <span class='ocrx_word' id='word_1_397' title='bbox 1631 1058 1706 1088; x_wconf 87' lang='lat' dir='ltr'>Vide</span> <span class='ocrx_word' id='word_1_398' title='bbox 1717 1064 1762 1089; x_wconf 85' lang='lat' dir='ltr'>Ve-</span> 
     </span>
    </p>
   </div>
   <div class='ocr_carea' id='block_1_19' title="bbox 957 1100 1201 1139">
    <p class='ocr_par' dir='ltr' id='par_1_24' title="bbox 957 1100 1201 1139">
     <span class='ocr_line' id='line_1_49' title="bbox 957 1100 1201 1139; baseline -0.004 -11"><span class='ocrx_word' id='word_1_399' title='bbox 957 1101 1016 1129; x_wconf 71' lang='lat' dir='ltr'>lum</span> <span class='ocrx_word' id='word_1_400' title='bbox 1023 1100 1184 1139; x_wconf 74' lang='lat' dir='ltr'>proseffionis</span> <span class='ocrx_word' id='word_1_401' title='bbox 1194 1120 1201 1127; x_wconf 90' lang='lat'>.</span> 
     </span>
    </p>
   </div>
   <div class='ocr_carea' id='block_1_20' title="bbox 100 1139 1761 1182">
    <p class='ocr_par' dir='ltr' id='par_1_25' title="bbox 100 1139 1761 1182">
     <span class='ocr_line' id='line_1_50' title="bbox 100 1139 1761 1182; baseline 0.001 -13"><span class='ocrx_word' id='word_1_402' title='bbox 100 1141 159 1170; x_wconf 90' lang='lat' dir='ltr'>nim</span> <span class='ocrx_word' id='word_1_403' title='bbox 180 1144 310 1181; x_wconf 75' lang='lat' dir='ltr'>appellati</span> <span class='ocrx_word' id='word_1_404' title='bbox 339 1143 419 1177; x_wconf 66' lang='lat' dir='ltr'>fiunt,</span> <span class='ocrx_word' id='word_1_405' title='bbox 443 1144 504 1182; x_wconf 85' lang='lat' dir='ltr'>quia</span> <span class='ocrx_word' id='word_1_406' title='bbox 525 1142 704 1181; x_wconf 74' lang='lat' dir='ltr'>sequebantur</span> <span class='ocrx_word' id='word_1_407' title='bbox 726 1141 902 1180; x_wconf 77' lang='lat' dir='ltr'>Imperatoris</span> <span class='ocrx_word' id='word_1_408' title='bbox 917 1143 1126 1174; x_wconf 62' lang='lat' dir='ltr'>Mzmouuiiis,</span> <span class='ocrx_word' id='word_1_409' title='bbox 1147 1139 1194 1168; x_wconf 89' lang='lat' dir='ltr'>seu</span> <span class='ocrx_word' id='word_1_410' title='bbox 1205 1143 1380 1170; x_wconf 77' lang='lat' dir='ltr'>AMemoria</span> <span class='ocrx_word' id='word_1_411' title='bbox 1390 1161 1398 1173; x_wconf 91' lang='lat'><em>,</em></span> <span class='ocrx_word' id='word_1_412' title='bbox 1408 1140 1549 1169; x_wconf 76' lang='lat' dir='ltr'>officialis</span> <span class='ocrx_word' id='word_1_413' title='bbox 1560 1140 1588 1169; x_wconf 87' lang='lat' dir='ltr'>in</span> <span class='ocrx_word' id='word_1_414' title='bbox 1599 1140 1670 1170; x_wconf 82' lang='lat' dir='ltr'>Aula</span> <span class='ocrx_word' id='word_1_415' title='bbox 1679 1143 1761 1171; x_wconf 73' lang='lat' dir='ltr'>Grae-</span> 
     </span>
    </p>
   </div>
   <div class='ocr_carea' id='block_1_21' title="bbox 98 1184 901 1424">
    <p class='ocr_par' dir='ltr' id='par_1_26' title="bbox 98 1184 901 1424">
     <span class='ocr_line' id='line_1_51' title="bbox 101 1184 900 1222; baseline -0.001 -11"><span class='ocrx_word' id='word_1_416' title='bbox 101 1184 413 1222; x_wconf 79' lang='lat' dir='ltr'>Constantinopolitani</span> <span class='ocrx_word' id='word_1_417' title='bbox 423 1184 588 1222; x_wconf 81' lang='lat' dir='ltr'>opinionem</span> <span class='ocrx_word' id='word_1_418' title='bbox 599 1206 606 1217; x_wconf 86' lang='lat'><em>‚</em></span> <span class='ocrx_word' id='word_1_419' title='bbox 617 1184 665 1222; x_wconf 88' lang='lat' dir='ltr'>qui</span> <span class='ocrx_word' id='word_1_420' title='bbox 675 1193 820 1212; x_wconf 78' lang='lat' dir='ltr'>acerrimus</span> <span class='ocrx_word' id='word_1_421' title='bbox 833 1192 900 1220; x_wconf 63' lang='lat' dir='ltr'>prx-</span> 
     </span>
     <span class='ocr_line' id='line_1_52' title="bbox 101 1223 901 1262; baseline 0 -11"><span class='ocrx_word' id='word_1_422' title='bbox 101 1223 148 1251; x_wconf 75' lang='lat' dir='ltr'>fati</span> <span class='ocrx_word' id='word_1_423' title='bbox 159 1225 285 1253; x_wconf 85' lang='lat' dir='ltr'>Concilii</span> <span class='ocrx_word' id='word_1_424' title='bbox 303 1223 431 1253; x_wconf 85' lang='lat' dir='ltr'>defensor</span> <span class='ocrx_word' id='word_1_425' title='bbox 441 1225 568 1253; x_wconf 76' lang='lat' dir='ltr'>extiterat</span> <span class='ocrx_word' id='word_1_426' title='bbox 579 1245 586 1251; x_wconf 91' lang='lat'><strong>.</strong></span> <span class='ocrx_word' id='word_1_427' title='bbox 609 1226 684 1253; x_wconf 84' lang='lat' dir='ltr'>Sicut</span> <span class='ocrx_word' id='word_1_428' title='bbox 698 1234 746 1252; x_wconf 81' lang='lat' dir='ltr'>nos</span> <span class='ocrx_word' id='word_1_429' title='bbox 756 1245 765 1257; x_wconf 93' lang='lat'><em>‚</em></span> <span class='ocrx_word' id='word_1_430' title='bbox 786 1225 833 1262; x_wconf 84' lang='lat' dir='ltr'>qui</span> <span class='ocrx_word' id='word_1_431' title='bbox 854 1227 901 1251; x_wconf 76' lang='lat' dir='ltr'>Ec-</span> 
     </span>
     <span class='ocr_line' id='line_1_53' title="bbox 98 1264 899 1303; baseline 0 -12"><span class='ocrx_word' id='word_1_432' title='bbox 98 1264 187 1294; x_wconf 66' lang='lat' dir='ltr'>cleliae</span> <span class='ocrx_word' id='word_1_433' title='bbox 207 1264 369 1294; x_wconf 73' lang='lat' dir='ltr'>universalis</span> <span class='ocrx_word' id='word_1_434' title='bbox 390 1264 495 1294; x_wconf 74' lang='lat' dir='ltr'>vilibile</span> <span class='ocrx_word' id='word_1_435' title='bbox 513 1274 594 1303; x_wconf 72' lang='lat' dir='ltr'>caput</span> <span class='ocrx_word' id='word_1_436' title='bbox 613 1264 778 1293; x_wconf 85' lang='lat' dir='ltr'>Pontificem</span> <span class='ocrx_word' id='word_1_437' title='bbox 795 1267 899 1293; x_wconf 82' lang='lat' dir='ltr'>Roma-</span> 
     </span>
     <span class='ocr_line' id='line_1_54' title="bbox 100 1304 901 1345; baseline 0 -13"><span class='ocrx_word' id='word_1_438' title='bbox 100 1314 166 1334; x_wconf 82' lang='lat' dir='ltr'>num</span> <span class='ocrx_word' id='word_1_439' title='bbox 177 1305 347 1345; x_wconf 81' lang='lat' dir='ltr'>:ignoscimus</span> <span class='ocrx_word' id='word_1_440' title='bbox 361 1327 368 1338; x_wconf 85' lang='lat'><em>,</em></span> <span class='ocrx_word' id='word_1_441' title='bbox 389 1316 404 1333; x_wconf 83' lang='lat' dir='ltr'>a</span> <span class='ocrx_word' id='word_1_442' title='bbox 415 1305 612 1334; x_wconf 75' lang='lat' dir='ltr'>recentioribus</span> <span class='ocrx_word' id='word_1_443' title='bbox 633 1304 780 1334; x_wconf 78' lang='lat' dir='ltr'>Haereticis</span> <span class='ocrx_word' id='word_1_444' title='bbox 795 1306 901 1342; x_wconf 61' lang='lat' dir='ltr'>Paptstae</span> 
     </span>
     <span class='ocr_line' id='line_1_55' title="bbox 101 1343 900 1384; baseline -0.001 -11"><span class='ocrx_word' id='word_1_445' title='bbox 101 1355 227 1375; x_wconf 79' lang='lat' dir='ltr'>vocamur</span> <span class='ocrx_word' id='word_1_446' title='bbox 238 1367 245 1374; x_wconf 89' lang='lat'><em>.</em></span> <span class='ocrx_word' id='word_1_447' title='bbox 271 1352 282 1382; x_wconf 93' lang='lat'><strong>[</strong></span> <span class='ocrx_word' id='word_1_448' title='bbox 295 1346 349 1377; x_wconf 89' lang='lat' dir='ltr'>Qui</span> <span class='ocrx_word' id='word_1_449' title='bbox 361 1346 540 1384; x_wconf 67' lang='lat' dir='ltr'>Imperatoris</span> <span class='ocrx_word' id='word_1_450' title='bbox 549 1345 714 1374; x_wconf 82' lang='lat' dir='ltr'>sententiam</span> <span class='ocrx_word' id='word_1_451' title='bbox 723 1344 786 1374; x_wconf 82' lang='lat' dir='ltr'>sunt</span> <span class='ocrx_word' id='word_1_452' title='bbox 796 1343 880 1373; x_wconf 81' lang='lat' dir='ltr'>secuti</span> <span class='ocrx_word' id='word_1_453' title='bbox 893 1366 900 1378; x_wconf 91' lang='lat'><em>,</em></span> 
     </span>
     <span class='ocr_line' id='line_1_56' title="bbox 100 1384 901 1424; baseline -0.004 -8"><span class='ocrx_word' id='word_1_454' title='bbox 100 1386 262 1416; x_wconf 73' lang='lat' dir='ltr'>vocatisunt</span> <span class='ocrx_word' id='word_1_455' title='bbox 274 1386 415 1416; x_wconf 70' lang='lat' dir='ltr'>Melchitae</span> <span class='ocrx_word' id='word_1_456' title='bbox 428 1407 439 1423; x_wconf 90' lang='lat'>‚</span> <span class='ocrx_word' id='word_1_457' title='bbox 458 1387 526 1415; x_wconf 84' lang='lat' dir='ltr'>idest</span> <span class='ocrx_word' id='word_1_458' title='bbox 541 1412 546 1419; x_wconf 76' lang='grc'>,</span> <span class='ocrx_word' id='word_1_459' title='bbox 559 1387 722 1424; x_wconf 84' lang='lat' dir='ltr'>Imperiales</span> <span class='ocrx_word' id='word_1_460' title='bbox 732 1406 738 1413; x_wconf 90' lang='lat'><strong>.</strong></span> <span class='ocrx_word' id='word_1_461' title='bbox 758 1384 901 1424; x_wconf 85' lang='lat' dir='ltr'>Nicepho-</span> 
     </span>
    </p>
   </div>
   <div class='ocr_carea' id='block_1_22' title="bbox 957 1179 1761 1424">
    <p class='ocr_par' dir='ltr' id='par_1_27' title="bbox 957 1179 1761 1424">
     <span class='ocr_line' id='line_1_57' title="bbox 958 1179 1761 1221; baseline 0.001 -11"><span class='ocrx_word' id='word_1_462' title='bbox 958 1191 1052 1210; x_wconf 88' lang='lat' dir='ltr'>corum</span> <span class='ocrx_word' id='word_1_463' title='bbox 1064 1183 1154 1220; x_wconf 87' lang='lat' dir='ltr'>Impp.</span> <span class='ocrx_word' id='word_1_464' title='bbox 1166 1182 1213 1220; x_wconf 86' lang='lat' dir='ltr'>qui</span> <span class='ocrx_word' id='word_1_465' title='bbox 1226 1181 1404 1221; x_wconf 84' lang='lat' dir='ltr'>negotiorum</span> <span class='ocrx_word' id='word_1_466' title='bbox 1414 1179 1555 1220; x_wconf 87' lang='lat' dir='ltr'>suggestor</span> <span class='ocrx_word' id='word_1_467' title='bbox 1565 1190 1622 1210; x_wconf 81' lang='lat' dir='ltr'>erat</span> <span class='ocrx_word' id='word_1_468' title='bbox 1633 1192 1639 1208; x_wconf 91' lang='lat'>:</span> <span class='ocrx_word' id='word_1_469' title='bbox 1663 1183 1761 1217; x_wconf 80' lang='lat' dir='ltr'>[Pala-</span> 
     </span>
     <span class='ocr_line' id='line_1_58' title="bbox 959 1222 1759 1261; baseline 0.001 -10"><span class='ocrx_word' id='word_1_470' title='bbox 959 1223 1018 1251; x_wconf 80' lang='lat' dir='ltr'>tina</span> <span class='ocrx_word' id='word_1_471' title='bbox 1028 1232 1124 1251; x_wconf 79' lang='lat' dir='ltr'>omnia</span> <span class='ocrx_word' id='word_1_472' title='bbox 1135 1223 1230 1250; x_wconf 77' lang='lat' dir='ltr'>officia</span> <span class='ocrx_word' id='word_1_473' title='bbox 1241 1244 1248 1254; x_wconf 96' lang='lat'><em>,</em></span> <span class='ocrx_word' id='word_1_474' title='bbox 1259 1222 1311 1250; x_wconf 88' lang='lat' dir='ltr'>hoc</span> <span class='ocrx_word' id='word_1_475' title='bbox 1322 1222 1360 1249; x_wconf 82' lang='lat' dir='ltr'>est</span> <span class='ocrx_word' id='word_1_476' title='bbox 1372 1243 1379 1254; x_wconf 94' lang='lat'><em>,</em></span> <span class='ocrx_word' id='word_1_477' title='bbox 1390 1222 1566 1251; x_wconf 82' lang='lat' dir='ltr'>Memoriales</span> <span class='ocrx_word' id='word_1_478' title='bbox 1577 1243 1585 1255; x_wconf 95' lang='lat'><em>‚</em></span> <span class='ocrx_word' id='word_1_479' title='bbox 1595 1225 1718 1261; x_wconf 82' lang='lat' dir='ltr'>Agentes</span> <span class='ocrx_word' id='word_1_480' title='bbox 1728 1223 1759 1252; x_wconf 90' lang='lat' dir='ltr'>in</span> 
     </span>
     <span class='ocr_line' id='line_1_59' title="bbox 960 1261 1761 1301; baseline 0.001 -10"><span class='ocrx_word' id='word_1_481' title='bbox 960 1264 1036 1292; x_wconf 85' lang='lat' dir='ltr'>rebus</span> <span class='ocrx_word' id='word_1_482' title='bbox 1048 1286 1056 1296; x_wconf 86' lang='lat'><em>,</em></span> <span class='ocrx_word' id='word_1_483' title='bbox 1076 1263 1256 1301; x_wconf 74' lang='lat' dir='ltr'>Apparitores</span> <span class='ocrx_word' id='word_1_484' title='bbox 1279 1261 1452 1291; x_wconf 78' lang='lat' dir='ltr'>diversorum</span> <span class='ocrx_word' id='word_1_485' title='bbox 1482 1263 1693 1291; x_wconf 86' lang='lat' dir='ltr'>commodorum</span> <span class='ocrx_word' id='word_1_486' title='bbox 1703 1284 1711 1291; x_wconf 91' lang='lat'>.</span> <span class='ocrx_word' id='word_1_487' title='bbox 1733 1265 1761 1293; x_wconf 89' lang='lat' dir='ltr'>S.</span> 
     </span>
     <span class='ocr_line' id='line_1_60' title="bbox 959 1303 1760 1343; baseline 0 -10"><span class='ocrx_word' id='word_1_488' title='bbox 959 1303 1166 1342; x_wconf 67' lang='lat' dir='ltr'>Ambrofiepist.</span> <span class='ocrx_word' id='word_1_489' title='bbox 1179 1303 1211 1332; x_wconf 78' lang='lat' dir='ltr'>:id</span> <span class='ocrx_word' id='word_1_490' title='bbox 1221 1304 1345 1332; x_wconf 78' lang='lat' dir='ltr'>Marcell.</span> <span class='ocrx_word' id='word_1_491' title='bbox 1356 1303 1495 1332; x_wconf 78' lang='lat' dir='ltr'>Curandae</span> <span class='ocrx_word' id='word_1_492' title='bbox 1508 1304 1678 1342; x_wconf 68' lang='lat' dir='ltr'>Reipublicae</span> <span class='ocrx_word' id='word_1_493' title='bbox 1689 1314 1760 1343; x_wconf 72' lang='lat' dir='ltr'>prx-</span> 
     </span>
     <span class='ocr_line' id='line_1_61' title="bbox 958 1344 1761 1383; baseline 0.001 -10"><span class='ocrx_word' id='word_1_494' title='bbox 958 1345 1040 1383; x_wconf 81' lang='lat' dir='ltr'>politi</span> <span class='ocrx_word' id='word_1_495' title='bbox 1052 1355 1127 1373; x_wconf 74' lang='lat' dir='ltr'>erant</span> <span class='ocrx_word' id='word_1_496' title='bbox 1138 1344 1364 1383; x_wconf 81' lang='lat' dir='ltr'>Spanopolinusa</span> <span class='ocrx_word' id='word_1_497' title='bbox 1373 1344 1504 1373; x_wconf 80' lang='lat' dir='ltr'>memoria</span> <span class='ocrx_word' id='word_1_498' title='bbox 1514 1367 1522 1378; x_wconf 93' lang='lat'><em>,</em></span> <span class='ocrx_word' id='word_1_499' title='bbox 1533 1348 1560 1373; x_wconf 76' lang='grc' dir='ltr'>ὀ(</span> <span class='ocrx_word' id='word_1_500' title='bbox 1573 1346 1693 1383; x_wconf 83' lang='lat' dir='ltr'>Joannes</span> <span class='ocrx_word' id='word_1_501' title='bbox 1701 1347 1761 1375; x_wconf 82' lang='lat' dir='ltr'>Mc-</span> 
     </span>
     <span class='ocr_line' id='line_1_62' title="bbox 957 1385 1532 1424; baseline 0.002 -11"><span class='ocrx_word' id='word_1_502' title='bbox 957 1385 1081 1415; x_wconf 81' lang='lat' dir='ltr'>litenfis.</span> <span class='ocrx_word' id='word_1_503' title='bbox 1104 1386 1312 1415; x_wconf 76' lang='lat' dir='ltr'>Cantacuzenus</span> <span class='ocrx_word' id='word_1_504' title='bbox 1325 1385 1369 1413; x_wconf 85' lang='lat' dir='ltr'>lib.</span> <span class='ocrx_word' id='word_1_505' title='bbox 1380 1395 1407 1422; x_wconf 88' lang='lat'>3.</span> <span class='ocrx_word' id='word_1_506' title='bbox 1417 1396 1474 1424; x_wconf 86' lang='lat' dir='ltr'>cap.</span> <span class='ocrx_word' id='word_1_507' title='bbox 1490 1395 1532 1421; x_wconf 85' lang='lat'>15.</span> 
     </span>
    </p>
   </div>
   <div class='ocr_carea' id='block_1_23' title="bbox 99 1424 1758 1464">
    <p class='ocr_par' dir='ltr' id='par_1_28' title="bbox 99 1424 1758 1464">
     <span class='ocr_line' id='line_1_63' title="bbox 99 1424 1758 1464; baseline 0.001 -10"><span class='ocrx_word' id='word_1_508' title='bbox 99 1437 142 1455; x_wconf 88' lang='lat' dir='ltr'>rus</span> <span class='ocrx_word' id='word_1_509' title='bbox 152 1428 290 1463; x_wconf 81' lang='lat' dir='ltr'>Calyxtus</span> <span class='ocrx_word' id='word_1_510' title='bbox 312 1428 358 1457; x_wconf 82' lang='lat' dir='ltr'>lib.</span> <span class='ocrx_word' id='word_1_511' title='bbox 375 1438 380 1455; x_wconf 87' lang='grc' dir='ltr'><strong>ι</strong></span> <span class='ocrx_word' id='word_1_512' title='bbox 392 1432 416 1455; x_wconf 81' lang='lat'>8.</span> <span class='ocrx_word' id='word_1_513' title='bbox 427 1437 484 1464; x_wconf 74' lang='lat' dir='ltr'>cap.</span> <span class='ocrx_word' id='word_1_514' title='bbox 500 1437 544 1462; x_wconf 80' lang='lat'>5²·</span> <span class='ocrx_word' id='word_1_515' title='bbox 559 1430 570 1459; x_wconf 94' lang='lat'><strong>]</strong></span> <span class='ocrx_word' id='word_1_516' title='bbox 582 1428 630 1457; x_wconf 75' lang='lat' dir='ltr'>Ob</span> <span class='ocrx_word' id='word_1_517' title='bbox 641 1426 757 1454; x_wconf 79' lang='lat' dir='ltr'>eandem</span> <span class='ocrx_word' id='word_1_518' title='bbox 767 1427 902 1454; x_wconf 77' lang='lat' dir='ltr'>rationem</span> <span class='ocrx_word' id='word_1_519' title='bbox 917 1427 1101 1455; x_wconf 66' lang='lat' dir='ltr'>Mzmoapnm</span> <span class='ocrx_word' id='word_1_520' title='bbox 1112 1447 1119 1454; x_wconf 88' lang='lat'><strong><em>.</em></strong></span> <span class='ocrx_word' id='word_1_521' title='bbox 1141 1427 1197 1455; x_wconf 77' lang='lat' dir='ltr'>PR.</span> <span class='ocrx_word' id='word_1_522' title='bbox 1211 1427 1293 1455; x_wconf 62' lang='lat' dir='ltr'>verbs</span> <span class='ocrx_word' id='word_1_523' title='bbox 1301 1424 1500 1455; x_wconf 78' lang='lat' dir='ltr'>contumeliosa</span> <span class='ocrx_word' id='word_1_524' title='bbox 1511 1447 1520 1459; x_wconf 92' lang='lat'><em>,</em></span> <span class='ocrx_word' id='word_1_525' title='bbox 1530 1426 1549 1454; x_wconf 89' lang='lat' dir='ltr'>l.</span> <span class='ocrx_word' id='word_1_526' title='bbox 1559 1425 1578 1454; x_wconf 80' lang='lat' dir='ltr'>si</span> <span class='ocrx_word' id='word_1_527' title='bbox 1588 1424 1682 1455; x_wconf 83' lang='lat' dir='ltr'>servus</span> <span class='ocrx_word' id='word_1_528' title='bbox 1691 1447 1698 1455; x_wconf 91' lang='lat'><em>.</em></span> <span class='ocrx_word' id='word_1_529' title='bbox 1710 1428 1758 1456; x_wconf 83' lang='lat' dir='ltr'>De</span> 
     </span>
    </p>
   </div>
   <div class='ocr_carea' id='block_1_24' title="bbox 100 1467 903 1505">
    <p class='ocr_par' dir='ltr' id='par_1_29' title="bbox 100 1467 903 1505">
     <span class='ocr_line' id='line_1_64' title="bbox 100 1467 903 1505; baseline 0 -10"><span class='ocrx_word' id='word_1_530' title='bbox 100 1468 347 1504; x_wconf 81' lang='lat' dir='ltr'>chalcedonensem</span> <span class='ocrx_word' id='word_1_531' title='bbox 355 1467 527 1505; x_wconf 76' lang='lat' dir='ltr'>appellabant</span> <span class='ocrx_word' id='word_1_532' title='bbox 545 1468 733 1505; x_wconf 74' lang='lat' dir='ltr'>Justinianum</span> <span class='ocrx_word' id='word_1_533' title='bbox 752 1467 903 1505; x_wconf 84' lang='lat' dir='ltr'>Imperato-</span> 
     </span>
    </p>
   </div>
   <div class='ocr_carea' id='block_1_25' title="bbox 957 1466 1220 1505">
    <p class='ocr_par' dir='ltr' id='par_1_30' title="bbox 957 1466 1220 1505">
     <span class='ocr_line' id='line_1_65' title="bbox 957 1466 1220 1505; baseline 0 -10"><span class='ocrx_word' id='word_1_534' title='bbox 957 1467 1045 1505; x_wconf 79' lang='lat' dir='ltr'>culpis</span> <span class='ocrx_word' id='word_1_535' title='bbox 1057 1466 1199 1495; x_wconf 85' lang='lat' dir='ltr'>servorum</span> <span class='ocrx_word' id='word_1_536' title='bbox 1213 1487 1220 1494; x_wconf 93' lang='lat'><strong>.</strong></span> 
     </span>
    </p>
   </div>
   <div class='ocr_carea' id='block_1_26' title="bbox 99 1506 1758 1546">
    <p class='ocr_par' dir='ltr' id='par_1_31' title="bbox 99 1506 1758 1546">
     <span class='ocr_line' id='line_1_66' title="bbox 99 1506 1758 1546; baseline 0.001 -11"><span class='ocrx_word' id='word_1_537' title='bbox 99 1517 157 1535; x_wconf 81' lang='lat' dir='ltr'>rem</span> <span class='ocrx_word' id='word_1_538' title='bbox 167 1529 176 1540; x_wconf 90' lang='lat'><em>,</em></span> <span class='ocrx_word' id='word_1_539' title='bbox 190 1508 255 1536; x_wconf 82' lang='lat' dir='ltr'>ficut</span> <span class='ocrx_word' id='word_1_540' title='bbox 266 1508 294 1535; x_wconf 91' lang='lat' dir='ltr'>in</span> <span class='ocrx_word' id='word_1_541' title='bbox 303 1517 398 1536; x_wconf 87' lang='lat' dir='ltr'>eorum</span> <span class='ocrx_word' id='word_1_542' title='bbox 412 1507 556 1536; x_wconf 79' lang='lat' dir='ltr'>Chronica</span> <span class='ocrx_word' id='word_1_543' title='bbox 566 1518 607 1535; x_wconf 82' lang='lat' dir='ltr'>au.</span> <span class='ocrx_word' id='word_1_544' title='bbox 623 1513 658 1542; x_wconf 85' lang='lat'>56</span> <span class='ocrx_word' id='word_1_545' title='bbox 666 1517 674 1534; x_wconf 80' lang='grc' dir='ltr'><em>ι</em></span> <span class='ocrx_word' id='word_1_546' title='bbox 683 1527 689 1534; x_wconf 91' lang='grc'>.</span> <span class='ocrx_word' id='word_1_547' title='bbox 701 1507 816 1545; x_wconf 81' lang='lat' dir='ltr'>legitur,</span> <span class='ocrx_word' id='word_1_548' title='bbox 827 1517 901 1536; x_wconf 86' lang='lat' dir='ltr'>nem-</span> <span class='ocrx_word' id='word_1_549' title='bbox 916 1508 1054 1538; x_wconf 42' lang='lat' dir='ltr'>Missum</span> <span class='ocrx_word' id='word_1_550' title='bbox 1065 1529 1073 1540; x_wconf 83' lang='lat'><em>‚</em></span> <span class='ocrx_word' id='word_1_551' title='bbox 1084 1506 1212 1537; x_wconf 71' lang='grc' dir='ltr'>Μῖωαῖον</span> <span class='ocrx_word' id='word_1_552' title='bbox 1223 1530 1231 1541; x_wconf 86' lang='lat'><em>,</em></span> <span class='ocrx_word' id='word_1_553' title='bbox 1242 1510 1405 1537; x_wconf 71' lang='lat' dir='ltr'>Graecorum</span> <span class='ocrx_word' id='word_1_554' title='bbox 1416 1507 1493 1541; x_wconf 84' lang='lat' dir='ltr'>liber,</span> <span class='ocrx_word' id='word_1_555' title='bbox 1505 1506 1534 1536; x_wconf 85' lang='lat' dir='ltr'>in</span> <span class='ocrx_word' id='word_1_556' title='bbox 1543 1518 1598 1546; x_wconf 90' lang='lat' dir='ltr'>quo</span> <span class='ocrx_word' id='word_1_557' title='bbox 1608 1507 1758 1537; x_wconf 84' lang='lat' dir='ltr'>continen-</span> 
     </span>
    </p>
   </div>
   <div class='ocr_carea' id='block_1_27' title="bbox 99 1546 901 1625">
    <p class='ocr_par' dir='ltr' id='par_1_32' title="bbox 99 1546 901 1625">
     <span class='ocr_line' id='line_1_67' title="bbox 100 1546 901 1586; baseline 0.002 -11"><span class='ocrx_word' id='word_1_558' title='bbox 100 1557 150 1586; x_wconf 86' lang='lat' dir='ltr'>pe:</span> <span class='ocrx_word' id='word_1_559' title='bbox 173 1550 235 1582; x_wconf 82' lang='lat' dir='ltr'>[Eo</span> <span class='ocrx_word' id='word_1_560' title='bbox 246 1558 369 1585; x_wconf 87' lang='lat' dir='ltr'>tempore</span> <span class='ocrx_word' id='word_1_561' title='bbox 379 1547 523 1576; x_wconf 58' lang='lat' dir='ltr'>desumus</span> <span class='ocrx_word' id='word_1_562' title='bbox 531 1547 569 1575; x_wconf 82' lang='lat' dir='ltr'>est</span> <span class='ocrx_word' id='word_1_563' title='bbox 582 1549 736 1585; x_wconf 86' lang='lat' dir='ltr'>Imperator</span> <span class='ocrx_word' id='word_1_564' title='bbox 746 1546 901 1577; x_wconf 82' lang='lat' dir='ltr'>Chalcedo—</span> 
     </span>
     <span class='ocr_line' id='line_1_68' title="bbox 99 1586 901 1625; baseline 0.001 -9"><span class='ocrx_word' id='word_1_565' title='bbox 99 1589 188 1617; x_wconf 79' lang='lat' dir='ltr'>nensis</span> <span class='ocrx_word' id='word_1_566' title='bbox 199 1589 229 1619; x_wconf 86' lang='lat'>.]</span> <span class='ocrx_word' id='word_1_567' title='bbox 249 1589 305 1617; x_wconf 78' lang='lat' dir='ltr'>FR.</span> <span class='ocrx_word' id='word_1_568' title='bbox 316 1597 409 1616; x_wconf 67' lang='lat' dir='ltr'>contra</span> <span class='ocrx_word' id='word_1_569' title='bbox 419 1598 500 1625; x_wconf 83' lang='lat' dir='ltr'>quam</span> <span class='ocrx_word' id='word_1_570' title='bbox 519 1586 716 1616; x_wconf 69' lang='lat' dir='ltr'>haereticorum</span> <span class='ocrx_word' id='word_1_571' title='bbox 737 1588 901 1617; x_wconf 77' lang='lat' dir='ltr'>calumniam</span> 
     </span>
    </p>
   </div>
   <div class='ocr_carea' id='block_1_28' title="bbox 959 1548 1759 1627">
    <p class='ocr_par' dir='ltr' id='par_1_33' title="bbox 959 1548 1759 1627">
     <span class='ocr_line' id='line_1_69' title="bbox 959 1548 1759 1586; baseline 0.003 -9"><span class='ocrx_word' id='word_1_572' title='bbox 959 1557 1002 1577; x_wconf 88' lang='lat' dir='ltr'>tur</span> <span class='ocrx_word' id='word_1_573' title='bbox 1014 1558 1103 1586; x_wconf 86' lang='lat' dir='ltr'>preces</span> <span class='ocrx_word' id='word_1_574' title='bbox 1113 1570 1121 1581; x_wconf 91' lang='lat'><em>‚</em></span> <span class='ocrx_word' id='word_1_575' title='bbox 1133 1552 1160 1577; x_wconf 77' lang='grc' dir='ltr'>ὅ(</span> <span class='ocrx_word' id='word_1_576' title='bbox 1169 1548 1270 1584; x_wconf 86' lang='lat' dir='ltr'>hymni</span> <span class='ocrx_word' id='word_1_577' title='bbox 1282 1549 1311 1576; x_wconf 92' lang='lat' dir='ltr'>in</span> <span class='ocrx_word' id='word_1_578' title='bbox 1321 1548 1408 1577; x_wconf 81' lang='lat' dir='ltr'>choro</span> <span class='ocrx_word' id='word_1_579' title='bbox 1418 1549 1555 1577; x_wconf 85' lang='lat' dir='ltr'>recitandi</span> <span class='ocrx_word' id='word_1_580' title='bbox 1568 1549 1596 1577; x_wconf 92' lang='lat' dir='ltr'>in</span> <span class='ocrx_word' id='word_1_581' title='bbox 1609 1548 1759 1579; x_wconf 81' lang='lat' dir='ltr'>duodecim</span> 
     </span>
     <span class='ocr_line' id='line_1_70' title="bbox 959 1589 1610 1627; baseline 0 -10"><span class='ocrx_word' id='word_1_582' title='bbox 959 1599 1049 1617; x_wconf 86' lang='lat' dir='ltr'>tomos</span> <span class='ocrx_word' id='word_1_583' title='bbox 1059 1589 1163 1618; x_wconf 75' lang='lat' dir='ltr'>divisus</span> <span class='ocrx_word' id='word_1_584' title='bbox 1172 1599 1223 1627; x_wconf 85' lang='lat' dir='ltr'>pro</span> <span class='ocrx_word' id='word_1_585' title='bbox 1231 1590 1376 1618; x_wconf 87' lang='lat' dir='ltr'>duodecim</span> <span class='ocrx_word' id='word_1_586' title='bbox 1387 1590 1450 1617; x_wconf 82' lang='lat' dir='ltr'>anni</span> <span class='ocrx_word' id='word_1_587' title='bbox 1463 1589 1595 1618; x_wconf 79' lang='lat' dir='ltr'>mensibus</span> <span class='ocrx_word' id='word_1_588' title='bbox 1604 1610 1610 1617; x_wconf 96' lang='lat'><strong><em>.</em></strong></span> 
     </span>
    </p>
   </div>
   <div class='ocr_carea' id='block_1_29' title="bbox 1 1951 902 1991">
    <p class='ocr_par' dir='ltr' id='par_1_34' title="bbox 1 1951 902 1991">
     <span class='ocr_line' id='line_1_71' title="bbox 1 1951 902 1991; baseline 0.001 -10"><span class='ocrx_word' id='word_1_589' title='bbox 1 1979 3 1981; x_wconf 87' lang='grc'><em>,</em></span> <span class='ocrx_word' id='word_1_590' title='bbox 55 1951 244 1980; x_wconf 63' lang='grc' dir='ltr'>Μειιτεκειε</span> <span class='ocrx_word' id='word_1_591' title='bbox 256 1953 384 1984; x_wconf 67' lang='lat' dir='ltr'>Equuzs</span> <span class='ocrx_word' id='word_1_592' title='bbox 396 1972 403 1979; x_wconf 95' lang='lat'>.</span> <span class='ocrx_word' id='word_1_593' title='bbox 428 1952 500 1982; x_wconf 84' lang='lat' dir='ltr'>Vide</span> <span class='ocrx_word' id='word_1_594' title='bbox 509 1956 624 1991; x_wconf 79' lang='lat' dir='ltr'>Equites</span> <span class='ocrx_word' id='word_1_595' title='bbox 635 1955 793 1991; x_wconf 78' lang='lat' dir='ltr'>Melitenses</span> <span class='ocrx_word' id='word_1_596' title='bbox 804 1975 811 1982; x_wconf 90' lang='lat'><strong>.</strong></span> <span class='ocrx_word' id='word_1_597' title='bbox 823 1954 902 1982; x_wconf 85' lang='lat' dir='ltr'>Meli-</span> 
     </span>
    </p>
   </div>
   <div class='ocr_carea' id='block_1_30' title="bbox 57 1627 1761 1986">
    <p class='ocr_par' dir='ltr' id='par_1_35' title="bbox 57 1627 1761 1986">
     <span class='ocr_line' id='line_1_72' title="bbox 99 1627 1761 1670; baseline 0.003 -15"><span class='ocrx_word' id='word_1_598' title='bbox 99 1627 155 1666; x_wconf 82' lang='lat' dir='ltr'>ipse</span> <span class='ocrx_word' id='word_1_599' title='bbox 166 1630 324 1666; x_wconf 85' lang='lat' dir='ltr'>Imperator</span> <span class='ocrx_word' id='word_1_600' title='bbox 338 1628 505 1666; x_wconf 82' lang='lat' dir='ltr'>Apologiam</span> <span class='ocrx_word' id='word_1_601' title='bbox 514 1628 674 1667; x_wconf 79' lang='lat' dir='ltr'>divulgavit</span> <span class='ocrx_word' id='word_1_602' title='bbox 687 1649 694 1661; x_wconf 82' lang='lat'><em>,</em></span> <span class='ocrx_word' id='word_1_603' title='bbox 715 1638 774 1666; x_wconf 78' lang='lat' dir='ltr'>quae</span> <span class='ocrx_word' id='word_1_604' title='bbox 787 1627 901 1658; x_wconf 79' lang='lat' dir='ltr'>liabetur</span> <span class='ocrx_word' id='word_1_605' title='bbox 916 1631 1134 1659; x_wconf 66' lang='grc' dir='ltr'><strong>ΜΕΝΑΝΒΜΛΝῙ</strong></span> <span class='ocrx_word' id='word_1_606' title='bbox 1146 1651 1153 1658; x_wconf 88' lang='grc'><strong>.</strong></span> <span class='ocrx_word' id='word_1_607' title='bbox 1167 1631 1224 1659; x_wconf 67' lang='lat' dir='ltr'>PR.</span> <span class='ocrx_word' id='word_1_608' title='bbox 1234 1630 1358 1658; x_wconf 53' lang='lat' dir='ltr'>heretici</span> <span class='ocrx_word' id='word_1_609' title='bbox 1367 1629 1491 1668; x_wconf 77' lang='lat' dir='ltr'>sequaces</span> <span class='ocrx_word' id='word_1_610' title='bbox 1502 1629 1651 1658; x_wconf 82' lang='lat' dir='ltr'>Menandri</span> <span class='ocrx_word' id='word_1_611' title='bbox 1662 1630 1737 1670; x_wconf 71' lang='lat' dir='ltr'>Magi</span> <span class='ocrx_word' id='word_1_612' title='bbox 1747 1652 1761 1665; x_wconf 88' lang='lat'><em>‚</em></span> 
     </span>
     <span class='ocr_line' id='line_1_73' title="bbox 98 1668 1759 1709; baseline 0.002 -12"><span class='ocrx_word' id='word_1_613' title='bbox 98 1668 156 1697; x_wconf 87' lang='lat' dir='ltr'>inl.</span> <span class='ocrx_word' id='word_1_614' title='bbox 167 1679 194 1701; x_wconf 86' lang='lat'>7.</span> <span class='ocrx_word' id='word_1_615' title='bbox 206 1669 280 1697; x_wconf 84' lang='lat' dir='ltr'>Cod.</span> <span class='ocrx_word' id='word_1_616' title='bbox 300 1668 334 1697; x_wconf 85' lang='lat' dir='ltr'>de</span> <span class='ocrx_word' id='word_1_617' title='bbox 343 1669 451 1697; x_wconf 73' lang='lat' dir='ltr'>Summa</span> <span class='ocrx_word' id='word_1_618' title='bbox 458 1668 559 1697; x_wconf 88' lang='lat' dir='ltr'>Trinit.</span> <span class='ocrx_word' id='word_1_619' title='bbox 579 1669 613 1697; x_wconf 88' lang='lat' dir='ltr'>de</span> <span class='ocrx_word' id='word_1_620' title='bbox 624 1679 676 1708; x_wconf 81' lang='lat' dir='ltr'>qua</span> <span class='ocrx_word' id='word_1_621' title='bbox 697 1671 796 1697; x_wconf 70' lang='lat' dir='ltr'>Bai-on:</span> <span class='ocrx_word' id='word_1_622' title='bbox 814 1670 847 1698; x_wconf 69' lang='lat' dir='ltr'>ad</span> <span class='ocrx_word' id='word_1_623' title='bbox 857 1680 901 1698; x_wconf 85' lang='lat' dir='ltr'>an.</span> <span class='ocrx_word' id='word_1_624' title='bbox 957 1671 1004 1708; x_wconf 90' lang='lat' dir='ltr'>qui</span> <span class='ocrx_word' id='word_1_625' title='bbox 1016 1670 1135 1699; x_wconf 81' lang='lat' dir='ltr'>Simonis</span> <span class='ocrx_word' id='word_1_626' title='bbox 1144 1671 1217 1708; x_wconf 85' lang='lat' dir='ltr'>Magi</span> <span class='ocrx_word' id='word_1_627' title='bbox 1229 1669 1377 1709; x_wconf 84' lang='lat' dir='ltr'>discipulus</span> <span class='ocrx_word' id='word_1_628' title='bbox 1388 1669 1450 1701; x_wconf 65' lang='lat' dir='ltr'>suin</span> <span class='ocrx_word' id='word_1_629' title='bbox 1462 1670 1609 1699; x_wconf 76' lang='lat' dir='ltr'>afferebant</span> <span class='ocrx_word' id='word_1_630' title='bbox 1624 1671 1759 1700; x_wconf 86' lang='lat' dir='ltr'>mundum</span> 
     </span>
     <span class='ocr_line' id='line_1_74' title="bbox 101 1707 1757 1751; baseline 0.004 -16"><span class='ocrx_word' id='word_1_631' title='bbox 101 1719 170 1747; x_wconf 82' lang='lat'><em>533.</em></span> <span class='ocrx_word' id='word_1_632' title='bbox 181 1720 207 1737; x_wconf 86' lang='lat' dir='ltr'>n.</span> <span class='ocrx_word' id='word_1_633' title='bbox 224 1719 266 1745; x_wconf 88' lang='lat'>¹9·</span> <span class='ocrx_word' id='word_1_634' title='bbox 286 1713 313 1737; x_wconf 69' lang='grc' dir='ltr'>δ(</span> <span class='ocrx_word' id='word_1_635' title='bbox 325 1708 400 1747; x_wconf 87' lang='lat' dir='ltr'>seqq.</span> <span class='ocrx_word' id='word_1_636' title='bbox 414 1709 451 1742; x_wconf 59' lang='lat' dir='ltr'>:lli</span> <span class='ocrx_word' id='word_1_637' title='bbox 464 1709 510 1736; x_wconf 89' lang='lat' dir='ltr'>Ad</span> <span class='ocrx_word' id='word_1_638' title='bbox 529 1707 653 1746; x_wconf 71' lang='lat' dir='ltr'>praesens·</span> <span class='ocrx_word' id='word_1_639' title='bbox 667 1718 758 1738; x_wconf 74' lang='lat' dir='ltr'>autem</span> <span class='ocrx_word' id='word_1_640' title='bbox 770 1719 903 1739; x_wconf 76' lang='lat' dir='ltr'>vocantur</span> <span class='ocrx_word' id='word_1_641' title='bbox 956 1721 1013 1740; x_wconf 90' lang='lat' dir='ltr'>non</span> <span class='ocrx_word' id='word_1_642' title='bbox 1024 1721 1037 1739; x_wconf 83' lang='lat' dir='ltr'>a</span> <span class='ocrx_word' id='word_1_643' title='bbox 1054 1712 1118 1739; x_wconf 88' lang='lat' dir='ltr'>Deo</span> <span class='ocrx_word' id='word_1_644' title='bbox 1128 1733 1136 1743; x_wconf 84' lang='lat'><em>,</em></span> <span class='ocrx_word' id='word_1_645' title='bbox 1157 1709 1203 1739; x_wconf 87' lang='lat' dir='ltr'>sed</span> <span class='ocrx_word' id='word_1_646' title='bbox 1212 1712 1241 1739; x_wconf 79' lang='lat' dir='ltr'>ab</span> <span class='ocrx_word' id='word_1_647' title='bbox 1253 1712 1372 1751; x_wconf 82' lang='lat' dir='ltr'>Angelis</span> <span class='ocrx_word' id='word_1_648' title='bbox 1383 1709 1434 1739; x_wconf 70' lang='lat' dir='ltr'>essi:</span> <span class='ocrx_word' id='word_1_649' title='bbox 1451 1721 1572 1740; x_wconf 84' lang='lat' dir='ltr'>creatum</span> <span class='ocrx_word' id='word_1_650' title='bbox 1583 1733 1590 1744; x_wconf 93' lang='lat'><em>‚</em></span> <span class='ocrx_word' id='word_1_651' title='bbox 1615 1723 1662 1746; x_wconf 80' lang='lat'>²4·</span> <span class='ocrx_word' id='word_1_652' title='bbox 1671 1722 1716 1750; x_wconf 89' lang='lat' dir='ltr'>qu.</span> <span class='ocrx_word' id='word_1_653' title='bbox 1728 1722 1757 1751; x_wconf 80' lang='lat'>3.</span> 
     </span>
     <span class='ocr_line' id='line_1_75' title="bbox 99 1747 1309 1790; baseline 0.003 -14"><span class='ocrx_word' id='word_1_654' title='bbox 99 1749 130 1776; x_wconf 88' lang='lat' dir='ltr'>in</span> <span class='ocrx_word' id='word_1_655' title='bbox 140 1759 249 1777; x_wconf 68' lang='lat' dir='ltr'>oriente</span> <span class='ocrx_word' id='word_1_656' title='bbox 260 1750 389 1779; x_wconf 66' lang='lat' dir='ltr'>Melchm‘</span> <span class='ocrx_word' id='word_1_657' title='bbox 399 1749 498 1777; x_wconf 79' lang='lat' dir='ltr'>Arabes</span> <span class='ocrx_word' id='word_1_658' title='bbox 509 1747 726 1788; x_wconf 80' lang='lat' dir='ltr'>Christiani,qui</span> <span class='ocrx_word' id='word_1_659' title='bbox 735 1750 820 1779; x_wconf 84' lang='lat' dir='ltr'>ritum</span> <span class='ocrx_word' id='word_1_660' title='bbox 832 1761 902 1790; x_wconf 69' lang='lat' dir='ltr'>grse-</span> <span class='ocrx_word' id='word_1_661' title='bbox 955 1762 1012 1780; x_wconf 76' lang='lat' dir='ltr'>can.</span> <span class='ocrx_word' id='word_1_662' title='bbox 1024 1763 1071 1790; x_wconf 83' lang='lat'>39.</span> <span class='ocrx_word' id='word_1_663' title='bbox 1086 1751 1159 1780; x_wconf 86' lang='lat' dir='ltr'>Vide</span> <span class='ocrx_word' id='word_1_664' title='bbox 1170 1753 1288 1788; x_wconf 80' lang='lat' dir='ltr'>Gnostici</span> <span class='ocrx_word' id='word_1_665' title='bbox 1302 1772 1309 1780; x_wconf 93' lang='lat'>.</span> 
     </span>
     <span class='ocr_line' id='line_1_76' title="bbox 101 1789 1757 1832; baseline 0.003 -15"><span class='ocrx_word' id='word_1_666' title='bbox 101 1799 164 1817; x_wconf 78' lang='lat' dir='ltr'>cum</span> <span class='ocrx_word' id='word_1_667' title='bbox 177 1789 332 1828; x_wconf 80' lang='lat' dir='ltr'>sequuntur</span> <span class='ocrx_word' id='word_1_668' title='bbox 341 1810 348 1817; x_wconf 89' lang='lat'><strong>.</strong></span> <span class='ocrx_word' id='word_1_669' title='bbox 915 1793 1104 1822; x_wconf 52' lang='lat' dir='ltr'>Mamaeum</span> <span class='ocrx_word' id='word_1_670' title='bbox 1115 1812 1123 1820; x_wconf 90' lang='lat'><strong>.</strong></span> <span class='ocrx_word' id='word_1_671' title='bbox 1149 1793 1205 1821; x_wconf 66' lang='lat' dir='ltr'>PR.</span> <span class='ocrx_word' id='word_1_672' title='bbox 1222 1794 1372 1832; x_wconf 84' lang='lat' dir='ltr'>quotuplex</span> <span class='ocrx_word' id='word_1_673' title='bbox 1393 1792 1424 1822; x_wconf 83' lang='lat' dir='ltr'>fit</span> <span class='ocrx_word' id='word_1_674' title='bbox 1433 1812 1441 1821; x_wconf 87' lang='lat'>.</span> <span class='ocrx_word' id='word_1_675' title='bbox 1465 1793 1538 1823; x_wconf 87' lang='lat' dir='ltr'>Vide</span> <span class='ocrx_word' id='word_1_676' title='bbox 1554 1803 1612 1821; x_wconf 75' lang='lat' dir='ltr'>can.</span> <span class='ocrx_word' id='word_1_677' title='bbox 1635 1792 1757 1831; x_wconf 85' lang='lat' dir='ltr'>primum</span> 
     </span>
     <span class='ocr_line' id='line_1_77' title="bbox 57 1830 1169 1871; baseline 0.003 -14"><span class='ocrx_word' id='word_1_678' title='bbox 57 1830 248 1858; x_wconf 52' lang='lat' dir='ltr'>Mrrzciunus</span> <span class='ocrx_word' id='word_1_679' title='bbox 259 1850 266 1857; x_wconf 91' lang='lat'>.</span> <span class='ocrx_word' id='word_1_680' title='bbox 290 1831 363 1859; x_wconf 83' lang='lat' dir='ltr'>Vide</span> <span class='ocrx_word' id='word_1_681' title='bbox 374 1831 554 1860; x_wconf 75' lang='lat' dir='ltr'>Malachinus</span> <span class='ocrx_word' id='word_1_682' title='bbox 564 1851 571 1858; x_wconf 90' lang='lat'>.</span> <span class='ocrx_word' id='word_1_683' title='bbox 954 1833 1003 1866; x_wconf 82' lang='lat' dir='ltr'>est,</span> <span class='ocrx_word' id='word_1_684' title='bbox 1026 1845 1072 1862; x_wconf 66' lang='grc' dir='ltr'>ω..</span> <span class='ocrx_word' id='word_1_685' title='bbox 1084 1843 1130 1871; x_wconf 88' lang='lat' dir='ltr'>qu.</span> <span class='ocrx_word' id='word_1_686' title='bbox 1144 1844 1169 1861; x_wconf 81' lang='lat'>2.</span> 
     </span>
     <span class='ocr_line' id='line_1_78' title="bbox 58 1871 1756 1914; baseline 0.003 -15"><span class='ocrx_word' id='word_1_687' title='bbox 58 1871 200 1913; x_wconf 52' lang='lat' dir='ltr'>Memmio</span> <span class='ocrx_word' id='word_1_688' title='bbox 212 1890 221 1912; x_wconf 81' lang='lat'>·.</span> <span class='ocrx_word' id='word_1_689' title='bbox 246 1871 302 1899; x_wconf 72' lang='lat' dir='ltr'>FR.</span> <span class='ocrx_word' id='word_1_690' title='bbox 315 1881 367 1908; x_wconf 87' lang='lat' dir='ltr'>pro</span> <span class='ocrx_word' id='word_1_691' title='bbox 376 1881 521 1900; x_wconf 83' lang='lat' dir='ltr'>remunero</span> <span class='ocrx_word' id='word_1_692' title='bbox 531 1894 539 1905; x_wconf 95' lang='lat'><em>,</em></span> <span class='ocrx_word' id='word_1_693' title='bbox 549 1872 567 1899; x_wconf 84' lang='lat' dir='ltr'>l.</span> <span class='ocrx_word' id='word_1_694' title='bbox 577 1871 596 1901; x_wconf 83' lang='lat' dir='ltr'><strong>fi</strong></span> <span class='ocrx_word' id='word_1_695' title='bbox 606 1872 668 1911; x_wconf 80' lang='lat' dir='ltr'>quis</span> <span class='ocrx_word' id='word_1_696' title='bbox 680 1872 856 1912; x_wconf 83' lang='lat' dir='ltr'>Longobard.</span> <span class='ocrx_word' id='word_1_697' title='bbox 868 1873 902 1902; x_wconf 87' lang='lat' dir='ltr'>de</span> <span class='ocrx_word' id='word_1_698' title='bbox 914 1875 1084 1902; x_wconf 66' lang='grc' dir='ltr'><strong>ΜεΝιΑΝυΜ</strong></span> <span class='ocrx_word' id='word_1_699' title='bbox 1094 1895 1103 1906; x_wconf 92' lang='lat'><em>,</em></span> <span class='ocrx_word' id='word_1_700' title='bbox 1125 1873 1272 1902; x_wconf 73' lang='lat' dir='ltr'>tabulatum</span> <span class='ocrx_word' id='word_1_701' title='bbox 1284 1897 1292 1908; x_wconf 89' lang='lat'><em>‚</em></span> <span class='ocrx_word' id='word_1_702' title='bbox 1313 1874 1388 1913; x_wconf 88' lang='lat' dir='ltr'>quod</span> <span class='ocrx_word' id='word_1_703' title='bbox 1399 1885 1432 1903; x_wconf 90' lang='lat' dir='ltr'>ex</span> <span class='ocrx_word' id='word_1_704' title='bbox 1442 1885 1520 1905; x_wconf 87' lang='lat' dir='ltr'>muro</span> <span class='ocrx_word' id='word_1_705' title='bbox 1529 1874 1668 1914; x_wconf 87' lang='lat' dir='ltr'>prominet</span> <span class='ocrx_word' id='word_1_706' title='bbox 1679 1895 1687 1907; x_wconf 90' lang='lat'><em>,</em></span> <span class='ocrx_word' id='word_1_707' title='bbox 1709 1874 1756 1904; x_wconf 82' lang='lat' dir='ltr'>ubi</span> 
     </span>
     <span class='ocr_line' id='line_1_79' title="bbox 100 1908 1753 1955; baseline 0.004 -18"><span class='ocrx_word' id='word_1_708' title='bbox 100 1911 244 1938; x_wconf 81' lang='lat' dir='ltr'>neccssario</span> <span class='ocrx_word' id='word_1_709' title='bbox 255 1911 444 1949; x_wconf 87' lang='lat' dir='ltr'>relinquendis</span> <span class='ocrx_word' id='word_1_710' title='bbox 454 1933 460 1939; x_wconf 95' lang='lat'>.</span> <span class='ocrx_word' id='word_1_711' title='bbox 904 1908 910 1945; x_wconf 88' lang='grc' dir='ltr'>Ι</span> <span class='ocrx_word' id='word_1_712' title='bbox 952 1914 1108 1952; x_wconf 64' lang='lat' dir='ltr'>expatiatur</span> <span class='ocrx_word' id='word_1_713' title='bbox 1116 1933 1125 1946; x_wconf 93' lang='lat'><strong><em>,</em></strong></span> <span class='ocrx_word' id='word_1_714' title='bbox 1136 1914 1210 1952; x_wconf 85' lang='lat' dir='ltr'>quod</span> <span class='ocrx_word' id='word_1_715' title='bbox 1222 1917 1319 1944; x_wconf 69' lang='lat' dir='ltr'>Romx</span> <span class='ocrx_word' id='word_1_716' title='bbox 1330 1919 1475 1953; x_wconf 63' lang='lat' dir='ltr'>Magniana</span> <span class='ocrx_word' id='word_1_717' title='bbox 1489 1918 1573 1955; x_wconf 88' lang='lat' dir='ltr'>vulgo</span> <span class='ocrx_word' id='word_1_718' title='bbox 1583 1916 1733 1954; x_wconf 78' lang='lat' dir='ltr'>appellatur</span> <span class='ocrx_word' id='word_1_719' title='bbox 1744 1937 1753 1949; x_wconf 95' lang='lat'><em>,</em></span> 
     </span>
     <span class='ocr_line' id='line_1_80' title="bbox 957 1954 1755 1986; baseline 0.005 -4"><span class='ocrx_word' id='word_1_720' title='bbox 957 1964 970 1983; x_wconf 75' lang='lat' dir='ltr'>a</span> <span class='ocrx_word' id='word_1_721' title='bbox 981 1954 1077 1983; x_wconf 86' lang='lat' dir='ltr'>Menio</span> <span class='ocrx_word' id='word_1_722' title='bbox 1086 1954 1210 1983; x_wconf 88' lang='lat' dir='ltr'>Censore</span> <span class='ocrx_word' id='word_1_723' title='bbox 1221 1955 1257 1983; x_wconf 75' lang='lat' dir='ltr'>ita</span> <span class='ocrx_word' id='word_1_724' title='bbox 1266 1957 1486 1985; x_wconf 82' lang='lat' dir='ltr'>denominatum.</span> <span class='ocrx_word' id='word_1_725' title='bbox 1498 1959 1554 1986; x_wconf 78' lang='lat' dir='ltr'>FR.</span> <span class='ocrx_word' id='word_1_726' title='bbox 1566 1967 1595 1985; x_wconf 87' lang='lat' dir='ltr'>ut</span> <span class='ocrx_word' id='word_1_727' title='bbox 1607 1955 1698 1985; x_wconf 80' lang='lat' dir='ltr'>Festus</span> <span class='ocrx_word' id='word_1_728' title='bbox 1707 1966 1755 1986; x_wconf 76' lang='lat' dir='ltr'>au-</span> 
     </span>
    </p>
   </div>
   <div class='ocr_carea' id='block_1_31' title="bbox 93 1991 902 2397">
    <p class='ocr_par' dir='ltr' id='par_1_36' title="bbox 93 1991 902 2397">
     <span class='ocr_line' id='line_1_81' title="bbox 99 1991 901 2032; baseline 0.002 -13"><span class='ocrx_word' id='word_1_729' title='bbox 99 1991 216 2020; x_wconf 69' lang='lat' dir='ltr'>xentium</span> <span class='ocrx_word' id='word_1_730' title='bbox 229 1992 380 2020; x_wconf 58' lang='lat' dir='ltr'>incolarum</span> <span class='ocrx_word' id='word_1_731' title='bbox 393 1993 460 2021; x_wconf 86' lang='lat' dir='ltr'>ritus</span> <span class='ocrx_word' id='word_1_732' title='bbox 472 2016 478 2025; x_wconf 92' lang='lat'><em>‚</em></span> <span class='ocrx_word' id='word_1_733' title='bbox 488 1996 515 2021; x_wconf 74' lang='grc' dir='ltr'>ὅ(</span> <span class='ocrx_word' id='word_1_734' title='bbox 529 1994 658 2023; x_wconf 75' lang='lat' dir='ltr'>vocabula</span> <span class='ocrx_word' id='word_1_735' title='bbox 670 2015 676 2022; x_wconf 94' lang='lat'>.</span> <span class='ocrx_word' id='word_1_736' title='bbox 700 1995 772 2023; x_wconf 90' lang='lat' dir='ltr'>Vide</span> <span class='ocrx_word' id='word_1_737' title='bbox 786 2000 881 2032; x_wconf 75' lang='lat' dir='ltr'><em>Agapa</em></span> <span class='ocrx_word' id='word_1_738' title='bbox 894 2014 901 2021; x_wconf 86' lang='lat'><strong>.</strong></span> 
     </span>
     <span class='ocr_line' id='line_1_82' title="bbox 99 2030 900 2071; baseline 0.001 -10"><span class='ocrx_word' id='word_1_739' title='bbox 99 2030 156 2061; x_wconf 81' lang='lat' dir='ltr'>Affi</span> <span class='ocrx_word' id='word_1_740' title='bbox 162 2031 187 2060; x_wconf 81' lang='lat' dir='ltr'>sa</span> <span class='ocrx_word' id='word_1_741' title='bbox 197 2053 206 2065; x_wconf 90' lang='lat'>,</span> <span class='ocrx_word' id='word_1_742' title='bbox 219 2032 248 2060; x_wconf 86' lang='lat' dir='ltr'>in</span> <span class='ocrx_word' id='word_1_743' title='bbox 257 2032 321 2060; x_wconf 64' lang='lat' dir='ltr'>dici.</span> <span class='ocrx_word' id='word_1_744' title='bbox 333 2033 537 2071; x_wconf 69' lang='lat' dir='ltr'>Collastngialts</span> <span class='ocrx_word' id='word_1_745' title='bbox 545 2055 554 2067; x_wconf 90' lang='lat'><em>,</em></span> <span class='ocrx_word' id='word_1_746' title='bbox 564 2038 728 2064; x_wconf 73' lang='lat' dir='ltr'>Averrunm</span> <span class='ocrx_word' id='word_1_747' title='bbox 740 2057 746 2067; x_wconf 98' lang='lat'><em>,</em></span> <span class='ocrx_word' id='word_1_748' title='bbox 759 2036 881 2064; x_wconf 60' lang='lat' dir='ltr'>Baculus</span> <span class='ocrx_word' id='word_1_749' title='bbox 893 2055 900 2062; x_wconf 89' lang='lat'><strong><em>.</em></strong></span> 
     </span>
     <span class='ocr_line' id='line_1_83' title="bbox 97 2072 900 2111; baseline 0.004 -11"><span class='ocrx_word' id='word_1_750' title='bbox 97 2072 203 2101; x_wconf 69' lang='lat' dir='ltr'>Billud.</span> <span class='ocrx_word' id='word_1_751' title='bbox 216 2082 246 2101; x_wconf 80' lang='lat' dir='ltr'>in</span> <span class='ocrx_word' id='word_1_752' title='bbox 264 2073 329 2101; x_wconf 68' lang='lat' dir='ltr'>dist.</span> <span class='ocrx_word' id='word_1_753' title='bbox 342 2073 473 2107; x_wconf 72' lang='lat' dir='ltr'>Bellum,</span> <span class='ocrx_word' id='word_1_754' title='bbox 494 2076 655 2111; x_wconf 71' lang='lat' dir='ltr'>Bapttsmus</span> <span class='ocrx_word' id='word_1_755' title='bbox 667 2097 674 2108; x_wconf 88' lang='lat'><em>,</em></span> <span class='ocrx_word' id='word_1_756' title='bbox 694 2076 723 2104; x_wconf 87' lang='lat' dir='ltr'>in</span> <span class='ocrx_word' id='word_1_757' title='bbox 734 2077 760 2107; x_wconf 69' lang='grc' dir='ltr'>ξ.</span> <span class='ocrx_word' id='word_1_758' title='bbox 772 2076 900 2105; x_wconf 79' lang='lat' dir='ltr'>Solebam</span> 
     </span>
     <span class='ocr_line' id='line_1_84' title="bbox 98 2113 899 2154; baseline 0.004 -12"><span class='ocrx_word' id='word_1_759' title='bbox 98 2113 251 2145; x_wconf 54' lang='lat' dir='ltr'>Gentiles„</span> <span class='ocrx_word' id='word_1_760' title='bbox 267 2114 397 2142; x_wconf 73' lang='lat' dir='ltr'>Blembus</span> <span class='ocrx_word' id='word_1_761' title='bbox 406 2135 415 2147; x_wconf 92' lang='lat'><em>‚</em></span> <span class='ocrx_word' id='word_1_762' title='bbox 427 2119 510 2150; x_wconf 66' lang='grc' dir='ltr'>Πομ.</span> <span class='ocrx_word' id='word_1_763' title='bbox 523 2116 682 2150; x_wconf 79' lang='lat' dir='ltr'>Cobrytes,</span> <span class='ocrx_word' id='word_1_764' title='bbox 694 2117 723 2144; x_wconf 88' lang='lat' dir='ltr'>in</span> <span class='ocrx_word' id='word_1_765' title='bbox 733 2117 798 2145; x_wconf 69' lang='lat' dir='ltr'>dict.</span> <span class='ocrx_word' id='word_1_766' title='bbox 811 2117 880 2154; x_wconf 70' lang='lat' dir='ltr'>Esbx</span> <span class='ocrx_word' id='word_1_767' title='bbox 891 2137 899 2148; x_wconf 82' lang='lat'><em>,</em></span> 
     </span>
     <span class='ocr_line' id='line_1_85' title="bbox 100 2157 900 2194; baseline 0.005 -13"><span class='ocrx_word' id='word_1_768' title='bbox 100 2157 199 2182; x_wconf 77' lang='lat' dir='ltr'>Curmi</span> <span class='ocrx_word' id='word_1_769' title='bbox 212 2176 218 2186; x_wconf 84' lang='grc'><em>,</em></span> <span class='ocrx_word' id='word_1_770' title='bbox 232 2157 394 2194; x_wconf 73' lang='lat' dir='ltr'>Cymatium</span> <span class='ocrx_word' id='word_1_771' title='bbox 405 2176 414 2187; x_wconf 91' lang='lat'><em>‚</em></span> <span class='ocrx_word' id='word_1_772' title='bbox 426 2160 528 2193; x_wconf 78' lang='lat' dir='ltr'><em>Dagua</em></span> <span class='ocrx_word' id='word_1_773' title='bbox 536 2177 544 2188; x_wconf 95' lang='lat'><em>‚</em></span> <span class='ocrx_word' id='word_1_774' title='bbox 556 2157 717 2193; x_wconf 70' lang='lat' dir='ltr'>Diacom‘ffa</span> <span class='ocrx_word' id='word_1_775' title='bbox 727 2179 734 2189; x_wconf 91' lang='lat'><em>‚</em></span> <span class='ocrx_word' id='word_1_776' title='bbox 746 2157 900 2194; x_wconf 70' lang='lat' dir='ltr'>Diasphen—</span> 
     </span>
     <span class='ocr_line' id='line_1_86' title="bbox 96 2195 901 2236; baseline 0.005 -15"><span class='ocrx_word' id='word_1_777' title='bbox 96 2195 167 2226; x_wconf 76' lang='lat' dir='ltr'>don,</span> <span class='ocrx_word' id='word_1_778' title='bbox 178 2196 315 2234; x_wconf 51' lang='lat' dir='ltr'>Didymus</span> <span class='ocrx_word' id='word_1_779' title='bbox 328 2216 336 2226; x_wconf 90' lang='lat'><em>,</em></span> <span class='ocrx_word' id='word_1_780' title='bbox 356 2195 535 2232; x_wconf 79' lang='lat' dir='ltr'>Dithalaffus</span> <span class='ocrx_word' id='word_1_781' title='bbox 547 2217 554 2229; x_wconf 91' lang='lat'><em>,</em></span> <span class='ocrx_word' id='word_1_782' title='bbox 575 2202 656 2226; x_wconf 77' lang='lat' dir='ltr'>Erza</span> <span class='ocrx_word' id='word_1_783' title='bbox 665 2219 672 2230; x_wconf 86' lang='lat'>‚</span> <span class='ocrx_word' id='word_1_784' title='bbox 682 2200 810 2236; x_wconf 75' lang='lat' dir='ltr'>Exequiae</span> <span class='ocrx_word' id='word_1_785' title='bbox 822 2219 830 2229; x_wconf 70' lang='lat'><em>1</em></span> <span class='ocrx_word' id='word_1_786' title='bbox 853 2203 901 2228; x_wconf 79' lang='lat' dir='ltr'>Fe-</span> 
     </span>
     <span class='ocr_line' id='line_1_87' title="bbox 93 2235 900 2274; baseline 0.007 -13"><span class='ocrx_word' id='word_1_787' title='bbox 93 2244 161 2270; x_wconf 81' lang='lat' dir='ltr'>gum</span> <span class='ocrx_word' id='word_1_788' title='bbox 171 2255 181 2267; x_wconf 92' lang='lat'><em>,</em></span> <span class='ocrx_word' id='word_1_789' title='bbox 191 2236 343 2265; x_wconf 76' lang='lat' dir='ltr'>Geniculus</span> <span class='ocrx_word' id='word_1_790' title='bbox 353 2256 363 2268; x_wconf 90' lang='lat'>‚</span> <span class='ocrx_word' id='word_1_791' title='bbox 371 2235 526 2265; x_wconf 71' lang='lat' dir='ltr'>Glaucoma</span> <span class='ocrx_word' id='word_1_792' title='bbox 536 2257 544 2269; x_wconf 97' lang='lat'><em>,</em></span> <span class='ocrx_word' id='word_1_793' title='bbox 564 2238 748 2274; x_wconf 71' lang='lat' dir='ltr'>Harmtscara</span> <span class='ocrx_word' id='word_1_794' title='bbox 756 2259 765 2271; x_wconf 87' lang='lat'><em>,</em></span> <span class='ocrx_word' id='word_1_795' title='bbox 788 2239 883 2274; x_wconf 77' lang='lat' dir='ltr'>Hostia</span> <span class='ocrx_word' id='word_1_796' title='bbox 891 2259 900 2270; x_wconf 88' lang='lat'><em>‚</em></span> 
     </span>
     <span class='ocr_line' id='line_1_88' title="bbox 94 2275 900 2316; baseline 0.007 -15"><span class='ocrx_word' id='word_1_797' title='bbox 94 2279 128 2302; x_wconf 83' lang='lat' dir='ltr'>In</span> <span class='ocrx_word' id='word_1_798' title='bbox 140 2275 249 2312; x_wconf 78' lang='lat' dir='ltr'>Capillo</span> <span class='ocrx_word' id='word_1_799' title='bbox 260 2297 268 2308; x_wconf 88' lang='lat'><em>,</em></span> <span class='ocrx_word' id='word_1_800' title='bbox 287 2276 384 2311; x_wconf 76' lang='lat' dir='ltr'>judex</span> <span class='ocrx_word' id='word_1_801' title='bbox 390 2276 535 2313; x_wconf 73' lang='lat' dir='ltr'>pedaneus</span> <span class='ocrx_word' id='word_1_802' title='bbox 545 2298 554 2310; x_wconf 94' lang='lat'><em>‚</em></span> <span class='ocrx_word' id='word_1_803' title='bbox 576 2278 767 2316; x_wconf 77' lang='lat' dir='ltr'>Kyrieeleison</span> <span class='ocrx_word' id='word_1_804' title='bbox 777 2298 784 2306; x_wconf 85' lang='lat'><strong><em>.</em></strong></span> <span class='ocrx_word' id='word_1_805' title='bbox 807 2279 900 2307; x_wconf 81' lang='lat' dir='ltr'>Lembi</span> 
     </span>
     <span class='ocr_line' id='line_1_89' title="bbox 98 2314 902 2350; baseline 0.009 -9"><span class='ocrx_word' id='word_1_806' title='bbox 98 2315 127 2342; x_wconf 91' lang='lat' dir='ltr'>in</span> <span class='ocrx_word' id='word_1_807' title='bbox 137 2314 201 2343; x_wconf 65' lang='lat' dir='ltr'>diet.</span> <span class='ocrx_word' id='word_1_808' title='bbox 212 2316 353 2345; x_wconf 64' lang='lat' dir='ltr'>Coltmbus</span> <span class='ocrx_word' id='word_1_809' title='bbox 364 2337 374 2349; x_wconf 91' lang='lat'><em>‚</em></span> <span class='ocrx_word' id='word_1_810' title='bbox 384 2319 501 2345; x_wconf 70' lang='lat' dir='ltr'>litania</span> <span class='ocrx_word' id='word_1_811' title='bbox 509 2338 517 2350; x_wconf 92' lang='lat'><em>‚</em></span> <span class='ocrx_word' id='word_1_812' title='bbox 527 2319 690 2347; x_wconf 63' lang='lat' dir='ltr'>Matidium</span> <span class='ocrx_word' id='word_1_813' title='bbox 703 2339 710 2346; x_wconf 88' lang='lat'><em>.</em></span> <span class='ocrx_word' id='word_1_814' title='bbox 722 2321 863 2348; x_wconf 83' lang='lat' dir='ltr'>Mavortes</span> <span class='ocrx_word' id='word_1_815' title='bbox 872 2320 902 2348; x_wconf 89' lang='lat' dir='ltr'>in</span> 
     </span>
     <span class='ocr_line' id='line_1_90' title="bbox 97 2355 902 2397; baseline 0.005 -13"><span class='ocrx_word' id='word_1_816' title='bbox 97 2355 161 2384; x_wconf 71' lang='lat' dir='ltr'>diet.</span> <span class='ocrx_word' id='word_1_817' title='bbox 174 2357 362 2397; x_wconf 63' lang='lat' dir='ltr'>Maphorq&#39;um.</span> <span class='ocrx_word' id='word_1_818' title='bbox 373 2357 496 2390; x_wconf 65' lang='lat' dir='ltr'>Medicu-</span> <span class='ocrx_word' id='word_1_819' title='bbox 506 2358 538 2389; x_wconf 77' lang='lat' dir='ltr'>in</span> <span class='ocrx_word' id='word_1_820' title='bbox 546 2358 614 2390; x_wconf 66' lang='lat' dir='ltr'>difi-</span> <span class='ocrx_word' id='word_1_821' title='bbox 623 2360 902 2394; x_wconf 58' lang='lat' dir='ltr'>Debnmnmerem-</span> 
     </span>
    </p>
   </div>
   <div class='ocr_carea' id='block_1_32' title="bbox 953 1994 1755 2402">
    <p class='ocr_par' dir='ltr' id='par_1_37' title="bbox 953 1994 1755 2402">
     <span class='ocr_line' id='line_1_91' title="bbox 956 1994 1754 2036; baseline 0.004 -13"><span class='ocrx_word' id='word_1_822' title='bbox 956 1995 1015 2023; x_wconf 68' lang='lat' dir='ltr'>&amp;or</span> <span class='ocrx_word' id='word_1_823' title='bbox 1026 1996 1064 2023; x_wconf 84' lang='lat' dir='ltr'>est</span> <span class='ocrx_word' id='word_1_824' title='bbox 1077 2017 1085 2028; x_wconf 93' lang='lat'><strong><em>,</em></strong></span> <span class='ocrx_word' id='word_1_825' title='bbox 1097 1999 1125 2024; x_wconf 73' lang='grc' dir='ltr'>ὃ(</span> <span class='ocrx_word' id='word_1_826' title='bbox 1134 1994 1270 2024; x_wconf 79' lang='lat' dir='ltr'>Asconius</span> <span class='ocrx_word' id='word_1_827' title='bbox 1282 1997 1374 2035; x_wconf 86' lang='lat' dir='ltr'>inquit</span> <span class='ocrx_word' id='word_1_828' title='bbox 1384 2018 1392 2029; x_wconf 89' lang='lat'><em>,</em></span> <span class='ocrx_word' id='word_1_829' title='bbox 1403 1998 1491 2035; x_wconf 86' lang='lat' dir='ltr'>quod:</span> <span class='ocrx_word' id='word_1_830' title='bbox 1508 1997 1640 2032; x_wconf 72' lang='lat' dir='ltr'>[Meuius</span> <span class='ocrx_word' id='word_1_831' title='bbox 1651 2019 1658 2029; x_wconf 94' lang='lat'><em>‚</em></span> <span class='ocrx_word' id='word_1_832' title='bbox 1668 2007 1754 2036; x_wconf 84' lang='lat' dir='ltr'>quum</span> 
     </span>
     <span class='ocr_line' id='line_1_92' title="bbox 956 2035 1755 2071; baseline 0.005 -8"><span class='ocrx_word' id='word_1_833' title='bbox 956 2036 1068 2064; x_wconf 85' lang='lat' dir='ltr'>domum</span> <span class='ocrx_word' id='word_1_834' title='bbox 1078 2035 1152 2064; x_wconf 81' lang='lat' dir='ltr'>suam</span> <span class='ocrx_word' id='word_1_835' title='bbox 1165 2037 1298 2065; x_wconf 70' lang='lat' dir='ltr'>venderet</span> <span class='ocrx_word' id='word_1_836' title='bbox 1309 2039 1413 2066; x_wconf 74' lang='lat' dir='ltr'>Catoni</span> <span class='ocrx_word' id='word_1_837' title='bbox 1426 2060 1432 2071; x_wconf 93' lang='lat'><em>,</em></span> <span class='ocrx_word' id='word_1_838' title='bbox 1443 2042 1470 2067; x_wconf 74' lang='grc' dir='ltr'>ὅ(</span> <span class='ocrx_word' id='word_1_839' title='bbox 1486 2039 1580 2067; x_wconf 73' lang='lat' dir='ltr'>Flacco</span> <span class='ocrx_word' id='word_1_840' title='bbox 1590 2036 1665 2068; x_wconf 70' lang='lat' dir='ltr'>cossi</span> <span class='ocrx_word' id='word_1_841' title='bbox 1675 2048 1706 2067; x_wconf 91' lang='lat' dir='ltr'>ut</span> <span class='ocrx_word' id='word_1_842' title='bbox 1717 2039 1755 2067; x_wconf 85' lang='lat' dir='ltr'>ibi</span> 
     </span>
     <span class='ocr_line' id='line_1_93' title="bbox 955 2076 1753 2117; baseline 0.005 -13"><span class='ocrx_word' id='word_1_843' title='bbox 955 2077 1066 2105; x_wconf 81' lang='lat' dir='ltr'>Bafilica</span> <span class='ocrx_word' id='word_1_844' title='bbox 1076 2076 1257 2105; x_wconf 59' lang='lat' dir='ltr'>aedificaretur</span> <span class='ocrx_word' id='word_1_845' title='bbox 1265 2099 1274 2110; x_wconf 93' lang='lat'><em>,</em></span> <span class='ocrx_word' id='word_1_846' title='bbox 1296 2088 1441 2117; x_wconf 74' lang='lat' dir='ltr'>exceperat</span> <span class='ocrx_word' id='word_1_847' title='bbox 1449 2082 1489 2115; x_wconf 87' lang='lat' dir='ltr'>jus</span> <span class='ocrx_word' id='word_1_848' title='bbox 1497 2079 1545 2108; x_wconf 81' lang='lat' dir='ltr'>fibi</span> <span class='ocrx_word' id='word_1_849' title='bbox 1556 2080 1636 2108; x_wconf 84' lang='lat' dir='ltr'>unius</span> <span class='ocrx_word' id='word_1_850' title='bbox 1647 2079 1753 2108; x_wconf 82' lang='lat' dir='ltr'>colum-</span> 
     </span>
     <span class='ocr_line' id='line_1_94' title="bbox 955 2116 1751 2159; baseline 0.006 -15"><span class='ocrx_word' id='word_1_851' title='bbox 955 2126 996 2145; x_wconf 79' lang='lat' dir='ltr'>nae</span> <span class='ocrx_word' id='word_1_852' title='bbox 1007 2139 1014 2150; x_wconf 89' lang='lat'><em>‚</em></span> <span class='ocrx_word' id='word_1_853' title='bbox 1026 2116 1106 2155; x_wconf 86' lang='lat' dir='ltr'>super</span> <span class='ocrx_word' id='word_1_854' title='bbox 1120 2127 1200 2156; x_wconf 83' lang='lat' dir='ltr'>quam</span> <span class='ocrx_word' id='word_1_855' title='bbox 1212 2119 1313 2146; x_wconf 66' lang='lat' dir='ltr'>testum</span> <span class='ocrx_word' id='word_1_856' title='bbox 1325 2119 1472 2156; x_wconf 83' lang='lat' dir='ltr'>projiceret</span> <span class='ocrx_word' id='word_1_857' title='bbox 1482 2131 1515 2149; x_wconf 77' lang='lat' dir='ltr'>ex</span> <span class='ocrx_word' id='word_1_858' title='bbox 1534 2120 1751 2159; x_wconf 67' lang='lat' dir='ltr'>praevolantibus</span> 
     </span>
     <span class='ocr_line' id='line_1_95' title="bbox 954 2158 1751 2200; baseline 0.006 -14"><span class='ocrx_word' id='word_1_859' title='bbox 954 2158 1078 2186; x_wconf 60' lang='lat' dir='ltr'>tabiuatis</span> <span class='ocrx_word' id='word_1_860' title='bbox 1089 2179 1096 2190; x_wconf 90' lang='lat'><em>‚</em></span> <span class='ocrx_word' id='word_1_861' title='bbox 1108 2158 1180 2186; x_wconf 88' lang='lat' dir='ltr'>unde</span> <span class='ocrx_word' id='word_1_862' title='bbox 1190 2162 1218 2187; x_wconf 75' lang='grc' dir='ltr'>ὅ(</span> <span class='ocrx_word' id='word_1_863' title='bbox 1227 2159 1234 2186; x_wconf 96' lang='lat' dir='ltr'>i</span> <span class='ocrx_word' id='word_1_864' title='bbox 1239 2158 1296 2196; x_wconf 84' lang='lat' dir='ltr'>pse,</span> <span class='ocrx_word' id='word_1_865' title='bbox 1306 2162 1333 2188; x_wconf 74' lang='grc' dir='ltr'>δι</span> <span class='ocrx_word' id='word_1_866' title='bbox 1343 2162 1399 2196; x_wconf 82' lang='lat' dir='ltr'>ejus</span> <span class='ocrx_word' id='word_1_867' title='bbox 1410 2160 1511 2198; x_wconf 83' lang='lat' dir='ltr'>posteri</span> <span class='ocrx_word' id='word_1_868' title='bbox 1521 2160 1641 2200; x_wconf 62' lang='lat' dir='ltr'>spectare</span> <span class='ocrx_word' id='word_1_869' title='bbox 1652 2171 1751 2191; x_wconf 78' lang='lat' dir='ltr'>munus</span> 
     </span>
     <span class='ocr_line' id='line_1_96' title="bbox 953 2197 1753 2237; baseline 0.006 -11"><span class='ocrx_word' id='word_1_870' title='bbox 953 2199 1138 2237; x_wconf 78' lang='lat' dir='ltr'>gladiatorum</span> <span class='ocrx_word' id='word_1_871' title='bbox 1156 2197 1261 2236; x_wconf 67' lang='lat' dir='ltr'>poss‘ent</span> <span class='ocrx_word' id='word_1_872' title='bbox 1271 2221 1280 2232; x_wconf 94' lang='lat'><em>‚</em></span> <span class='ocrx_word' id='word_1_873' title='bbox 1301 2210 1335 2228; x_wconf 81' lang='lat' dir='ltr'>ex</span> <span class='ocrx_word' id='word_1_874' title='bbox 1345 2201 1396 2229; x_wconf 89' lang='lat' dir='ltr'>illo</span> <span class='ocrx_word' id='word_1_875' title='bbox 1405 2201 1498 2230; x_wconf 81' lang='lat' dir='ltr'>Menia</span> <span class='ocrx_word' id='word_1_876' title='bbox 1516 2203 1644 2231; x_wconf 78' lang='lat' dir='ltr'>columna</span> <span class='ocrx_word' id='word_1_877' title='bbox 1655 2211 1753 2231; x_wconf 72' lang='lat' dir='ltr'>vocata</span> 
     </span>
     <span class='ocr_line' id='line_1_97' title="bbox 954 2239 1748 2272; baseline 0.003 -4"><span class='ocrx_word' id='word_1_878' title='bbox 954 2239 992 2268; x_wconf 82' lang='lat' dir='ltr'>est</span> <span class='ocrx_word' id='word_1_879' title='bbox 1001 2259 1008 2266; x_wconf 90' lang='lat'><strong>.</strong></span> <span class='ocrx_word' id='word_1_880' title='bbox 1030 2241 1043 2270; x_wconf 91' lang='grc'>]</span> <span class='ocrx_word' id='word_1_881' title='bbox 1067 2240 1144 2268; x_wconf 82' lang='lat' dir='ltr'>Hinc</span> <span class='ocrx_word' id='word_1_882' title='bbox 1171 2239 1331 2269; x_wconf 79' lang='lat' dir='ltr'>menianurn</span> <span class='ocrx_word' id='word_1_883' title='bbox 1349 2240 1452 2270; x_wconf 58' lang='lat' dir='ltr'>dietum</span> <span class='ocrx_word' id='word_1_884' title='bbox 1473 2242 1562 2272; x_wconf 78' lang='lat' dir='ltr'>simile</span> <span class='ocrx_word' id='word_1_885' title='bbox 1585 2241 1748 2271; x_wconf 70' lang='lat' dir='ltr'>aedificium:</span> 
     </span>
     <span class='ocr_line' id='line_1_98' title="bbox 957 2279 1751 2321; baseline 0.006 -14"><span class='ocrx_word' id='word_1_886' title='bbox 957 2286 967 2315; x_wconf 89' lang='lat'>[</span> <span class='ocrx_word' id='word_1_887' title='bbox 980 2279 1061 2308; x_wconf 74' lang='lat' dir='ltr'>Pauci</span> <span class='ocrx_word' id='word_1_888' title='bbox 1071 2291 1103 2308; x_wconf 81' lang='lat' dir='ltr'>ex</span> <span class='ocrx_word' id='word_1_889' title='bbox 1114 2281 1248 2318; x_wconf 83' lang='lat' dir='ltr'>proximis</span> <span class='ocrx_word' id='word_1_890' title='bbox 1256 2282 1392 2312; x_wconf 75' lang='lat' dir='ltr'>menimis</span> <span class='ocrx_word' id='word_1_891' title='bbox 1399 2281 1552 2321; x_wconf 61' lang='lat' dir='ltr'>speshbant</span> <span class='ocrx_word' id='word_1_892' title='bbox 1565 2304 1572 2311; x_wconf 91' lang='lat'><strong>.</strong></span> <span class='ocrx_word' id='word_1_893' title='bbox 1595 2284 1706 2312; x_wconf 82' lang='lat' dir='ltr'>Sveron.</span> <span class='ocrx_word' id='word_1_894' title='bbox 1719 2283 1751 2312; x_wconf 88' lang='lat' dir='ltr'>in</span> 
     </span>
     <span class='ocr_line' id='line_1_99' title="bbox 953 2320 1752 2362; baseline 0.003 -12"><span class='ocrx_word' id='word_1_895' title='bbox 953 2320 1104 2359; x_wconf 73' lang='lat' dir='ltr'>Caligula]</span> <span class='ocrx_word' id='word_1_896' title='bbox 1125 2322 1165 2354; x_wconf 82' lang='grc' dir='ltr'>.·Η.·</span> <span class='ocrx_word' id='word_1_897' title='bbox 1177 2322 1249 2350; x_wconf 83' lang='lat' dir='ltr'>Male</span> <span class='ocrx_word' id='word_1_898' title='bbox 1259 2322 1344 2361; x_wconf 86' lang='lat' dir='ltr'>igitur</span> <span class='ocrx_word' id='word_1_899' title='bbox 1351 2323 1436 2362; x_wconf 82' lang='lat' dir='ltr'>aliqui</span> <span class='ocrx_word' id='word_1_900' title='bbox 1453 2327 1632 2353; x_wconf 73' lang='lat' dir='ltr'>Moens&#39;anum</span> <span class='ocrx_word' id='word_1_901' title='bbox 1639 2321 1752 2361; x_wconf 84' lang='lat' dir='ltr'>scripse-</span> 
     </span>
     <span class='ocr_line' id='line_1_100' title="bbox 954 2361 1750 2402; baseline 0.003 -12"><span class='ocrx_word' id='word_1_902' title='bbox 954 2372 984 2401; x_wconf 76' lang='lat' dir='ltr'>re</span> <span class='ocrx_word' id='word_1_903' title='bbox 993 2381 1000 2387; x_wconf 90' lang='lat'><strong>.</strong></span> <span class='ocrx_word' id='word_1_904' title='bbox 1022 2362 1066 2390; x_wconf 88' lang='lat' dir='ltr'>De</span> <span class='ocrx_word' id='word_1_905' title='bbox 1075 2364 1220 2391; x_wconf 77' lang='lat' dir='ltr'>Meniams</span> <span class='ocrx_word' id='word_1_906' title='bbox 1231 2361 1327 2402; x_wconf 72' lang='lat' dir='ltr'>paffim</span> <span class='ocrx_word' id='word_1_907' title='bbox 1345 2364 1376 2393; x_wconf 89' lang='lat' dir='ltr'>in</span> <span class='ocrx_word' id='word_1_908' title='bbox 1384 2365 1520 2394; x_wconf 79' lang='lat' dir='ltr'>Romanis</span> <span class='ocrx_word' id='word_1_909' title='bbox 1530 2364 1634 2395; x_wconf 78' lang='lat' dir='ltr'>Diariis</span> <span class='ocrx_word' id='word_1_910' title='bbox 1653 2367 1691 2394; x_wconf 67' lang='lat' dir='ltr'>M-</span> <span class='ocrx_word' id='word_1_911' title='bbox 1705 2364 1750 2394; x_wconf 85' lang='lat' dir='ltr'>SS.</span> 
     </span>
    </p>
   </div>
   <div class='ocr_carea' id='block_1_33' title="bbox 1656 2407 1715 2443">
    <p class='ocr_par' dir='ltr' id='par_1_38' title="bbox 1656 2407 1715 2443">
     <span class='ocr_line' id='line_1_101' title="bbox 1656 2407 1715 2443; baseline 0 -15"><span class='ocrx_word' id='word_1_912' title='bbox 1656 2407 1715 2443; x_wconf 50' lang='lat' dir='ltr'>Aa.</span> 
     </span>
    </p>
   </div>
  </div>
 </body>
</html>
