1866 2526
111 73 414 115 mioninppellatn'r,
433 71 479 103 ubi
489 72 582 113 inquit
601 79 614 110 t
625 74 698 104 Nam
711 73 729 103 fi
739 70 908 102 ministratio
967 70 1038 101 rium
1049 70 1183 112 fignificat
1196 83 1203 102 ι
1223 72 1366 110 quomodo
1377 81 1406 100 ea
1417 69 1504 101 utitur
1514 73 1618 102 Paulus
1635 30 1772 112 ssotsolus

111 115 297 148 &matianis
311 113 402 154 glovia
409 113 449 144 est
462 125 472 146 ς
493 114 679 154 multomagis
697 113 815 144 abundat
826 113 910 142 mini·
967 112 1003 142 ad
1013 111 1087 142 Phil.
1098 113 1140 142 11.
1149 123 1196 151 30.
1216 115 1244 142 ὃ(
1257 124 1283 142 2.
1293 112 1327 142 ad
1336 113 1405 142 Cor.
1425 113 1475 142 lx.
1498 123 1508 141 1
1516 124 1542 142 2.
1552 123 1603 151 pro
1614 114 1771 144 ministerio

109 157 222 188 sterium
229 155 343 193 justitia
354 155 383 183 iu
393 155 484 194 gloria
493 176 502 188 ‚
523 167 549 184 z.
557 155 694 185 Corinth.
704 165 760 194 cap.
771 166 798 193 3.
811 157 823 187 1
844 155 910 184 Sen-
966 153 1101 183 Caritatis
1112 165 1120 182 :
1143 157 1170 182 ὅ(
1188 153 1341 192 Scriptores
1361 152 1537 182 Ecclcfiastici
1556 153 1627 181 idem
1648 155 1749 184 faciunt
1759 177 1770 189 ‚

109 198 153 228 fiis
160 197 199 228 est
207 196 412 235 comparativus
421 217 429 229 ‚
448 205 549 234 nempe
559 218 566 228 ,
586 196 605 225 fi
617 196 774 236 negotiatio
794 196 908 225 damna-
967 192 1064 232 saepius
1084 203 1142 223 eam
1151 194 1318 233 applicantes
1335 194 1369 223 ad
1387 193 1498 222 Civiles
1517 194 1620 231 pai-iter
1637 198 1663 224 ὅ(
1684 194 1724 224 sac
1730 206 1771 224 ras

110 237 197 268 rionis
207 237 308 266 anirnae
320 257 327 269 ‚
339 236 430 276 gloria
438 237 476 265 est
487 237 558 275 apud
566 235 694 267 homines
705 249 713 269 ς
726 237 816 266 multo
825 236 909 274 magis
967 233 1122 264 funQiones
1133 255 1140 263 .
1162 234 1293 274 Antiquae
1306 245 1373 263 vero
1383 233 1515 272 Liturgiae
1535 233 1710 273 prospeftum
1721 235 1770 264 ha-

109 276 231 319 gloriosa
237 277 363 314 justitiae,
375 280 402 306 ὀ(
412 277 550 306 virtutum
562 279 716 316 negotiatio
725 277 796 315 apud
806 277 906 306 Deum:
966 275 1028 304 bere
1046 275 1168 314 cupienti
1192 275 1325 304 adeundae
1343 275 1409 305 sunt
1431 274 1565 303 Homilix
1575 296 1584 308 ,
1602 278 1630 304 δ(
1640 276 1770 306 Genuina

110 329 192 358 quam
201 316 427 356 consequentiam
437 329 470 346 ex
484 317 628 356 praemiffis
637 319 722 348 insert
731 317 810 357 supra
821 318 853 346 ab
863 328 909 346 eo·
967 315 1068 354 scripta
1078 317 1256 354 chrysostomi
1265 337 1274 344 .

107 360 172 389 dem
182 359 316 395 addustis,
325 358 430 386 scilicet
442 365 454 395 [
466 359 635 387 Siizl‘icientia
644 359 734 388 nostra
744 369 778 388 ex
788 359 852 387 Deo
860 358 908 390 est,
927 358 1043 386 eruuo
1054 379 1061 391 ,
1082 356 1149 385 casio
1159 378 1167 390 ,
1178 356 1302 386 cancello
1314 360 1414 392 [Tunc
1423 357 1522 385 certius
1533 366 1561 385 te
1574 355 1693 395 probasse
1703 357 1769 386 reli-

108 401 155 439 qui
167 399 281 428 idoncos
295 410 343 428 nos
354 398 417 428 feeit
427 400 568 428 ministros
579 400 646 428 novi
655 399 812 429 testamenti
822 420 830 432 ,
851 409 907 426 non
965 407 1018 435 qua
1027 397 1148 436 gaudebo
1160 419 1168 430 ,
1189 397 1207 426 si
1230 397 1350 427 liturasse
1365 397 1457 437 aliqua
1475 407 1654 437 cognovero.
1671 397 1768 428 Sidon.

107 442 203 470 littera
215 462 222 474 ,
244 439 291 469 sed
303 439 400 479 spiritu
411 451 417 467 2
428 442 519 468 littera
529 440 734 473 eumoccidit,
744 439 855 478 spiritus
865 449 909 467 au-
966 438 1012 466 lib.
1022 449 1051 474 9.
1062 438 1142 476 epist.
1153 450 1178 467 z.
1191 439 1203 469 J

107 491 166 511 tem
175 481 300 510 vivificat
311 482 342 512 .]
367 481 476 510 Hebraei
490 482 565 509 enim
575 485 602 509 δ(
612 481 704 510 Greci
724 491 773 518 per
783 480 907 508 litteram
925 479 1017 506 Litus
1029 499 1037 506 .
1061 479 1134 508 Vide
1143 480 1229 507 Lidus
1239 499 1246 507 .
1257 480 1359 517 Flagia
1367 499 1376 507 .

105 521 152 552 seu
172 522 352 551 litteraturam
371 532 532 560 computum
551 521 716 560 intelligunt
738 519 887 558 aliquando
899 532 906 550 ς
926 520 1072 548 Livuius
1081 539 1089 547 .
1113 519 1187 548 Vide
1197 520 1317 549 Libellus
1327 540 1334 548 .

105 573 168 592 nam
179 563 250 601 apud
259 572 305 591 cos
317 563 416 592 littera:
427 562 563 600 alphabeti
574 572 625 600 pro
645 561 830 589 arithmeticis
841 560 908 599 figu—
924 561 1038 587 Livouo
1051 581 1059 592 ,
1070 558 1283 598 percussionibus
1294 561 1412 589 lividum
1423 560 1511 590 reddo
1533 561 1602 597 [Me
1613 561 1686 590 malo
1693 560 1772 590 ordi-¹

965 610 1000 627 ne
1009 599 1139 629 adsaiivit
1151 622 1158 633 ,
1169 601 1235 635 vel(
1246 606 1298 630 Pro
1310 623 1318 634 ‚
1331 601 1366 635 ό·
1375 605 1386 634 )
1395 601 1530 630 liveravit
1543 623 1552 635 ,
1570 601 1697 631 Marculf.
1709 601 1766 630 sor-

107 645 183 673 niam
192 655 250 672 non
260 644 383 682 cognovi
394 645 578 673 litteraturam
586 643 707 670 introibo
720 642 749 670 in
764 642 906 683 potentias
966 641 1032 668 mul.
1042 651 1065 668 c.
1075 651 1089 679 3
1101 652 1122 668 1.
1147 642 1229 674 Quasi
1240 652 1288 671 nos
1299 642 1373 670 nulla
1382 652 1514 671 manente
1524 641 1598 671 causa
1611 643 1641 671 in
1653 643 1711 672 vita
1719 643 1767 671 ad-

104 685 249 716 Domini]
273 682 489 719 chrysostomus
500 683 569 722 legit
580 704 588 715 ,
614 689 625 718 [
639 683 779 720 Quoniam
792 693 848 710 non
858 693 891 710 co
962 678 1085 710 sahss'etis
1096 703 1104 714 ‚
1127 686 1154 710 ὅ(
1165 682 1290 721 graviter:
1299 683 1462 712 livorassetis
1471 703 1478 710 .
1490 683 1571 712 Idem
1581 684 1627 712 lib.
1642 695 1666 712 1.
1675 686 1766 715 c.28.]

104 725 193 764 gnovi
220 725 425 763 negotiationes
435 744 442 752 .
466 724 539 753 Vide
561 733 618 752 tan.
636 723 751 761 ejiciens
768 723 906 752 Dominus
924 722 1038 750 Lomun
1049 743 1057 755 ‚
1080 722 1204 751 Porticus
1216 745 1224 756 ,
1242 734 1276 752 cx
1287 724 1398 753 Lauben
1409 724 1568 762 germanico
1581 725 1673 753 vocab.
1693 729 1706 759 t
1717 725 1778 753 So-v

962 762 1002 789 lus
1013 762 1042 790 in
1061 763 1179 801 quodam
1198 764 1274 793 lobio
1293 774 1354 792 cum
1372 763 1509 802 Episcopo
1530 764 1650 802 Spirensi
1668 767 1696 793 δε
1707 765 1768 793 aliis

962 803 1064 832 duobus
1073 825 1082 837 ,
1093 801 1197 832 scilicet
1208 826 1216 838 ,
1228 804 1391 834 Camerario
1402 826 1410 837 ,
1419 809 1448 834 ὅ(
1456 804 1592 843 Dapifero
1603 804 1650 833 suo
1659 815 1766 834 reman-

964 842 1034 872 fiss'et
1044 864 1051 872 .
1073 844 1241 874 Godefridus
1260 847 1285 874 S.
1296 845 1471 875 Pantaleonis
1493 845 1645 875 Monachus
1657 846 1690 875 :td
1701 857 1764 874 ann.

105 605 142 632 ris
153 602 313 642 usurpantur
325 625 332 636 ,
343 603 377 631 sic
389 604 507 633 eundem
518 601 664 632 Psalmistae
676 601 790 634 versum,
807 607 818 636 [
830 601 906 636 Quo-

105 766 257 794 vendentes
269 787 276 797 ,
287 765 349 793 dist.
362 769 406 801 89.

61 805 198 835 hri-mu
206 816 257 834 rus
267 825 275 832 .
296 807 353 835 FR.
363 805 466 834 dicitur
476 805 602 835 Clericus
615 827 622 838 ,
634 804 678 834 seu
691 804 886 834 Ecclesiasticus
897 815 904 834 5

102 851 117 882 [
128 849 168 875 Ex
181 855 256 884 pai-te
266 856 311 875 tua
322 846 374 874 suit
385 846 554 885 propositum
567 869 574 879 ‚
596 846 670 885 quod
681 845 811 874 nonnulli
830 846 905 873 litte-

101 887 154 915 rati
165 896 244 915 terrae
256 897 308 915 tuae
319 892 330 920 (
341 885 435 915 habitu
445 891 472 915 δ(
482 886 591 916 tonsura
601 887 720 916 clericali
731 886 846 918 relictis)
858 895 904 923 pu-

101 927 172 956 blice
181 928 286 956 ducunt
297 937 396 955 uxores
405 948 412 955 .
425 930 436 959 ]
448 931 483 955 Et
494 928 564 956 infra
577 939 583 955 :
609 928 677 963 [Ut
688 937 780 955 tamen
789 925 901 966 consue-

102 967 257 1004 tisjustitiis
267 990 274 1000 ,
286 972 314 997 ὃς
325 968 426 996 debitis
435 967 570 1006 obsequiis
580 978 606 996 te
614 968 778 996 defraudent
790 989 798 1001 ‚
811 965 903 996 tonsu-

968 887 1074 922 1203.]
1091 885 1163 914 Vide
1173 889 1298 915 Porticus
1311 908 1318 915 .

923 926 1062 953 Locnrio
1073 947 1080 958 ,
1093 927 1150 954 PR.
1161 930 1235 963 cujus
1245 927 1391 956 relativum
1402 927 1439 956 est
1449 927 1598 956 conductio
1619 930 1696 963 [Per
1706 926 1765 956 sola

962 965 1108 994 locationis
1128 966 1310 997 instrumenta
1328 978 1378 996 nec
1399 968 1551 1007 proprietas
1560 991 1568 1002 ‚
1591 978 1640 996 nec
1661 969 1696 998 ad
1706 969 1766 1008 ple-

99 1017 158 1037 ram
169 1007 330 1036 reafl'umunt
340 1009 468 1044 abjeftarn
479 1029 486 1036 .
507 1010 541 1037 In
553 1009 655 1039 decret.
667 1010 700 1038 de
710 1008 828 1037 Clericis
838 1018 904 1036 con-
961 1016 1028 1034 num
1046 1004 1170 1045 possessio
1180 1009 1307 1047 probatur
1318 1021 1324 1038 :
1348 1011 1384 1038 In
1395 1009 1524 1037 decretal.
1542 1010 1577 1038 de
1597 1008 1652 1038 fide
1662 1009 1765 1038 instru-

100 1049 202 1087 jugatis
213 1059 235 1076 c.
245 1060 273 1084 9.
288 1051 299 1079 ]
323 1052 352 1077 ὃ(
364 1049 408 1077 ibi
419 1048 512 1077 Gloss}
525 1055 536 1084 [
549 1053 588 1078 Ex
601 1059 677 1087 parte
688 1059 731 1078 tua
743 1049 793 1077 fuit
805 1059 906 1088 propo-
965 1056 1083 1076 mentor.
1095 1058 1151 1086 cap.
1164 1055 1190 1078 6.

100 1089 180 1117 fitum
192 1110 200 1121 ‚
211 1089 286 1128 quod
297 1090 426 1118 nonnulli
436 1090 552 1118 litterati
563 1112 570 1123 ‚
580 1100 646 1128 quos
656 1100 705 1118 nec
719 1089 841 1122 habitus,
854 1101 905 1118 nec
921 1089 1072 1117 Locutus
1084 1110 1092 1121 ,
1105 1089 1178 1117 idem
1189 1100 1218 1118 ac
1230 1090 1335 1119 loculus
1344 1112 1352 1124 ‚
1362 1094 1389 1120 Sc
1399 1089 1474 1129 capsa
1486 1112 1494 1124 ‚
1515 1089 1560 1119 seii
1572 1089 1651 1120 theca
1660 1111 1668 1118 .
1692 1092 1764 1129 [Ip-

99 1128 210 1158 tonsura
220 1130 333 1158 clericos
354 1130 523 1168 profitentur
532 1152 541 1164 ,
562 1131 609 1159 lib.
625 1141 650 1167 5.
661 1131 790 1159 decretal.
801 1130 846 1158 tit.
857 1141 903 1169 33.
960 1127 1019 1156 sum
1028 1139 1124 1167 corpus
1134 1129 1330 1159 sanctissimum
1339 1131 1406 1160 ficut
1414 1131 1445 1160 in
1455 1132 1594 1160 anteriore
1606 1131 1763 1160 translatio—

100 1179 159 1208 cap.
171 1182 217 1203 27-
961 1180 994 1199 ne
1004 1169 1035 1198 ab
1047 1169 1189 1209 Episcopis
1209 1171 1381 1200 Rhemorum
1399 1171 1547 1200 dioeceseos
1565 1172 1765 1210 integ-rumin-

60 1211 216 1240 mmmm
232 1232 239 1243 ‚
263 1210 411 1250 λειτεργὶα
422 1234 430 1245 ,
439 1211 491 1241 hoc
501 1211 539 1241 est
548 1212 686 1250 publicum
697 1222 793 1240 munus
804 1231 811 1239 .
831 1212 903 1241 Vide
960 1219 1076 1238 ventum
1086 1211 1134 1244 est,
1147 1216 1174 1240 δ(
1185 1213 1304 1241 brandeo
1315 1213 1395 1241 rubro
1405 1213 1578 1245 involutum]
1592 1217 1620 1242 δι
1628 1212 1689 1252 post
1700 1223 1764 1252 pau-

97 1252 201 1288 Miffu.
217 1253 273 1281 PR.
285 1252 408 1290 Ideo-que
418 1264 476 1281 non
486 1253 594 1291 semper
612 1252 745 1291 significat
767 1252 853 1281 Miffae
864 1252 902 1280 sa·
960 1261 991 1279 ca
1013 1252 1166 1286 [Cum'de
1186 1252 1247 1291 ipso
1257 1250 1382 1292 sepulcro
1400 1254 1431 1282 in
1449 1254 1550 1282 locello
1571 1253 1764 1293 argenteo¹est

97 1291 231 1320 crificium
242 1314 251 1325 ,
272 1302 353 1330 quare
364 1293 393 1321 in
403 1304 460 1332 cap.
477 1305 519 1322 ιι..
540 1294 654 1322 Contil.
673 1293 812 1321 Sardicen.
823 1292 902 1322 habc-
959 1291 1154 1330 transpositum
1167 1313 1174 1320 .
1185 1294 1326 1322 Hincmar.
1339 1295 1369 1322 in
1381 1295 1445 1323 Vita
1459 1296 1484 1323 S.
1495 1295 1622 1334 Remigii
1633 1314 1641 1322 .
1663 1295 1764 1324 Lucei-

99 1341 144 1360 tur
155 1337 167 1367 [
178 1334 212 1361 Iri
223 1333 339 1362 Ecclesia
351 1344 383 1361 ne
395 1335 500 1362 alienus
517 1344 531 1362 a
541 1334 740 1362 communione
752 1334 880 1362 videatur
893 1356 900 1367 ,
958 1332 1015 1360 lum
1026 1334 1109 1361 etiam
1120 1334 1255 1372 quendam
1267 1347 1274 1366 ς
1286 1335 1339 1363 hoc
1349 1335 1387 1364 est
1398 1356 1406 1368 ,
1415 1334 1520 1373 capsam
1530 1339 1662 1371 majorem
1671 1357 1681 1370 ,
1700 1345 1761 1374 quae

96 1374 248 1402 conveniat
259 1396 266 1406 ‚
289 1378 317 1403 ὃς
328 1375 422 1403 officia
439 1375 535 1403 divina
545 1375 624 1403 obeat
637 1376 667 1405 .]
687 1375 736 1403 Ita
753 1374 784 1402 in
804 1385 904 1412 nupera
959 1373 1084 1402 aduobus
1095 1375 1200 1403 clericis
1213 1374 1277 1404 ferri
1286 1375 1357 1405 solet
1369 1396 1375 1404 .
1388 1375 1534 1404 Flodoard.
1545 1377 1592 1405 lib.
1604 1387 1630 1415 3.
1641 1386 1741 1415 cap.<5.

94 1413 166 1442 edit.
178 1424 306 1443 romana:
330 1425 419 1453 graeca
429 1425 521 1444 tamen
531 1415 622 1444 editio
639 1415 788 1452 λειηργέῖν
796 1413 878 1444 habet
891 1427 897 1443 :
918 1415 1096 1444 Locuiuus
1107 1437 1114 1443 .
1133 1415 1208 1444 Vide
1229 1417 1344 1445 Loculus
1354 1438 1361 1445 .

96 1454 142 1482 ubi
152 1455 273 1484 Zonaras
285 1455 319 1483 fic
329 1456 446 1484 notavit:
459 1462 470 1490 [
481 1455 612 1494 Liturgiae
627 1465 710 1493 porro
721 1455 834 1483 nomine
846 1455 899 1484 hoc
916 1456 1053 1485 Locutus
1066 1478 1074 1489 ,
1086 1457 1212 1495 angustus
1223 1457 1295 1485 locus
1304 1478 1312 1485 .
1334 1459 1407 1486 Item
1416 1467 1467 1495 pro
1479 1456 1580 1486 feretro
1598 1456 1742 1496 usurpatur
1751 1463 1764 1490 ‚'

100 1495 165 1521 loco
174 1515 182 1526 ‚
206 1505 263 1523 non
281 1494 416 1523 sacrorum
434 1496 619 1524 celebritatem
631 1517 640 1528 ‚
659 1495 849 1534 inci-uentique
859 1496 898 1524 sa·
960 1496 1102 1532 [Acccffit
1111 1519 1119 1530 ,
1142 1501 1170 1526 ὅ(
1182 1498 1278 1536 tetigit
1301 1498 1421 1526 loculum
1434 1520 1441 1530 ,
1462 1499 1540 1526 Lucae
1552 1520 1560 1531 ‚
1579 1510 1602 1526 c.
1612 1499 1665 1530 7.]
1686 1499 1762 1527 Item

96 1533 356 1563 crificiioblationes
367 1546 375 1565 5
397 1533 446 1564 sed
455 1535 533 1564 statas
544 1546 634 1574 preces
645 1557 652 1569 ,
663 1539 691 1564 δ(
702 1536 823 1570 hymnos
835 1558 842 1569 ,
855 1538 899 1576 qui
956 1538 1086 1566 Loculum
1105 1538 1149 1566 ubi
1168 1539 1328 1567 Sanctorum
1339 1549 1454 1577 corpora
1474 1548 1617 1576 ponuntur
1634 1537 1760 1568 Anastas.

101 1573 220 1602 solemni
229 1585 307 1603 more
314 1576 377 1604 Deo
385 1575 573 1604 concinuntur
582 1598 589 1609 ,
610 1576 733 1615 intelligi
745 1587 856 1615 oportet
868 1599 874 1605 .
887 1581 898 1610 ]
957 1578 1088 1606 Biblioth.
1110 1580 1182 1607 Item
1200 1578 1376 1617 sepulchrum
1392 1591 1399 1609 ς
1423 1579 1489 1607 hinc
1501 1580 1581 1607 Zeno
1593 1579 1761 1608 Veronenfis

100 1615 221 1649 Quando
233 1626 300 1644 vero
309 1617 362 1644 PP.
373 1616 455 1654 graeci
469 1616 598 1645 vocabulo
608 1620 737 1654 Liturgt'a
749 1617 779 1645 in
792 1617 882 1656 signifi
893 1636 895 1638 -
956 1618 987 1646 in
998 1617 1123 1648 sermone
1142 1620 1175 1648 de
1185 1621 1288 1648 Lazaro
1300 1640 1310 1655 ‚
1332 1629 1411 1648 vocat
1423 1620 1500 1647 illum
1510 1621 1678 1649 Loculatam
1687 1641 1695 1652 ‚
1715 1619 1762 1648 id-

96 1657 210 1684 catione
219 1655 304 1685 Miss'ae
318 1656 356 1685 uli
367 1655 429 1684 sunt
440 1678 448 1689 ‚
466 1655 573 1695 semper
583 1667 612 1685 ut
625 1657 771 1695 plurimum
781 1669 842 1687 tum
853 1659 898 1687 ad-

97 1697 192 1733 junfto
201 1695 312 1732 μοςικίις
324 1718 329 1727 ,
341 1697 385 1726 vel
402 1695 466 1735 ιερᾰς
477 1719 484 1730 ,
497 1698 564 1726 idest
576 1698 702 1733 mystica,
711 1709 756 1727 aut
767 1698 848 1733 sacra,
861 1700 897 1728 uli

97 1735 168 1765 sunt:
181 1737 214 1766 fic
227 1737 397 1766 Theodoret.
408 1738 437 1765 in
447 1748 502 1776 cap.
517 1742 540 1766 8.
553 1738 636 1777 Epist.
647 1739 682 1767 ad
694 1740 778 1768 Hebr.
792 1741 894 1779 inquit:

99 1783 114 1812 1
125 1778 185 1806 Cur
204 1778 272 1806 novi
291 1778 448 1806 testamenti
468 1780 625 1807 Sacerdotes
643 1780 784 1815 mysticam
805 1783 899 1810 Litur-
914 1785 1022 1812 Locum
1033 1785 1166 1811 szcxs.
1191 1783 1264 1811 Vide
1274 1788 1405 1811 Ser-vator
1417 1783 1485 1811 loci.

97 1817 172 1856 giam
182 1839 191 1850 ,
211 1817 257 1846 seu
269 1818 436 1847 Sacrificium
457 1829 586 1858 peragunt
598 1841 606 1853 ,
629 1824 680 1849 ὗες.
693 1822 706 1852 ]
728 1825 761 1849 Et
772 1821 898 1850 Eusebius
915 1826 1102 1853 Loeuriouis
1119 1823 1291 1852 infructuose
1303 1821 1483 1862 digressiones
1494 1844 1501 1850 .
1513 1824 1549 1851 V.
1559 1823 1656 1861 Nyffa.

98 1856 204 1886 Caesar.
218 1859 356 1893 [Divinis
364 1864 576 1889 caeremoniis&
594 1861 706 1897 mystica
716 1862 829 1901 liturgia
838 1862 897 1891 san-
916 1867 1117 1894 Locmeuiim
1129 1885 1137 1896 ,
1161 1865 1322 1893 Monailerii
1340 1866 1414 1892 locus
1432 1863 1466 1892 ad
1489 1860 1661 1903 loquendum
1679 1862 1759 1893 distis

97 1898 254 1936 statumque
266 1899 451 1936 precationum
460 1899 588 1931 societate
599 1901 700 1940 perfrui
712 1923 720 1934 ,
738 1903 786 1931 lib.
796 1903 831 1932 de
844 1904 899 1931 vita
954 1915 1032 1933 natus
1043 1925 1049 1932 .

99 1939 281 1968 Constantini
291 1950 347 1978 cap.
357 1951 405 1972 71·
416 1943 428 1972 ]
441 1942 557 1970 dixerat:
569 1942 736 1980 quodetiam
745 1945 777 1972 in
788 1954 864 1982 can.3
873 1956 898 1973 ι..
916 1948 1057 1975 Locusta
1068 1965 1075 1972 .
1098 1945 1172 1974 Vide
1194 1947 1319 1974 Bruchus
1331 1966 1338 1974 .

98 1980 187 2009 Trull.
198 1976 356 2023 observatur
366 2001 374 2013 ,
384 1981 450 2010 licet
461 1992 546 2020 penes
557 1984 609 2011 PP.
621 1984 723 2012 latinos
742 1995 792 2023 per
802 1987 897 2013 Lirur-
916 1988 1123 2015 Lommmsrzs
1135 2008 1143 2019 ,
1169 1987 1224 2014 PR.
1246 1985 1409 2025 λογαριαςὶς
1419 2008 1428 2019 ,
1439 1985 1565 2016 officialis
1575 1986 1605 2015 in
1615 1986 1674 2015 aula
1683 1991 1757 2025 graei

94 2023 175 2058 giam
184 2020 267 2048 Minae
295 2021 460 2050 Sacrificium
477 2021 596 2052 absolute
611 2023 785 2064 intelligatur
796 2046 804 2057 ,
824 2035 854 2054 ut
873 2027 898 2054 S.
953 2037 982 2054 ca
994 2047 1002 2059 ‚
1013 2027 1054 2054 cui
1066 2027 1232 2056 incumbebat
1245 2037 1386 2056 numerare
1394 2028 1497 2056 milites
1507 2049 1516 2061 ‚
1527 2026 1635 2066 illisque
1644 2026 1755 2058 solvere

99 2060 236 2090 Ambrosii
246 2060 323 2099 epist„
334 2072 381 2100 33·
390 2062 424 2091 ad
433 2064 590 2092 Marcellam
598 2063 685 2094 soror.
697 2065 721 2094 S.
736 2068 808 2103 Aug.
818 2064 898 2094 serm.
953 2067 1088 2105 stipendia
1098 2088 1106 2095 .

100 2111 136 2137 25
146 2113 169 2129 ι.
179 2101 212 2145 de
233 2111 315 2140 temp.
330 2103 480 2132 Alexandr.
489 2104 566 2142 epist.
582 2116 604 2133 ι.
614 2116 672 2144 cap.
684 2117 709 2140 4·
728 2105 859 2134 Damasus
871 2107 898 2134 in
916 2108 1031 2136 Looico
1043 2130 1050 2140 ‚
1073 2118 1252 2147 argumentor
1265 2131 1276 2142 ,
1290 2108 1413 2138 discurro
1423 2130 1429 2136 .
1451 2109 1656 2145 [Aristotelico
1676 2119 1752 2139 more

99 2141 256 2170 Pontificav.
277 2144 333 2171 Leo
342 2145 413 2182 Papa
435 2155 458 2172 t.
470 2145 548 2182 epist.
562 2150 607 2174 δι.
618 2156 673 2185 cap.
686 2157 710 2174 2.
734 2147 844 2175 Ennod.
866 2147 899 2176 de
955 2149 1057 2187 logicat
1068 2169 1076 2181 ,
1086 2151 1181 2177 Petrus
1191 2151 1302 2179 cellen.
1311 2150 1357 2179 lib.
1367 2161 1395 2186 9.
1405 2161 1463 2189 cap.
1478 2155 1541 2180 108.
1553 2153 1566 2183 ]

96 2182 206 2216 synod.
216 2193 297 2221 atque
316 2184 430 2213 Concil.
438 2185 561 2214 Milevit,
581 2196 636 2225 cap.
655 2197 698 2215 ιι.
719 2185 880 2225 Agathense
890 2209 899 2222 ,
917 2191 1107 2218 Loeisritium
1119 2211 1126 2222 ,
1137 2193 1164 2218 δε
1175 2192 1278 2228 Logesta
1286 2211 1293 2218 .
1304 2191 1378 2220 Vide
1388 2193 1533 2229 Logotbeta
1541 2212 1550 2219 .

92 2231 155 2260 cap.
166 2234 182 2251 ι.
191 2233 214 2269 ¹:
224 2225 342 2267 Roman.
352 2223 400 2254 sub
409 2225 576 2262 Symmacho
587 2227 618 2255 in
627 2226 677 2256 fin.
916 2231 1035 2259 Lamum
1045 2251 1053 2262 ,
1075 2226 1168 2268 λόγων
1178 2253 1186 2264 ,
1195 2231 1326 2260 rationale
1336 2254 1344 2265 ,
1352 2232 1419 2270 quia
1425 2232 1586 2262 miraculole
1597 2232 1684 2261 futura
1703 2232 1753 2260 de-

59 2264 73 2278 '
83 2265 232 2306 Aurapyia
242 2284 249 2291 .
261 2265 388 2305 Liturgia
397 2286 404 2294 .
425 2266 535 2296 Omnes
544 2267 646 2296 Divini
655 2267 743 2297 cultus
753 2278 841 2307 partes
852 2279 897 2309 ge·
957 2270 1100 2299 mesti-nbat
1110 2293 1118 2303 ‚
1137 2274 1165 2299 ὅ(
1175 2271 1246 2309 quasi
1259 2273 1416 2311 loquebatur
1427 2295 1435 2306 ,
1455 2283 1483 2302 ac
1493 2274 1675 2302 rationabatur
1684 2293 1693 2305 ‚
1710 2272 1754 2302 id-

98 2304 234 2332 neraliter
243 2306 427 2344 complectens
437 2319 448 2340 ;
471 2307 549 2337 Licet
558 2306 620 2338 hm:
640 2319 694 2337 vox
704 2307 785 2338 sensu
802 2310 899 2339 latiore
956 2320 1044 2349 eoque
1063 2311 1209 2340 Rationale
1217 2312 1301 2341 etiam
1310 2313 1448 2343 dicebatur
1459 2319 1471 2349 [
1485 2315 1538 2343 Vel
1547 2314 1663 2352 qualiter
1672 2316 1754 2342 Aron

93 2353 205 2387 accepta
214 2366 223 2380 ,
244 2346 388 2388 quodlibet
407 2348 532 2380 officium
539 2349 678 2390 publicum
687 2372 696 2386 ,
714 2348 762 2381 seu
779 2350 901 2382 ministe-
957 2362 1016 2382 eam
1027 2361 1117 2392 portat
1135 2352 1165 2382 in
1174 2353 1252 2394 logio
1260 2374 1267 2382 .
1285 2356 1373 2396 Greg.
1394 2357 1536 2385 Turonen.
1545 2354 1593 2384 lib·
1603 2365 1632 2394 3.
1641 2363 1698 2392 cap.
1708 2355 1756 2386 1.]

957 1659 995 1688 est
1005 1681 1013 1692 ,
1032 1658 1165 1698 sepultum
1176 1681 1182 1687 .
1210 1663 1248 1689 Λε
1261 1662 1290 1688 in
1303 1670 1417 1689 numero
1428 1660 1527 1698 plurali
1549 1659 1714 1698 marsupium
1725 1660 1760 1689 si-

954 1699 1086 1738 guificat,
1106 1712 1186 1739 quare
1199 1702 1228 1729 in
1249 1702 1403 1740 Evangelio
1415 1701 1448 1730 de
1467 1701 1537 1738 Juda
1554 1701 1675 1729 dicitur.-
1699 1703 1758 1737 [Et

953 1741 1058 1770 loculos
1066 1741 1176 1770 habebat
1187 1763 1193 1770 .
1207 1743 1219 1773 ]
