1866 2526
560 37 933 102 Contradidssffi
956 61 1202 113 apparentes

122 69 175 115 76

110 123 164 151 deo
177 77 335 150 flChristus
345 117 498 157 baPtizahat
509 129 567 147 non
577 128 633 147 tam
642 127 689 156 per
699 117 726 145 se
735 139 744 150 ‚
765 127 845 156 quam
857 127 905 155 per

110 160 259 202 discipulos
268 160 327 189 suos
337 182 345 193 ‚
367 169 434 197 quos
443 168 536 188 tamen
546 158 604 198 ipse
613 159 686 197 prius
697 158 848 196 baPtizavit
859 178 866 190 ‚
877 167 906 185 ut

108 202 268 232 ,ostenderet
285 199 447 240 baptismum
459 198 536 227 suum
547 199 632 227 etiam
651 199 682 227 ab
690 199 749 227 aliis
762 199 906 227 conferen-

113 243 178 271 dum
190 255 198 274 3
219 252 244 270 at
253 241 369 280 Joannis
379 238 524 277 bapti-smus
533 240 562 268 ab
573 240 632 278 ipso
641 239 832 268 conferebatur
841 259 849 266 .

961 116 1009 152 tis,
1020 116 1132 146 forsitan
1140 121 1167 145 ὃ(
1177 119 1287 145 Patrem
1298 119 1389 146 meum
1396 117 1499 151 sciretis
1510 146 1515 151 .
1527 126 1541 156 ]
1555 125 1664 155 Graecus
1674 123 1761 163 magi&

962 157 996 184 :td
1004 167 1064 186 -rem
1084 158 1201 186 nosti-:im
1212 157 1281 196 legit
1291 179 1300 190 ‚
1320 156 1401 190 {issar
1412 159 1443 189 ἄν
1451 182 1460 193 ‚
1481 163 1598 198 scilicet,
1623 167 1756 201 [Sciretis

962 197 1056 236 utique
1067 218 1073 225 .
1085 201 1096 229 ]
1122 200 1196 228 Nam
1216 199 1449 230 correlativorum
1467 203 1558 233 eadem
1577 207 1614 234 est
1623 206 1736 238 scientia
1748 226 1756 233 .

964 239 1007 267 Ita
1018 236 1148 277 Theoph.
1159 243 1186 267 ὃ(
1196 238 1307 276 Ja'nsen.

43 292 49 298 .
73 284 146 322 cap,
156 295 184 318 4,
194 292 221 311 v.
236 293 278 326 ¹3:
293 289 304 318 [
318 281 373 317 Qui
385 280 480 309 biberit
491 291 524 309 ex
535 291 601 319 aqua
611 302 619 314 ‚
634 290 714 318 quam
723 290 776 318 ego
787 280 855 308 dabo
865 279 890 308 ei
899 299 908 312 ,
922 278 993 316 Cap·
1005 290 1034 315 9.
1046 289 1073 308 v.
1086 290 1132 315 29.
1159 285 1170 314 [
1184 280 1267 308 Hunc
1278 289 1368 309 autem
1378 279 1513 311 nescimus
1522 286 1594 316 unde
1603 287 1656 319 fit]
1673 293 1706 317 Et
1716 300 1757 318 (a,

113 334 172 353 non
181 323 254 352 fitiet
268 333 297 350 m
308 330 442 350 :eternum
452 341 459 348 .
472 323 485 353 ]
511 321 594 356 Quod
605 321 718 350 videtur
737 319 908 349 contradice-

114 374 144 392 re
153 363 254 392 Textui
265 363 394 397 Ecchz4·
407 371 433 390 v.
445 372 492 397 29.
512 366 529 395 v[
543 361 599 396 Qui
609 361 726 389 biberint
737 370 780 389 me
791 383 799 394 ‚
821 359 908 388 adhuc

111 405 207 435 sitient
217 405 248 434 .]
273 402 443 441 Respondeo
453 421 460 428 .
476 401 580 429 Sitieut
592 412 648 430 non
659 412 692 429 ex
703 401 808 430 defectu
819 422 826 434 ‚
837 401 909 439 quali

109 454 176 483 aqua
187 453 292 472 careant
303 464 311 476 ‚
322 441 408 481 qualis
418 441 475 469 fitis
484 440 631 470 invenitur
641 443 670 470 in
685 452 752 479 :iqua
761 442 907 473 mundana,

106 496 166 514 non
177 495 244 513 vero
263 484 293 512 in
312 484 358 511 illa
369 504 377 516 ,
394 491 473 519 quam
493 482 632 520 promittit
653 481 780 511 Christus
792 493 799 513 5
822 481 867 511 sed
878 482 910 511 {i-

964 329 1028 348 men
1039 320 1134 348 eadem
1144 320 1218 348 turba
1228 319 1335 349 dixerat
1345 321 1424 360 supra
1435 344 1443 354 ‚
1466 334 1490 351 c.
1501 336 1528 357 7.
1539 336 1566 354 v.
1579 337 1626 358 27·
1650 333 1662 362 [
1674 332 1755 359 Hunc

964 359 1062 388 scimus
1071 360 1144 389 unde
1162 360 1195 389 sit
1205 379 1211 387 -
1223 362 1235 391 ]
1261 360 1429 399 Respondeo
1439 383 1447 390 -
1470 364 1606 394 Nesciunt
1615 369 1685 398 unde
1703 370 1736 399 fit
1746 393 1754 404 ‚

963 400 1105 434 nimirum,
1116 412 1129 430 rt
1141 412 1205 439 qno,
1217 401 1261 429 vel
1273 405 1346 437 cujus
1357 403 1519 434 nuel-'oritate
1529 406 1617 436 mistus
1627 407 1659 436 fit
1671 421 1679 440 ς
1690 411 1758 439 alio-

963 441 1033 479 quin
1043 442 1076 470 de
1088 442 1174 480 patria
1184 463 1192 474 ‚
1202 445 1229 469 ὃ(
1241 443 1396 480 parentibus
1406 443 1470 472 satis
1483 446 1529 475 fibi
1539 448 1662 476 constare
1671 449 1755 488 supra,

963 492 1021 520 cup.
1034 494 1060 515 7.
1070 483 1230 511 afleruerant
1242 504 1249 510 .

110 527 183 554 tient
202 535 235 553 ex
245 524 381 552 desiderio
398 522 484 565 magis
494 523 612 561 augendi
629 533 725 562 aquam
737 545 744 555 ,
760 533 846 561 vquam
865 521 910 550 ha·
925 523 994 560 Cap.
1010 533 1053 551 10.
1065 533 1090 550 v.
1105 535 1151 552 22.
1175 529 1187 558 [
1201 524 1275 552 Festa
1283 524 1345 554 sunt
1355 529 1476 558 encaenia
1486 551 1495 564 ‚
1514 534 1542 559 ὅ(
1552 529 1648 566 hyems
1658 540 1730 561 emt,
1743 533 1757 562 ]

111 568 176 595 bent
189 586 196 597 ,
219 565 285 593 ficut
295 574 350 602 quo
370 571 456 601 magis
473 564 608 601 gustamus
618 574 676 593 rem
691 564 836 593 delicatam
847 584 855 597 ‚
877 573 909 592 eo

110 604 196 644 magis
207 605 300 644 augeri
313 604 389 632 nobis
400 613 523 641 opmmus
534 625 541 632 .

67 648 140 685 Cap.
155 656 180 681 5.
200 656 286 684 v.31.
309 651 323 680 {
336 645 363 673 Si
385 654 438 683 ego
456 644 644 673 testimonium
664 644 797 683 perhibeo
814 645 848 673 de
866 654 909 673 me

111 685 173 725 ipso
182 707 191 719 ‚
214 685 404 714 testimonium
424 695 514 713 meum
536 696 591 714 non
603 686 641 714 cst
662 696 755 714 retum
767 707 774 713 .
788 688 799 717 ]
825 686 909 714 Paulo

110 727 172 766 post
184 748 192 759 ‚
214 737 271 766 cap.
287 732 310 755 8.
323 736 348 755 v.
364 737 407 761 14.
417 727 583 756 contrarium
593 728 711 755 omnino
725 726 814 755 afl'erit
824 725 907 755 Chri-

108 769 162 797 stus
171 767 279 795 dicens:
302 772 318 801 s
331 771 363 795 Et
373 767 392 795 si
404 777 456 805 ego
469 767 658 795 testimonium
677 767 808 806 perhibeo
819 767 907 795 deme

70 822 71 825 ¹
109 808 170 847 ipso
179 830 187 840 ‚
212 818 308 837 verum
317 807 355 836 est
365 807 553 836 testimonium
564 818 653 836 meum
665 828 671 835 .
683 810 694 839 ]
720 807 888 846 Respondeo
900 829 907 835 .

108 851 146 878 In
154 849 246 887 primo
267 851 358 878 Textu
369 847 458 876 sensus
469 848 523 880 est,
545 849 564 877 fi
576 848 646 876 solus
664 859 717 887 ego
737 847 907 886 perhiberem

109 889 300 918 testimonium
310 889 343 917 de
353 899 397 917 me
406 910 413 921 ,
436 888 531 926 utique
541 900 600 917 non
613 888 677 917 ess'et
689 899 783 917 verum
794 910 801 920 ,
818 889 887 917 idest
898 910 906 921 ‚

107 930 225 968 dignum
235 930 288 958 fide
300 951 308 963 ,
326 929 418 958 vestro
427 929 540 967 quidem
549 929 654 966 judicio
666 940 673 960 ς
697 929 820 967 loquitur
832 930 907 958 enim

107 970 235 1000 Christus
245 981 277 998 ex
297 968 470 999 concessione
482 971 566 1008 magis
575 991 583 1002 ,
607 981 635 999 ac
645 970 784 998 communi
798 972 906 1007 Judaeo-

965 563 1152 608 Atldedi'catio
1173 565 1288 602 Templi
1298 565 1364 594 faeta
1374 576 1421 604 per
1432 571 1606 600 Salomonem
1620 572 1669 601 fuit
1682 573 1712 600 in
1723 582 1759 600 ae-

963 605 1107 641 quinoftio
1118 605 1287 648 autumnali,
1308 617 1334 644 3.
1345 609 1416 648 Reg.
1430 615 1454 638 8.
1465 611 1586 640 Secunda
1598 612 1681 642 etiam
1692 613 1759 641 fasta

963 653 1010 687 per
1021 645 1171 674 Zorobabel
1185 645 1235 673 fuit
1246 656 1274 673 m
1287 657 1350 675 vere
1361 651 1441 685 paulo
1450 660 1513 679 ante
1524 652 1625 681 Pascha
1637 675 1643 686 ‚
1661 665 1683 682 1.
1696 652 1760 682 Esd.

965 690 1081 723 6.1gitur
1090 686 1231 724 quomodo
1240 687 1362 716 encaenia
1374 691 1544 720 celebrantur
1553 692 1678 728 hyberno
1689 703 1759 723 tem-

964 730 1050 762 pore?
1072 726 1240 764 Respondeo
1253 748 1259 758 ,
1281 728 1316 756 de
1326 730 1400 758 nulla
1419 731 1529 760 istarum
1547 734 1758 763 dedicationum

962 765 1086 803 loquitur
1097 770 1217 796 Texms÷
1239 766 1288 795 scd
1297 767 1384 797 solum
1395 771 1428 799 de
1446 772 1492 800 illa
1504 772 1570 801 faeta
1589 775 1680 811 aJuda
1700 776 1760 803 Ma-

962 804 1090 842 chabaeo,
1113 807 1160 845 qui
1171 806 1371 845 prophanatum
1387 811 1419 838 ab
1431 812 1577 841 Antiocho
1596 816 1741 852 Templum
1752 836 1759 847 ,

962 849 990 889 &-
1003 849 1114 880 Almrc,
1137 847 1260 876 triennio
1270 849 1329 886 post
1340 853 1506 890 expurgavit
1517 874 1524 885 ,
1549 853 1702 893 iterumque
1712 855 1759 883 de-

963 886 1070 917 dicavit
1081 887 1173 917 mense
1191 889 1290 917 Caslen
1302 911 1308 922 ‚
1331 889 1417 924 idest,
1441 893 1587 922 Decembri
1599 916 1607 927 ‚
1628 894 1759 933 jussitque

962 930 1111 966 quotannis
1130 930 1203 958 idem
1223 928 1318 957 festum
1337 932 1467 960 celebrari
1487 943 1536 971 per
1547 935 1689 963 ostiduum
1700 957 1708 968 ‚
1735 947 1758 964 ι.

962 969 1086 998 Machab.
1098 983 1125 1007 4.
1137 973 1179 999 Ita
1189 970 1306 998 Comei.
1315 981 1329 998 a
1338 971 1432 1009 Lapid.
1443 973 1473 1001 in
1482 972 1556 1002 hunc
1568 975 1658 1004 locum
1668 996 1675 1003 .

105 1021 167 1040 rum
176 1010 255 1039 sensu
266 1031 272 1038 .
295 1013 330 1039 In
340 1009 458 1038 secundo
471 1020 537 1038 vcro
548 1009 626 1038 sensu
636 1010 703 1039 dicit
718 1011 906 1039 testimoninm
922 1008 991 1046 Cap.
1006 1022 1049 1039 ιι.
1061 1021 1086 1038 ν.
1099 1023 1145 1046 44.
1159 1017 1171 1046 s
1184 1009 1238 1045 Qui
1249 1011 1377 1040 creditin
1388 1022 1431 1041 me
1442 1035 1448 1045 ,
1461 1025 1519 1042 non
1529 1016 1614 1044 credit
1626 1017 1655 1044 in
1667 1026 1710 1044 ine
1722 1037 1728 1043 .
1743 1018 1758 1047 ]

106 1051 187 1090 ipfius
199 1061 294 1080 verum
304 1049 364 1083 effe,
377 1050 439 1088 quia
450 1050 522 1079 solus
533 1061 592 1079 non
601 1061 658 1080 erat
671 1073 676 1083 ‚
688 1050 734 1080 sed
745 1061 806 1079 cum
816 1063 848 1080 eo
860 1054 906 1080 Pi-

109 1102 152 1120 ter
165 1114 174 1125 ,
192 1092 238 1130 qui
251 1092 330 1121 illum
340 1090 448 1120 miseret
458 1113 465 1124 ,
485 1091 523 1122 ita
535 1091 640 1126 Cyrill.
650 1091 796 1127 Chrysost.
807 1094 905 1121 Leont.

107 1132 256 1171 Theophil.
268 1131 352 1161 Euth.
362 1135 389 1160 ὃ(
399 1132 446 1160 ahi
458 1153 464 1159 .

66 1173 142 1206 gibid.
155 1184 181 1202 v.
195 1184 242 1211 34.
267 1176 348 1211 [Ego
359 1182 448 1201 autem
460 1183 517 1201 non
536 1174 566 1202 ab
584 1172 699 1204 homine
718 1173 903 1202 testiinonium

109 1214 214 1252 accipio
228 1235 235 1246 ‚
249 1217 261 1246 ]
286 1217 313 1242 &
323 1223 417 1242 tamen
426 1215 545 1251 joannes
556 1214 746 1242 testimonium
769 1214 904 1252 perhibuit

109 1255 144 1282 de
161 1254 293 1283 Christo:
319 1254 385 1283 item
398 1253 525 1289 Moyses,
543 1258 569 1283 ἃ
591 1254 738 1293 Prophetae
749 1275 756 1281 .
779 1254 904 1292 Respon<

109 1295 181 1324 dco.
204 1294 332 1324 Christus
341 1296 481 1323 Dominus
501 1295 694 1323 testimonium
713 1294 835 1323 hominis
847 1307 903 1323 non

967 1053 1035 1080 Haec
1047 1052 1176 1080 videntur
1186 1051 1551 1083 manifesteconnadffloria
1562 1076 1568 1083 .
1580 1056 1759 1095 RespondeO,

961 1091 1051 1121 sensus
1063 1092 1100 1120 est
1114 1114 1121 1125 ,
1131 1092 1177 1130 qui
1188 1091 1276 1120 credit
1286 1093 1315 1121 in
1324 1092 1468 1123 Christum
1480 1117 1487 1127 ‚
1499 1095 1565 1124 ficut
1575 1106 1689 1135 oportet
1699 1108 1759 1125 cre-

962 1135 1027 1162 dere
1038 1154 1045 1165 ,
1068 1144 1126 1161 non
1137 1132 1224 1161 solum
1236 1133 1325 1160 credit
1338 1133 1365 1161 in
1375 1144 1437 1162 eum
1447 1157 1455 1168 ,
1467 1134 1514 1164 sed.
1524 1136 1606 1166 etiam
1621 1140 1650 1166 in
1659 1138 1738 1166 illum
1751 1160 1759 1170 ,

962 1173 1077 1212 quicum
1089 1173 1159 1202 misit
1172 1195 1179 1206 ‚
1200 1183 1229 1201 ut
1241 1172 1380 1212 subjungit
1391 1196 1398 1207 ‚
1417 1185 1545 1214 tanquam
1563 1178 1757 1216 unigenitum,

962 1219 990 1244 ἃ
1010 1213 1266 1243 confixisstcintialem
1276 1214 1379 1242 filium:
1405 1215 1476 1244 favet
1485 1219 1587 1246 Textus
1608 1219 1735 1247 Arabicus
1748 1230 1757 1246 ε

963 1261 975 1290 [
988 1254 1044 1292 Qui
1052 1255 1139 1283 credit
1149 1255 1179 1282 in
1191 1264 1233 1282 me
1247 1276 1255 1287 ‚
1279 1265 1337 1283 non
1348 1255 1434 1284 credit
1446 1256 1477 1285 in
1492 1267 1533 1286 me
1544 1257 1649 1290 solunu
1671 1257 1718 1287 sed
1729 1262 1758 1288 &t

962 1296 990 1324 in
1001 1305 1062 1324 eum
1071 1318 1078 1328 ,
1100 1296 1148 1333 qui
1162 1295 1233 1323 milit
1246 1305 1287 1323 me
1297 1316 1304 1322 .

110 1335 210 1373 accipit
223 1357 231 1368 ‚
251 1335 318 1363 idest
330 1357 338 1368 ‚
361 1346 419 1363 non
441 1335 574 1373 requirlt,
597 1346 646 1363 nec
665 1336 904 1374 indigethominis
921 1336 988 1373 Cap.
1006 1346 1047 1372 ¹3·
1069 1346 1095 1363 v.
1113 1346 1158 1366 27-
1183 1336 1290 1370 [Quod
1301 1335 1381 1367 facis,
1403 1336 1533 1366 factitius
1545 1341 1575 1372 .]
1601 1339 1667 1367 Sunt
1678 1339 1758 1367 verba

108 1376 270 1406 testimonio
281 1396 287 1402 .
311 1377 380 1404 Non
391 1384 485 1404 tamen
506 1375 574 1403 illud
588 1376 678 1411 rejicit
696 1377 780 1405 etiam
801 1377 830 1404 in
840 1388 904 1405 con-

107 1416 249 1445 troverfiis
259 1415 322 1444 fidei
337 1437 344 1448 ,
368 1425 396 1443 ut
407 1415 577 1444 somniarunt
598 1415 739 1448 haeretici5
761 1416 807 1445 sed
818 1416 905 1446 solum

109 1457 199 1487 asserit
217 1455 343 1484 suicausa
362 1467 420 1486 non
438 1456 565 1495 indigere
584 1457 631 1485 tali
643 1457 802 1487 testimonio
814 1479 821 1490 ,
844 1468 904 1485 cum

108 1499 142 1528 fit
161 1499 253 1526 Deus.
277 1497 373 1526 Nostri
396 1508 461 1526 vero
473 1496 548 1525 causa
560 1519 566 1529 ,
588 1498 696 1535 quoties
714 1499 767 1526 tale
781 1498 900 1526 testimo-

107 1539 187 1567 nium
197 1536 370 1566 neceffirmm
384 1537 465 1566 fuerit
475 1559 483 1571 ‚
507 1537 575 1566 illud
586 1539 681 1576 probat
691 1560 699 1571 ‚
722 1543 749 1567 ὃς
759 1539 883 1567 admittit
895 1560 901 1566 .

107 1581 172 1608 Imo
183 1601 189 1612 ‚
201 1588 230 1607 ut
241 1578 332 1614 Deus,
358 1589 413 1606 non
421 1578 510 1607 solum
521 1589 579 1606 non
591 1579 698 1617 indiget
707 1578 855 1612 hominum
866 1590 903 1608 te-

107 1620 239 1650 stimonio
250 1641 257 1652 ‚
279 1618 326 1647 sed
337 1629 430 1647 omnes
442 1618 589 1656 Propheta:
602 1641 609 1652 ,
631 1623 657 1647 ὅ(
670 1619 725 1657 ipse
735 1621 853 1657 Joannes
875 1621 904 1648 ab

961 1375 1067 1405 Christi
1079 1376 1196 1403 Domini
1208 1375 1240 1402 ad
1251 1375 1349 1411 Judam
1364 1377 1535 1412 proditorem
1548 1389 1554 1407 ς
1578 1379 1652 1406 Deus
1665 1389 1755 1407 tamen

960 1416 1067 1444 nemini
1079 1416 1189 1443 mandat
1200 1415 1283 1452 imple
1292 1425 1382 1453 agere,
1395 1425 1424 1443 ut
1434 1417 1536 1445 dicitur
1546 1419 1616 1445 Eccl.
1634 1428 1676 1452 15.
1688 1418 1758 1447 Res-

961 1456 1071 1494 pondeo
1081 1476 1087 1483 .
1111 1455 1238 1484 Christus
1261 1465 1317 1483 non
1330 1456 1455 1494 praecipit
1466 1478 1473 1488 ‚
1497 1468 1544 1485 nec
1556 1457 1650 1485 suadet
1660 1459 1738 1496 Judae
1749 1480 1758 1491 ,

959 1495 1005 1525 sed
1015 1497 1176 1535 porestatcm
1186 1496 1316 1526 concedit
1327 1497 1482 1535 exequendi
1492 1496 1576 1525 scelus
1588 1520 1595 1531 ‚
1607 1499 1737 1527 nimitum
1750 1520 1758 1531 ‚

960 1548 1017 1565 non
1027 1537 1191 1566 contradicit
1202 1558 1211 1569 ‚
1232 1547 1280 1564 nec
1292 1537 1406 1574 impedit
1419 1559 1425 1569 ‚
1438 1537 1502 1565 licet
1514 1537 1644 1566 sncillime
1654 1538 1736 1577 posset
1753 1559 1760 1566 .

959 1580 1028 1607 Non
1047 1578 1194 1616 praecipit,
1217 1577 1253 1605 ait
1266 1578 1380 1615 August.
1400 1576 1446 1605 sed
1463 1579 1606 1615 praedicit.
1629 1580 1697 1608 Sunt
1715 1589 1760 1607 et,

960 1619 1015 1647 iam
1026 1619 1106 1647 verba
1115 1617 1304 1656 exprobrantis
1314 1639 1321 1650 ,
1344 1616 1492 1646 secundum
1504 1618 1654 1654 Chrysost.

57 1660 356 1691 ..-··23:.=··.1u'c}oritatem
380 1669 540 1699 acceperunt
551 1679 558 1686 .
581 1661 624 1688 Ita
652 1660 757 1695 Cyrill.
778 1660 903 1700 Theoph.
921 1659 990 1688 [bid.
1003 1670 1029 1689 v.
1041 1671 1090 1697 34.
1114 1665 1126 1694 [
1141 1660 1300 1688 Mandatum
1310 1668 1415 1687 novum
1424 1658 1460 1687 do
1473 1660 1549 1688 vobis
1560 1681 1567 1692 ,
1591 1670 1620 1688 ut
1629 1659 1755 1699 diligatis

105 1703 206 1732 Leont.
215 1701 300 1729 Mald.
310 1700 385 1738 Jans.
396 1705 424 1730 ἅ
435 1701 481 1730 alii
491 1720 498 1727 .

66 1743 139 1781 Cap.
151 1753 178 1776 7.
190 1752 216 1770 v.
233 1748 276 1769 16.
302 1744 388 1777 [Mea
405 1741 529 1770 doctrina
547 1752 603 1769 non
623 1741 661 1769 est
685 1746 785 1774 meru]
806 1742 835 1771 Si
848 1752 906 1770 mea

106 1782 248 1822 quomodo
258 1793 316 1810 non
329 1792 386 1811 mea
397 1786 406 1811 Ξ·
428 1781 597 1820 Respondeo
608 1803 615 1814 ,
633 1792 694 1810 mea
704 1783 829 1812 doa‘irina
839 1804 846 1815 ‚
866 1783 906 1810 id-

111 1825 150 1852 est
161 1845 168 1857 ,
192 1833 272 1862 quam
293 1823 369 1851 vobis
381 1823 459 1851 trado
471 1845 478 1856 ,
500 1833 558 1850 non
570 1822 607 1850 est
624 1823 782 1860 excogitata
801 1834 833 1851 cx
845 1833 888 1850 me
898 1844 905 1855 ,

113 1874 142 1893 ut
154 1874 223 1902 puro
233 1863 367 1897 hornine5
390 1863 438 1892 sed
447 1865 548 1895 aPatre
560 1873 621 1891 meo
630 1863 735 1892 coelesti
746 1864 821 1892 iliani
832 1873 906 1891 acce-

64 1926 67 1929 ,
100 1905 135 1943 ,pi
146 1926 154 1937 ‚
178 1905 233 1932 imo
262 1914 291 1933 ut
320 1905 394 1936 Deus
416 1904 494 1933 illam
512 1903 583 1932 mihi
611 1904 827 1934 communicavit
837 1925 846 1938 ‚
869 1904 906 1932 ita

109 1944 256 1980 Chrysost.
269 1947 368 1974 Leont.
380 1944 513 1980 Euthym.

960 1700 1082 1729 invicem
1095 1702 1126 1731 ε]
1149 1700 1209 1728 Cur
1229 1709 1342 1728 vocatur
1359 1709 1483 1732 novum,
1506 1700 1525 1728 si
1548 1699 1600 1728 fuit
1623 1701 1653 1728 ab
1671 1700 1757 1728 initio

962 1740 1076 1772 mundi5
1097 1741 1153 1768 imo
1165 1740 1202 1768 est
1220 1740 1265 1768 lex
1276 1740 1424 1768 nanu-alis?
1448 1739 1615 1777 Respondeo
1627 1762 1634 1772 ,
1657 1741 1695 1769 est
1707 1751 1757 1768 no-

962 1791 1028 1810 vum
1039 1802 1047 1813 ‚
1069 1781 1131 1819 quia
1144 1791 1200 1809 non
1217 1780 1304 1808 solum
1319 1779 1458 1818 proximos
1470 1802 1478 1813 ,
1502 1780 1548 1808 sed
1568 1782 1652 1808 etiam
1664 1781 1759 1808 inimi-

961 1832 1006 1849 cos
1016 1822 1133 1860 diligere
1143 1821 1272 1851 mindats
1287 1821 1348 1848 ideo
1358 1820 1463 1849 addidit
1474 1842 1482 1853 ‚
1504 1827 1582 1849 sicut
1592 1822 1679 1849 dilexi
1691 1832 1739 1849 vos
1751 1841 1758 1848 .

964 1866 999 1891 Et
1012 1862 1082 1890 inter
1094 1872 1141 1891 vos
1150 1862 1232 1890 etiam
1243 1861 1342 1900 judam
1354 1882 1360 1888 .
1372 1864 1486 1890 Novum
1497 1861 1582 1899 igitur
1591 1861 1759 1894 mandatum,

967 1903 1029 1941 quia
1038 1913 1115 1931 novo
1133 1903 1218 1931 modo
1230 1903 1268 1931 est
1288 1902 1459 1940 expolitum,
1482 1901 1547 1930 &in
1556 1903 1662 1940 praxim
1682 1901 1758 1930 reda-

963 1944 1053 1979 stum,
1064 1944 1102 1971 ita
1113 1943 1260 1978 Chrysost.
1270 1941 1346 1971 hom.
1357 1953 1372 1975 7
1382 1953 1404 1970 i.
1416 1942 1531 1980 August.
1542 1943 1616 1970 treet.
1629 1949 1644 1971 6
1653 1952 1677 1977 5.

69 1987 140 2023 Cap.
165 1991 189 2014 8.
209 1996 234 2015 v.
263 1995 304 2020 ις.
330 1989 414 2023 [Ego
432 1985 594 2021 nonjudito
611 1995 791 2024 quemquam.
816 1984 906 2021 [Cap.
928 1985 993 2022 Cap.
1009 1989 1050 2012 18.
1063 1994 1089 2012 v.
1102 1995 1146 2012 ιο.
1170 1990 1181 2018 [
1196 1986 1229 2012 In
1239 1983 1347 2012 occulto
1361 1983 1465 2010 locutus
1474 1982 1532 2011 sum
1544 1982 1614 2011 nihil
1626 1985 1658 2013 .]
1682 1983 1760 2011 Con-

109 2037 176 2054 vero
192 2036 216 2060 5.
229 2026 335 2054 dixerat
360 2028 463 2060 [Pater
472 2036 555 2054 omne
563 2026 697 2062 judicium
716 2026 794 2054 dedit
805 2025 864 2054 filio
874 2027 903 2056 .]

108 2066 279 2104 Respondco
290 2087 297 2094 .
308 2065 436 2095 Christus
446 2077 504 2095 non
513 2067 616 2102 judicat
625 2065 771 2095 secundum
782 2075 889 2094 carnem
901 2087 906 2097 ‚

109 2106 180 2135 idest
191 2128 199 2140 ‚
222 2105 312 2134 sensus
325 2116 456 2136 externos
467 2129 475 2140 ‚
497 2108 531 2135 de
542 2118 597 2146 quo
606 2108 712 2143 judicio
722 2107 757 2134 ibi
769 2106 907 2145 loquitur.

111 2147 166 2175 Vel
193 2146 327 2185 possumus
358 2147 448 2175 dicere
472 2147 600 2176 Christus
617 2158 674 2175 non
692 2148 796 2183 judicat
816 2156 907 2185 quein-

113 2197 196 2225 quam
209 2210 216 2220 ‚
236 2188 304 2216 idest
315 2209 322 2220 ,
333 2198 390 2215 non
399 2188 585 2220 condemnem
607 2199 667 2216 non
679 2188 754 2216 enim
765 2188 843 2217 venit
852 2196 909 2225 per-

109 2228 174 2265 dere
185 2250 193 2261 ‚
208 2227 263 2257 ised
273 2227 376 2256 salvare
388 2248 394 2256 .

67 2267 140 2296 Ibid.
154 2279 179 2297 v.
197 2280 241 2305 19.
267 2274 278 2303 [
290 2270 389 2307 Neque
401 2279 443 2296 ine
455 2267 528 2297 scitis
540 2271 568 2300 :]
592 2268 670 2307 supra
682 2279 746 2297 vero
759 2278 878 2301 ,Vc.7.v.2
887 2271 909 2294 8.

108 2307 233 2336 dixerat:
258 2312 316 2344 [Et
338 2319 381 2338 me
400 2308 475 2338 scitis
487 2312 518 2341 .]
544 2309 693 2346 Quomodo
711 2308 771 2338 haec
793 2310 868 2337 inter
884 2306 910 2335 se

111 2350 303 2378 conveniunt?
325 2349 492 2387 Respondeo
501 2371 508 2378 .
521 2355 533 2385 [
546 2352 646 2388 Neque
656 2360 698 2378 me
708 2349 802 2379 scitis:
816 2351 828 2381 ]
844 2358 911 2386 (1ὓο-

111 2387 144 2416 ad
153 2388 349 2424 divinitatem,
373 2394 400 2419 S<
413 2390 505 2420 reddit
527 2390 682 2420 rationem:
705 2390 757 2429 [Si
779 2388 911 2420 mesene-

963 2024 1075 2053 trarium
1088 2023 1207 2052 ass‘eri'tur
1219 2022 1318 2052 Matth.
1335 2035 1377 2052 10.
1402 2030 1413 2058 [
1428 2023 1510 2057 Quod
1520 2023 1583 2051 dico
1594 2023 1670 2051 vobis
1681 2022 1709 2050 in
1720 2032 1761 2051 te-

964 2066 1054 2094 nebris
1066 2086 1074 2098 ,
1097 2064 1164 2093 &in
1174 2075 1236 2094 aure
1248 2066 1276 2095 .]
1300 2068 1374 2103 Ergo
1383 2064 1487 2093 locutus
1498 2063 1583 2091 fuerat
1591 2064 1622 2091 iri
1632 2064 1742 2091 occulto
1752 2082 1762 2090 .

967 2105 1136 2144 Respondeo
1147 2126 1154 2132 .
1166 2105 1293 2134 Christus
1304 2104 1377 2135 nihil
1388 2105 1494 2132 locutus
1505 2103 1589 2133 suerat
1600 2104 1630 2131 in
1639 2104 1760 2135 occulte,

967 2147 1098 2174 nimirum
1111 2145 1181 2174 nihil
1191 2146 1306 2179 dixerat,
1316 2145 1390 2183 quod
1400 2145 1427 2172 in
1442 2144 1576 2183 publicum
1587 2143 1703 2183 proferri
1713 2153 1760 2171 vc-

970 2188 1074 2218 tuerit5
1099 2197 1155 2214 imo
1165 2187 1254 2224 potius
1265 2185 1340 2222 juffit
1352 2186 1494 2224 praedicari
1503 2184 1582 2222 super
1595 2184 1663 2212 tefta
1673 2203 1681 2212 .

930 2227 999 2255 Ibid.
1011 2239 1037 2256 ν.
1048 2238 1061 2265 3
1073 2238 1094 2254 i.
1109 2227 1221 2262 [Nobis
1231 2227 1362 2255 nonlicet
1373 2227 1499 2255 occidere
1510 2225 1711 2266 quemquamg]
1726 2226 1761 2252 Et

968 2277 1060 2298 tamen
1070 2267 1233 2297 occiderunt
1252 2268 1276 2295 S.
1289 2266 1442 2306 Stephanum
1454 2278 1463 2298 ,-
1486 2265 1596 2304 insuper
1606 2264 1761 2302 praempita—

967 2319 1032 2337 runt
1050 2309 1233 2346 S.Jacobum.
1256 2307 1441 2346 Respondeo.
1463 2306 1583 2336 Romani
1603 2304 1760 2332 ademerant

967 2349 1021 2377 illis
1033 2353 1073 2385 jus
1093 2348 1244 2377 inferendae
1255 2349 1348 2384 necis,
1365 2348 1457 2377 relista
1468 2347 1555 2376 solum
1574 2344 1707 2383 potestate
1715 2353 1760 2371 co-

965 2388 1121 2428 gnoscendi
1128 2411 1137 2425 ,
1164 2393 1191 2420 δι
1199 2389 1339 2427 judicandi
1349 2388 1462 2418 crimina
1471 2386 1513 2417 adt
1523 2386 1613 2426 iegcm
1623 2384 1761 2426 pertinent

1661 2433 1697 2454 tia
1706 2444 1715 2459 2

1856 1539 1863 1552 a
