1866 2526
180 47 229 85 50
516 30 641 77 AM

166 93 260 121 Amen
269 113 278 126 ,
290 90 345 120 hoc
357 90 395 119 est
405 112 414 124 ‚
438 100 550 121 verum:
574 89 650 129 quod
670 88 819 117 confitetur
835 86 930 126 lingua
941 107 948 118 ‚

167 142 261 162 teneat
273 131 380 161 :ifi'eftus
392 152 399 159 .
421 132 466 161 Dc
477 133 644 161 Sacrament.
662 130 708 157 lib.
722 141 748 166 4.
767 141 790 157 c.
803 131 852 164 4.]
874 126 948 166 quod

168 173 249 204 estin
257 172 304 202 usu
314 173 383 201 ritus
393 172 577 202 Ambrosiani.
590 170 744 200 Invehitur
753 180 850 201 contra
861 169 948 198 chri-

165 214 317 244 stianorum
345 213 467 253 plausum
494 214 526 242 in
542 213 657 242 theatris
676 213 863 241 Tertullianus
876 230 882 243 ,
904 209 948 237 in-

164 255 263 294 quiens
274 267 279 283 :
295 261 309 291 [
320 259 361 284 Ex
372 265 421 284 ore
432 277 440 288 ,
462 265 517 293 quo
528 256 621 283 Amen
639 254 668 282 in
679 254 807 282 sanetum
825 250 949 289 protule-

166 297 221 328 ris,
238 296 388 335 gladiatori
410 295 602 325 testimonium
620 294 734 322 reddere
746 315 753 326 ,
775 294 822 321 lib.
834 292 868 319 de
887 290 948 334 spe-

165 337 278 365 &aculis
289 357 296 364 .
317 339 329 368 ]
341 339 408 365 Tam
419 336 602 365 abominabile
620 345 678 363 erat
689 335 723 364 ad
734 332 887 372 spectaculo
904 341 948 360 in-

168 375 282 410 teresse,
302 387 333 405 ut
349 377 379 405 in
389 377 523 415 aliquibus
536 376 659 405 Ecclesiis
672 397 679 407 ,
701 385 762 403 cum
771 374 863 402 solitis
874 372 949 401 abre-

166 418 388 446 nuntiationibus
398 418 428 446 in
437 418 573 456 baptismo
585 416 727 449 faciendis,
737 415 796 443 haec
807 415 891 443 etiam
901 413 947 441 ad-

167 456 278 486 deretur
291 470 297 486 :
319 464 355 487 Et
362 460 526 497 spellacult's
538 479 545 486 .
568 460 612 487 Ita
624 457 743 487 Salvian.
754 456 787 484 de
799 465 879 494 prov.
889 455 946 483 Dei

163 509 224 537 cap.
237 506 263 528 6.
274 499 371 528 Refert
386 500 511 533 mirabile
521 499 619 528 saelum
631 498 704 527 idem
715 497 902 526 Tertullianus
913 495 947 524 de

165 540 282 578 quadam
295 539 409 568 foemina
420 561 427 572 ‚
448 550 506 578 quae
518 540 583 568 dum
593 540 623 567 in
633 538 786 576 spectaculo
805 538 896 566 aderat
907 559 915 570 ,
933 547 947 564 :t

167 581 306 609 Daemone
316 580 453 619 aggressa,
475 585 502 609 ὃ(
514 579 611 609 οὒῑείίὲ
623 579 728 607 fuerat:
751 564 956 629 &interroga-²

166 630 209 649 tus
228 621 258 648 in
277 619 431 652 exorcismo
450 621 585 660 malignus
607 620 719 658 spiritus
739 641 745 651 ,
768 629 850 657 quare
872 618 956 678 ausus.

166 660 256 690 fuiss'et
269 661 459 691 Christianam
469 665 655 707 extorquere?
675 660 850 698 Respondit:
877 666 888 694 [
902 661 948 696 Ju-

168 700 282 730 stiffirne
293 701 364 734 feci,
386 702 416 730 in
426 712 487 730 meo
497 713 573 731 enim
585 712 642 731 eam
654 701 771 733 inveni,
784 700 831 729 lib.
843 701 876 728 de
886 681 974 737 spe-l*
996 704 1139 730 AMENTIA
1152 721 1158 727 .

167 742 278 770 craculis
287 753 311 770 c.
324 744 392 773 ιω]
416 745 450 771 In
461 744 507 771 die
516 742 625 772 Paschae
638 742 774 770 celebrans
783 740 946 769 solemniter

167 783 241 820 Papa
251 803 259 816 ,
283 783 316 811 :id
328 783 376 811 illa.
396 785 478 813 verba
498 793 561 812 ante
570 783 780 812 Dominicalern
789 783 946 810 orationem

165 823 270 860 posita:
293 829 343 852 Per
354 828 448 852 omnia
460 825 726 862 saculasaculorttm
737 845 744 856 ,
767 822 878 852 Chorus
890 833 946 850 non

165 863 248 892 debet
257 862 424 902 respondere
433 869 525 894 Amen
534 868 612 899 juxta
620 864 749 893 solitum:
772 871 783 899 [
796 866 831 892 ln
840 863 889 892 hac
900 863 947 891 die

165 904 308 943 postquam
319 908 390 943 Papa
400 905 469 934 dicit
481 918 487 934 :
511 908 563 935 Per
574 906 667 935 omnia
680 904 776 933 saecula
786 904 946 933 saeculorum

167 954 231 973 ante
250 947 331 974 Pater
348 946 440 974 noster
452 969 459 979 ,
482 957 540 975 non
566 946 749 984 respondetur
768 949 859 974 Amen
870 956 876 975 ;
900 944 947 972 scd

168 988 240 1024 Papa
269 987 415 1015 continuat
434 1009 441 1019 ‚
473 989 595 1017 Oremus
607 1009 614 1020 ‚
639 986 786 1025 praeceptis
796 1007 802 1013 .
826 987 945 1014 Caerem.

167 1029 251 1056 Rom.
263 1027 309 1059 lib.
323 1026 421 1055 mse&⁸
436 1039 460 1056 2.
472 1039 494 1055 c.
512 1030 557 1058 1.]
581 1030 627 1057 De
645 1028 695 1055 hac
707 1027 824 1062 mystica
842 1026 948 1064 signifi-

165 1067 276 1097 catione
296 1068 368 1106 apud
388 1068 496 1096 nullum
515 1068 568 1108 legi
583 1080 589 1099 ι
612 1078 680 1106 puto
702 1078 793 1096 tamen
802 1067 854 1095 hoc
875 1068 906 1094 in
917 1067 948 1096 si-

165 1118 253 1147 gnum
262 1108 370 1136 laetitiae
382 1108 461 1139 fieri;
483 1119 546 1137 nam
559 1110 623 1148 lego
634 1110 664 1137 in
674 1111 822 1137 Innocent.
835 1109 892 1136 ΙΙΙ.
913 1108 947 1136 il-

166 1149 213 1177 lud
225 1152 316 1177 Amen
328 1149 412 1177 trium
425 1149 562 1186 plaustum
572 1150 720 1178 mulierum
739 1149 773 1177 ad
785 1158 946 1177 monumen-

172 1198 231 1218 tum
251 1198 301 1227 pro
310 1188 427 1218 Christo
445 1189 614 1228 significare.
638 1189 744 1225 [Quod
765 1190 892 1217 mulieres
911 1189 949 1216 la-

167 1230 361 1258 mentabantur
378 1232 475 1258 flentes
493 1232 648 1259 Dominum
660 1251 666 1257 .
689 1230 801 1259 Chorus
821 1229 894 1268 quasi
911 1229 949 1257 la-

166 1271 319 1301 mentando
329 1270 479 1308 respondet
490 1274 583 1300 Amen
595 1293 602 1304 ,
612 1272 646 1299 de
659 1271 730 1299 mist.
743 1270 828 1298 Miss'a:
841 1292 848 1302 ,
858 1272 947 1300 c.12.]

168 1314 204 1341 111
213 1312 380 1350 Apocalypsi
392 1321 442 1349 pro
453 1311 625 1341 substantivo
636 1312 748 1340 nomine
759 1311 894 1348 accipitur
903 1332 911 1343 ,
921 1314 947 1338 ἃ»

168 1352 303 1391 significat
315 1353 462 1380 veritatem
475 1352 560 1391 ipsam
570 1352 946 1385 ess'emialiter,idest‚Demn:

172 1395 262 1428 [Haec
272 1393 347 1421 dicit
359 1395 451 1423 Amen
462 1415 469 1425 ,
489 1404 511 1420 c.
523 1404 548 1433 3.
569 1396 580 1424 ]
602 1394 671 1422 idest
682 1415 689 1426 ,
723 1391 839 1431 ipsamet
865 1391 949 1420 effen-

169 1434 245 1462 tialis
264 1433 368 1462 veritas
380 1454 386 1461 .
410 1434 562 1473 Sigibertus
580 1434 736 1474 Dagoberti
748 1434 848 1462 Gallice
860 1433 948 1471 Regis

168 1475 252 1503 Filius
265 1496 272 1506 ‚
294 1474 358 1515 dum
376 1485 389 1502 a
400 1476 425 1503 S.
439 1476 568 1504 Amando
587 1476 773 1513 baptizaretur
785 1496 793 1507 ,
813 1474 846 1502 :id
856 1484 949 1501 omnes

169 1525 261 1554 preces
270 1515 339 1543 clara
352 1525 419 1543 voce
441 1515 620 1554 respondebat
630 1521 722 1545 Amen
735 1538 742 1548 ,
763 1525 824 1544 cum
836 1526 891 1542 non
902 1513 949 1541 lia.—

168 1557 243 1584 beret
256 1555 345 1584 infans
357 1577 365 1589 ‚
388 1566 468 1594 quam
479 1558 517 1584 xi.
529 1558 587 1585 dies
598 1558 686 1585 :etatis
705 1557 778 1587 ἧκες
802 1555 877 1594 quod
887 1565 949 1593 pro-

1264 27 1388 71 AM

1006 96 1067 116 men
1078 109 1086 122 ‚
1108 85 1276 126 respondere
1286 86 1389 116 faciant
1400 108 1407 115 .
1428 86 1490 114 Hoc
1499 85 1575 116 enim
1586 86 1788 117 diametralitcr

1006 129 1132 157 Rubi-icis
1142 128 1317 158 Pontificalis
1327 150 1336 161 ,
1359 126 1526 165 Miffilisque
1534 129 1688 167 opponitur
1699 151 1707 163 ,
1725 140 1786 168 quae

1005 168 1188 207 praescribunt
1199 192 1207 203 ,
1231 170 1343 199 nonnisi
1360 169 1390 198 in
1399 168 1495 198 ultima
1513 171 1641 199 oratione
1651 169 1702 199 ess‘e
1721 181 1786 209 pro-

1005 211 1191 240 nuntiandum
1201 232 1209 244 ,
1232 215 1260 240 δε
1272 210 1362 248 praxis
1382 210 1440 248 ipsa
1457 210 1488 238 in
1497 210 1583 239 Miffis
1602 211 1718 249 privatis
1729 221 1786 241 tam

1004 250 1203 289 Episcoporum
1216 273 1223 284 ,
1243 262 1326 290 ,quam
1357 253 1475 280 aliorum
1501 252 1710 281 Celebrantium
1731 252 1786 281 hoc

1004 291 1079 319 idem
1099 293 1180 320 docet
1190 313 1197 320 .
1220 294 1278 325 PR.
1298 294 1330 321 in
1349 293 1433 322 Sacris
1452 293 1601 330 Scripturis
1617 298 1713 325 Amen
1734 293 1786 322 ali-

1004 333 1114 369 quando
1125 333 1261 372 significat
1269 354 1279 365 ‚
1295 334 1335 370 sic
1343 335 1399 371 fiet
1409 353 1416 360 .
1439 337 1496 368 [Et
1516 332 1661 372 respondit
1671 337 1785 370 Banajas·

1003 372 1075 401 filius
1085 374 1191 411 Jojadae
1204 373 1290 412 Regis
1300 375 1411 406 ,dicens
1421 395 1429 406 ,
1440 377 1461 403 A
1469 384 1532 403 men
1545 396 1552 407 ‚
1576 385 1589 412 3
1597 395 1603 402 .
1615 377 1688 414 Reg.
1698 386 1720 403 c.
1736 387 1744 403 1
1752 395 1758 402 .
1769 376 1783 405 ]

1003 414 1176 452 Quandoque
1193 414 1373 445 nominaliter
1391 414 1526 444 sumitur.
1552 416 1644 450 [Haec
1664 415 1733 445 dicit
1743 418 1783 444 A-

1003 464 1067 483 men
1078 456 1152 484 testis
1164 454 1253 483 fidelis
1264 475 1271 482 .
1294 456 1449 493 Apocalyp.
1461 458 1472 487 ]
1500 455 1676 493 Quandoque
1688 456 1784 485 verba-

1001 496 1083 529 literd
1107 507 1136 525 iit
1147 508 1173 534 3.
1186 498 1258 535 Reg.
1267 495 1324 533 sup.
1336 496 1507 535 Quandoque
1528 497 1722 525 adverbialiter
1733 507 1784 536 pro

1002 548 1067 565 vere
1079 559 1087 570 ,
1110 537 1175 566 ficut
1188 536 1217 565 in
1228 537 1405 576 Evangeliis:
1431 541 1547 572 [Amen
1567 547 1647 566 amen
1657 538 1720 566 dico
1734 549 1782 567 vo<

1002 578 1082 610 bis.]
1103 580 1146 607 Ita
1158 577 1280 613 Dionys.
1294 576 1424 606 Carthus.
1444 577 1475 606 in
1492 578 1540 611 lib.
1553 589 1579 615 3.
1598 581 1669 617 ch.
1687 589 1744 617 cap.
1760 590 1782 606 r.

1003 628 1054 646 art.
1070 630 1092 647 t.
1116 619 1190 647 Vide
1199 618 1286 647 Glofll
1314 619 1344 648 in
1365 630 1423 648 can.
1432 619 1499 653 *Hoc
1521 628 1630 658 quoque
1640 641 1648 652 ‚
1671 620 1704 647 de
1717 631 1784 648 con-

1003 660 1069 688 secr.
1090 660 1154 688 dist.
1183 671 1204 688 1.
1229 660 1303 688 Vide
1322 661 1401 690 selah
1411 681 1418 688 .

1182 701 1238 738 Qui
1266 705 1421 730 amentiam
1445 701 1602 730 simulabant
1614 723 1622 734 ,
1643 711 1680 729 ne
1702 700 1786 729 idolis

1001 740 1152 769 sacrificare
1162 751 1329 780 cogerentur
1341 763 1347 772 ,
1359 753 1414 780 quo
1425 742 1487 770 loco
1498 741 1585 773 habiti
1597 762 1603 768 .
1614 741 1785 770 Persecutio-

1005 782 1047 810 nis
1059 792 1183 820 tempore
1194 803 1201 815 ,
1223 792 1278 821 quo
1291 783 1451 811 Gentilium
1473 783 1548 812 furor
1571 783 1600 810 in
1611 781 1786 810 Christianos

1002 822 1213 851 debacchabatur
1225 845 1232 855 ,
1252 823 1352 861 eosque
1361 824 1394 851 ad
1403 834 1458 852 :iras
1469 845 1476 856 ‚
1486 833 1516 852 ut
1527 824 1579 852 diis
1590 822 1786 854 sacrificarent,

1002 874 1050 902 per
1062 864 1118 891 vim
1130 865 1253 892 trahebat
1264 887 1272 897 ,
1294 865 1423 892 nonnulli
1432 864 1630 903 suppliciorum
1641 873 1715 892 metu
1726 873 1788 902 per-

1001 904 1093 932 territi
1105 926 1112 937 ,
1135 914 1164 932 ut
1177 909 1203 934 &
1215 915 1308 942 poenas
1318 909 1344 934 δ(
1354 904 1478 933 sacrificii
1488 905 1573 933 scelus
1594 904 1767 932 declinarent
1778 925 1786 935 ,

1003 948 1156 974 amentiam
1168 945 1307 984 fingebant
1320 967 1326 974 .
1339 945 1535 984 significabant
1547 945 1680 983 siquidem
1688 943 1716 973 se
1726 945 1785 973 vel-

1000 987 1025 1014 le
1046 990 1073 1015 &
1093 986 1127 1014 ad
1146 996 1200 1014 aras
1217 987 1344 1014 accedere
1357 1008 1363 1018 ‚
1385 985 1551 1015 &sacrificia
1568 984 1666 1012 offerre
1677 1007 1684 1017 ,
1705 989 1731 1013 &
1743 985 1788 1013 tib-

1001 1027 1131 1062 jurationi
1143 1026 1210 1054 fidei
1220 1025 1383 1055 subscribere
1395 1047 1401 1054 .
1425 1026 1477 1054 Sed
1486 1036 1547 1053 cum
1560 1026 1592 1053 ad
1602 1034 1659 1053 rem
1673 1026 1789 1054 venien·

1004 1067 1068 1095 dum
1078 1076 1134 1095 crat
1148 1088 1154 1099 ,
1178 1067 1328 1104 pei-iculum
1338 1067 1491 1096 evadebant
1501 1088 1509 1099 ‚
1532 1075 1624 1094 mente
1635 1075 1727 1103 captor
1740 1088 1747 1098 ,
1759 1070 1787 1094 ἅ

1002 1106 1173 1136 rationisusu
1183 1108 1326 1136 destitutos
1337 1107 1549 1139 selimulantcs5
1573 1117 1629 1146 quo
1652 1106 1711 1136 vrso
1730 1109 1789 1135 Ma-

1003 1148 1130 1185 gistratus
1140 1158 1185 1175 eos
1199 1169 1206 1180 ,
1218 1157 1357 1186 tamquam
1378 1147 1418 1176 sui
1431 1148 1548 1185 impotes
1558 1170 1565 1180 ,
1590 1148 1707 1186 effugere
1718 1148 1786 1176 sine-

1003 1189 1086 1215 bant:
1110 1188 1339 1226 quemadmodum
1350 1190 1452 1216 David
1462 1199 1519 1216 non
1535 1189 1649 1217 absimili
1668 1188 1788 1219 artificio

1002 1229 1103 1265 Achiso
1115 1229 1199 1257 illusit
1210 1250 1217 1260 ‚
1241 1238 1302 1257 cum
1312 1239 1373 1257 eum
1386 1229 1472 1257 vellet
1484 1228 1640 1257 interficere
1653 1250 1659 1257 .
1684 1228 1789 1265 Hujus·

1003 1268 1078 1296 modi
1090 1269 1226 1297 simulatio
1235 1273 1262 1298 ὃ(
1271 1269 1386 1298 collusio
1404 1270 1434 1298 ab
1445 1270 1562 1298 Ecclesia
1571 1269 1743 1307 spestabatur
1754 1280 1783 1298 ut

1001 1308 1128 1337 subtilior
1138 1310 1261 1347 quoidam
1272 1314 1299 1338 ἃ
1309 1310 1481 1338 artificiofior
1491 1311 1636 1349 religionis
1647 1311 1785 1349 abnegan-

1004 1350 1045 1378 dae
1058 1350 1129 1378 ratio
1140 1371 1147 1377 .
1171 1351 1258 1379 Unde
1277 1361 1325 1389 per
1353 1351 1458 1389 regulas
1480 1351 1689 1389 poenitentiales
1709 1353 1786 1379 Petri

1002 1391 1212 1424 Alexandrini,
1237 1403 1296 1420 can.
1311 1402 1335 1427 5.
1356 1392 1423 1420 tales
1434 1413 1441 1423 ‚
1465 1392 1570 1420 etiamsi
1581 1402 1629 1420 nec
1639 1388 1688 1428 ipsi
1707 1391 1789 1420 sacri-

1004 1430 1123 1461 ficasseiit
1133 1454 1140 1465 ,
1165 1442 1212 1460 nec
1232 1433 1299 1460 alios
1317 1442 1366 1469 pro
1386 1431 1414 1460 sc
1426 1431 1603 1461 submisissent
1614 1452 1623 1464 ‚
1645 1430 1691 1459 sex
1711 1442 1789 1459 men-

1003 1472 1069 1500 sium
1092 1473 1264 1510 poenitentiae
1283 1472 1492 1508 sulniciebantun
1502 1495 1510 1506 ,
1534 1483 1567 1500 eo
1578 1471 1653 1511 quod
1673 1472 1788 1510 religio-

1002 1523 1065 1540 nem
1075 1513 1148 1541 susm
1162 1513 1367 1552 quodammodo
1377 1513 1549 1552 abnegassent
1561 1534 1568 1546 ,
1592 1512 1732 1551 animique
1742 1511 1786 1539 sui

1011 1553 1162 1590 abjeetionc
1172 1554 1358 1582 idololatriam
1367 1553 1506 1583 honorare
1517 1554 1566 1582 visi
1575 1553 1659 1582 essent
1671 1572 1678 1579 .

168 1596 278 1636 digium
294 1607 308 1624 a
328 1596 442 1625 diversis
462 1597 544 1626 ctiam
563 1598 745 1636 Scriptoribus
765 1597 839 1625 illius
857 1594 949 1624 saecull
965 1594 1111 1628 Animo,
1131 1595 1236 1634 ligare,
1250 1595 1401 1634 stringere,
1425 1595 1577 1634 significat.
1602 1593 1682 1629 [Cui
1704 1593 1790 1621 famu-

168 1638 296 1670 resertur‚
307 1641 334 1666 δε
347 1638 488 1676 signanter
497 1649 511 1666 a
523 1639 664 1677 Sigiberto
682 1640 711 1666 in
721 1638 832 1667 chron.
843 1637 876 1666 ad
885 1647 947 1665 ann.

169 1686 238 1716 633.
257 1679 293 1707 In
312 1678 604 1707 detestabiliTalmud.
625 1689 758 1708 notantur
780 1689 832 1706 tres
851 1678 954 1715 species

169 1718 338 1749 vitiosorum
349 1724 441 1749 Amen
453 1740 460 1747 .
482 1719 626 1753 Primum,
650 1720 725 1759 quod
744 1720 897 1758 appellatur
912 1722 952 1747 A·

168 1771 230 1788 men
247 1761 387 1797 pupillum
398 1782 405 1792 ,
428 1764 456 1788 &
485 1760 524 1788 est
552 1761 663 1799 quando
673 1783 680 1793 ,
703 1759 810 1788 scilicet
824 1782 831 1792 ,
854 1759 953 1798 aliquis

169 1800 318 1838 respondet
338 1801 370 1828 ad
390 1800 530 1829 orationes
540 1823 548 1834 ,
571 1812 634 1839 quas
647 1812 705 1830 non
724 1801 864 1839 intelligit
877 1820 884 1827 .
907 1801 953 1827 Se-

172 1842 292 1870 cundum
303 1842 616 1879 Amenfitbreptitlum,
628 1847 655 1871 δ(
666 1842 703 1870 est
717 1842 829 1879 qur-ndo
841 1840 952 1878 respon-

169 1882 248 1908 detur
258 1892 334 1909 extra
345 1892 450 1920 tempus
463 1903 469 1909 .
489 1883 615 1911 Tertium
626 1887 717 1912 Amen
733 1882 828 1918 scc'hle
840 1903 848 1915 ,
868 1892 952 1920 quan-

168 1922 205 1949 do
217 1943 224 1954 ‚
238 1933 335 1960 nempe
346 1944 353 1955 ,
378 1922 558 1960 respondetur
570 1933 662 1951 mente
674 1923 800 1951 distracta
814 1944 820 1955 ‚
843 1926 870 1950 ἃ
880 1922 950 1959 quasi

171 1961 260 1990 divisa
271 1984 277 1989 .
300 1962 450 2001 Ingeniosa
461 1965 499 1992 est
510 1963 694 1992 consideratio
705 1963 753 1990 illa
765 1963 878 1992 Abbatis
890 1964 951 1999 Joa⁴

169 2001 257 2030 chimi
271 2003 301 2030 in
312 2014 334 2030 c.
352 2015 373 2031 1.
386 2005 540 2043 Apocalyp.
554 2004 597 2033 ubi
607 2005 646 2033 ait
657 2026 664 2036 ,
677 2003 752 2042 quod
761 2002 869 2041 semper
878 2004 952 2031 Deus

170 2042 203 2071 in
213 2042 353 2081 principio
364 2046 470 2081 periodi
494 2046 595 2083 incipit
616 2055 677 2074 cum
687 2044 735 2072 hac
746 2044 871 2072 dictione
882 2066 889 2075 ,
911 2048 953 2073 A·

171 2094 232 2111 rnen
245 2104 253 2115 ‚
275 2093 305 2111 ut
323 2084 392 2111 clare
413 2087 441 2112 in
451 2088 546 2114 multis
557 2088 642 2115 Sacrae
656 2086 805 2123 Scriptura:
828 2085 895 2113 locis
908 2095 961 2131 pa]

1005 1635 1088 1663 latam
1108 1635 1206 1664 videns
1218 1634 1421 1665 phariseorum
1440 1636 1643 1674 cupiditatem,
1666 1644 1790 1662 amenta-

1013 1676 1055 1703 vit
1066 1675 1135 1705 hanc
1145 1675 1310 1713 sententiam
1323 1697 1329 1704 .
1352 1677 1469 1708 Tertull.
1488 1677 1534 1705 lib.
1549 1689 1575 1712 4.
1594 1674 1701 1703 advers.
1715 1676 1788 1703 Mar-

1009 1717 1083 1744 cion.
1102 1728 1124 1745 c.
1138 1728 1184 1756 33.
1203 1718 1264 1746 Alii
1277 1727 1369 1746 tamen
1390 1718 1487 1746 melius
1497 1717 1550 1746 hoc
1571 1716 1683 1744 verbum
1696 1715 1789 1742 fulmi-

1009 1768 1074 1785 nare
1085 1758 1250 1799 intelligunt
1265 1780 1272 1790 ,
1296 1759 1370 1796 quod
1382 1759 1466 1796 magis
1477 1757 1567 1785 textui
1578 1756 1769 1784 conformatur
1781 1778 1789 1788 ,

1007 1797 1149 1836 desumpta
1159 1798 1319 1837 metaphora
1330 1809 1362 1826 ex
1373 1797 1473 1836 sagitta
1485 1820 1493 1830 ,
1515 1808 1574 1836 que
1586 1808 1619 1825 co
1634 1795 1790 1824 violentius

1008 1849 1102 1877 paratu
1108 1850 1118 1867 r
1134 1840 1168 1867 ad
1179 1850 1252 1868 arcus
1262 1838 1393 1867 chordam
1407 1860 1415 1871 ‚
1437 1849 1497 1876 quae
1508 1847 1654 1866 amentum
1665 1837 1769 1864 dicitur
1781 1858 1788 1869 ‚

1007 1880 1117 1917 quando
1134 1879 1250 1917 ipsamet
1269 1878 1372 1907 chorda
1394 1879 1428 1907 ad
1450 1889 1575 1907 mentum
1595 1877 1789 1916 protrahitur,

1009 1922 1066 1949 Ht.
1078 1921 1194 1949 Tertull.
1207 1920 1294 1958 phrasi
1307 1920 1493 1949 Ciceroniana
1505 1919 1564 1948 usus
1579 1919 1626 1946 est.
1637 1918 1702 1946 Cic.
1714 1918 1790 1945 enini

1007 1961 1040 1989 de
1059 1962 1200 1993 Oratore,
1222 1963 1407 1996 [Amentatas
1427 1960 1513 1988 hastas
1534 1960 1565 1989 ab
1584 1959 1634 1987 illo
1645 1958 1768 1996 accipere
1780 1980 1789 1989 ‚

1006 2001 1103 2040 easque
1111 2002 1228 2030 oratoris
1238 2002 1349 2034 viribus,
1360 2000 1522 2039 lacertisque
1531 2009 1669 2038 torquere,
1680 2001 1692 2029 ]
1706 2008 1792 2026 meta-

1007 2041 1121 2080 phorice
1140 2043 1214 2071 dixit
1233 2064 1241 2075 ‚
1276 2053 1327 2079 pro
1349 2042 1519 2081 argumentis
1541 2040 1651 2070 aliunde
1673 2040 1789 2077 petitis,

1006 2083 1082 2120 quali
1107 2084 1159 2111 tela
1172 2104 1180 2115 ‚
1205 2083 1300 2121 quibus
1323 2084 1410 2111 utitur
1432 2084 1556 2112 Orator.

171 2132 232 2154 tet‚·
251 2133 278 2151 at
291 2135 339 2151 nos
350 2127 477 2154 mortssles
497 2127 602 2165 semper
621 2127 651 2155 in
662 2126 717 2154 fine
727 2128 820 2154 Amen
830 2125 1238 2163 pronun<{Amritcmminrtm
1248 2145 1254 2150 .
1279 2124 1354 2152 Vide
1375 2128 1619 2152 Marriamentum
1629 2141 1635 2148 .

170 2164 269 2192 ciamus
280 2185 286 2192 .
308 2168 342 2192 Et
362 2175 433 2193 ratio
451 2167 488 2195 est
500 2190 506 2199 ‚
530 2169 592 2206 quia
602 2169 708 2197 Auetor
727 2166 854 2194 vei-'itatis
863 2187 871 2198 ,
894 2165 1106 2193 imo'AMoeTth
1117 2186 1125 2196 ‚
1136 2164 1239 2192 dicitur
1249 2164 1333 2192 etiam
1344 2165 1541 2201 Atnbolagium
1550 2185 1561 2202 .¹
1572 2162 1791 2198 Anabolagium.

170 2206 269 2233 veritas
281 2205 396 2242 metipsi
407 2207 444 2234 est
456 2209 530 2236 Deus
540 2229 547 2235 .
571 2210 631 2237 Nos
644 2218 711 2236 vero
724 2206 851 2234 veritatis
873 2197 961 2244 pedi-l

169 2244 267 2283 sequi,
289 2249 316 2274 ὃ(
335 2245 467 2284 discipuli
490 2247 595 2276 finnus.
619 2251 738 2287 Nequeo
758 2247 870 2275 tandem
891 2233 961 2285 per-l

170 2286 263 2324 cipere
273 2296 391 2324 quonam
404 2288 482 2325 paeto
493 2310 499 2320 ,
523 2299 565 2316 aut
579 2290 759 2318 fundamento
769 2310 776 2321 ,
799 2287 887 2325 aliqui
897 2298 931 2316 cs
938 2282 960 2339 -d'

170 2337 356 2355 remonmrum
378 2330 476 2356 Roma:
504 2329 684 2363 Diretstores,
707 2330 772 2358 dum
788 2328 953 2357 solemniter

168 2367 474 2407 inditium-Episcopus,
492 2369 526 2397 ad
547 2370 884 2408 quamlibet‘orationcm,
906 2374 949 2400 A-

1005 2205 1212 2241 Anagolagium
1224 2226 1231 2237 ,
1242 2208 1268 2232 ἃ
1281 2206 1431 2239 Humerale
1442 2226 1449 2237 ‚
1472 2205 1666 2233 indumentum
1687 2200 1791 2229 sacrum

1006 2245 1062 2277 est,
1081 2246 1141 2273 aD.
1155 2245 1332 2280 Hieronymo
1351 2245 1527 2275 Anaboleum
1547 2244 1731 2281 appellatum.
1755 2242 1791 2269 In

1007 2284 1104 2314 Theat.
1116 2295 1168 2314 rer.
1182 2286 1254 2314 Eccl.
1267 2297 1280 2314 ιι
1291 2297 1383 2325 graeco
1396 2286 1480 2315 verbo
1489 2283 1609 2320 ἅναβαέλ)
1621 2295 1700 2320 ομοα,
1711 2281 1791 2312 idest,

1007 2324 1108 2355 induor
1119 2346 1126 2354 .
1146 2327 1310 2365 Antiquitus
1320 2327 1472 2365 ponebatur
1482 2325 1560 2363 supra
1573 2334 1653 2363 caput
1665 2344 1672 2355 ‚
1692 2321 1792 2350 eodem

1005 2367 1089 2396 modo
1101 2389 1109 2401 ‚
1132 2377 1187 2406 <luo
1196 2378 1209 2396 a
1221 2368 1369 2407 Religiosis
1390 2368 1477 2398 hodie
1486 2365 1645 2397 observatur
1656 2384 1664 2396 ›
1687 2363 1793 2430 Pegl'h'

1662 2413 1711 2432 can
1732 2414 1749 2430 o
