1866 2526
82 88 217 117 Miseni
227 102 238 116 ‚
246 79 303 110 five
311 79 411 117 Musca
420 99 428 112 ,
438 20 532 111 Ῑπέζι,
541 19 620 107 faties
630 74 727 106 fictitia
739 99 748 112 ,
757 75 856 106 Italice
865 81 929 106 Ma-
945 75 1085 106 ΜΑτκυε
1096 78 1246 106 Atos-roci
1257 98 1266 110 ,
1277 19 1410 116 {iiiii-:de
1419 85 1452 104 co
1463 86 1520 105 non
1530 77 1561 106 fit
1570 35 1684 108 menti?
1691 34 1791 110 ÷117Ca=

120 126 235 165 schem,
255 121 331 150 Hfinc
341 118 508 149 Anthemus
522 119 558 150 de
568 117 673 157 septem
682 117 841 157 capitalibus
852 117 928 147 vitiis
986 126 1060 161 non-c
1070 115 1160 148 Misslz
1179 125 1245 147 ante
1263 117 1500 162 consecrationem
1515 127 1578 146 cum
1596 120 1702 150 caeteris
1714 124 1792 166 Apo·

291 160 295 164 ·
985 155 1079 189 stolis5
1098 156 1144 186 sed
1156 165 1263 188 tantum
1272 159 1306 188 de
1317 170 1350 188 eo
1359 157 1391 187 fit
1402 167 1508 188 mentio
1528 159 1590 197 post
1607 160 1791 191 consecratio-

290 169 360 190 init:

129 171 323 242 ιεέἴᾷιιῗὲαε
334 198 503 230 mascharum
513 199 593 228 facies
605 199 714 229 cristata
724 198 826 228 lacessit
837 220 846 232 ‚
983 207 1046 226 nem
1056 218 1063 226 .
1087 197 1160 226 Vide
1169 202 1266 229 Canon
1275 199 1357 244 Meffa
1369 219 1386 243 .-
1621 239 1627 244 -

159 246 235 275 Cum
247 243 389 273 larvam&
398 239 535 271 maselum
548 241 625 269 miles
637 251 694 268 non
705 239 817 270 horreat
827 240 927 276 audax,
944 240 1160 283 MAriiicAitius
1170 260 1178 272 ‚
1198 238 1268 270 faber
1287 242 1420 279 lignarius
1438 261 1445 268 .
1470 246 1483 276 [
1504 240 1636 285 ξῃιετεῆε
1655 243 1790 285 Praetores

161 284 217 321 Qui
227 283 342 322 proprio
352 281 435 311 fretus
447 281 588 320 praesuiiiit
601 280 713 309 stridere
724 281 800 320 gestu
809 301 816 309 .
982 288 1095 317 oportet
1106 301 1114 313 ‚
1133 289 1246 309 Vicenos
1256 280 1346 310 secum
1364 280 1464 310 habere
1475 281 1578 310 milites
1588 303 1597 315 ,
1619 285 1647 311 &
1669 292 1789 312 tricenos

119 328 210 363 Quare
222 329 250 354 δε
261 321 428 362 strigam‚seu
437 321 588 351 veneficam
597 321 680 350 etiam
690 321 925 360 fignificat,[Nul-
983 319 1153 348 matricarios
1163 321 1266 359 Julian.
1277 321 1448 352 Antecessor.
1459 322 1570 351 constit.
1583 333 1630 360 ²3·

118 369 161 396 liis
172 363 318 406 presumat
327 363 429 392 aldiam
437 363 567 396 alienam,
577 371 623 392 aut
633 362 772 396 ancillam,
782 363 855 401 quali
867 362 926 391 stri·
944 361 1128 391 Marrucinii
1139 382 1146 394 ,
1169 364 1306 402 catalogus
1315 385 1323 396 ‚
1347 363 1377 391 in
1387 373 1442 402 quo
1453 373 1582 408 pauperes
1605 372 1656 401 pro
1667 364 1790 394 elecmo-

117 417 180 447 gam
190 428 199 441 ,
209 415 270 445 quae
283 404 386 434 dicitur
396 402 508 434 Mascha
520 425 528 436 ‚
539 403 676 435 occidere,
687 403 706 432 l.
717 403 818 436 nullus,
829 404 863 432 de
874 402 926 432 ho-
983 399 1052 436 syna
1063 400 1202 441 largienda
1222 404 1388 433 notabantur
1399 424 1405 431 .
1430 410 1442 440 [
1454 404 1599 433 Matricula
1619 405 1720 434 Sanftae
1731 407 1790 434 Ma-

121 447 240 477 micidio
248 444 390 474 servorum
402 465 409 477 ,
429 447 456 472 &
468 445 485 472 l.
497 444 517 473 si
530 445 590 483 quis
600 443 732 472 mundum
743 464 752 476 ‚
763 444 798 472 de
809 444 924 472 mundu-
983 442 1030 470 riae
1043 463 1051 475 ,
1074 452 1132 480 qaue
1143 442 1246 472 dicitur
1263 443 1468 474 xenodochion
1480 467 1488 478 ‚
1506 445 1551 474 ubi
1568 444 1713 474 duodecim
1725 456 1790 484 pau.

121 489 186 518 aldo
196 509 204 521 ‚
217 491 245 517 ὅ(
256 486 353 516 mundi
365 483 506 514 amiffione
519 512 523 521 ,
535 496 592 514 can.
605 485 694 513 nullus
705 485 907 521 presbyterium
917 505 925 518 ,
981 491 1060 520 peres
1074 483 1169 521 stipem
1179 486 1334 523 expectant,
1344 485 1446 515 solidus
1455 486 1564 515 dabitur
1574 506 1582 514 .
1594 487 1629 515 In
1640 487 1788 515 testamen-

117 530 152 558 de
161 526 313 558 consecrat.
324 525 418 562 dist.5.
431 527 465 554 In
474 525 566 564 primo
578 523 779 564 significatu-V.
791 525 924 553 Cervula.
982 532 1012 550 to
1033 524 1058 551 S.
1071 524 1213 563 Remigii.
1226 527 1238 557 ]
1261 529 1336 556 Item
1345 526 1482 565 catalogus
1501 527 1531 556 in
1550 537 1607 566 quo
1623 528 1729 556 Cle-riti
1743 529 1789 558 ffl-

81 572 236 601 MASNADA
249 588 255 596 .
278 569 334 596 FR.
346 567 467 599 militia,
485 575 651 594 armatorum
669 565 801 603 pedestris
818 566 896 604 copia
916 578 922 593 :
981 564 1121 600 pendiarii
1133 566 1299 597 notabantur
1309 590 1318 601 ,
1341 571 1369 597 ὅ(
1379 567 1491 597 Tabula
1500 569 1703 598 matricularia
1713 569 1788 598 dice.-

117 610 285 646 [Giilielmo
294 608 402 638 Sorello
412 612 423 640 (
433 617 534 644 corrige
547 606 671 637 Borello)
693 606 792 645 Regia
805 606 922 645 privatae
981 603 1056 632 batur
1069 625 1076 631 -
1279 648 1283 652 .
1421 649 1426 653 .
1767 650 1771 655 ι

115 649 254 680 Mai'mdae
266 648 422 680 Solidario‚
439 648 560 684 Hugone
578 646 613 675 de
623 645 702 674 sexto
712 646 796 685 regiae
807 647 922 685 privatae
940 644 1194 676 MATRICULARIus
1209 669 1217 681 ,
1238 649 1325 687 quiin
1347 648 1487 678 matricula
1496 659 1682 679 connotatur:
1706 657 1721 687 ἶ
1731 652 1786 681 D1-

113 690 246 720 Masnade
257 688 411 718 Solidario.
433 687 538 716 Bultar.
550 687 681 717 calinen.
692 697 761 716 tom.
775 700 801 717 2.
813 688 924 717 constit.
979 685 1053 713 &uin
1074 687 1112 714 est
1123 687 1210 721 mihi,
1232 691 1307 728 quod
1325 690 1525 720 matricularios
1547 691 1699 720 ammuh-0
1720 701 1783 721 mco

980 726 1146 755 constitutos
1155 729 1190 757 de
1199 730 1245 759 illa
1255 732 1398 760 matricula
1408 731 1510 766 ejecisti
1523 751 1530 759 .
1541 733 1676 761 Flodoard
1697 733 1743 762 lib.
1756 744 1784 772 3.

980 777 1036 804 cap.
1051 775 1097 795 26.
1109 769 1281 799 Hildoviniis
1290 771 1404 800 humilis
1414 771 1523 800 Christi
1539 772 1652 802 famulus
1662 795 1670 806 ‚
1683 776 1710 802 δ(
1722 775 1783 803 Do-

983 807 1052 835 mini
1064 809 1118 836 mei
1134 810 1266 845 Dionysii
1279 812 1394 842 Pretiosi
1404 834 1412 845 ‚
1435 815 1463 841 &
1475 811 1613 842 sociorum
1623 816 1678 850 ejus
1687 815 1782 844 matri-

980 849 1096 877 cularius
1105 870 1112 877 .
1137 851 1290 881 Hildovin.
1303 854 1332 882 in
1342 853 1420 892 epist.
1431 853 1465 881 ad
1476 853 1610 883 Ludovic.
1622 856 1694 894 Imp.
1707 857 1718 886 ]
1741 856 1786 884 id-

981 889 1019 918 est
1030 911 1038 922 ‚
1063 889 1093 918 in
1102 892 1245 923 matricula
1257 895 1381 923 Ecciefiae
1401 895 1426 923 S.
1436 894 1567 931 Dionysii
1579 917 1587 929 ,
1608 899 1636 925 ὄε
1645 894 1785 926 sociorum

120 742 186 759 200.
197 731 228 759 in
237 729 292 759 fine
302 749 310 756 .

74 774 255 801 Masoaicus
265 791 274 802 ‚
286 769 426 807 aegyptius
437 789 445 801 ,
455 779 489 797 ex
501 767 612 797 hebr-eo
621 770 750 806 Mesorim
762 791 771 803 ‚
780 772 807 797 δ(
819 769 925 798 arabico

111 812 212 848 Masar
223 832 231 843 ,
251 814 278 839 &
296 811 388 847 Masri
402 831 409 843 ‚
425 809 494 838 idest
505 831 514 843 ‚
535 809 683 848 AEgypuis
693 830 701 842 ,
721 814 748 839 δ(
767 811 926 849 AEgyptius

117 851 256 886 [Obtulit
268 849 411 880 masoricas
421 851 494 879 oleas
513 859 567 878 tres
586 850 674 879 serico
695 859 784 880 textas
794 873 802 884 ‚
822 852 926 880 colore.

111 902 164 930 que
175 892 296 930 depictas
306 913 313 923 ,
325 901 385 930 quae
399 891 428 919 in
439 891 555 919 circuitu
568 891 671 920 Altaria
682 891 925 929 penderent-Ana-

113 931 172 962 itas.
185 931 320 962 Bibliotli.
333 942 361 961 iri
374 934 467 961 Leone
477 933 530 960 1v.

70 975 200 1002 misma
215 994 223 1001 .
247 973 320 1002 Vide
341 978 496 1010 Synagoga.

71 1014 180 1042 Missi
192 1034 199 1041 .
223 1014 296 1042 Vide
318 1014 437 1051 Mansus
447 1034 456 1040 .

71 1056 270 1084 Massiuam
281 1075 288 1086 ,
301 1055 379 1083 unite
389 1075 397 1087 ‚
415 1053 484 1082 &in
496 1053 604 1082 massam
613 1055 752 1084 redastum
771 1057 912 1087 communi

112 1105 153 1122 ier
165 1115 172 1122 .
185 1101 196 1130 [
209 1093 362 1124 Mall'aliter
375 1104 466 1124 totum
478 1095 603 1124 Ecclesiae
616 1097 748 1126 tributum
761 1097 807 1125 fibi
819 1098 921 1138 irroga-

111 1146 176 1164 runt
187 1156 194 1163 .
210 1137 330 1164 Tertull.
342 1137 376 1165 de
388 1135 450 1174 stiga
459 1136 488 1163 in
498 1135 629 1174 persecut.
641 1148 698 1176 cap.
714 1148 756 1174 ¹3·
770 1140 782 1169 ]
803 1139 860 1168 PR.
870 1140 922 1168 ibi—

111 1176 174 1204 dem
187 1186 244 1213 cap.
262 1184 305 1205 16.
317 1177 459 1205 reiteravit
469 1197 478 1208 ‚
493 1176 641 1215 inquiens.-
657 1182 774 1216 [Atque
784 1188 821 1207 ita
831 1179 921 1209 maffa-

109 1217 178 1245 lirer
187 1215 303 1245 solidata
313 1217 411 1246 definit
422 1237 429 1244 .

67 1259 99 1286 M
106 1267 223 1286 assistis
234 1279 243 1290 ‚
264 1258 358 1286 unitus
370 1279 378 1290 ,
388 1258 541 1286 communis
553 1279 561 1291 ‚
581 1259 692 1298 integer
704 1282 710 1288 .
723 1265 734 1295 [
746 1260 898 1290 Reducium
909 1283 918 1295 ‚

108 1297 218 1327 scilicet
229 1319 238 1330 ‚
251 1297 282 1326 in
290 1298 456 1331 Dominum,
468 1308 498 1326 ut
508 1298 539 1327 in
549 1299 682 1329 massalem
693 1300 768 1329 suam
776 1300 916 1331 summam.

104 1338 280 1368 Tertull.'lib.
292 1350 320 1375 4.
330 1339 437 1369 advers.
448 1340 590 1369 Marcion.
601 1351 658 1379 cap.
675 1353 684 1370 1
694 1347 718 1370 8.
730 1344 742 1374 ]
756 1341 896 1372 Malialem
907 1365 915 1377 ,

105 1378 175 1409 idest
186 1401 194 1413 ‚
218 1379 355 1419 integram
369 1401 377 1408 .

65 1421 214 1450 MassAiu
225 1441 233 1448 .
257 1422 314 1450 PR.
327 1420 525 1451 Molendinum
536 1421 569 1450 ad
580 1432 678 1451 cannas
688 1423 777 1452 mellis
787 1423 916 1464 frangen-

103 1460 166 1489 dae.
186 1461 336 1490 Bullatium
346 1462 476 1490 Calinen.
497 1470 566 1490 tom.
579 1473 605 1491 2.
615 1463 700 1492 const.
715 1468 779 1499 185.
792 1475 821 1492 n.
833 1475 857 1501 5.
880 1467 915 1494 In

105 1500 200 1528 Sicilia
209 1511 243 1528 cx
254 1511 348 1539 gracco
356 1522 364 1533 ‚
383 1507 502 1538 Trapeto
513 1511 628 1532 vocatur
638 1523 645 1531 .

63 1542 239 1570 Missmuus
253 1562 260 1572 ,
272 1542 319 1578 qui
330 1541 360 1570 in
371 1541 447 1570 malla
457 1563 464 1573 ‚
477 1541 523 1571 seu
533 1543 638 1581 pra-’dio
649 1544 755 1573 caeteris
767 1545 875 1583 praeest,
887 1550 914 1575 δ(

104 1591 195 1609 curam
207 1581 418 1611 administrandi
430 1581 490 1610 vice
500 1583 608 1612 domini
616 1583 699 1613 liabet
709 1605 716 1612 .
741 1587 799 1615 FR.
810 1587 913 1615 Bullar.

102 1622 233 1651 Cafiiien.
251 1631 320 1650 toni.
333 1634 358 1651 2.
369 1622 481 1652 constit.
493 1629 539 1659 48.
552 1636 557 1652 :
572 1626 598 1658 il:
612 1625 706 1655 Hodie
717 1635 808 1655 tamen
817 1637 914 1656 omnes

101 1661 248 1695 massk:‚seu
261 1662 396 1691 territorii
409 1664 527 1702 operarii
540 1665 657 1702 Massari
669 1666 698 1694 in
709 1667 846 1706 aliquibus
856 1670 910 1698 Ita-

102 1702 147 1731 liae
160 1703 316 1732 Provinciis
328 1713 464 1733 vocantur
475 1725 483 1732 .

61 1744 247 1772 Massiuam
258 1766 266 1776 ‚
278 1745 411 1773 Haeretici
427 1766 434 1772 .
446 1746 481 1772 V.
493 1746 617 1775 Eucheta
629 1768 637 1780 ,
647 1752 804 1778 precatores
814 1770 821 1778 .

54 1785 230 1815 lilasricnis
241 1806 250 1817 ‚
260 1785 406 1823 productio
418 1807 424 1813 .
443 1786 517 1814 Vide
525 1787 639 1816 schinus
650 1807 657 1815 .

61 1824 259 1854 Misricmus
270 1847 278 1858 ‚
298 1826 434 1855 mastichis
445 1828 669 1864 patronymicum
679 1850 687 1862 ‚
707 1830 783 1868 quod
791 1830 848 1860 alio
858 1842 907 1861 no·
931 1867 936 1871 .

100 1864 177 1892 mine
189 1868 334 1895 Acantica
347 1867 448 1895 dicitur
459 1879 466 1895 :
476 1870 631 1905 masticina
642 1881 733 1898 crocea
743 1872 825 1900 veltis
836 1894 843 1905 ,
866 1874 910 1901 vi-

99 1903 202 1933 delicet
212 1926 220 1937 ,
232 1905 299 1934 idest
311 1927 320 1939 ‚
332 1904 447 1936 subflavi
457 1908 557 1937 coloris
569 1930 577 1941 ‚
588 1909 622 1938 de
633 1920 683 1948 qua.
693 1910 790 1940 Ilidor.
803 1913 849 1941 lib.
865 1925 909 1950 19.

99 1954 122 1971 c.
138 1956 151 1973 2
159 1950 183 1973 8.
195 1945 238 1973 ubi
250 1956 307 1984 agit
317 1946 351 1976 de
361 1948 497 1977 coloribus
508 1949 625 1978 vestium
636 1971 644 1978 .

57 1986 321 2016 Masriooruouus
350 1986 551 2027 μαςιγεφόρος,
560 2001 574 2018 :i
587 1993 714 2029 Mastige,
725 1991 792 2022 idest
804 2015 812 2027 ,
827 1993 909 2023 scuti-

97 2036 127 2054 ca
137 2047 145 2058 ‚
158 2026 301 2056 dicebatur
312 2028 436 2058 Minister
448 2031 592 2069 flagellil'ei·
602 2052 610 2064 ‚
621 2032 688 2070 qui,
706 2031 814 2062 scilicet
824 2056 832 2068 ‚
842 2046 907 2075 ago-

97 2066 228 2096 nothetas
241 2078 269 2096 in
281 2067 363 2097 sacris
374 2071 566 2100 certaminibus
578 2073 760 2102 comitabatur
769 2096 777 2107 ‚
798 2076 906 2115 virgam

94 2106 243 2145 praeserens
252 2109 284 2137 ad
296 2108 509 2141 submovendam
520 2113 622 2141 turbam
633 2134 641 2146 ,
655 2117 682 2142 ὅ(
693 2114 855 2144 cohibendas
863 2116 906 2146 se-

93 2148 217 2178 ditiones
229 2170 235 2176 .
247 2149 362 2179 Budaeus
372 2171 379 2179 .
392 2157 404 2187 [
417 2152 619 2192 Mastigophori
631 2174 640 2185 ,
659 2155 705 2193 qui
716 2156 905 2194 agonothetas

93 2188 124 2216 in
135 2190 329 2219 certaminibus
338 2193 507 2222 comitantur
517 2216 526 2227 ‚
546 2195 565 2223 l.
577 2195 628 2223 ult.
637 2195 665 2226 ξ.
677 2196 883 2236 Malkigophori‘
894 2221 902 2233 ‚

93 2229 128 2257 de
138 2238 212 2258 mun.
225 2234 251 2259 δ(
262 2229 364 2261 honor.

50 2269 163 2298 Mam
173 2290 180 2297 .
205 2271 279 2300 Vide
297 2277 389 2302 Mana
398 2295 405 2301 .

48 2310 302 2341 Mariieamricus
311 2334 318 2342 .
343 2315 418 2343 Vide
429 2317 582 2355 Astrologia
593 2338 601 2352 ,
614 2318 812 2349 Genethliacus
821 2341 830 2355 ,
840 2329 900 2361 ,²17-

59 2376 63 2379 .
86 2350 248 2383 dromantia
258 2374 264 2381 .
278 2357 454 2385 Remediator
462 2377 472 2395 μ

979 929 1130 969 adscriptus
1141 953 1149 960 .

940 970 1139 1002 ΜΑτκιευκῐΑ
1150 994 1158 1001 .
1181 976 1309 1005 Matrona
1323 997 1331 1009 ,
1348 986 1408 1015 quae
1421 975 1548 1006 Ecclefize
1567 988 1660 1007 curam
1670 977 1783 1007 habebat

981 1017 993 1046 [
1007 1013 1136 1042 Mulieres
1147 1037 1154 1047 ‚
1177 1026 1236 1055 quae
1247 1017 1318 1055 apud
1327 1019 1439 1046 ercos
1450 1017 1616 1054 Presbyterae
1632 1029 1765 1048 vocantur
1774 1042 1784 1054 ,

979 1053 1050 1091 apud
1059 1065 1109 1083 nos
1120 1056 1210 1085 viduae
1221 1079 1229 1090 ,
1239 1056 1362 1086 seniores
1374 1080 1382 1091 ‚
1404 1058 1523 1087 univira:
1534 1081 1542 1092 ‚
1554 1059 1720 1089 matricuriae
1731 1071 1782 1088 vo-

975 1103 1074 1122 cantur
1083 1117 1090 1128 ,
1102 1107 1164 1125 can.
1176 1099 1305 1127 Mulieres
1315 1099 1377 1128 dist.
1388 1109 1402 1136 3
1411 1110 1436 1128 2.

935 1134 1162 1166 Mnrumomvsi
1173 1159 1179 1165 .
1201 1140 1257 1168 PR.
1268 1140 1428 1178 conjugium
1439 1151 1446 1168 :
1458 1138 1560 1168 dicitur
1571 1141 1783 1171 Matrimonium

977 1175 1050 1213 quali
1059 1179 1152 1206 matris
1164 1179 1289 1208 munium
1301 1202 1309 1213 ,
1320 1181 1397 1214 idest,
1408 1181 1550 1218 officium,
1561 1180 1652 1210 Gloss.
1664 1182 1692 1211 in
1702 1183 1785 1221 prin-

974 1216 1048 1255 cipio
1059 1239 1067 1251 ‚
1082 1230 1127 1251 27·
1139 1230 1184 1258 qu.
1201 1232 1223 1249 ι.
1236 1221 1323 1250 Aliud
1333 1222 1370 1250 est
1382 1222 1539 1260 legitimum
1549 1243 1557 1255 ‚
1568 1226 1595 1251 ὃ(
1605 1233 1664 1251 non
1672 1233 1781 1256 ratuin5

974 1258 1046 1286 aliud
1056 1259 1214 1298 legitimum
1226 1283 1234 1294 ‚
1244 1265 1271 1291 δε
1283 1272 1371 1291 ratum
1382 1285 1388 1295 ‚
1399 1272 1460 1291 can.
1473 1263 1491 1292 fi
1503 1262 1562 1301 quis
1579 1263 1698 1301 Judaicae
1712 1285 1720 1297 ,
1733 1269 1780 1293 28.

972 1308 1018 1336 qu.
1034 1310 1056 1327 i.
1080 1301 1126 1329 Ad
1137 1303 1349 1332 matrimonium
1360 1301 1583 1332 contrahendum
1596 1305 1646 1333 tria
1657 1304 1722 1334 sunt
1734 1316 1783 1333 ne-

972 1338 1078 1368 cessii-ia
1088 1363 1097 1374 ,
1109 1352 1224 1382 nempe,
1234 1343 1380 1373 consensus
1391 1366 1398 1377 ‚
1423 1348 1449 1373 δ(
1461 1344 1536 1383 quod
1546 1344 1577 1373 sit
1587 1346 1669 1383 pubes
1678 1368 1686 1380 ,
1709 1350 1736 1376 δ(
1746 1347 1780 1375 ad

970 1382 1126 1411 coeundum
1146 1394 1244 1422 potens
1253 1405 1260 1411 .
1284 1385 1377 1414 Gloil'a
1389 1385 1418 1413 in
1442 1386 1467 1415 S.
1489 1384 1680 1425 sponsalia30.
1693 1397 1739 1426 qu.
1752 1399 1779 1416 2·

970 1422 1052 1450 Adde
1062 1433 1095 1452 ex
1109 1426 1223 1454 Concil.
1234 1426 1362 1454 Trident.
1373 1436 1501 1465 quartum
1514 1427 1675 1464 requiritum
1696 1430 1779 1457 Paro-

970 1461 1015 1491 chi
1024 1463 1202 1501 praesentiam
1213 1487 1220 1493 .
1244 1466 1389 1495 Pei-ficitur
1399 1477 1488 1495 autem
1510 1467 1718 1497 matrimonium
1730 1479 1779 1507 pei·

971 1506 1197 1539 conjunstionem
1207 1529 1214 1540 ,
1227 1516 1282 1545 quo
1293 1508 1326 1536 ad
1337 1507 1377 1536 sui
1390 1507 1622 1545 iignificationeni
1633 1530 1640 1541 ‚
1653 1508 1757 1538 scilicet
1768 1531 1777 1542 ,

969 1544 1068 1573 animae
1079 1546 1167 1576 fidelis
1176 1548 1207 1576 ad
1218 1548 1309 1577 Deum
1324 1553 1351 1578 &
1364 1546 1470 1577 Christi
1482 1549 1514 1577 :id
1526 1549 1678 1578 Ecclclirim.
1690 1550 1778 1579 Giossl

971 1586 1000 1614 in
1011 1596 1074 1614 can.
1083 1598 1135 1626 qua
1145 1597 1260 1627 propter
1273 1611 1281 1622 ,
1309 1600 1355 1621 27·
1366 1599 1410 1627 qu.
1423 1600 1448 1617 2.
1459 1591 1523 1625 Ejus
1534 1589 1609 1618 enim
1632 1590 1704 1619 bona
1713 1589 1777 1619 sunt

969 1627 1023 1655 tria
1036 1651 1043 1663 ,
1063 1627 1118 1657 hoc
1128 1630 1166 1658 est
1189 1631 1308 1665 [Omne
1318 1631 1407 1668 itaque
1430 1631 1589 1668 nuptiarum
1612 1631 1713 1659 bonum
1724 1632 1777 1660 im-

971 1668 1076 1706 pletum
1086 1670 1124 1698 est
1136 1670 1165 1698 in
1177 1670 1238 1708 ipsis
1249 1671 1401 1709 parentibus
1414 1670 1522 1699 C'liristi
1534 1693 1542 1703 ,
1565 1672 1655 1708 proles
1669 1694 1677 1705 ,
1689 1672 1755 1702 fides
1768 1693 1780 1710 ,

969 1708 1166 1738 sacramentum
1177 1731 1183 1737 .
1196 1712 1306 1740 Prolem
1317 1710 1510 1750 cognoscimus
1520 1711 1608 1749 ipsum
1618 1713 1776 1742 Dominum

969 1749 1060 1787 Jesum
1070 1771 1078 1778 .
1100 1751 1193 1780 Fidem
1204 1771 1214 1788 ,
1226 1753 1288 1791 quia
1299 1753 1405 1781 nullum
1416 1753 1580 1781 adulterium
1591 1775 1599 1786 ,
1619 1754 1776 1783 Sacramen-

968 1799 1027 1818 tum
1038 1812 1046 1823 ,
1057 1792 1120 1830 quia
1131 1793 1237 1821 nullum
1248 1793 1399 1822 divortium
1409 1814 1416 1821 .
1429 1794 1506 1822 Solus
1517 1794 1552 1822 ibi
1565 1796 1697 1832 nuptialis
1706 1806 1775 1826 coii-

967 1830 1071 1860 cubitus
1082 1843 1139 1861 non
1153 1833 1203 1861 suit
1214 1856 1222 1867 ‚
1246 1835 1307 1872 quia
1317 1835 1347 1864 in
1356 1844 1434 1863 carne
1455 1835 1560 1872 pcccati
1571 1835 1630 1863 ficri
1642 1847 1699 1864 non
1723 1847 1773 1876 po—

966 1871 1020 1900 test
1032 1872 1088 1902 sine
1098 1874 1225 1911 pudenda
1235 1876 1322 1903 carnis
1331 1875 1556 1912 concupiscentia
1565 1897 1573 1908 ,
1597 1886 1657 1914 qux
1671 1878 1774 1907 accidit

967 1923 1000 1941 ex
1011 1923 1123 1950 peccato
1135 1935 1143 1947 ‚
1167 1915 1223 1943 line
1233 1926 1288 1954 quo
1298 1926 1363 1944 vei-e
1385 1915 1495 1954 concipi
1508 1915 1598 1945 voluit
1610 1938 1618 1950 ,
1641 1918 1689 1956 qui
1700 1917 1774 1948 sutu-

968 1964 1011 1981 i'uS
1023 1963 1078 1982 erat
1097 1955 1154 1984 sinc
1165 1965 1278 1993 peccato
1292 1982 1294 1984 .
1320 1967 1378 1985 can.
1389 1966 1473 1985 omne
1487 1957 1579 1995 itaque
1592 1969 1638 1991 27·
1661 1969 1706 1997 qu.
1718 1971 1744 1988 2.
1758 1963 1771 1993 ]

965 1994 1024 2023 Ubi
1037 1995 1131 2033 inquit
1143 1996 1237 2025 Gloii'a
1263 2003 1274 2032 [
1287 1997 1468 2036 Gandulphus
1487 1997 1563 2026 dixit
1584 1999 1640 2028 duo
1652 1998 1702 2028 elle
1712 2009 1772 2029 tan-

967 2044 1024 2063 tum
1034 2037 1103 2064 bona
1114 2038 1286 2065 matrimonii
1299 2060 1306 2070 ,
1329 2037 1433 2067 scilicet
1443 2060 1451 2071 ,
1475 2037 1557 2067 fidem
1568 2061 1577 2072 ‚
1600 2043 1627 2068 ὅ(
1639 2041 1747 2078 prolem
1760 2054 1770 2074 ς

963 2075 1010 2104 sed
1022 2076 1110 2115 ipsum
1122 2079 1325 2107 Sacramentum
1336 2089 1393 2108 non
1403 2079 1455 2108 ene
1465 2080 1567 2108 bonum
1577 2083 1749 2111 matrimonii
1761 2103 1777 2117 ,

964 2117 1015 2146 nisi
1032 2118 1176 2147 tranlitive
1188 2119 1377 2159 intelligatur,
1394 2119 1482 2154 idest,
1500 2121 1603 2150 bonum
1615 2144 1623 2155 ‚
1646 2123 1720 2161 quod
1731 2125 1770 2152 est

962 2157 1051 2196 ipsum
1062 2160 1270 2189 matrimonium
1283 2182 1290 2194 ‚
1301 2162 1362 2199 quia
1371 2162 1576 2190 Sacramentum
1586 2164 1769 2195 matrimonii,

960 2204 1013 2232 (ut
1025 2200 1093 2228 dicit
1106 2204 1118 2232 )
1129 2201 1171 2228 nil
1182 2201 1254 2229 aliud
1265 2202 1303 2229 est
1314 2223 1322 2234 ‚
1346 2212 1425 2240 quam
1435 2201 1524 2241 ipsum
1534 2205 1744 2233 matrimonium
1759 2221 1768 2234 >

958 2239 1007 2269 sed
1019 2241 1080 2274 dic,
1105 2241 1179 2280 quod
1189 2242 1395 2271 Sacramentum
1415 2244 1587 2272 matrimonii
1609 2244 1712 2273 dicitur
1723 2244 1768 2273 liic

958 2280 1149 2320 inseparabilis
1159 2283 1318 2318 conjunctio
1327 2285 1482 2313 animorum
1495 2306 1503 2318 ,
1524 2287 1569 2313 vcl
1579 2295 1662 2314 etiam
1673 2294 1769 2314 mutua

953 2319 1077 2352 servitus
1087 2345 1094 2356 ,
1117 2334 1234 2361 quorum
1245 2333 1392 2364 utrumque
1403 2325 1441 2354 est
1451 2326 1553 2355 bonum
1572 2325 1744 2355 matrimonii
1754 2345 1765 2362 ,

953 2361 1014 2392 fine
1026 2363 1068 2393 his
1078 2373 1167 2394 autem
1187 2365 1266 2395 bonis
1277 2367 1488 2397 matrimonium
1507 2365 1634 2397 contrahi
1645 2377 1703 2437 nitu
1712 2377 1765 2407 po·

1639 2416 1666 2436 te
1703 2419 1709 2437 :
