1866 2526
168 75 250 128 684
534 73 572 115 T
605 72 645 113 R

157 133 237 172 genti
247 129 345 162 laetitia
356 129 451 160 festum
461 125 726 169 Transfigurationis
743 125 814 155 solet
832 125 948 154 celebra-

157 185 186 202 re
199 195 207 206 ,
230 183 260 202 ut
271 182 383 211 egomet
399 171 429 199 in
438 174 539 201 Monte
549 171 654 199 Libano
672 178 705 195 eo
714 166 759 195 die
771 165 883 195 interfui
895 187 903 199 ‚
920 169 947 194 ὃ(

159 213 237 245 vidi5
258 223 320 242 nam
329 210 484 242 Patriarcha
501 221 563 240 curn
571 210 659 238 Clero
676 206 807 236 universo
827 205 947 242 ejusdem

156 253 263 283 Montis
272 260 401 282 cacumen
409 250 532 281 ascendit
543 271 551 284 ‚
562 250 593 278 in
604 254 658 288 quo
669 247 774 277 vei-tice
785 247 884 285 aliquae
904 256 941 274 ce«

155 295 266 323 drorum
278 293 402 331 reliquiae
412 291 510 330 vigent
521 312 530 324 ‚
550 291 584 319 de
594 290 687 328 quibus
697 287 808 318 eximiis
828 287 948 316 laudibus

159 335 191 364 fit
201 335 233 363 in
242 336 297 364 Sac.
308 333 409 371 Pagina
418 332 525 360 mentio
535 343 543 362 5
555 330 619 359 sunt
629 352 636 363 ‚
646 330 757 368 inquam
768 349 776 361 ‚
788 327 831 356 hae
843 329 948 356 arbores

155 375 326 413 proceriores
343 373 416 411 pinis
434 382 548 411 quarum
567 370 656 399 trunci
664 370 787 408 quinque
804 367 948 396 hominum

160 415 288 453 amplexu
306 414 355 443 vix
365 413 529 443 circumdari
540 410 646 451 possiint
659 421 665 441 ς
686 410 816 448 equidem
829 408 946 437 mirabili

158 464 261 485 naturae
283 454 400 483 artificio
414 464 445 482 ex
463 452 560 481 iisdem
579 450 684 479 truncis
704 451 869 488 pullulantes
881 459 946 477 con-

158 496 326 534 templantur
338 495 404 523 rami
415 505 423 525 5
434 493 626 522 diffunduntur
637 490 713 519 enim
722 489 895 518 circumcirca
904 500 948 517 or-

157 536 224 564 dine
234 545 288 564 tam
300 534 488 574 pulcherrimo
498 555 506 567 ‚
526 544 555 563 ut
564 531 700 570 scyphum
717 530 835 569 perseste
852 539 949 559 rotun-

157 577 222 606 dum
232 576 348 605 formare
360 575 504 604 videantur
514 596 522 608 ,
533 573 661 611 foliisque
671 570 757 610 spiffis
769 593 776 604 ‚
787 569 928 599 subtilibus
940 592 948 604 ,

157 627 187 645 ac
197 616 286 645 densis
294 616 411 644 adinstar
424 617 554 655 pinorum
564 637 572 649 ‚
594 613 700 651 semper
710 612 821 650 insuper
832 612 949 640 virenti-

158 658 205 686 bus
214 678 222 689 ,
243 657 280 686 ita
293 667 322 685 ut
332 656 362 684 in
370 657 409 684 eis
421 656 533 695 quisque
549 661 639 692 jacens
649 651 785 692 quiescere
804 652 949 680 commode

157 696 262 736 possets
274 697 384 736 lignum
393 697 512 737 denique
523 695 658 726 nodosum
669 693 716 726 est,
730 693 948 731 incorruPtibile,

158 742 187 767 δ(
196 738 384 768 odoriferum
403 737 469 766 hinc
481 739 593 776 Sapiens
603 736 652 764 ille
661 735 790 763 Salomon
802 744 834 761 eo
843 733 902 762 usus
912 733 949 761 est

157 777 189 806 in
199 779 313 817 Templi
326 778 444 807 aedificio
454 799 461 806 .
485 781 540 808 FR.
560 779 604 806 De
613 775 690 812 hujus
699 775 771 813 ligni
781 773 949 811 incorrupti-

155 819 266 847 bilitate
277 830 329 858 ego
338 819 450 858 quidem
463 819 540 848 valde
552 817 659 848 haessm,
673 825 733 843 nam
745 816 834 852 aliqua
844 814 949 842 notabi-

158 859 196 887 lia
205 858 343 898 segmenta
353 881 361 892 ,
381 860 411 888 ab
423 861 543 889 Auftore
564 860 592 886 in
604 866 711 896 paterna
732 856 816 884 domo
839 854 931 883 relieta
941 877 948 887 ‚

1289 68 1403 115 TR

1007 124 1312 170 lieculiareCollegium
1321 126 1446 158 fundavit
1457 148 1464 156 .
1488 130 1545 160 FR.
1564 128 1690 162 hiantem
1702 132 1794 165 lauda«2

1004 167 1070 210 biles
1080 166 1176 204 populi
1186 166 1251 194 ideo
1260 169 1405 211 Meronitae
1416 171 1596 208 appellantur,
1608 173 1671 212 quia
1681 176 1794 214 quando

1003 205 1145 250 universus
1163 206 1237 245 quasi
1247 207 1352 236 Oriens
1361 209 1521 240 Nestoriana
1538 212 1594 241 labe
1604 215 1773 245 inficiebatur
1782 236 1792 249 ‚

1004 255 1069 275 tunc
1079 247 1124 274 illi
1137 267 1145 279 ,
1165 246 1212 285 qui
1223 247 1421 285 praedicatione
1438 250 1462 278 S.
1473 253 1593 281 Maronis
1611 256 1723 285 Abbatis
1733 278 1741 290 ‚
1762 266 1791 285 sc

1004 289 1061 322 ejus
1072 287 1273 316 Monachoriim
1294 288 1326 316 in
1343 287 1397 316 fide
1407 289 1554 321 Catholica
1570 296 1770 332 permanserant
1783 317 1792 330 ,

1003 327 1149 356 Maronitae
1160 327 1228 355 difti
1238 327 1299 356 sunt
1311 340 1317 356 .·
1339 329 1413 366 quod
1431 339 1520 358 autem
1527 331 1586 362 haec
1608 337 1685 365 natio
1697 338 1793 366 Mono.

1003 367 1110 411 thelitis
1121 366 1271 396 adhaefiiset
1282 389 1291 401 ,
1313 369 1468 398 inconsulte
1486 372 1594 409 prorsus
1603 376 1722 406 afl‘eritur
1732 399 1740 410 ,
1761 387 1792 406 ut

1004 406 1099 436 diffuse
1108 418 1136 436 ac
1149 407 1240 436 valide
1257 409 1369 446 probare
1388 419 1461 448 parat
1472 413 1663 445 :mantiffiinus
1674 418 1792 456 Collega

1005 457 1078 477 meus
1088 469 1096 480 ‚
1124 459 1152 476 ac
1173 448 1375 478 Eruditiffinius
1395 451 1532 480 Dominus
1541 454 1645 483 Faustus
1655 458 1793 489 Naironus

1004 488 1106 527 lingue
1115 487 1275 517 Chaldaicae
1300 489 1330 517 in
1342 490 1570 529 Arcliigymnasio
1581 496 1723 531 Sapientiae
1733 500 1792 528 Ro-

1003 538 1089 557 manae
1102 528 1235 557 Profefl'or
1244 549 1251 557 .
1277 531 1337 557 Hoc
1359 531 1470 568 inquam
1480 532 1661 563 chatolicismi
1671 538 1795 574 jugerum

1009 569 1076 598 licet
1086 570 1235 605 tyrannico
1246 573 1393 599 Turcarum
1409 569 1455 600 sub
1471 575 1539 613 jugo
1555 575 1613 603 dire
1625 576 1793 615 exagitatum

1005 609 1111 648 semper
1122 610 1153 652 sit
1165 631 1172 642 ,
1184 609 1367 640 nihilominus
1377 612 1478 642 bonum
1489 614 1552 643 fidei
1563 626 1676 654 germen
1692 617 1798 655 jugiter

1006 659 1147 679 emanavit
1157 670 1164 677 .

964 691 1199 720 ΤκΑΝειῑοιιῐυΜ
1212 712 1219 723 ,
1242 691 1277 720 sic
1291 691 1376 721 Miss'x
1395 694 1544 734 antiphona
1557 719 1564 730 ,
1587 708 1646 736 quae
1657 699 1726 736 apud
1747 708 1796 727 iios

1009 731 1180 762 Communio
1189 731 1290 760 dicitur
1300 754 1307 765 ,
1330 736 1481 771 appellatur
1492 738 1520 765 in
1530 737 1585 766 ritu
1598 738 1777 767 Ambrosiano
1788 759 1796 770 ,

1005 781 1068 810 quia
1081 781 1145 800 tunc
1155 771 1188 799 ad
1197 772 1317 810 epistolae
1328 783 1412 803 cornu
1422 776 1453 804 fit
1465 778 1591 806 traniitus
1603 799 1610 811 ‚
1622 780 1798 817 quemadmo-

1007 813 1122 857 durnin
1131 812 1188 840 ritu
1197 814 1326 842 Romano
1342 815 1425 844 etiam
1436 816 1594 847 observatur
1606 839 1612 846 .
1633 819 1706 847 Vide
1717 823 1797 847 Com<

1006 863 1101 880 munlO
1111 872 1118 879 ι

158 899 220 938 post
231 909 282 928 tria
291 922 298 933 ‚
312 901 356 929 vel
368 910 484 939 quatuor
494 901 574 928 lustra
585 900 659 926 tinea
668 895 775 924 corrosa
785 895 846 924 sunt
857 907 864 928 i
877 896 951 934 quod
966 895 1211 922 Tmunmxoms
1223 893 1311 922 officii
1323 894 1357 922 ad
1368 894 1474 924 libitum
1486 899 1600 937 Regula.
1615 901 1650 928 V.
1661 899 1797 937 Officium.

156 950 251 969 ‚tamen
262 941 352 979 potest
361 941 422 973 effe,
434 952 463 969 ut
474 951 506 969 ex
517 939 618 969 truncis
628 936 697 966 caesa
706 937 757 965 fint
767 938 850 964 flante
860 937 952 974 aliquo
966 935 1162 963 Titinium
1174 954 1181 965 ‚
1195 933 1325 962 transfero
1337 955 1344 962 .
1359 936 1427 970 [Ut
1437 938 1527 966 nullus
1536 939 1631 967 audeat
1647 942 1721 974 juxta
1732 940 1798 967 San-

158 982 266 1010 nocivo
276 991 366 1009 vento
377 1003 384 1014 ‚
395 983 441 1019 qui
452 982 525 1019 ligna
533 976 722 1016 corruPtibilia
731 977 821 1005 reddit
832 997 840 1008 ,
861 987 951 1015 quam-

160 1021 204 1050 vis
214 1022 276 1050 alias
287 1022 339 1050 {int
350 1032 452 1050 naturae
466 1018 686 1058 incorruptibilis
696 1038 702 1044 .
717 1029 722 1044 ;
736 1019 770 1051 ll:
795 1019 953 1046 Harum-ar-

160 1062 256 1090 borum
276 1062 375 1090 fructus
395 1073 450 1101 quo
469 1062 501 1089 ad
519 1062 631 1100 figuram
651 1058 750 1086 similes
773 1058 952 1096 cupress'oruiii

159 1102 288 1131 fructibus
298 1101 359 1130 sunt
369 1123 378 1135 ,
395 1102 441 1131 sed
451 1113 506 1141 quo
524 1103 557 1131 ad
567 1098 789 1139 magnitudinem
802 1109 858 1126 non
877 1098 950 1127 diffi-

1007 975 1112 1002 &orum
1122 983 1255 1002 canonum
1267 975 1446 1004 traditionem
1466 988 1500 1006 ex
1512 978 1566 1007 alio
1576 978 1739 1017 Episcopatu
1750 978 1800 1007 ibi-

1006 1014 1297 1046 den1t1·‡1n8lami'e‚aut
1305 1016 1470 1046 constituere
1481 1017 1644 1056 Episcopum
1656 1020 1714 1058 post
1725 1029 1800 1047 tuam

1008 1055 1041 1083 de
1051 1054 1103 1082 hoc
1113 1054 1214 1082 saeculo
1225 1065 1430 1086 evacuationem
1440 1078 1447 1085 .
1465 1059 1608 1088 Flodoard.
1628 1060 1674 1090 lib.
1687 1071 1713 1089 ι..
1731 1059 1795 1088 hist.

1008 1095 1146 1124 Rhomen.
1159 1105 1216 1132 cap.
1233 1106 1275 1128 17.

159 1142 238 1171 miles
249 1143 320 1181 pinis
329 1165 337 1175 ,
349 1142 476 1182 intusque
486 1143 593 1180 penitus
607 1140 693 1172 vacui,
707 1139 809 1167 &ideo
819 1140 853 1167 ob
865 1150 953 1168 aerem
967 1137 1201 1165 TRANSMARINUS
1214 1155 1221 1162 -
1247 1137 1319 1166 Vide
1341 1140 1516 1177 Cismarinus
1529 1161 1536 1169 .

161 1183 191 1212 in
201 1184 238 1211 eis
251 1182 385 1212 inclusum
395 1183 520 1212 deorsum
532 1194 589 1211 non
599 1180 721 1219 pendent
733 1179 797 1207 sicut
808 1181 905 1218 reliqui
920 1191 951 1209 ex
967 1178 1205 1209 TRANSMIGROR‚
1217 1175 1269 1204 hoc
1281 1181 1363 1208 verbo
1373 1181 1548 1210 intransitivo
1558 1180 1617 1209 usus
1627 1181 1664 1210 est
1684 1180 1713 1209 in
1724 1180 1801 1210 sensu

163 1234 258 1252 eorum
269 1224 403 1252 arboribus
414 1246 422 1257 ,
432 1224 519 1253 sedin
529 1225 643 1252 Coeium
654 1221 745 1252 erecti,
757 1221 793 1248 ita
805 1231 832 1249 ut
845 1231 858 1248 α
868 1220 952 1259 suspi-

161 1264 297 1294 cientibus
306 1275 339 1293 ex
351 1264 411 1293 solo
421 1266 494 1294 cei-ni
507 1273 642 1302 nequeant
655 1281 661 1288 ·
673 1263 739 1289 Sunt
751 1270 840 1292 amem
853 1261 951 1300 prxtli—

161 1307 212 1333 εἶξε
226 1306 370 1333 cedrorum
379 1307 484 1334 arbores
495 1307 524 1333 in
533 1315 586 1332 tam
599 1313 695 1341 magna
708 1303 886 1330 veneratione
897 1313 953 1330 non

161 1344 250 1373 solum
259 1346 329 1384 apud
340 1345 522 1379 Christianos,
534 1355 629 1373 verum
641 1343 721 1370 eti-im
732 1343 802 1380 apud.
812 1342 954 1371 Mahome-

1008 1216 1115 1255 pillivo
1125 1218 1160 1244 D.
1174 1216 1297 1247 Hilarius
1308 1229 1337 1247 in
1347 1220 1443 1250 Psalm.
1461 1231 1505 1256 51.
1526 1222 1569 1249 ubi
1590 1222 1623 1249 de
1634 1222 1739 1260 populo
1750 1221 1800 1249 he-

1006 1259 1078 1286 braeo
1088 1258 1202 1295 loquens
1211 1278 1219 1289 ‚
1230 1257 1264 1285 sic
1276 1259 1311 1286 ait
1324 1271 1330 1287 .·
1353 1264 1505 1299 [Regnum
1515 1262 1653 1290 destwffiae
1666 1261 1802 1290 Civitatis

1006 1298 1094 1326 amisit
1107 1319 1114 1330 ,
1137 1302 1164 1326 ὅ(
1173 1298 1207 1326 de
1219 1298 1389 1328 tabernaculo
1399 1301 1504 1330 avulsus
1516 1323 1524 1334 ,
1548 1305 1575 1330 δε
1593 1301 1801 1340 transmigratus

1008 1338 1045 1366 est
1056 1358 1064 1370 ‚
1079 1340 1090 1369 ]
1103 1347 1201 1375 nempe
1212 1358 1219 1369 ‚
1231 1341 1373 1368 translatus
1383 1341 1421 1368 est
1430 1361 1437 1368 .

162 1395 252 1419 tanos,
262 1396 300 1414 ita
310 1396 338 1414 iit
349 1386 475 1415 cadentes
487 1387 516 1415 in
528 1395 597 1414 terra
608 1393 696 1413 earum
708 1393 774 1411 rami
784 1394 797 1411 a
810 1384 900 1412 ventis
909 1395 954 1412 ex.
967 1379 1207 1407 TRANSTYRERIM
1218 1399 1226 1410 ³
1239 1379 1381 1417 Antipolis
1392 1381 1522 1418 appellata
1532 1403 1539 1414 ,
1550 1385 1577 1409 ὃ(
1586 1380 1800 1416 Transtyberini

162 1425 226 1454 ciissi
241 1448 249 1459 ‚
268 1436 349 1455 nemo
360 1427 416 1454 illis
429 1427 469 1455 uti
481 1428 575 1455 audent
585 1436 634 1464 pro
644 1424 717 1463 ignis
729 1424 842 1461 pabulo:
863 1425 954 1463 quini-

162 1476 209 1495 mo
218 1467 302 1505 aliqui
319 1478 351 1495 ex
366 1468 489 1495 chraeis
501 1468 571 1496 Pake
578 1467 710 1495 limorum
722 1474 821 1491 terrain
832 1464 956 1493 incolen-

164 1517 202 1535 tes
212 1506 259 1535 has
268 1507 374 1536 arbores
388 1518 416 1535 in
429 1509 583 1545 primordio
593 1506 687 1535 mundi
700 1504 841 1543 producitis
866 1505 954 1538 tuille,

162 1557 244 1586 :itque
259 1548 291 1577 in
300 1547 448 1577 univcxsiii
467 1547 629 1584 cataclysmo
650 1544 813 1575 inceiicuss'as
834 1556 955 1584 perman-

163 1588 219 1617 fisse
228 1598 387 1621 auiumaiit,·
408 1599 489 1627 atque
509 1599 559 1627 pro
579 1597 674 1617 eorum
688 1586 840 1615 ass'ertioiiis
861 1587 955 1615 funda·

162 1639 256 1658 mento
269 1628 404 1658 psalmum
420 1640 482 1667 ¹03·
503 1630 642 1658 adducunt
657 1651 663 1661 ,
684 1638 714 1656 in
733 1639 788 1667 quo
807 1627 841 1655 de
860 1627 955 1656 mundi

163 1670 302 1698 creatione
313 1670 419 1708 agitur:
442 1676 453 1704 [
467 1670 521 1705 Qui
534 1670 649 1698 fundasti
661 1679 758 1698 terram
767 1668 847 1706 super
859 1669 954 1696 stabili·

164 1719 247 1739 tatem
258 1710 332 1738 suani
347 1712 422 1740 &c.]
443 1713 470 1738 ἃ
481 1711 612 1739 inferius:
637 1714 692 1744 [Et
703 1709 778 1737 cedri
791 1709 884 1737 Libani
894 1718 957 1747 quas

164 1751 304 1789 plantavit
316 1753 390 1781 dte]
410 1751 501 1788 Igitur
520 1752 548 1779 iii
570 1750 709 1778 cacumine
721 1750 815 1778 Lunai
836 1749 956 1777 ascendit

164 1791 322 1821 Patriarcha
331 1802 344 1819 a
354 1793 440 1820 Clero
452 1813 460 1824 ‚
483 1795 510 1819 ξ(
522 1791 672 1819 Catliolico
682 1790 786 1828 populo
794 1799 938 1817 comitatus
952 1812 956 1817 .

164 1832 255 1875 ibique
265 1831 488 1870 superlapideum
500 1832 597 1860 Altare
615 1831 660 1859 sub
671 1832 717 1859 dio
727 1831 843 1858 ereStiiiii
861 1829 955 1857 solem·
974 1826 1001 1853 T

163 1882 238 1900 niter
249 1872 364 1900 celebrat
377 1883 384 1903 5
397 1882 452 1909 quo
465 1874 571 1909 perafto
583 1894 590 1906 ,
602 1882 696 1900 omnes
706 1871 738 1899 :id
752 1871 896 1908 prandium
908 1871 956 1899 Di>

165 1923 211 1941 ves
221 1913 319 1952 aliquis
330 1912 488 1945 invitatum
500 1914 574 1940 inter
583 1913 634 1941 alia
643 1912 708 1940 fidei
718 1921 886 1949 argumenta,
899 1921 955 1949 qua:

165 1954 195 1981 in
206 1953 255 1981 hac
265 1963 348 1992 gente
360 1953 456 1982 notavi
469 1975 476 1986 ,
487 1963 571 1981 unum
580 1953 625 1981 hic
638 1962 662 1980 ta
670 1961 748 1980 ntum
759 1951 870 1979 referam
882 1974 888 1984 ,
902 1962 959 1979 εχι-

164 1994 247 2022 miam
260 2016 266 2027 ,
278 2004 375 2032 nempe
387 2015 394 2026 ,
414 1994 596 2022 devotionem
607 2004 669 2032 erga
679 1993 801 2021 Sanctam
813 1992 909 2020 Sedeni
922 1995 959 2020 A>

164 2034 345 2071 postolicam5
368 2044 432 2062 nam
452 2045 480 2062 ea
489 2045 556 2073 gens
566 2044 645 2072 caput
663 2035 733 2072 tegit
754 2033 787 2060 ad
797 2032 957 2061 orientalem

165 2074 240 2103 usum
251 2097 258 2107 ,
272 2075 395 2113 illudque
407 2075 497 2110 necin
508 2074 716 2103 salutationibus
727 2096 734 2106 ,
746 2074 834 2101 necin
845 2073 960 2101 Ecclefia

165 2115 288 2154 detegit5
312 2114 359 2143 sed
381 2124 487 2143 tantum
507 2115 536 2143 in
546 2115 700 2144 elevatione
719 2112 892 2143 Eucharistiae
904 2135 911 2145 ,
934 2117 958 2140 ὅ(

167 2155 231 2184 dum
241 2156 349 2183 canitur
362 2156 560 2194 Evangelium:
582 2165 609 2184 at
619 2155 730 2193 quando
749 2155 777 2181 in
796 2164 825 2182 ea
836 2152 958 2182 coiiiess'i-

167 2196 244 2224 tione
256 2197 285 2224 in
296 2196 398 2224 Summi
410 2196 554 2225 Pontificis
566 2196 685 2224 Romani
696 2194 809 2223 salutem
830 2194 888 2231 quis
899 2203 960 2230 pro-

167 2237 276 2276 pinabat
287 2257 294 2268 ,
305 2245 398 2263 omnes
408 2237 516 2264 detecto
526 2236 613 2274 capite
626 2258 633 2268 ,
646 2247 673 2263 ac
687 2235 800 2273 ipsemet
811 2232 960 2262 Paniai-tha

165 2277 196 2305 in
209 2277 315 2315 signum
325 2286 485 2304 reverenti-e
498 2276 660 2315 surgebant5
682 2285 764 2314 quare
774 2285 832 2302 non
843 2274 956 2301 immeri-

168 2326 198 2343 to
204 2316 352 2354 spiritualis
362 2317 486 2344 omnium
498 2318 642 2345 nationum
653 2317 700 2344 ille
710 2315 846 2354 quondam
858 2314 959 2344 Pastor.

167 2360 194 2385 ὃ(
207 2359 284 2386 Pater
294 2358 444 2396 Gregorius
454 2358 523 2394 Papa
535 2359 617 2385 XIII.
637 2357 706 2385 inter
717 2365 758 2383 tot
767 2354 908 2383 seminaria
930 2355 960 2382 ab

169 2406 201 2425 eo
212 2407 260 2436 per
269 2398 373 2428 Orbem
384 2419 393 2432 ‚
416 2401 442 2427 δε
453 2407 482 2426 in
493 2398 572 2427 Urbe
583 2398 667 2427 erecta
678 2417 686 2430 ,
710 2396 793 2428 etiam
811 2394 958 2425 Maronitis

1008 1418 1215 1461 Antipolitani.
1230 1419 1302 1446 Vide
1314 1422 1384 1457 Esox
1395 1440 1402 1448 .
1412 1422 1487 1449 Item
1495 1424 1671 1451 Ravennates
1681 1422 1801 1460 appella-

1009 1469 1030 1486 ti
1040 1478 1046 1485 .
1071 1459 1142 1486 Vide
1164 1458 1305 1487 Quidem-a
1321 1468 1402 1497 porta
1411 1481 1417 1488 .

969 1500 1164 1530 Tumsvrun,
1177 1508 1227 1536 pro
1237 1499 1339 1528 advena
1348 1501 1373 1529 S.
1383 1502 1474 1540 Cypr.
1484 1501 1513 1530 in
1525 1511 1649 1540 poemate
1660 1501 1738 1540 super
1746 1504 1802 1530 Ge-

1012 1539 1097 1567 nesim
1109 1538 1168 1567 usus
1178 1539 1226 1570 est,
1237 1539 1255 1567 fi
1267 1549 1357 1569 tamen
1368 1541 1436 1570 illud
1446 1552 1512 1580 opus
1523 1552 1580 1570 non
1590 1542 1620 1570 fit
1633 1542 1803 1580 poriusTei--

1011 1580 1128 1607 tulliani.
1140 1581 1228 1608 FR.ut
1238 1580 1388 1618 opinantur:
1398 1583 1576 1611 Bellarmiiius
1586 1583 1619 1610 de
1628 1583 1803 1621 Sci-ipt.Eccl.

1011 1620 1041 1648 in
1051 1620 1199 1658 Cypriano
1209 1641 1216 1653 ‚
1228 1621 1253 1651 §.
1265 1620 1299 1649 de
1310 1622 1516 1651 Carmininibus
1526 1644 1533 1656 ‚
1552 1627 1579 1651 δε
1591 1624 1676 1651 Labbe
1699 1624 1728 1651 in
1741 1623 1803 1651 eod.

1012 1662 1058 1689 tit.
1070 1661 1103 1689 de
1113 1661 1258 1698 Cypriano
1269 1682 1277 1694 ‚
1298 1662 1324 1693 §-
1343 1663 1434 1691 Index
1453 1673 1561 1691 carmen
1577 1663 1689 1692 Genefis
1703 1685 1711 1696 ,
1735 1667 1761 1692 ὃ(
1774 1662 1804 1691 in

1013 1701 1190 1730 Tertulliano
1200 1723 1208 1733 ‚
1231 1702 1256 1733 ξ.
1271 1703 1360 1731 Index
1372 1704 1510 1732 sacrarum
1523 1702 1720 1741 Scripturamin
1734 1725 1741 1736 ‚
1764 1703 1805 1730 uti

1012 1742 1130 1785 citantur
1147 1753 1160 1769 a
1171 1742 1346 1771 Tertulliano
1357 1764 1365 1776 ,
1386 1752 1441 1772 tam
1454 1744 1572 1772 carmina
1592 1744 1690 1772 incerti
1701 1747 1752 1772 &c.
1776 1747 1805 1772 &

1013 1782 1126 1810 inferius
1138 1804 1146 1814 ,
1169 1783 1281 1811 Genelis
1293 1803 1300 1810 .

1003 1833 1150 1855 nmmum,
1170 1819 1303 1861 rpmmro‘v
1311 1844 1318 1851 .
1330 1825 1385 1853 PR.
1396 1825 1468 1854 mola
1477 1825 1591 1854 oleacea.
1611 1823 1703 1853 Hodie
1714 1833 1804 1852 tamen

1013 1863 1066 1891 hoc
1076 1873 1178 1892 nomen
1187 1863 1216 1890 in
1226 1864 1324 1897 Italis,
1347 1869 1374 1893 ὅ(
1385 1866 1522 1904 praecipue
1535 1865 1563 1892 in
1577 1864 1668 1892 Sicilia
1678 1864 1748 1892 mola
1760 1864 1805 1891 illa.

1015 1904 1116 1932 retinet
1128 1926 1135 1936 ,
1147 1905 1176 1932 in
1185 1914 1235 1942 qua
1247 1915 1339 1933 cannae
1351 1907 1458 1935 mellea:
1470 1914 1650 1934 conteruntur
1660 1904 1692 1932 ad
1704 1902 1806 1931 consti-

1015 1945 1147 1973 tuendum
1156 1943 1325 1978 saccharum,
1346 1957 1359 1974 a
1378 1947 1460 1975 verbo
1477 1956 1567 1984 graeco
1585 1940 1696 1983 ,τρέπω,
1717 1944 1806 1976 idest,

1017 1995 1098 2013 verto
1109 2007 1117 2018 ‚
1140 1986 1184 2014 seii
1209 1986 1311 2013 volvo.

975 2027 1171 2055 TRAPEzl'iA.
1194 2027 1249 2053 FR-
1271 2023 1454 2064 τραπεζίτης,
1476 2025 1640 2058 mensurius,
1664 2023 1803 2062 campsor:

1017 2076 1029 2094 a
1040 2064 1169 2105 Τρᾶπεζα
1180 2088 1187 2099 ‚
1197 2065 1266 2093 idest
1279 2086 1286 2097 ,
1301 2065 1390 2094 mensa
1402 2087 1409 2094 .
1430 2068 1464 2094 In
1474 2077 1532 2094 can.
1545 2065 1574 2093 in
1584 2065 1697 2093 nomine
1708 2063 1808 2102 Doiiii-

1017 2108 1064 2140 ni,
1076 2106 1137 2135 dist.
1150 2118 1195 2143 23.
1205 2115 1254 2143 pro
1265 2106 1421 2134 simoniaco
1431 2106 1573 2145 usurpatur
1582 2127 1590 2139 ‚
1601 2106 1650 2134 sic:
1666 2111 1676 2140 [
1689 2107 1755 2133 Haec
1770 2105 1807 2131 A-

1017 2147 1147 2186 postolica
1157 2146 1229 2175 sedes
1241 2168 1248 2179 ,
1260 2147 1302 2174 cui
1313 2148 1418 2175 austore
1429 2149 1493 2176 Deo
1504 2146 1594 2175 sei-vio
1608 2172 1611 2178 ,
1621 2154 1688 2184 quot
1698 2141 1810 2173 adversa

1018 2188 1161 2227 pertulerit
1172 2209 1180 2219 ‚
1204 2197 1270 2226 quot
1281 2188 1400 2225 denique
1417 2198 1465 2226 pei·
1476 2188 1628 2216 fimoiiiacx
1639 2184 1744 2213 haeresis
1754 2193 1809 2211 tra-

1018 2239 1123 2266 pezitas
1134 2228 1256 2266 repetitis
1266 2229 1377 2260 mallei,
1401 2227 1553 2266 crebrisque
1572 2225 1738 2255 tunsionibus
1749 2222 1810 2251 sub-

1016 2270 1099 2304 jacuit
1110 2289 1116 2296 .
1130 2273 1141 2301 ]
1164 2268 1247 2298 Acin
1260 2270 1343 2301 recte,
1362 2272 1389 2297 ὅ(
1399 2268 1533 2307 spirituali
1548 2265 1625 2296 sensu
1642 2264 1701 2292 usus
1712 2264 1749 2292 est
1769 2265 1809 2292 D.

1018 2310 1145 2338 Paulinus
1155 2331 1162 2342 ,
1183 2310 1214 2337 in
1224 2309 1301 2347 epist.
1320 2309 1354 2337 de
1365 2308 1576 2347 Gazophylacio
1588 2327 1594 2338 ,
1617 2305 1653 2332 ita
1663 2304 1806 2342 inquiens;

1019 2357 1030 2385 [
1043 2351 1171 2380 Coeleiii‘s
1184 2351 1269 2388 igitur
1279 2350 1437 2387 Trapezitae
1458 2350 1515 2376 haec
1525 2345 1616 2374 mensa
1626 2345 1663 2373 est
1674 2366 1682 2377 ‚
1706 2342 1809 2371 thesau-

1019 2401 1076 2419 ri-un
1088 2392 1153 2420 vitae
1165 2392 1279 2424 struens,
1289 2394 1315 2419 ὅ(
1327 2391 1359 2419 ad
1369 2388 1542 2428 margaritam
1552 2384 1746 2425 negotiandam
1757 2382 1812 2410 131¹«

1720 2432 1768 2451 iius
