1866 2526
564 61 619 90 ex
648 47 808 97 Tobia‚
840 43 1014 99 Iudith,
1046 43 1091 86 &
1124 43 1294 88 Esther.
1659 59 1741 102 753

103 104 176 136 lbid.
187 115 215 134 v.
231 115 274 143 ¹9·
288 98 411 140 [Bellum
422 114 487 134 vero
498 115 557 134 nou
567 105 619 134 suit
627 104 710 145 usque
721 105 754 134 ad
765 104 935 144 trigefimum
997 103 1066 131 Haec
1086 103 1148 132 sunt
1177 105 1258 132 verba
1269 103 1383 147 Angeli.
1397 103 1431 132 ad
1444 103 1555 134 'sobiam
1567 127 1575 139 ‚
1597 114 1656 143 quae
1676 108 1793 144 proferri

143 148 271 185 quintum
277 155 380 174 annum
392 146 470 184 regni
482 145 535 175 Asa
547 148 578 177 .]
599 147 660 175 Hoc
671 145 838 174 contradicit
845 143 937 183 supra·
995 152 1052 172 non
1064 142 1172 182 possunt
1182 144 1238 172 fine
1250 145 1384 173 mendacii
1394 153 1460 173 nota
1471 166 1479 177 ‚
1501 148 1574 175 unde
1585 147 1768 177 Vvitachcrus
1780 172 1791 185 ,

144 185 273 218 narratis,
294 195 352 224 cap.
368 197 411 221 ¹4·
422 185 578 215 ubidicitur
588 187 657 215 Zara
665 185 750 215 caesus
759 186 790 214 ab
801 183 872 216 Asai
895 195 936 214 er-
996 184 1043 212 lib.
1058 194 1081 212 i.
1099 194 1194 212 contra
1205 184 1380 213 edmundum
1392 185 1577 223 campianum
1597 186 1685 216 ass'erit
1696 194 1792 229 Ange-

142 237 180 266 go
189 225 238 254 finit
250 225 350 254 bellum
361 247 368 253 .
392 225 562 264 Respondeo
572 249 581 260 ,
592 226 638 255 hic
647 235 791 265 computus
803 236 937 255 annorum
996 224 1051 253 lum
1061 224 1207 253 mentitum
1219 224 1292 254 suiss'e
1301 246 1308 258 ,
1325 223 1372 254 sed
1384 224 1437 254 hoc
1447 226 1512 255 abfit
1520 248 1527 255 .
1550 228 1718 267 Respondeo
1736 233 1791 271 igi-

141 275 200 294 non
211 265 325 294 sumitur
335 267 366 295 ab
376 266 459 295 initio
471 268 552 306 regni
562 267 635 298 Asu
656 266 704 296 sed
722 269 751 296 ab
761 265 846 296 initio
857 268 936 306 regni
995 274 1038 293 tur
1047 285 1054 293 .
1066 265 1188 304 Angelus
1197 267 1347 310 praeterens,
1362 266 1574 296 similitudinem
1585 271 1693 300 Azariae
1714 277 1797 310 pote.⁴

137 306 246 344 Judaici
259 328 268 339 ,
291 307 424 336 nimirum
436 329 444 340 ,
455 318 469 335 a
480 317 568 337 morte
578 307 734 337 Salomonis
745 329 753 341 ,
775 318 825 346 qua
831 307 885 336 ndo
894 306 936 336 se·
993 314 1034 334 rat
1044 305 1156 344 quidem
1167 305 1259 334 dicere
1269 305 1296 334 se
1305 307 1356 335 esse
1368 308 1496 336 Azariam
1505 330 1513 341 ‚
1525 308 1591 337 ficut
1602 311 1691 348 Gen.3
1703 316 1752 341 1..ss
1759 324 1790 341 n-

139 347 263 381 junc'tum
285 346 336 376 fuit
358 349 390 376 ab
400 347 568 377 Israelitico.
591 349 635 376 Ita
653 347 767 377 Hebraei
780 370 788 381 ,
811 348 936 377 Torniel.
992 345 1069 384 gelus
1080 345 1224 384 pra-ferens
1234 347 1289 375 Dei
1299 346 1518 381 similitudinem,
1528 350 1632 384 ajebat:
1647 354 1722 390 [Ego
1732 352 1791 382 sum

139 387 235 415 Salian.
247 389 322 417 Ann.
334 399 423 427 3095.
434 389 522 418 Sanft.
534 399 562 426 3.
573 399 631 427 reg.
647 399 689 426 ¹3·
701 389 934 426 Marum-capsa
993 387 1094 418 Deus,]
1106 396 1134 414 ut
1145 386 1273 415 concedit
1285 386 1422 416 Calvinus
1432 389 1562 426 magister
1569 389 1791 430 supradictivvi-

140 436 167 454 v.
184 437 207 456 ι.
218 429 291 457 Nam
299 428 353 458 hoc
362 429 444 457 etiam
464 429 550 458 modo
569 428 767 467 intelligendus
785 429 823 457 est
832 432 936 459 Textus
994 425 1096 456 taclieri
1108 447 1114 454 .
1129 427 1254 456 Secundo
1263 449 1271 460 ‚
1283 427 1302 456 fi
1313 426 1470 466 respicimus
1480 431 1601 459 nomime
1612 432 1792 471 significatio·

137 464 275 508 sequentis
284 469 380 508 capitis
394 494 400 507 ‚
422 470 467 498 ubi
477 470 578 498 dicitur
588 468 667 498 Baasa
677 471 740 498 Rex
750 467 932 498 Israelascen-
992 476 1056 496 nem
1069 488 1077 500 ,
1087 477 1152 496 vera
1161 467 1266 497 dicebat
1279 469 1402 507 Angelus
1413 480 1420 499 ς
1441 479 1504 497 nam
1524 473 1636 500 Azarias
1655 474 1791 513 fignifimt

139 510 205 538 dissc
217 511 246 539 in
257 511 356 549 Judam
364 521 438 539 anno
449 516 496 548 36.
518 509 597 549 regni
609 508 672 538 Asae
681 521 690 536 :
715 519 777 538 nam
795 520 860 539 tunc
880 520 934 539 erat
993 508 1126 536 auxilium
1138 508 1192 536 Dei
1205 531 1212 542 ‚
1231 508 1306 547 quod
1328 519 1390 538 vere
1408 510 1533 547 praestare
1553 521 1666 541 venerat
1675 515 1768 544 'robiae
1778 526 1788 546 5

140 561 227 579 annus
245 557 288 580 16.
301 550 382 589 ipfius
392 550 471 589 regni
483 572 491 583 ,
514 560 544 579 ut
554 559 629 588 patet
647 560 681 578 ex
695 560 721 587 3.
735 552 806 589 Reg.
824 557 866 579 16.
890 552 933 579 ubi
994 559 1049 577 erat
1059 559 1148 577 autem
1160 548 1230 577 filius
1241 549 1358 578 Ananiae
1370 572 1377 583 ,
1388 551 1462 588 quod
1473 561 1574 580 nomen
1583 552 1717 590 significat
1729 566 1790 594 gm-

138 591 239 620 dicitur
248 591 324 621 Baasa
343 602 357 620 e
376 591 450 620 vivis
469 589 603 619 exceffiss'e
622 601 687 619 ann.
700 597 747 619 26.
758 591 840 630 regni
852 591 915 620 ΑΓΒ
925 613 933 624 ,
994 590 1057 618 tiam
1068 611 1076 622 ,
1100 591 1144 618 vel
1153 589 1257 618 donum
1267 590 1342 618 Dei.
1363 591 1488 631 Angelus
1499 591 1576 621 enim
1585 603 1643 621 erat
1652 596 1747 633 gratiae
1758 596 1790 624 fi-

140 632 281 670 quomodo
291 632 379 671 igitur
391 630 520 669 potuifl‘et
528 642 570 660 an.
584 637 630 670 3⁶·
642 630 702 669 post
712 641 840 665 mortem,
851 633 932 660 nimi·
992 631 1044 658 lius
1056 651 1062 657 .
1076 630 1164 658 Unde
1176 639 1255 659 notat
1264 630 1290 659 S.
1300 632 1421 670 Gregor.
1431 631 1506 660 hom.
1519 643 1566 671 33.
1579 634 1608 662 in
1618 637 1790 674 Evang.An-

134 683 194 701 rum
205 674 360 701 decertare?
378 674 534 710 Computus
544 682 611 711 ergo
629 682 770 700 annorum
787 672 934 701 sumendus
991 670 1069 710 gelos
1077 682 1110 699 ex
1122 669 1149 699 se
1159 671 1232 699 nulla
1243 670 1340 700 habere
1351 672 1483 703 nomina5
1501 672 1548 702 sed
1557 684 1587 702 ea
1597 673 1692 704 sortiri
1704 676 1791 705 ratio-

135 712 173 742 est
185 714 215 742 ab
226 713 312 742 initio
321 713 401 751 regni
413 712 530 746 judaici:
552 723 614 741 nam
625 724 658 742 ex
670 712 825 742 mutatione
834 723 932 752 regno·
993 721 1027 739 ne
1037 711 1184 739 ministerii
1195 732 1204 744 ‚
1223 721 1278 749 quo
1288 712 1436 750 aliquando
1445 713 1614 752 funguntur.

135 763 194 782 rum
203 752 273 792 saepe
283 763 355 782 nova
367 751 456 791 surgit
469 763 521 781 :era
531 773 538 780 .
950 751 1018 790 Cap.
1030 758 1056 781 6.
1070 762 1097 780 v.
1113 756 1136 780 8.
1150 752 1276 786 [Cordis
1287 755 1343 788 ejus
1354 754 1513 792 particulam
1535 754 1643 793 {isuper
1659 758 1791 787 carbonez

96 792 164 832 cap.
178 805 223 822 21.
233 803 260 822 v.
276 805 307 822 12
317 814 323 820 .
344 799 356 828 [
370 794 470 822 Ailatae
489 792 552 822 sunt
562 804 651 823 autem
671 794 696 823 ei
717 793 818 824 litterae
836 795 867 823 ab
877 793 934 824 Elia
990 792 1172 830 pouasJumus
1183 795 1240 828 ejus
1249 793 1364 822 extricat
1375 805 1457 823 omne
1466 806 1550 834 genus
1560 796 1789 832 daemoniommJ

134 833 287 873 Propheta.
300 836 311 865 ]
326 833 380 870 Qui
394 840 486 862 tamen
508 836 562 870 jam
580 845 593 863 a
604 835 749 864 novennio
767 846 801 865 ex
811 835 934 864 homini-

133 875 179 903 bus
191 875 318 911 abrepeus
327 874 411 903 fuerat
423 885 429 902 ε
447 875 589 914 quomodo
599 876 685 915 igitur
695 876 799 905 litteras
812 898 820 909 ‚
832 877 862 904 in
872 875 932 915 qui-

134 916 181 943 bus
190 925 286 944 contra
297 917 332 954 Jo
338 925 394 944 ram
413 916 492 954 plaga
511 916 704 946 continebatur
715 938 722 949 ,
745 916 862 946 scribere
883 927 931 955 po-

133 956 188 984 tuit
202 960 211 985 ?
224 955 392 994 Respondeo
403 955 450 985 has
459 957 564 986 litteras
579 956 667 986 missas
679 957 754 986 fuisse
776 969 823 997 per
836 961 930 997 Ange-

132 996 189 1024 lum
201 1018 209 1029 ,
229 997 274 1025 vel
284 997 430 1025 hominem
440 998 597 1036 quempiam
621 1010 635 1027 c
645 997 774 1028 Paradiso
792 998 929 1035 terrestri:

133 1036 171 1065 ita
182 1038 292 1066 Hebraei
305 1060 312 1070 ,
323 1040 424 1074 Lyran.
438 1039 506 1067 Bell.
517 1042 543 1067 δε
553 1040 617 1068 alii.
639 1040 694 1068 Vel
703 1038 810 1077 scripta:
820 1039 927 1068 suerunt

129 1077 233 1115 abipso
243 1079 303 1107 Elia
312 1079 398 1107 adhuc
410 1080 527 1108 vivente
537 1101 545 1111 ,
567 1084 594 1109 ὅ(
616 1080 772 1108 futurorum
793 1078 907 1119 praescio
921 1102 926 1111 ,

129 1127 159 1145 ut
170 1118 262 1156 postea
272 1119 371 1148 statuto
381 1128 506 1158 tempore
517 1121 648 1149 darentur
657 1122 786 1158 Joramo.

89 1157 158 1196 Cap.
170 1170 218 1197 34.
231 1169 257 1187 v.
270 1164 316 1188 28.
328 1167 340 1195 [
352 1160 484 1189 Infereris
495 1161 523 1189 in
535 1161 688 1200 sepulcrum
698 1172 773 1190 tuum
784 1161 812 1190 in
823 1171 887 1199 pace
896 1163 925 1192 .]

128 1202 222 1238 Atque
233 1200 320 1238 Jofias
331 1202 360 1229 in
372 1201 470 1238 praelio
481 1202 583 1231 occisus
593 1202 645 1230 suit
655 1202 753 1241 sagitta
763 1213 772 1233 ς
791 1212 858 1240 ergo
868 1201 926 1230 haec

128 1239 274 1278 prophetia
287 1251 344 1269 non
354 1241 405 1269 fiiit
414 1242 562 1280 adimpleta
573 1264 579 1270 .
598 1243 766 1281 Respondeo
777 1263 784 1270 .
804 1241 925 1281 Prophe-

129 1290 154 1309 ta
165 1291 223 1308 non
232 1282 355 1319 loquitur
365 1282 398 1311 de
409 1283 516 1321 privata
527 1306 533 1316 ,
545 1283 591 1312 sed
602 1284 636 1312 de
645 1284 749 1322 publica
759 1284 839 1321 regni
852 1293 924 1321 pace,

127 1332 155 1349 ac
167 1320 350 1359 prosperitate
360 1344 368 1355 ,
392 1332 451 1361 quae
463 1333 529 1351 tunc
539 1325 658 1352 maxime
668 1324 778 1362 vigebat
790 1345 798 1356 ‚
819 1324 928 1362 quando

126 1362 210 1399 Joiias
223 1372 300 1390 eXtra
309 1362 348 1391 sui
360 1363 438 1402 regni
450 1364 515 1392 fines
526 1365 660 1402 prosefms
672 1364 757 1392 suerat
770 1374 831 1392 cum
849 1375 928 1392 exer-

127 1402 184 1430 citu
194 1403 301 1430 obviam
311 1403 521 1441 AEgyptiorum
532 1405 605 1442 Regi
617 1425 623 1432 .

88 1440 158 1480 Cap.
169 1448 216 1478 36.
228 1452 256 1470 v.
267 1453 296 1478 9.
308 1444 398 1479 [Octo
408 1453 543 1473 annorum
555 1455 612 1473 erat
622 1444 748 1483 Joachim
759 1455 818 1473 cum
830 1455 925 1484 regna-

128 1492 158 1510 re
166 1482 290 1520 coepiss‘et
300 1486 330 1515 .]
357 1484 412 1517 Qui
423 1494 515 1513 tamen
526 1497 553 1520 4.
565 1488 638 1523 Reg.
653 1497 698 1520 24-
710 1486 810 1514 dicitur
820 1486 922 1519 decem

128 1526 156 1551 ἃ
166 1522 230 1551 οᾶο
240 1534 375 1553 annorum
387 1523 462 1554 fuisse
472 1545 479 1552 .
503 1525 688 1564 Respondeo,
703 1536 866 1565 regnaverat
876 1537 927 1556 una

127 1572 188 1591 tum
201 1573 278 1602 patre
288 1564 382 1594 decem
399 1576 484 1594 annos
496 1577 505 1597 3
527 1566 656 1595 defuncto
676 1577 742 1595 vero
762 1576 839 1606 patre
857 1567 930 1596 solus

127 1613 240 1642 regnare
250 1604 336 1643 coepit
346 1616 428 1644 agens
437 1616 538 1635 annum
550 1606 686 1636 decimum
697 1608 822 1636 ostnvum
832 1629 840 1640 ,
851 1612 879 1637 ὃ(
890 1608 927 1637 se—

125 1644 246 1673 cundum
257 1644 325 1674 hanc
334 1646 559 1684 explanationem
578 1647 707 1687 regnavit
728 1648 813 1677 tribus
830 1649 927 1678 mensi·
971 1676 974 1679 .

126 1685 172 1713 bus
183 1707 192 1719 ,
214 1695 242 1714 ac
253 1685 348 1714 decem
358 1686 451 1715 diebus
463 1708 470 1715 .

991 832 1079 861 Versu
1090 843 1158 861 vero
1175 844 1218 869 ¹9·
1231 844 1288 862 non
1297 835 1395 869 cordis,
1405 835 1451 865 sed
1461 837 1558 870 jecoris
1567 837 1744 867 mentionem
1755 840 1790 869 fa.

989 874 1038 901 tit.
1064 872 1140 912 [Ipsa
1150 884 1237 902 autem
1250 875 1330 903 noc‘te
1341 875 1452 905 incenso
1461 880 1552 912 jecore
1563 877 1642 916 piscis
1654 878 1792 918 fugabitur

989 914 1186 946 daemoniun1.]
1198 913 1366 954 Respondeo
1375 927 1488 957 utraque
1497 927 1557 956 pars
1566 921 1595 947 ti
1605 919 1792 959 cordis,quam

987 956 1085 991 jecoris
1093 954 1205 984 habebat
1216 957 1299 984 talem
1309 957 1442 987 virtutem
1465 958 1578 997 fugandi
1596 959 1766 990 daemonium
1778 983 1789 995 ,

988 1007 1045 1024 non
1057 996 1169 1035 quidem
1179 997 1330 1026 naturalem
1341 1020 1348 1031 ,
1360 1010 1408 1027 nec
1419 998 1651 1038 supernaturalem
1660 1023 1669 1034 ,
1683 1011 1713 1030 ut
1721 1012 1789 1041 aqua

987 1037 1145 1068 beiicdift25
1155 1035 1202 1066 sed
1214 1037 1301 1066 solum
1321 1038 1351 1067 id
1362 1040 1502 1078 praestabat
1512 1062 1520 1072 ,
1540 1050 1570 1069 ut
1582 1040 1688 1079 siguum
1698 1044 1788 1080 quod-

985 1078 1047 1106 dam
1057 1098 1064 1105 .
1078 1077 1122 1106 Ad
1135 1078 1300 1116 politionem
1313 1079 1468 1109 enimillius
1479 1081 1674 1110 combustionis
1685 1083 1714 1110 vi
1726 1086 1788 1112 An-

983 1118 1071 1156 gelica
1083 1118 1408 1157 fugabatur-daemonium,
1430 1131 1458 1150 ut
1469 1122 1539 1150 clare
1551 1132 1628 1161 patet
1638 1133 1671 1151 cx
1682 1133 1738 1162 cap.
1746 1127 1784 1156 3.]

985 1161 1060 1187 Tunc
1071 1159 1193 1197 Raphael
1207 1162 1332 1199 Angelus
1350 1161 1536 1200 apprehendit
1548 1163 1735 1199 tia-monium,
1757 1170 1786 1194 «k

985 1200 1119 1238 relegavit
1133 1200 1202 1228 illud
1215 1201 1245 1229 in
1255 1201 1364 1230 deserto
1374 1224 1380 1230 .

943 1238 1012 1277 Cap.
1023 1251 1051 1276 9.
1063 1250 1119 1278 ¹¹23·
1131 1241 1235 1276 [Vadas
1245 1242 1279 1270 ad
1290 1243 1424 1272 Gabclum
1435 1242 1466 1271 in
1474 1246 1564 1284 Rages
1571 1244 1716 1274 civitatem
1725 1248 1786 1275 Me-

984 1281 1082 1309 dorum
1094 1301 1100 1308 .
1114 1284 1126 1313 ]
1139 1282 1288 1317 Quomodo
1299 1284 1396 1313 Tobias
1404 1283 1499 1320 junior
1508 1286 1632 1314 mittebat
1646 1288 1787 1326 Angelum

988 1322 1017 1349 in
1027 1324 1115 1360 Rages
1125 1343 1133 1355 ‚
1158 1323 1187 1350 in
1200 1333 1250 1361 qua
1260 1323 1308 1362 ipsi
1316 1327 1371 1360 jam
1384 1334 1461 1354 crant
1470 1347 1478 1358 ,
1490 1337 1520 1355 ut
1531 1326 1675 1365 colligitur
1685 1338 1718 1356 ex
1727 1339 1784 1366 cap.

985 1372 1013 1400 3.
1032 1362 1072 1390 ibi
1083 1372 1200 1401 namque
1211 1365 1335 1393 manebat
1353 1365 1469 1404 fponsa?
1487 1367 1656 1405 Respondco
1665 1387 1673 1394 ·
1694 1371 1785 1407 Reges

985 1403 1021 1430 cll
1032 1413 1136 1431 nomeu
1147 1414 1292 1433 commune
1302 1415 1357 1434 tam
1369 1406 1495 1440 civitati,
1506 1417 1586 1446 quam
1598 1408 1708 1446 regioni
1720 1429 1728 1441 ‚
1750 1409 1786 1438 f.-

985 1453 1030 1471 cut
1042 1445 1174 1481 Neapolis
1193 1445 1222 1473 in
1232 1446 1314 1474 Italia
1325 1446 1460 1485 fignificat
1480 1457 1536 1476 tam
1546 1458 1661 1486 regnum
1673 1470 1681 1481 ,
1704 1459 1786 1488 quam

986 1484 1128 1512 civitatem
1140 1505 1146 1512 .
1158 1487 1257 1514 Tobias
1269 1486 1354 1525 igitur
1365 1509 1372 1520 ‚
1384 1491 1411 1516 δ(
1423 1489 1548 1526 Angelus
1559 1498 1637 1518 erant
1651 1489 1679 1517 in
1691 1491 1785 1529 regio-

985 1534 1019 1552 ne
1029 1527 1118 1563 Rages
1129 1525 1157 1553 in
1167 1526 1281 1555 civitate
1292 1548 1300 1559 ‚
1322 1538 1384 1566 quae
1398 1529 1540 1557 vocabatur
1551 1530 1693 1558 Ecbatanis
1703 1541 1712 1561 ς
1729 1533 1788 1560 Ga-

985 1564 1057 1593 belus
1067 1575 1156 1594 autem
1167 1565 1299 1596 habitabat
1310 1568 1340 1596 in
1352 1567 1408 1607 ipsa
1419 1568 1533 1599 civitate
1544 1571 1633 1608 Reges
1644 1591 1653 1603 ‚
1661 1570 1695 1598 ad
1704 1581 1785 1609 quam

985 1606 1143 1635 mittebatur
1153 1608 1279 1646 Angelus
1288 1628 1295 1636 .

1046 1688 1112 1717 Ex
1154 1689 1360 1720 LIBRO
1408 1691 1680 1728 JUDITH.

190 1770 210 1795 Ε
232 1769 256 1796 Χ
318 1769 340 1797 L
361 1770 376 1798 1
399 1771 421 1798 P,
443 1771 471 1798 R
491 1769 523 1799 Ο
585 1773 609 1799 T
629 1770 660 1800 0
681 1772 702 1800 Β
723 1772 738 1800 1
760 1770 822 1800 AE.
942 1767 1029 1796 CAP.
1051 1773 1077 1797 8.
1098 1779 1124 1797 v.
1140 1780 1162 1797 ι.
1183 1760 1306 1810 [judith
1329 1769 1409 1799 vidua
1430 1770 1484 1799 filia
1495 1772 1624 1803 Merari]
1644 1772 1781 1812 Sequitur

983 1819 1074 1837 textus
1095 1813 1232 1840 narrando
1251 1815 1307 1847 ejus
1326 1811 1516 1850 genealogiam
1536 1833 1544 1844 ,
1570 1823 1650 1851 quam
1667 1813 1780 1843 deducit

89 1848 176 1877 cm.
197 1859 224 1883 4.
244 1858 271 1876 v.
299 1858 343 1876 ii.
364 1848 527 1884 [Quoniam
537 1849 713 1885 eleemosyna
733 1851 850 1880 abonini
861 1861 923 1890 pec-

128 1899 191 1917 cato
201 1909 210 1922 ‚
229 1891 257 1917 ὃ(
276 1899 290 1916 a
302 1898 391 1918 morte
401 1890 496 1918 liberat
508 1911 516 1918 .
530 1893 541 1922 ]
562 1891 711 1927 Quomodo
729 1891 783 1920 hoc
794 1891 861 1921 stare
875 1903 923 1931 po-

127 1929 179 1958 test
197 1939 259 1957 cum
278 1939 312 1957 eo
325 1951 333 1962 ‚
353 1930 429 1967 quod
449 1930 522 1959 dixit
533 1931 623 1959 Divus
632 1932 729 1960 Paulus
743 1943 766 1960 1.
786 1932 920 1961 Corinth.

123 1979 182 2007 cap.
200 1980 243 2007 ¹3·
262 1970 312 2004 [Si
324 1969 488 1999 distribuero
497 1971 528 1999 in
537 1972 610 2000 cibos
620 1981 769 2010 pauperum
779 1983 873 2001 omnes
887 1973 922 2002 fa-

122 2011 240 2038 cultates
251 2019 322 2038 meas
332 2031 340 2042 ,
358 2009 521 2040 charitatem
532 2021 620 2040 aurem
633 2023 691 2040 non
701 2011 818 2042 habuero
829 2034 837 2046 ,
848 2013 920 2042 nihil

123 2049 357 2088 mihiprodcst?]
379 2051 547 2090 Respondeo
566 2052 739 2088 eleemosyna
759 2052 921 2091 dispositive

124 2091 219 2119 liberat
230 2101 244 2119 a
255 2101 384 2129 peccat05
410 2092 540 2130 impetrat
552 2093 628 2121 enim
646 2093 762 2132 gratiam
772 2097 901 2130 majorem
911 2117 919 2128 ,

122 2141 175 2170 qua
185 2141 310 2170 peccator
332 2132 501 2170 provehatur
517 2133 550 2161 ad
569 2132 790 2172 consequendam
811 2134 918 2164 charita-

122 2181 180 2200 tem
189 2192 196 2199 .
209 2173 253 2200 Ita
264 2173 289 2200 S.
301 2171 402 2201 Thom.
413 2174 508 2202 Alber.
527 2174 599 2202 scot.
613 2175 682 2203 Gab.
698 2174 767 2202 Dur.
779 2174 870 2210 Cajet.
891 2179 919 2205 ὅ(

122 2212 171 2241 alii
181 2233 188 2240 .
198 2212 294 2241 Potest
302 2211 387 2242 eriam
396 2213 572 2249 eleemosyn:
583 2214 611 2242 id
619 2214 744 2253 prestare
755 2214 917 2250 formaliter,

122 2253 142 2281 li
157 2262 256 2282 caetera
276 2252 364 2281 adfint
375 2275 383 2287 ‚
406 2264 504 2294 nempe
515 2276 524 2288 ,
548 2255 626 2284 Fides
639 2276 647 2288 ,
670 2255 750 2293 Spa,
770 2254 917 2290 Charitas,

983 1850 1015 1878 ad
1027 1849 1181 1878 Simeonem
1192 1852 1282 1880 filium
1293 1852 1392 1880 Ruben
1403 1871 1410 1878 .
1433 1852 1485 1881 Sed
1503 1851 1591 1890 surgit
1611 1853 1778 1884 difficultas:

982 1900 1045 1919 nam
1055 1891 1167 1919 Simeon
1187 1903 1245 1920 non
1268 1892 1319 1920 fuit
1331 1891 1420 1924 filius,
1442 1891 1487 1920 sed
1508 1891 1590 1921 frater
1599 1894 1698 1923 Ruben
1709 1915 1718 1927 ‚
1741 1896 1783 1924 ita

979 1930 1082 1960 Gener.
1105 1942 1152 1966 29.
1173 1931 1340 1970 Respondeo
1350 1953 1357 1964 ,
1381 1942 1431 1969 pro
1448 1933 1542 1962 Ruben
1566 1934 1712 1973 legendum
1731 1935 1782 1965 efl'e

981 1971 1082 2004 Israel,
1102 1980 1132 2000 ut
1146 1973 1232 2000 vertit
1244 1971 1356 2001 ofoecus
1379 1973 1437 2002 Ti?
1449 1970 1560 2011 Γσραῆλ
1571 1993 1577 2001 .
1602 1975 1680 2003 Idem
1700 1975 1781 2005 habet

979 2012 1110 2041 Arabicus
1121 2013 1220 2041 nostrae
1231 2013 1487 2052 Congu-egationis5
1512 2013 1550 2041 ita
1561 2014 1646 2043 etiam
1655 2014 1780 2045 sentiunt

977 2053 1003 2080 S.
1017 2053 1093 2090 Fulg.
1105 2052 1194 2090 Episc.
1207 2054 1281 2082 liba.
1294 2064 1367 2088 c.14.
1379 2054 1478 2082 Bellar.
1490 2053 1565 2082 lib.1.
1575 2054 1608 2083 de
1622 2057 1703 2085 verbo
1713 2057 1779 2090 Dei,

977 2103 1048 2131 capa
1059 2105 1083 2120 z.
1096 2103 1151 2131 arg.
1160 2103 1168 2121 ι
1177 2105 1203 2122 2.
1216 2097 1345 2122 Errorem
1355 2093 1400 2122 hic
1410 2093 1561 2133 agnoscunt
1572 2096 1657 2124 Serar.
1672 2100 1700 2125 δε
1711 2099 1779 2126 Mar.

977 2143 1038 2162 nani
1049 2132 1148 2170 Judith
1159 2135 1210 2163 luit
1221 2144 1255 2162 ex
1265 2134 1349 2163 Tribu
1361 2134 1471 2163 Simeon
1486 2156 1493 2163 .

1040 2215 1107 2242 EX
1151 2215 1358 2245 LiBRO
1401 2215 1669 2246 ESTHER.

119 2293 310 2322 Paenitentia.
334 2295 408 2324 Vide
427 2295 453 2324 S.
465 2299 538 2335 Aug.
557 2296 591 2324 de
611 2295 684 2325 verb.
704 2296 789 2324 Dom.
807 2297 837 2324 in
853 2298 917 2326 Luc.
936 2296 1024 2326 CAP.
1037 2305 1064 2332 3.
1091 2304 1116 2322 v.
1142 2305 1165 2322 1·
1187 2297 1306 2329 [Aman
1314 2294 1349 2324 de
1358 2295 1441 2334 stirpe
1452 2298 1574 2335 Agag.]
1598 2296 1725 2334 Hiclfuit
1739 2300 1775 2328 Λ-

83 2361 86 2363 ,
117 2332 173 2362 ser.
185 2344 233 2372 30.
257 2335 314 2363 PR.
327 2344 354 2363 v-
364 2336 394 2364 in
406 2335 517 2365 Hierol.
528 2337 701 2376 Eleemosyna
711 2357 719 2365 .

78 2373 148 2414 Cap.
163 2384 187 2411 5.
203 2385 229 2403 v.
246 2379 288 2403 ¹8.
300 2378 375 2414 [Ego
384 2375 443 2404 surn
454 2377 565 2407 Azarias
577 2377 695 2409 Aumi'ae
715 2377 809 2418 magni
820 2377 916 2412 filius.]

156 2416 347 2448 Haerolexicon
369 2421 463 2448 Matri
476 2439 483 2448 .

978 2334 1163 2364 malecitamm
1181 2337 1243 2365 Rex
1273 2345 1369 2374 captus
1391 2347 1405 2364 a
1423 2337 1502 2365 Saule
1529 2347 1552 2364 1.
1569 2339 1642 2376 Reg.
1669 2348 1712 2373 ις.
1742 2339 1779 2367 ita

977 2373 1093 2417 Josepli.
1109 2377 1214 2416 Ruper.
1236 2377 1330 2414 cajet,
1343 2378 1445 2448 Lyris&
1457 2380 1506 2446 bAt
1528 2378 1669 2416 quomodo
1677 2379 1758 2458 c{pfl-1¹21
1768 2399 1778 2414 ,
