1866 2526
199 28 250 74 96
538 22 646 65 BA

183 78 265 115 sunt,
287 90 316 110 ut
335 79 468 117 Moyses,
490 83 517 110 ὅ(
537 79 666 119 Apostoli
688 78 814 114 suerunt5
838 79 901 109 ideo
930 79 973 107 bn.-

185 123 279 151 culum
299 123 329 150 in
356 122 476 151 custodia
496 122 665 160 praeferunt:
690 131 738 159 per
755 123 894 153 baculum,
918 129 972 156 quo

184 162 288 191 infirmi
300 161 493 196 sustentantur,
504 161 647 190 auctoritas
659 161 792 192 doftrinae
806 162 970 200 designatum

184 213 233 242 per
243 204 348 242 virgam
361 225 369 237 ,
392 206 442 241 quii
453 202 572 241 improbi
584 202 763 231 emendantur
772 226 779 237 ,
802 202 917 242 potestas
929 210 971 228 rc-

184 243 299 282 giminis
309 243 442 283 figuratur
450 264 456 272 .
467 243 599 272 Batulum
608 253 674 281 ergo
686 243 836 272 Pontifices
848 250 970 281 portant,

185 293 216 312 ut
232 284 357 313 infirmos
375 285 405 313 in
422 283 475 312 fide
494 284 705 322 perdoc‘trimm
715 284 839 322 erigant:
862 282 970 320 virgam

184 324 301 361 bajulant
314 347 321 357 ,
344 334 374 355 ut
392 334 440 363 pei·
461 324 624 363 potestatem
644 324 786 361 inquietos
808 323 969 362 corrigant,

185 375 246 403 quae
261 365 355 404 virga,
378 366 423 393 vel
434 365 540 393 baculus
549 365 587 393 est
598 373 727 394 recurvus
739 385 747 396 ‚
770 374 799 394 ut
817 365 970 393 aberrantes

184 415 312 444 agrege,
333 405 459 434 docendo
480 406 513 433 ad
532 404 728 443 poenitentiazm
751 404 859 435 traham
884 404 914 432 in
923 415 971 432 ex-

185 455 274 474 tremo
286 446 323 475 est
335 455 444 478 acutus,
467 454 495 474 ut
516 446 627 473 rebelles
645 445 911 474 excommunicando
930 455 972 472 re-

186 487 278 515 trudat
289 508 297 520 ,
318 486 464 515 haereticos
474 486 549 514 velut
560 486 638 523 lupos
648 485 678 513 ab
687 486 755 513 ovili
769 485 876 515 Christi
894 495 971 524 pote-

1306 22 1414 64 ΒΑ

1026 76 1062 106 de
1080 78 1182 109 Guber.
1202 76 1250 107 lib.
1274 87 1298 114 5.
1317 81 1329 111 ]
1352 78 1437 118 Apud
1463 76 1570 109 Divum
1602 77 1810 117 Hieronymum

1027 122 1163 148 Bacaua'a
1189 119 1310 158 legitur-5
1333 120 1368 149 fic
1387 120 1471 148 etiam
1498 119 1578 150 habet
1599 120 1727 151 Eusebius
1738 144 1746 155 ,
1768 123 1812 149 in-

1026 158 1131 196 quiens:
1142 166 1155 195 [
1166 159 1359 189 Diocletianus
1369 159 1527 189 consortem
1536 163 1630 201 Regni
1641 163 1812 191 Herculeum

1027 199 1226 229 Maximianum
1237 199 1342 228 ass'umit
1354 222 1360 232 ,
1383 201 1430 239 qui
1451 201 1613 232 rusticorum
1630 202 1810 239 multitudine

1025 239 1162 276 oppressus
1172 262 1181 273 ,
1200 251 1260 279 quae
1273 241 1386 269 fastioni
1396 241 1448 270 suae
1461 243 1642 272 Bacaudarum
1653 252 1755 272 nomen
1766 243 1810 272 in-

1026 280 1136 308 diderat
1145 301 1153 313 ‚
1173 290 1267 319 pacem
1276 282 1363 311 Gallis
1374 282 1468 311 reddit
1477 303 1484 309 .
1502 284 1538 310 In
1551 283 1683 314 Chrom]
1706 285 1741 312 In
1753 286 1810 319 ejus

1026 320 1113 351 etiam
1123 322 1224 349 Graeco
1234 330 1313 350 textu
1324 318 1458 353 Βεκαῦἑέα
1477 322 1591 352 habetur
1602 346 1609 357 ι
1632 334 1667 352 ex
1682 334 1737 362 quo
1759 335 1809 352 VO·

1025 360 1120 389 cabulo
1140 360 1272 389 formatur
1289 372 1393 391 nomen
1405 365 1581 393 Bacaudicus
1593 386 1601 397 ,
1624 368 1652 393 δ(
1671 365 1744 403 apud
1755 368 1809 392 Eu-

1025 401 1148 430 menium
1160 413 1166 428 :
1192 402 1372 437 [Latrocinio
1383 404 1536 432 Bacaudicae
1548 405 1708 433 rebellionis
1719 404 1808 433 obses-

1025 441 1053 470 sa
1065 463 1071 469 .
1092 443 1104 472 ]
1123 442 1249 471 Censent
1260 442 1380 471 Salvian.
1391 447 1419 471 δε
1438 445 1486 473 alii
1498 455 1530 475 ex
1541 446 1606 474 dist.
1617 444 1742 474 hebraica
1754 451 1809 474 Ba-

1021 483 1140 520 gtmdim
1149 482 1220 511 hanc
1232 493 1329 511 vocem
1337 482 1458 511 derivari
1469 504 1476 512 .

189 527 289 556 stativo
299 535 436 555 exterreat
447 547 454 554 .
476 528 559 554 Gem.
571 526 605 553 de
615 524 715 563 Antiq.
727 526 771 554 tit.
785 526 869 554 Mifl'ae
885 527 931 554 lib.
949 537 971 553 1.
986 524 1083 552 Bmoes
1096 544 1104 555 ,
1127 522 1172 551 seu
1192 527 1275 552 Bain.
1299 530 1310 558 [
1332 524 1477 553 Coronam
1504 535 1608 556 auream
1618 548 1626 560 ‚
1649 531 1677 555 ἃς
1694 525 1790 555 bahem
1801 548 1808 558 ‚

182 578 238 606 cap.
251 579 264 596 2
275 579 282 595 i
293 571 317 594 8.
331 570 342 598 ]
358 567 430 595 Vide
438 566 519 594 etiam
532 566 667 594 Isidorum
677 566 752 594 disto
762 577 818 605 cap.
833 579 847 595 ’-
857 577 901 602 ¹9·
922 560 981 595 lia-⁹·

183 608 257 636 culus
267 608 442 636 Decanorum
454 606 614 634 Monasterii
625 626 632 633 .
645 606 719 641 Vide
732 608 877 638 cambuta
888 627 894 635 -
907 608 972 637 Ful-

184 651 354 678 cinatorium
365 667 372 675 .
394 648 521 681 Narthex
534 666 541 678 2
563 650 709 680 Potentia,

1025 573 1106 602 quam
1128 564 1252 596 misistis,
1275 561 1444 601 accepimi1S‚
1472 576 1494 593 ι.
1517 567 1618 596 Macab.
1643 578 1700 605 cap.
1724 578 1767 602 13.
1796 570 1808 598 ]

1027 604 1196 633 Vocabulum
1209 605 1287 633 valde
1299 604 1443 633 obscurum
1455 625 1461 632 .
1486 608 1542 635 ΕΚ.
1551 610 1595 640 ,Ex
1608 607 1729 646 Joscpho
1741 602 1810 636 'An-

1028 645 1130 683 tiquit.
1145 645 1259 683 ’Judaio
1277 645 1323 674 lib.
1350 656 1390 683 13-
1409 655 1459 684 cap
1494 651 1517 675 8.
1537 646 1651 676 habetur
1670 649 1812 686 exemplar

1028 686 1149 724 epistolae
1164 686 1304 715 Demetrii
1323 687 1474 716 Nicanoris
1486 709 1493 720 ,
1516 687 1551 716 de
1570 699 1621 727 qua
1640 689 1670 716 in
1689 688 1813 717 Machab.

1028 727 1081 755 loc.
1092 727 1140 755 cit.
1152 729 1224 762 cujus
1238 727 1319 756 verba
1328 726 1391 755 sunt
1404 738 1437 757 ex
1447 728 1563 765 epistola
1575 728 1695 765 ejusdem
1705 730 1811 758 Deme-

1030 767 1078 794 trii
1090 787 1096 794 .
1120 767 1162 795 Sic
1179 768 1272 807 itaque
1282 767 1417 805 Josephus
1437 769 1475 796 ait
1494 768 1528 796 de
1540 769 1659 806 Jonatha
1683 770 1813 805 symonis

1031 807 1112 835 fratre
1123 828 1132 840 ‚
1155 808 1229 846 quod
1240 819 1253 837 a
1264 809 1410 837 Demetrio
1420 819 1467 846 per
1476 809 1582 838 litteras
1601 810 1700 839 accitus
1712 822 1717 839 :
1742 810 1814 846 [ille

1029 859 1087 877 non
1098 848 1247 877 intermissa
1257 849 1466 888 oppugnatione
1477 859 1537 877 cum
1547 850 1696 880 senioribus
1706 851 1814 889 populi,

1030 893 1059 918 δε
1080 889 1266 918 Sacerdotibus
1285 900 1378 918 aurum
1398 911 1406 923 ,
1429 893 1457 918 ὃ(
1474 901 1620 930 argentum
1637 913 1645 925 ,
1677 892 1780 924 vestem
1803 913 1813 925 ,

1030 929 1136 967 aliaque
1154 930 1235 959 xenia
1258 930 1401 962 deferens,
1426 931 1504 958 venit
1525 933 1558 960 ad
1568 932 1744 961 Demetrium
1756 954 1763 965 ,
1786 937 1814 960 ἃ

1031 968 1081 997 hac
1092 970 1279 998 munificentia
1291 971 1435 1008 mitigavit
1445 971 1532 1009 Regis
1551 973 1673 999 animum
1683 977 1734 1000 ἃς.
1749 975 1759 1002 ]
1785 977 1814 1000 3<

1032 1010 1146 1038 inferius
1158 1010 1242 1038 refert
1252 1010 1393 1039 Demetrii
1405 1010 1527 1047 diploma
1540 1032 1547 1043 ‚
1557 1012 1602 1039 ubi
1612 1012 1685 1039 inter
1694 1012 1745 1040 alia
1754 1011 1813 1040 h.-.'c

1032 1051 1262 1081 continebantur:
1289 1051 1441 1085 [Remitto
1453 1051 1588 1089 quidquid
1609 1051 1732 1081 solebant
1751 1062 1815 1081 ante

1032 1101 1076 1120 me
1087 1093 1178 1130 Reges
1197 1091 1319 1129 accipere
1330 1103 1343 1120 a
1361 1091 1571 1120 sacrificantibus
1591 1092 1794 1128 Hierosolymis
1805 1114 1814 1126 ‚

1031 1131 1137 1168 aliaque
1156 1132 1256 1160 tributa
1275 1142 1325 1169 pro
1347 1132 1432 1160 sineru
1455 1141 1534 1161 terrae
1548 1155 1554 1165 ‚
1577 1143 1658 1171 etque
1669 1134 1792 1162 arborum
1805 1155 1814 1166 ,

1033 1180 1164 1208 prxterca
1172 1170 1318 1199 salinarum
1332 1172 1449 1210 vestigal
1460 1195 1467 1205 ‚
1485 1177 1511 1201 ὅ(
1524 1184 1616 1202 aurum
1628 1174 1812 1206 coronarium,

1035 1221 1123 1249 neque
1143 1212 1286 1249 quicquam
1307 1222 1402 1240 eorum
1420 1213 1548 1252 exigetur
1577 1215 1607 1243 in
1626 1216 1762 1254 posterum
1774 1235 1780 1242 .
1799 1216 1815 1246 1

1032 1253 1107 1280 Cum
1127 1262 1183 1290 quo
1200 1251 1271 1280 sacra
1290 1253 1428 1291 Scriptura
1447 1254 1510 1282 loco
1536 1255 1621 1283 citato
1643 1256 1792 1284 concordat
1805 1276 1813 1288 ,

1035 1291 1147 1320 dicens:
1173 1296 1231 1327 [Et
1250 1293 1337 1331 elegit
1358 1293 1455 1322 Simon
1475 1295 1548 1324 viros
1560 1317 1567 1327 ,
1592 1296 1701 1324 &misit
1713 1297 1815 1325 :idDe-

1034 1343 1163 1361 metriuni
1182 1341 1293 1371 regem,
1317 1344 1346 1362 ut
1368 1334 1467 1363 faceret
1497 1335 1686 1364 remiffionem
1705 1335 1815 1375 regioni

1034 1375 1110 1404 &c.]
1134 1377 1236 1402 &mox
1259 1375 1288 1403 in
1308 1375 1421 1412 epistola
1432 1377 1570 1404 Demetrii
1581 1390 1588 1404 .·
1613 1379 1702 1410 [Rex
1711 1378 1817 1405 Deme-

1035 1415 1102 1441 trius
1136 1414 1242 1443 Simoni
1274 1417 1386 1451 Summo
1417 1416 1557 1446 Sacerdoti
1586 1420 1639 1444 ἃς.
1670 1417 1816 1445 Coronam

1035 1465 1140 1482 auream
1154 1476 1161 1487 ,
1181 1459 1211 1483 ,ὃς
1222 1454 1317 1486 bahem
1331 1478 1337 1488 ‚
1360 1466 1440 1494 quam
1452 1457 1558 1485 misistis
1570 1477 1577 1488 ,
1601 1466 1753 1493 accepimus
1763 1478 1770 1488 ‚
1789 1459 1817 1484 δε

1035 1496 1121 1532 parati
1139 1494 1228 1523 sumus
1252 1496 1338 1524 facere
1359 1496 1497 1524 vobiscum
1509 1506 1601 1533 pacem
1621 1506 1747 1534 magnam
1760 1517 1767 1529 ,
1791 1499 1819 1523 ὃς

1034 1536 1151 1565 scribere
1171 1537 1323 1574 praepofitis
1344 1537 1430 1575 Regis
1457 1537 1620 1569 dimittere,
1643 1546 1702 1574 quae
1725 1537 1819 1564 indul-

1035 1576 1153 1607 fimus.]
1178 1577 1290 1614 Et'post
1312 1577 1401 1614 aliqua
1421 1577 1501 1605 verba
1522 1577 1658 1615 {equitum
1685 1577 1819 1611 [Remit-

1039 1618 1120 1645 timus
1131 1627 1239 1656 quoque
1249 1618 1420 1656 ignorantias
1429 1639 1437 1651 ,
1460 1622 1487 1646 δ(
1497 1627 1608 1656 peccata·
1618 1617 1700 1655 usque
1720 1618 1748 1644 in
1766 1616 1818 1645 ho-

1037 1658 1164 1686 diernum
1174 1659 1246 1686 diem
1259 1680 1267 1691 ,
1290 1662 1316 1687 δ(
1328 1668 1456 1687 (oronam
1467 1680 1475 1691 ,
1493 1669 1572 1696 quam
1585 1657 1717 1686 debebatis
1729 1679 1736 1689 ‚
1760 1662 1788 1686 ἃ,
1799 1658 1818 1686 fi

1037 1699 1103 1737 quid
1124 1699 1197 1727 aliud
1216 1708 1273 1727 erat
1294 1699 1464 1727 tributumin
1486 1697 1674 1730 Hierusalem,
1697 1700 1819 1731 jamnon

1037 1740 1069 1767 sit
1090 1740 1222 1767 tributum
1232 1742 1306 1771 &c.]
1332 1740 1384 1768 Sed
1401 1738 1571 1777 suspendunt
1591 1738 1677 1767 adhuc
1695 1739 1820 1766 animum

1037 1780 1183 1811 Ciceronis
1195 1781 1275 1809 verba
1286 1780 1420 1818 inprimis
1430 1801 1438 1812 ,
1461 1780 1509 1818 qui
1531 1779 1560 1806 in
1572 1789 1641 1807 orat.
1653 1779 1731 1817 prol.
1743 1789 1819 1818 agra<

1039 1821 1078 1848 ria
1091 1821 1200 1859 inquit5
1229 1827 1240 1855 [
1253 1821 1335 1855 Quod
1345 1821 1378 1848 ad
1389 1830 1523 1858 quemque
1534 1820 1695 1857 pervenerit
1706 1830 1738 1847 cx
1751 1830 1820 1857 prx-

1036 1862 1069 1889 da
1081 1883 1088 1893 ,
1111 1872 1143 1889 ex
1156 1861 1286 1889 manubiis
1296 1882 1303 1893 ,
1327 1871 1359 1888 ex
1371 1870 1436 1888 auro
1446 1861 1591 1888 coronario
1604 1880 1610 1888 .
1633 1863 1644 1891 ]
1669 1863 1703 1888 Et
1715 1859 1821 1888 Plinius

155 1912 218 1939 Bm>
228 1930 235 1937 .
259 1909 333 1939 Vide
343 1909 434 1947 Ephod
443 1928 451 1936 .
819 1943 823 1948 .
951 1943 954 1946 ι

151 1952 307 1979 ΒΛῡυιΝυς
319 1971 326 1978 .
349 1950 476 1979 Rusticus
488 1970 496 1982 ‚
520 1957 552 1977 ex
566 1946 683 1977 Arabico
693 1946 786 1975 Radui
797 1966 806 1977 ,
817 1943 903 1976 idest,
919 1943 980 1970 Vil-

190 1990 256 2019 licus
268 2010 275 2018 .

152 2031 253 2060 BADus
265 2052 271 2062 ,
295 2034 322 2059 δε
333 2037 421 2060 Batus
434 2052 441 2063 ‚
465 2030 646 2059 chraeorum
658 2025 781 2055 mensura
793 2047 800 2058 ‚
823 2026 857 2053 de
877 2022 981 2062 quai-,B-

196 2081 230 2109 pe
242 2072 272 2098 in
283 2070 332 2098 sac.
343 2072 426 2109 Scrip.
438 2075 463 2100 &-
475 2071 633 2099 continebat
645 2080 692 2102 72.
704 2066 840 2109 Sextarios
851 2087 859 2098 ,
883 2074 912 2108 ut
930 2065 981 2092 do-

194 2121 237 2139 cet
248 2111 361 2140 Budaeus
373 2111 406 2139 de
426 2111 488 2140 Ass'e
500 2123 507 2142 ς
526 2120 582 2139 erat
593 2110 698 2138 decima
716 2109 785 2137 Cori
796 2116 854 2144 pars
864 2127 872 2138 ‚
895 2105 962 2133 idest
975 2128 982 2138 ,

196 2161 313 2190 quatuor
323 2151 410 2178 modii
422 2174 429 2184 ,
450 2150 495 2179 seu
507 2151 573 2184 sex,
596 2160 626 2179 ut
644 2149 690 2178 alii
710 2147 884 2178 existimant,
908 2147 982 2183 qUOd

196 2191 260 2220 ess'et
271 2192 400 2220 Tumulus
412 2193 521 2229 Apuliae
533 2213 541 2225 ,
564 2192 612 2230 qui
622 2187 817 2231 correspondet
826 2187 920 2220 eidem,
937 2197 983 2214 an-

197 2233 277 2271 tiquo
287 2242 395 2270 graeco:
408 2231 497 2269 itaque
513 2232 638 2260 120.libr.
651 2230 727 2269 grani
736 2237 869 2270 continet
877 2232 964 2255 Batus
975 2248 982 2254 .

160 2273 313 2302 Biavana
327 2293 333 2299 .
358 2272 533 2299 Facinorosus
544 2294 551 2304 ‚
576 2273 701 2300 rebellis.
727 2272 806 2305 [Aut
822 2267 892 2310 quid
911 2267 984 2295 :iliud

199 2313 283 2341 etiam
293 2323 365 2341 nunc
378 2322 469 2350 agitur
482 2334 489 2344 ,
513 2322 591 2350 quam
605 2322 669 2340 tunc
680 2311 766 2339 aetum
779 2309 816 2337 est
827 2329 834 2340 ,
854 2307 941 2340 idest,
953 2317 983 2335 ut

197 2353 245 2393 qui
254 2352 341 2383 adhuc
354 2353 483 2391 Baguada:
496 2363 553 2381 non
564 2352 626 2382 sunt
636 2374 644 2386 ‚
665 2351 715 2380 elle
724 2358 857 2390 cogantur
867 2368 874 2376 .
885 2348 983 2377 Salian.

1042 1902 1120 1937 [AEs
1130 1901 1221 1939 Cypri
1231 1901 1404 1929 coronarium
1416 1901 1461 1929 lib.
1474 1911 1519 1938 33.
1532 1911 1590 1938 cap.
1601 1912 1630 1937 9.
1643 1903 1654 1932 ]
1667 1899 1740 1928 dixit
1750 1920 1756 1927 .
1768 1899 1820 1928 Sed

1040 1943 1148 1971 Gellius
1159 1953 1241 1970 omne
1253 1942 1333 1979 plane
1344 1942 1455 1970 dubium
1465 1941 1566 1969 enodat
1576 1941 1622 1969 lib.
1638 1951 1662 1976 5.
1671 1950 1728 1977 cap.
1740 1946 1767 1968 6.
1779 1940 1821 1967 in-

1040 1983 1135 2021 quiens
1147 1995 1152 2010 .·
1179 1989 1190 2017 [
1211 1982 1402 2019 Triumphales
1422 1991 1532 2010 coronae
1550 1981 1613 2010 sunt
1634 1990 1717 2008 aureae
1728 2002 1736 2012 ,
1760 1991 1819 2018 quae

1038 2023 1252 2060 Imperatoribus
1265 2023 1298 2050 ob
1307 2023 1444 2051 honorem
1456 2021 1769 2060 triumphimittuntur5
1792 2020 1821 2048 id

1041 2065 1126 2101 vulgo
1136 2064 1240 2093 dicitur
1252 2066 1357 2091 Aurum
1370 2063 1543 2091 coronarium
1554 2083 1560 2089 .
1583 2064 1595 2092 ]
1617 2063 1712 2099 Iraque
1731 2061 1822 2089 Coro—

1040 2115 1073 2132 na
1093 2114 1201 2132 aureum
1220 2104 1394 2132 coronarium
1415 2104 1534 2136 dicitur,
1557 2106 1583 2130 ὃ(
1601 2102 1704 2130 Bahcm
1724 2101 1804 2128 xenia
1814 2124 1821 2134 ‚

1040 2144 1085 2172 seu
1096 2154 1206 2173 munera
1217 2166 1225 2177 ,
1235 2154 1293 2182 quae
1305 2144 1454 2173 Demetrio
1463 2143 1537 2181 Regi
1547 2143 1580 2170 de
1593 2141 1716 2170 Hebraeis
1727 2141 1821 2168 triuni-

1041 2185 1135 2223 phanti
1147 2184 1291 2212 Machabaei
1302 2184 1430 2212 miserant
1441 2205 1447 2212 .
1471 2183 1586 2212 Arabice
1597 2183 1693 2210 Mehbe
1703 2181 1803 2209 dicitur
1815 2203 1821 2212 ,

1042 2225 1129 2258 idest,
1152 2230 1257 2253 Munus
1269 2246 1275 2257 ,
1298 2235 1377 2263 :itque
1398 2223 1548 2253 chaldaica
1565 2223 1647 2251 lectio
1667 2221 1747 2249 habet
1755 2221 1822 2263 §cli-

1040 2266 1105 2294 huto
1114 2287 1122 2298 ‚
1143 2265 1213 2293 idest
1232 2287 1239 2298 ‚
1269 2265 1359 2294 missio
1369 2286 1376 2293 .
1401 2266 1544 2294 Ceterum
1565 2263 1663 2292 Behem
1693 2260 1824 2304 pollicem

1042 2315 1137 2334 manus
1146 2305 1286 2344 appellant
1309 2306 1396 2334 etiam
1407 2305 1507 2334 Arabes
1518 2325 1525 2332 .
1549 2302 1719 2332 Vocabularn
1732 2301 1823 2328 Eccle-

1039 2346 1135 2376 fiastici
1144 2346 1249 2376 Auctor
1259 2345 1312 2375 hoc
1324 2346 1484 2377 vocabulum
1491 2353 1611 2385 graecum
1621 2340 1757 2384 existimat
1769 2362 1775 2371 ‚
1797 2344 1827 2370 ὃς

1688 2389 1784 2419 Inepte
