1866 2526
1638 15 1719 60 403
1739 2 1747 9 ”

127 57 204 87 diem
229 59 323 89 Lanu·
348 54 463 86 Hilduti
481 54 695 86 vocitatur.*1n
713 55 824 95 proesata
852 54 925 84 vita.
942 54 1168 86 luxuviensis
1179 77 1188 90 ‚
1210 57 1340 91 tabellio,
1351 57 1439 98 quiin
1448 60 1585 102 latei-tulis
1596 71 1693 92 notare
1702 71 1782 100 teneq

85 99 258 130 huosa-is
267 119 278 132 ‚
301 97 406 137 lanugo
415 117 423 124 .
447 98 542 133 [Nam
561 99 589 125 δε
599 96 633 125 de
643 97 710 126 mari
724 97 826 126 vellera
836 118 844 130 ‚
867 105 926 135 quae

981 96 1057 125 batur
1067 116 1076 124 .
1174 105 1184 118 ·

127 137 254 168 muscos:
273 137 424 167 lanositatis
432 137 561 167 lautiores
579 136 694 166 conchae
715 147 842 168 comant.
859 141 928 168 Ter·
941 137 1139 167 Lai-suemus
1150 158 1158 171 ,
1179 138 1279 168 tabella
1290 160 1298 172 ‚
1314 137 1344 168 i'n
1363 149 1416 178 qua
1434 138 1499 169 festa
1516 141 1628 170 mobilia
1644 144 1782 174 adnotan-

128 180 190 208 tull.
198 180 233 210 de
242 179 307 218 pall.
315 188 374 217 cap.
388 189 415 217 3.

86 220 212 249 Limon
222 240 230 249 .
253 219 327 249 Vide
335 220 459 256 Asbestos
469 238 477 247 .
488 218 630 248 chodchod
639 239 647 247 .
657 219 828 258 chrysocolla
839 238 847 246 .
856 221 925 247 Eni-

127 261 209 289 dins.
226 261 359 300 syla-nites
370 280 377 287 .
396 259 529 290 Mercurii
539 259 570 288 in
591 260 680 288 trivio
701 260 924 289 cumulabantur.

126 301 200 329 vide
211 305 341 330 Acer-vus
352 303 489 330 Mercurii
498 319 506 328 .

87 341 101 358 '¹
120 343 249 373 Limnes
269 341 342 370 Sacri
353 359 360 367 .
382 340 498 370 Limites
514 350 642 379 agrorum
660 341 695 370 fic
706 339 774 370 disti
784 361 792 373 ‚
809 349 926 379 quorum

123 381 306 410 occultationi
317 403 324 414 ‚
336 391 380 410 aut
390 381 565 410 translationi
583 382 627 411 lex
639 381 747 410 Divina
757 380 927 410 maledistio-

124 432 188 452 nem
199 423 353 452 denuntiat.
365 422 550 454 Maledictus,
563 421 700 460 inquiens,
709 424 758 459 qm'
768 429 860 449 movit
870 426 926 449 tei-

123 467 233 492 minum
238 466 361 501 proximi
372 464 421 500 sui
431 462 467 496 (5-
484 463 559 491 dicet
570 471 644 491 totus
661 462 775 500 populus
786 481 793 490 .
813 464 924 490 Amen.

123 504 240 533 Deuter.
253 515 299 536 27·
317 514 359 536 ¹7-

84 545 222 575 Limisa
236 566 244 578 ,
263 545 379 583 agrestes
397 543 487 573 herbae
498 564 508 576 ,
532 553 565 572 ex
575 553 668 582 graeto
689 541 808 578 λαψᾰνη
818 561 828 574 ‚
851 541 926 580 quod

981 186 1027 205 tui·
1037 198 1044 210 ,
1055 187 1084 206 ut
1093 176 1156 207 sunt
1166 179 1212 208 illi
1224 180 1254 209 in
1265 180 1409 209 Breviirio
1419 181 1536 220 apposita
1546 202 1553 209 .
1577 188 1588 218 [
1602 183 1646 211 Ut
1657 185 1785 214 Sar—,etum

980 216 1081 247 Pascha
1090 216 1238 249 secundum
1248 220 1410 250 laterculum
1419 222 1542 251 Victoris
1550 223 1582 251 :ib
1593 224 1718 254 omnibus
1737 227 1783 255 Sa-

980 258 1136 289 cerdotibus
1145 269 1202 290 uno
1211 270 1338 300 tempore
1345 262 1497 291 celebretur
1506 283 1514 292 .
1523 264 1637 292 Concil.
1649 266 1779 294 Aurelia·

979 298 1064 330 nense
1073 300 1127 329 IV.
1137 311 1197 330 can.
1212 313 1235 330 i.
1255 301 1374 332 Diversa
1380 303 1456 332 enim
1465 303 1637 333 observantia
1657 306 1786 335 laterem-

980 340 1071 369 lorum
1087 339 1220 379 paschalis
1229 341 1383 372 festivitatis
1405 344 1544 374 interdum
1551 355 1672 374 errorem
1682 356 1783 384 ραι-τως

980 381 1018 410 rit
1028 401 1036 409 .
1057 382 1172 411 Concil.
1190 383 1281 412 Tolet.
1300 385 1354 413 IV.
1372 395 1432 414 can.
1452 397 1480 420 4.
1500 387 1514 416 ]
1534 386 1618 424 Apud
1636 388 1782 416 Tertullia-

983 431 1049 450 num
1068 432 1136 452 νει-ο
1145 424 1282 462 fignificat
1291 425 1416 455 tabellam
1427 447 1435 459 ‚
1447 426 1477 454 in
1487 437 1538 465 qua
1548 427 1720 465 magistratus
1731 439 1770 456 no

983 462 1106 491 iabantur
1117 474 1125 495 ς
1149 464 1183 493 fic
1194 465 1271 494 enim
1279 476 1375 496 contra
1386 467 1613 496 Valentinianum
1623 467 1764 507 scripserat

984 508 995 538 [
1009 506 1049 531 Ex
1060 514 1156 533 eorum
1166 515 1233 545 ergo
1241 506 1374 536 laterculo
1385 528 1394 540 ,
1414 511 1443 537 ὅ(
1454 508 1484 537 in
1494 510 1586 549 Reges
1596 530 1604 542 ,
1614 511 1643 539 δε
1652 508 1683 538 in
1691 510 1782 538 Sacer-

981 543 1060 573 dotes
1067 544 1186 584 allegare
1195 545 1373 577 consueverzit
1383 567 1390 577 .

125 586 236 624 propi-ic
246 583 532 615 herbarumhastulam
542 583 693 627 fignificat:
710 578 851 620 [Lapsa-na
863 604 872 616 ‚
882 583 926 611 id-
940 585 1061 613 I-Aiiim
1073 586 1166 630 Sioua
1176 607 1184 619 ,
1194 588 1261 632 quid
1272 588 1344 617 inter
1356 598 1446 618 mutas
1456 589 1613 634 significent
1621 611 1629 620 .
1639 589 1781 635 Vide-Tu-

122 626 161 654 est
173 647 182 658 ‚
204 627 321 665 agrestia
328 626 420 658 olera,
431 623 563 659 &herbas
572 625 635 652 alias
646 633 745 662 praeter
754 624 850 652 oleum
860 633 925 652 con.
975 624 1012 662 fa
1023 644 1030 651 .
1041 626 1139 655 Latine
1148 627 1225 665 loqui
1237 648 1245 656 .
1267 630 1323 659 PR.
1337 639 1387 668 pro
1399 630 1507 669 vulgari
1517 632 1607 662 italica
1614 633 1780 671 loquutione

122 665 270 696 sueverunt
280 666 361 696 edere
371 685 379 693 .
402 667 438 694 In
449 665 506 694 vita
516 664 730 694 &Pal-emonis.

81 709 192 737 Limus
205 707 363 745 ,excipulus
373 726 382 738 ,
404 705 449 734 seu
460 705 530 734 nassii
539 726 548 737 ,
559 715 610 743 qua
619 703 704 742 pisres
716 704 882 742 capiuntun
895 703 924 733 in

120 747 176 776 hoc
194 747 270 776 enim
281 746 467 774 instrumento
481 745 589 774 facilem
606 744 691 784 pisces
700 745 800 774 habent
817 744 923 784 ingres-

978 665 1127 703 aliquando
1136 667 1316 707 intelligitur.
1328 670 1464 700 Camillus
1474 672 1686 711 Peregrinum&
1699 673 1779 701 Prin-

980 706 1062 744 cipib.
1079 709 1205 746 Longob-
1225 709 1270 738 tit.
1288 710 1355 739 fines
1373 711 1494 740 Ducatus
1514 714 1667 743 Benevent.
1686 713 1721 742 ad
1737 712 1778 741 sc-

977 756 1082 784 Ptentr.
1093 758 1154 786 pag.
1167 755 1215 777 66.

119 787 178 816 sum
190 810 198 821 ‚
221 787 268 817 sed
277 785 409 826 egressiim
418 787 562 816 difficilem
572 805 579 813 .
601 792 613 821 [
625 787 748 815 Tandem
757 786 880 822 abjerunt
891 786 1141 841 adILATiumuum
1153 792 1295 820 ANTISTA
1307 813 1316 825 ,
1326 792 1457 821 meretrix
1467 813 1474 821 .
1498 793 1573 823 Vide
1581 797 1705 824 Fric'h‘ix
1713 813 1722 821 -

120 827 227 866 lapsum
239 850 248 862 ,
268 826 484 867 aspicientesque
494 827 663 856 invenerunt
672 837 734 855 eum
746 827 783 855 ita
793 827 924 855 refertum
940 828 1060 858 LAiitiA
1072 849 1080 857 .
1103 829 1177 859 Vide
1194 832 1301 862 Dulia.
1325 833 1398 862 Vide
1418 834 1580 864 Colideatus
1596 835 1626 864 in
1646 835 1711 865 diet.
1731 839 1781 864 Co-

120 868 238 907 piscibus
248 873 301 899 ἃς.
320 871 439 907 Gregor.
450 871 591 896 Turoncn-
614 867 643 894 in
654 867 726 896 libel.
736 869 762 897 S.
773 869 803 897 N
807 868 878 897 icaiii
889 888 896 895 .
910 863 934 899 ]¹·

121 911 195 938 Item
204 910 342 949 fignificat
350 909 513 948 Apostxuam
523 929 530 937 .
554 908 627 938 Vide
635 913 746 938 stantes
757 927 765 936 .

79 951 221 979 LARCAnx
233 971 241 978 .
265 951 340 980 Vide
361 956 475 979 Lamax
487 970 494 978 .

979 869 1071 899 ladem·
1082 891 1090 899 .

940 910 1043 987 LAJRO
1054 933 1060 940 .
1083 911 1157 940 Vide
1167 915 1346 944 Derec‘i‘arius
1357 935 1364 943 .
1375 916 1510 952 Emansbr
1519 936 1526 945 .
1535 916 1656 955 Parisim
1664 937 1671 945 .
1683 917 1782 947 Phar:-

993 962 1044 980 aus
1055 972 1063 981 .

80 991 278 1020 Lamnum.
301 991 473 1021 cellarium
497 990 532 1019 sic
553 990 583 1018 in
597 989 716 1028 quodam
735 990 854 1029 antiquo
871 991 924 1019 Ri-
941 992 1188 1028 LAritocmALis,
1211 994 1347 1028 furtivuss
1366 998 1569 1027 latrocinalem
1588 999 1724 1035 Synodion}
1735 1009 1783 1037 ap-

122 1032 190 1059 tuali
203 1031 274 1060 Abb.
297 1031 438 1060 Grimaldi
449 1031 566 1069 legitur:
593 1037 603 1065 [
615 1032 720 1060 Oratio
742 1032 772 1059 in
784 1032 923 1062 lardario]

122 1071 270 1110 aliquando
278 1073 452 1101 Landmlum
462 1093 470 1104 ‚
482 1070 528 1100 seu
538 1073 695 1100 Lardulum
707 1081 783 1099 acum
794 1094 802 1105 ‚
814 1082 924 1110 nempe,

120 1112 257 1150 fignificat
268 1133 277 1145 ‚
300 1114 394 1151 quoin
404 1113 528 1141 carnibus
538 1111 652 1142 assandis
663 1112 732 1140 lardi
747 1111 828 1142 frusta
840 1112 924 1142 trans-

121 1163 262 1191 ponuntur
270 1173 277 1180 .

80 1194 252 1223 IARDARIUS
266 1216 273 1227 ,
283 1195 405 1223 cellarius
415 1215 423 1222 .
445 1194 520 1223 Vide
529 1195 671 1224 Cellarius
681 1214 688 1221 .

79 1236 218 1264 Ι-ΑκοιεΑ
228 1255 235 1262 .
256 1236 312 1264 PR.
323 1246 390 1264 coxa
400 1257 408 1268 ‚
420 1235 438 1262 l.
449 1235 468 1264 fi
479 1236 538 1274 quis
548 1234 658 1263 homini
669 1257 676 1268 ‚
688 1235 722 1263 de
732 1235 865 1265 convitiis
874 1256 881 1263 .

981 1033 1097 1070 pellavit
1117 1035 1248 1063 Nicolaus
1260 1039 1329 1075 Papa
1347 1039 1558 1067 conciliabulum
1581 1035 1636 1077 p'ei·
1648 1039 1783 1069 photium

982 1073 1166 1103 Patriarcham
1185 1076 1531 1117 constantinopolitanum
1549 1090 1623 1108 anno
1637 1084 1702 1118 863.
1713 1090 1781 1108 con?

981 1124 1021 1141 tra
1032 1115 1149 1143 eundem
1161 1119 1261 1154 Papam
1272 1128 1470 1158 congregatum
1479 1141 1486 1148 .

941 1156 1136 1185 anmnnrs
1149 1178 1156 1189 ,
1167 1157 1274 1187 delator
1284 1180 1292 1192 ‚
1311 1159 1346 1188 sic
1357 1161 1395 1189 D.
1407 1163 1480 1200 Aug.
1488 1159 1569 1189 serm.
1581 1172 1628 1197 40.
1651 1170 1782 1200 pauperes

980 1196 1133 1234 appellavit
1146 1219 1154 1230 ,
1165 1199 1228 1237 quia
1241 1199 1433 1238 elargien‘tium
1447 1201 1646 1238 eleemosynas,
1655 1200 1700 1230 seu
1710 1202 1782 1231 elee-

979 1236 1103 1273 mosynae
1122 1240 1252 1268 meritum
1270 1240 1301 1269 in
1318 1241 1419 1270 coelum
1428 1241 1573 1271 deferunt.
1598 1243 1698 1278 [Quid
1718 1241 1783 1272 sunt

79 1276 206 1304 Lixmx
216 1296 225 1308 ,
247 1272 352 1314 λα’ργαξ
381 1276 550 1314 urna‚capsa
561 1275 770 1314 ‚repositorium
783 1298 790 1305 .
805 1277 923 1313 [Addu-
979 1288 1126 1317 pauperes,
1148 1280 1242 1319 quibus
1259 1280 1371 1311 damnus
1381 1304 1387 1314 ,
1412 1283 1462 1312 nisi
1473 1283 1595 1313 laturarii
1607 1283 1690 1312 nostri
1703 1305 1711 1316 ,
1733 1294 1781 1321 pet·

121 1325 222 1344 xerunt
231 1315 352 1345 faustum
363 1327 460 1354 coi-pus
477 1321 533 1354 ejus
541 1327 602 1345 cum
615 1317 730 1346 canticis
741 1339 750 1350 ‚
771 1321 798 1346 δε
810 1318 922 1353 hymnis
978 1329 1046 1358 quos
1055 1320 1084 1348 in
1094 1330 1136 1348 (σε
1142 1321 1196 1348 lum
1208 1321 1242 1349 de
1253 1332 1322 1351 terra
1332 1323 1522 1364 migramus?Si
1531 1324 1662 1354 laturario
1672 1334 1719 1353 tuo
1729 1326 1774 1353 das

120 1355 308 1394 spiritualibus
328 1357 472 1386 insextam
494 1358 638 1396 regionem
650 1379 658 1390 ,
681 1362 708 1386 ὃς
719 1357 869 1396 posuerunt
893 1359 921 1386 in
975 1360 1118 1389 adcoelum
1131 1371 1222 1398 portat
1231 1363 1306 1401 quod
1317 1364 1363 1392 das
1372 1384 1379 1392 .

120 1397 296 1434 onychinum
305 1399 440 1428 lai-nucem
452 1419 459 1427 .
470 1400 504 1427 In
515 1408 573 1427 vita
583 1399 686 1427 Sanftae
698 1400 826 1428 Martinae
840 1402 922 1438 Virg.
937 1401 1062 1430 LAviino
1072 1422 1080 1434 ‚
1101 1401 1219 1431 Psalmus
1239 1414 1270 1432 in
1281 1404 1356 1433 nu'ss‘a
1366 1425 1373 1432 .
1398 1406 1518 1440 Quando
1535 1406 1565 1434 in
1577 1409 1636 1442 ejus
1652 1406 1708 1435 fine
1717 1417 1774 1436 non

120 1442 148 1466 ὃς
158 1440 240 1467 Mart.
253 1441 264 1470 ]
288 1441 345 1469 PR.
359 1441 389 1468 in
403 1439 520 1477 quodam
528 1449 564 1467 m.
577 1449 597 1467 s.
617 1439 732 1477 antiqno
745 1440 775 1468 in
785 1440 922 1469 Arcliivio

977 1441 1082 1471 dicitur
1090 1443 1187 1472 Gloria
1196 1445 1271 1473 Patri
1284 1466 1291 1473 .
1316 1446 1391 1475 Vide
1400 1447 1497 1475 Gloria
1508 1450 1591 1475 Patri
1601 1467 1609 1474 .

120 1479 242 1506 Basilicae
255 1481 394 1508 Vaticanae
405 1501 413 1513 ‚
435 1480 500 1508 dum
512 1480 547 1508 de
557 1481 728 1517 Corporibus
746 1481 789 1509 SS.
802 1481 922 1520 Epipha-
936 1483 1083 1514 ΙΑυυΑκΑ
1097 1504 1105 1515 ‚
1114 1494 1309 1514 ornamentum
1318 1496 1428 1514 aui-eum
1440 1507 1448 1519 ,
1459 1487 1504 1516 vel
1514 1497 1687 1525 argenteum,
1697 1487 1782 1517 instat·

121 1518 201 1546 nii&
211 1520 368 1548 Concordii
378 1522 533 1555 Martyrum
544 1520 633 1558 :igitur
645 1541 653 1552 ,
665 1529 725 1558 quae
737 1523 814 1556 juxta
825 1532 922 1560 corpus
936 1533 938 1535 ’

122 1558 242 1596 praefatae
254 1561 292 1588 D.
304 1561 433 1588 Martinae
444 1561 566 1596 jacebant
580 1581 588 1593 ‚
597 1560 632 1589 fic
643 1559 757 1589 liabetur
769 1573 776 1589 :
789 1563 853 1598 [Ibi
862 1567 923 1600 jux-

122 1608 148 1627 ta
157 1609 248 1628 arcum
259 1599 455 1639 triumphalem
464 1599 614 1639 posuerunt
625 1602 655 1630 in
668 1599 856 1632 honorabilius
871 1605 892 1632 l:
898 1615 922 1632 r-

122 1650 235 1670 cancem
248 1644 274 1669 V.
286 1642 435 1670 Martinam
446 1652 454 1672 ;
478 1641 648 1680 Epiphanius
659 1652 727 1671 vcro
738 1665 746 1677 ,
757 1647 785 1672 ὅ(
795 1645 922 1674 Concor-

120 1680 181 1709 dius
192 1684 223 1711 in
232 1682 344 1721 lingulis
353 1682 505 1711 collocavit
514 1681 690 1721 sarcophagis
699 1703 708 1712 .
731 1685 814 1722 Apud
827 1686 921 1715 Torri-

120 1722 198 1760 gium
207 1724 371 1761 deGryptis
381 1723 522 1752 Vaticanis
531 1722 655 1752 secunde
667 1724 851 1762 impreffionis
872 1737 917 1767 pa>

122 1764 182 1800 gin.
200 1775 209 1798 5
220 1774 232 1799 5
243 1775 265 1792 i.
275 1765 288 1795 ]
300 1764 347 1803 qui
359 1764 467 1802 optime
477 1766 755 1804 Larnacemeorrigit
762 1787 779 1794 ,v
794 1790 796 1793 .

82 1802 186 1832 Lai-tint
200 1824 208 1831 .
231 1804 305 1833 Vide
314 1805 441 1846 cervula
451 1824 459 1832 .
468 1805 567 1842 Musca
577 1826 583 1833 .
612 1830 614 1832 ,

979 1523 1067 1562 virgae
1079 1545 1088 1557 ‚
1099 1525 1175 1564 qnod
1185 1523 1398 1564 suspendebatur
1407 1537 1469 1556 ante
1480 1528 1576 1556 Altare
1590 1549 1598 1560 ,
1609 1528 1647 1556 ita
1657 1528 1759 1558 dietum
1772 1549 1780 1561 ‚

979 1565 1054 1602 quod
1063 1564 1098 1593 ad
1107 1565 1216 1594 laudem
1227 1588 1235 1599 ,
1254 1571 1281 1596 &-
1291 1566 1426 1596 honorem
1446 1569 1601 1603 Martyrum
1613 1569 1761 1607 ponebatur
1773 1589 1782 1601 ,

979 1605 1008 1633 id
1018 1615 1052 1634 ex
1062 1607 1197 1644 opinione
1207 1608 1338 1645 Calepini
1351 1629 1358 1636 .
1373 1614 1385 1652 [
1399 1609 1474 1637 Fecit
1484 1608 1610 1637 laudanas
1621 1610 1685 1638 duas
1694 1609 1729 1638 de
1738 1619 1778 1638 ar-

978 1655 1066 1684 gento
1078 1646 1218 1685 pensantes
1230 1648 1308 1676 libras
1317 1650 1429 1677 oftonas
1440 1671 1448 1682 ,
1470 1659 1534 1687 quas
1544 1648 1634 1688 posuit
1643 1648 1723 1688 supra
1735 1660 1782 1679 ru-

979 1696 1024 1724 gas
1035 1687 1069 1716 de
1080 1688 1254 1726 presbyterio
1266 1711 1273 1722 ,
1293 1690 1336 1717 ubi
1349 1699 1422 1718 arcus
1433 1689 1468 1718 de
1476 1699 1592 1728 argento
1603 1690 1697 1720 existit
1707 1711 1715 1719 .
1737 1693 1779 1721 A-

981 1728 1047 1755 nast.
1066 1727 1096 1756 in
1107 1728 1231 1758 Adriano
1241 1751 1248 1758 .
1261 1732 1272 1761 ]
1285 1730 1357 1758 Vide
1368 1735 1464 1767 Ruga.

939 1770 1043 1797 LAqu
1057 1769 1125 1797 Sion
1146 1770 1343 1800 ὃΛινΑτοηΜ
1362 1774 1414 1799 ὗες.
1434 1769 1518 1800 Miffae
1533 1769 1680 1811 sequentia
1699 1782 1779 1812 aquo

980 1808 1130 1847 composita
1139 1830 1146 1838 .
1171 1811 1244 1840 Vide
1253 1813 1337 1848 Profa
1346 1832 1354 1840 .

82 1844 178 1872 Linus
190 1865 197 1876 ,
208 1851 296 1882 λαρος
306 1865 314 1878 ,
338 1846 396 1873 avis
408 1846 530 1878 mmm,
552 1846 654 1885 rapacis
666 1847 826 1888 veracisque
845 1859 924 1879 natu·
939 1851 1122 1879 LAUDEMIHM
1133 1871 1141 1882 ,
1158 1850 1260 1880 solutio
1272 1873 1279 1884 ,
1289 1851 1334 1880 seu
1347 1852 1440 1890 pensio
1452 1874 1459 1886 ,
1478 1862 1539 1892 qua:
1552 1853 1583 1882 fit
1594 1863 1645 1892 pro
1662 1853 1779 1893 emphy-

122 1895 158 1913 τε
174 1897 184 1918 ;
208 1895 267 1924 cap.
281 1895 291 1912 i
302 1886 427 1914 i.Levit.

82 1927 250 1955 Larini-is
261 1947 268 1954 .
293 1927 350 1955 PR.
360 1926 511 1955 concubina
522 1949 529 1961 ‚
548 1929 583 1958 fic
595 1929 729 1967 appellata
747 1930 786 1959 est
795 1932 924 1961 Bertrada

122 1967 273 2005 illegitime
289 1975 351 1995 cum
361 1965 496 2005 Philippo
506 1971 660 1999 Galliarum
670 1972 750 2010 Rege
759 1976 905 2008 conjuntta
917 1995 923 2002 .

981 1891 1076 1919 teotici
1095 1893 1248 1920 contractus
1268 1893 1452 1922 renovatione
1461 1914 1468 1921 .
1488 1894 1587 1933 Aliqui
1606 1903 1699 1924 tamen
1717 1904 1779 1930 ety-

981 1941 1048 1959 mon
1059 1930 1172 1960 trahunt
1182 1943 1197 1961 a
1207 1934 1291 1962 verbo
1299 1935 1391 1962 Laudo
1402 1955 1409 1966 ,
1419 1938 1447 1964 ὅ(
1458 1934 1506 1962 alii
1515 1945 1530 1963 a
1539 1945 1607 1964 voce
1618 1937 1778 1975 Longobar-

981 1972 1042 2000 dica
1051 1973 1142 2001 Laden
1155 1995 1163 2006 ,
1175 1974 1242 2002 idest
1255 1995 1262 2006 ‚
1281 1974 1423 2013 impositio
1433 1996 1441 2009 ,
1453 1974 1499 2004 seu
1511 1975 1648 2005 invitatio
1657 1997 1664 2005 .

123 2008 296 2043 [Convenit
305 2007 388 2036 etiam
396 2010 459 2038 Rex
468 2030 476 2042 ,
487 2013 515 2038 δ(
529 2011 648 2040 lateralis
658 2009 705 2039 sua
715 2031 722 2040 .
741 2013 797 2041 Ivo
807 2015 925 2043 Carnot.
942 2014 1058 2042 Liuius
1070 2034 1077 2045 ‚
1097 2013 1137 2042 ita
1146 2015 1332 2043 denominate
1343 2037 1351 2048 ‚
1362 2016 1426 2054 quia
1437 2016 1466 2044 in
1475 2017 1514 2045 eis
1523 2017 1673 2047 recitantur
1681 2016 1778 2057 psalmi

120 2048 201 2085 epist.
217 2055 281 2084 ¹69.

80 2091 308 2119 Larumna-sis
333 2093 499 2120 necessu.
520 2092 596 2122 Vide
618 2094 854 2131 Constantiniana
873 2101 923 2125 Ec—

122 2129 202 2166 clefia
213 2151 219 2158 .

79 2172 308 2203 bisinianensis
319 2173 442 2202 Cauca
451 2193 460 2200 .
483 2173 558 2203 vide
570 2174 724 2203 Cellarium
732 2175 760 2204 in
773 2176 843 2206 did:
862 2178 922 2206 Cel-

121 2211 211 2239 l.zrius
220 2231 227 2238 .
240 2213 380 2249 Incastello
389 2233 396 2239 .
418 2213 597 2245 Lateranensc
611 2215 778 2246 Archivium
799 2219 870 2247 olim
878 2229 924 2247 co-

121 2250 298 2288 piosiffimum
310 2273 316 2280 .
342 2252 414 2282 Vide
423 2255 561 2284 Arabum
571 2275 579 2283 ·

80 2291 297 2322 luminasse
308 2296 466 2325 Pitinum
474 2316 482 2324 .
501 2296 575 2326 Vide
585 2299 823 2337 Constantiniana
832 2302 923 2330 Eccle-

112 2331 159 2373 fia
168 2353 175 2360 ·
187 2336 399 2365 Patriarchtusn
409 2356 416 2364 .

980 2055 1106 2083 Laudare
1118 2059 1270 2084 Dominum
1281 2055 1340 2089 &c-
1351 2057 1424 2085 Vide
1435 2057 1646 2087 Benedistiones
1654 2080 1663 2092 ‚
1681 2062 1710 2087 δ(
1721 2058 1779 2087 lau-

980 2094 1029 2123 des
1036 2095 1065 2122 in
1075 2095 1140 2124 diet.
1153 2097 1308 2125 Benedifflo
1315 2097 1442 2126 beaticass.
1465 2100 1535 2128 Non
1545 2109 1613 2128 vero
1622 2099 1687 2128 licut
1699 2109 1777 2138 puta-

983 2136 1024 2164 vit
1033 2136 1180 2165 Durandus
1191 2158 1197 2169 ,
1218 2138 1281 2176 quia
1292 2137 1431 2177 incipiunt
1449 2138 1600 2176 abhymno
1617 2145 1656 2169 Te
1668 2145 1757 2169 Deum
1769 2160 1776 2168 .

982 2177 1135 2205 secundun·
1145 2187 1320 2206 communem
1328 2180 1493 2218 opinionem
1503 2191 1559 2209 non
1569 2181 1632 2210 disti
1639 2190 1778 2220 nguuntui·

981 2228 997 2246 a
1006 2220 1145 2246 Matutino
1154 2241 1161 2251 ‚
1181 2229 1211 2247 ut
1222 2218 1305 2247 variis
1315 2220 1468 2254 titionibus
1475 2221 1506 2250 in
1515 2222 1582 2251 dict.
1604 2228 1677 2250 Hora
1688 2225 1778 2250 Cano-

980 2263 1045 2288 nica
1066 2260 1210 2298 probatum
1228 2260 1266 2288 est
1286 2282 1294 2293 ‚
1316 2271 1416 2300 praeter
1433 2267 1498 2302 quas
1518 2263 1673 2292 addendum
1692 2261 1779 2289 etism

980 2301 1018 2329 est
1027 2320 1039 2332 .
1049 2301 1123 2340 quod
1135 2299 1283 2340 Episcopus
1293 2302 1461 2332 Diaconibus
1471 2325 1479 2337 ‚
1489 2307 1516 2333 ὃ(
1527 2302 1738 2333 subdiaconibus
1748 2301 1779 2331 in

980 2351 1079 2370 corum
1090 2342 1271 2371 ordinatione
1278 2341 1349 2373 solet
1357 2344 1502 2382 imponere
1512 2354 1581 2373 onus
1590 2343 1674 2373 recita
1679 2343 1727 2372 ndi
1735 2341 1780 2371 liis

1361 2385 1388 2414 C
1397 2395 1411 2414 c
1456 2397 1470 2414 2
1681 2394 1742 2414 ver-
