1866 2526
716 51 770 81 ex
804 33 924 79 Aeris·
955 34 1146 89 Apostol.

132 109 169 140 tia
181 130 191 148 ,
210 109 247 139 ita
255 103 403 142 Chrysost.
413 99 584 140 Stephanum
601 107 670 128 vero
682 95 859 141 tumultuario
871 115 880 127 ‚
901 95 929 122 &

134 150 223 180 sabim
235 148 324 178 fiii-ore
334 145 495 175 occiderunt
505 162 513 174 ,
525 139 600 179 quod
612 139 715 168 facinus
725 135 930 179 diffimularunt

137 179 256 222 Roma-eii
267 200 277 220 ‚-
301 188 357 216 imo
365 181 501 224 josephus
511 203 520 216 ‚
530 181 579 210 lib.
593 191 639 210 ιο.
649 179 751 218 Antiq.
760 187 819 221 cap.
832 181 856 220 ⁸:
869 175 930 204 alias

143 238 185 261 ιε.
195 228 282 258 ass‘crit
294 231 444 257 Annanum
456 221 622 252 Pontificatu
633 220 773 259 privatum
785 217 859 246 fuisse
870 237 878 249 ,
899 226 932 244 eo

135 271 209 309 quod
221 269 350 307 Jacobum
361 263 470 301 juffiss'et
484 262 590 292 occidi.
613 262 667 290 Vel
678 270 735 288 non
746 258 845 302 licebat
857 255 932 300 sorsi-

135 321 182 340 tan
194 311 230 338 eis
241 309 367 337 occidere
378 307 408 335 in
420 305 488 334 festo
498 301 603 332 Paschae
614 310 728 344 propter
738 309 809 328 tanti
821 297 879 326 testi
889 307 932 324 cc-

137 353 289 380 lebritatem
301 371 309 382 ‚
319 359 348 377 ut
357 346 499 385 explicant
509 342 624 382 August.
634 342 740 376 Cyrill.
752 341 824 369 Suar-

95 395 165 430 Cnp.
180 402 222 427 ¹9·
236 402 263 419 v.
280 401 322 425 ¹4.
346 391 431 424 [Erat
444 393 533 414 autem
542 381 686 425 Parascere
696 379 805 410 Paschae
817 399 824 406 .
837 380 850 409 ]
871 378 933 405 Imo

136 441 195 461 erat
206 431 295 471 ipsum
304 429 401 458 festum
411 425 518 456 Pcschae
531 445 539 452 .
562 425 635 452 Nam
645 422 690 450 die
699 419 881 450 antecedente
898 416 931 444 ad

136 473 285 511 Vesperam
294 469 471 499 comederant
485 469 596 504 Agnum
605 461 767 492 Paschalem.
779 457 931 502 Manu-76.

135 513 304 553 Respondeo
313 532 322 544 ,
345 519 401 538 erat
410 505 554 538 Parasceve
566 525 573 537 ,
585 503 671 536 idest,
691 502 748 531 dies
758 507 931 540 praeparatio-

136 555 178 584 nis
191 564 278 584 rerum
290 548 492 581 necess‘ariarum
501 546 533 574 ad
542 544 656 583 sequens
667 541 803 572 sabbatum
814 561 821 568 .
844 539 931 585 Unde

137 597 164 624 S.
175 598 242 624 Mar.
263 605 286 622 c.
302 601 345 628 ις.
356 599 435 619 vocat
447 587 525 616 illum
534 585 608 614 diem
627 593 695 613 voce
706 593 793 622 graeca
804 583 929 620 προσεκβ-

986 91 1016 120 in
1025 92 1099 121 diem
1109 87 1283 121 dominicum
1292 110 1301 123 ‚
1313 88 1352 119 ita
1361 89 1477 119 Ecclesia
1486 89 1651 120 universalisv
1662 112 1670 125 ,
1680 94 1708 120 δι
1719 91 1788 120 San:

985 133 1022 162 sti
1031 134 1124 162 Patres
1147 130 1316 161 unanimiter
1337 139 1434 160 tenent
1446 151 1453 158 .
1476 134 1514 160 At
1524 141 1667 171 computus
1677 131 1788 161 dierum

987 173 1190 213 quinquaginta
1202 183 1260 201 non
1271 171 1421 201 concordat
1432 191 1439 198 .
1462 171 1523 201 Res
1520 174 1630 211 pondeo
1640 193 1648 206 ,
1671 169 1789 211 exlegis

988 212 1143 253 prescript.
1152 215 1239 242 Lev.2
1245 224 1257 251 3
1264 233 1270 240 .
1285 212 1343 242 dies
1352 212 1524 242 I’entecostes
1535 213 1698 244 numerandi
1709 221 1787 242 erant.

988 265 1002 284 a
1012 253 1135 293 sequenti
1147 253 1192 282 die
1206 253 1264 292 post
1276 252 1376 283 Pascha
1384 262 1548 288 azymorum
1559 275 1568 287 ‚
1586 255 1614 282 in
1626 265 1676 293 qua
1684 253 1789 283 solem-¹

989 294 1074 324 nitate
1092 294 1244 332 manipulus
1253 293 1388 332 spicarum
1406 294 1471 323 Deo
1480 293 1634 323 offerendus
1651 304 1707 323 erat
1719 305 1727 325 ἢ
1751 303 1786 322 eo

989 345 1056 364 vero
1066 345 1142 364 anno
1152 334 1266 373 sequens
1284 334 1343 363 dies
1353 345 1409 363 erat
1420 334 1557 364 sabbatum
1568 357 1575 369 ,
1589 345 1644 374 quo
1655 334 1701 363 die
1713 334 1787 363 veti-

989 385 1046 404 tum
1057 386 1114 404 crat
1132 375 1246 404 mittere
1265 373 1361 403 falcem
1381 376 1409 403 in
1430 375 1538 404 mess'em
1553 389 1560 408 ς
1585 387 1618 405 eo
1636 386 1704 416 ergo
1714 384 1787 403 anno

988 416 1143 454 manipulus
1161 415 1268 444 oblatus
1279 414 1330 443 fuit
1341 415 1386 444 die
1397 415 1540 445 dominico
1552 439 1559 450 ,
1577 427 1633 456 quo
1643 417 1688 446 die
1698 415 1787 446 Chri-

988 457 1040 486 stus
1051 456 1237 485 resurrexerat
1246 467 1254 486 5
1277 459 1306 484 δ(
1315 456 1349 485 fic
1358 457 1389 485 ab
1399 455 1448 484 bac
1459 456 1505 486 die
1514 456 1598 496 usque
1609 458 1642 487 ad
1651 459 1789 487 Pentec0-'

987 497 1038 526 stes
1049 497 1144 526 festum
1166 505 1344 525 numerantur
1353 497 1410 526 dies
1427 496 1628 536 quinquaginta
1640 519 1647 526 .
1670 497 1722 528 Sed
1732 500 1788 532 iam

986 537 1106 576 superius
1118 537 1250 575 probavi,
1261 535 1362 566 Pascha
1372 547 1536 574 azymorum
1545 539 1710 568 celebratum
1722 537 1789 571 suis.

987 577 1013 606 se
1023 578 1068 606 die
1077 578 1182 607 Sabbati
1192 588 1226 606 eo
1234 588 1307 607 anno
1317 589 1330 607 a
1341 579 1445 616 Judaeis
1454 599 1462 606 .

135 640 220 672 ματ-ον
232 657 238 667 ,
261 632 329 663 idest
347 629 573 667 Antesabbatum
584 639 592 654 .-
615 624 726 653 additur
745 633 800 652 vox
821 621 868 650 illa
878 625 920 648 Pa
947 619 1016 649 Ibid.
1030 629 1056 647 v.
1067 629 1079 656 3
1089 624 1113 647 8.
1130 624 1142 653 [
1155 619 1317 657 Baptizetur
1327 618 1512 659 unusquisque
1522 621 1640 649 vestrum
1651 619 1683 650 in
1694 619 1784 649 nomi-

134 677 198 713 schae
211 697 220 709 ,
241 674 303 714 quia
312 672 369 701 dies
389 670 433 699 hic
446 666 600 707 parasceves
617 665 752 694 incidebat
773 663 802 691 in
814 661 931 702 primum

137 718 211 746 diem
223 721 384 750 azymorum
396 731 404 744 ,
421 709 466 738 seu
477 706 643 747 paschalium
653 728 662 740 ‚
684 715 713 733 ut
725 704 819 742 probat
831 705 931 744 Baton.

135 757 182 786 scd
192 752 412 794 praetereundum
422 749 468 778 liic
479 759 535 777 non
545 747 582 775 est
593 757 626 774 ex
648 746 839 788 Rabbinoruiu
847 742 931 786 tradi-

134 798 255 826 tionzbus
277 800 423 831 numquam
433 788 559 818 celebrari
579 787 705 825 aJudaeis
724 784 932 829 Paschainbdie-

133 841 179 868 bus
190 839 261 866 lunae
274 857 282 868 ‚
305 831 451 867 mercurii,
468 831 512 858 vel
525 829 648 863 veneris,
668 836 697 855 ut
708 826 767 856 dixi
789 836 818 853 in
830 827 933 869 Hiero-

134 881 188 907 lex.
199 877 262 906 dict.
276 873 437 909 Pentecostes
450 892 457 898 .
481 870 572 908 Igitur
582 879 615 897 eo
626 878 699 896 anno
708 889 725 911 ,ι
739 876 794 905 quo
803 866 886 905 pasius
895 864 932 893 est

133 918 209 957 Jesus
219 939 226 950 ,
247 914 415 945 celebrabant
424 910 524 940 Pascha
534 909 564 937 in
573 909 618 938 die
628 907 728 937 sabbati
739 929 746 939 ,
770 910 797 935 ὅ(
810 917 856 945 per
867 915 931 934 con·

134 959 249 998 sequens
267 955 446 984 comederunt
457 960 554 990 agnum
566 949 599 978 ad
621 948 769 987 Vesperam
783 947 838 976 diei
851 950 937 975 vene-'

136 1000 174 1028 ris
186 1021 194 1032 ‚
217 997 292 1037 quod
302 993 494 1033 comprobatur
505 991 560 1019 illis
571 989 753 1028 Evangelistae
767 988 869 1016 verbis:
884 991 932 1031 [Et

135 1040 184 1079 ipsi
196 1050 253 1067 non
274 1038 446 1066 introierunt
459 1033 488 1061 in
499 1041 659 1070 praetorium
672 1051 679 1063 ‚
693 1039 722 1057 ut
734 1040 790 1060 non
801 1037 931 1057 contami-

135 1090 269 1109 narentur
279 1100 287 1111 ,
298 1077 344 1107 sed
354 1085 383 1105 ut
394 1073 588 1103 manducarent
600 1070 699 1101 Pascha
709 1090 715 1097 .
728 1072 772 1108 Jo.
790 1074 881 1098 18.v.2
889 1072 928 1100 8.]

136 1124 174 1150 At
185 1120 313 1149 Christus
330 1116 467 1146 Dominus
476 1112 576 1142 relictis
596 1112 783 1141 Rabbinorum
805 1110 919 1138 traditio

135 1162 212 1190 nibus
222 1159 345 1189 comedit
355 1166 454 1196 agnum
466 1153 532 1183 feria
545 1154 580 1181 V.
593 1152 702 1190 quando
714 1151 848 1179 incidebat
857 1150 925 1179 deci-

140 1211 280 1240 maquarta
293 1200 350 1228 dies
362 1200 446 1227 Lunae
457 1194 542 1235 primi
552 1193 666 1223 menfi55
688 1192 774 1230 igitur
783 1190 930 1220 secundum

136 1242 248 1281 Judaeos
268 1240 335 1269 seria
343 1238 419 1267 sexta
428 1246 485 1265 erat
504 1233 651 1263 Parasccve
671 1231 780 1262 Paschae
799 1243 832 1260 co
841 1243 912 1262 anno
925 1253 931 1260 .

987 670 1021 688 ne
1032 659 1096 697 Jesu
1105 658 1229 691 Christi]
1242 660 1347 689 Utrum
1359 660 1418 688 haec
1435 660 1566 700 Baptismi
1581 661 1666 690 forma
1674 661 1707 690 sit
1719 661 1789 690 vali—

986 700 1019 728 da
1030 721 1038 732 ‚
1060 700 1171 728 dicente
1182 699 1298 729 Christo
1309 699 1413 730 Matth.
1424 701 1473 729 ult.
1489 702 1688 740 [Baptizantes
1697 711 1743 731 eos
1755 702 1787 730 in

987 740 1102 768 nomine
1122 741 1210 769 Patris
1221 762 1228 774 ,
1251 745 1280 771 8(
1292 741 1355 769 Filii
1368 763 1376 774 ,
1395 742 1548 781 &Spiritus
1568 743 1656 772 Sanfti
1667 763 1674 771 .
1687 745 1699 775 ]
1718 741 1789 772 Res-

987 782 1115 819 pondeo,
1137 780 1228 810 sensus
1249 781 1362 810 illorum
1379 783 1524 812 verborum
1542 789 1574 812 In
1596 787 1705 813 nomine
1720 783 1789 820 Iesu

989 822 1090 859 christi
1103 843 1111 854 ‚
1124 822 1197 850 idem
1208 822 1246 850 est
1257 844 1265 856 ‚
1275 833 1304 851 ac
1317 822 1346 851 in
1358 823 1412 852 fide
1420 823 1484 862 Jesu
1495 823 1623 857 Christi,
1632 824 1677 853 seu
1688 824 1718 853 in
1728 823 1788 853 vir-

988 872 1066 891 tute.
1090 861 1237 891 Addebam
1256 872 1348 892 autem
1360 863 1486 893 informa
1505 864 1713 903 Baptismialias
1723 864 1787 893 duas

988 902 1114 941 personas
1124 902 1300 935 Sanffiffimae
1311 904 1457 934 Trinitatis
1469 905 1614 935 neceflhrio
1625 906 1788 944 exprimen-

987 944 1030 972 das
1040 964 1047 972 .
1070 944 1158 973 Unde
1167 954 1230 973 ante
1242 944 1410 984 Baptismum
1429 946 1631 976 instruebantur
1640 947 1734 976 fideles
1754 946 1789 975 de

988 984 1122 1020 mysterio
1143 985 1320 1014 Sanctiffimae
1347 987 1511 1021 Trinitatis,
1541 998 1571 1016 ut
1587 989 1692 1017 docent
1713 989 1788 1016 Suar-

989 1026 1121 1054 Coninck
1135 1047 1143 1058 ‚
1166 1029 1194 1054 δε
1213 1027 1259 1056 alii
1277 1026 1452 1057 Scholastici.
1475 1028 1654 1057 Crediderim
1672 1038 1784 1060 tamen,

988 1066 1086 1103 primis
1106 1066 1162 1095 illis
1183 1067 1349 1106 temporibus
1368 1068 1398 1096 in
1411 1068 1498 1097 forma
1511 1069 1639 1107 baptismi
1665 1069 1698 1098 ad
1719 1079 1788 1098 con-

987 1107 1135 1135 ciliandam
1155 1110 1287 1142 majorem
1301 1109 1484 1138 reverentiam
1502 1111 1622 1148 exprimi
1638 1109 1726 1139 solere
1738 1120 1789 1138 no-

987 1157 1050 1176 men
1067 1147 1129 1186 Jesu
1141 1147 1250 1178 Christi
1261 1149 1314 1178 hoc
1331 1150 1431 1179 modo:
1456 1155 1516 1189 Ego
1535 1159 1562 1180 te
1573 1151 1684 1190 baptizo
1695 1150 1725 1179 in
1737 1161 1788 1179 no-

987 1188 1189 1258 rSnineet'PatriS,
1212 1193 1241 1219 ὅ(
1260 1189 1322 1219 Filii
1340 1194 1396 1228 ejus
1414 1191 1479 1231 Jesu
1489 1190 1615 1225 Christi,
1634 1192 1789 1231 &Spiritus

1006 1239 1040 1258 an
1070 1240 1097 1258 i.

136 1282 328 1311 Confirmatur
346 1279 403 1307 lia-'c
413 1276 512 1315 opinio
532 1286 564 1303 ex
578 1274 758 1302 Hebraeorum
777 1271 915 1302 Thalmud
926 1296 932 1306 ,
947 1271 1017 1308 Cap·
1028 1281 1054 1303 7·
1066 1281 1094 1299 v.
1107 1283 1132 1300 2-
1158 1278 1170 1307 [
1182 1272 1318 1311 Apparuit
1328 1273 1399 1311 patri
1412 1274 1507 1303 nostro
1518 1274 1634 1303 Abrahae
1648 1296 1655 1309 ,
1677 1284 1738 1303 cum
1750 1272 1789 1303 es-

136 1323 166 1351 in
183 1333 238 1361 quo
257 1321 377 1351 ass‘eritur
394 1316 538 1348 Christum
556 1313 649 1355 Jesum
669 1312 770 1352 passum
787 1324 849 1343 ante
860 1314 933 1344 diem

132 1362 240 1393 Paschae
251 1383 258 1390 .

93 1404 165 1434 Ibid.
177 1414 203 1431 v.
218 1414 263 1439 29.
289 1398 461 1439 [Spongiam
473 1396 582 1434 hysopo
591 1394 832 1434 circumponentes
844 1418 850 1425 .
864 1400 875 1429 ]
894 1399 931 1426 Α-

134 1443 200 1472 liter
210 1445 292 1471 Mara
302 1451 326 1477 5.
338 1441 468 1476 [Calamo
479 1439 731 1476 circumponentes]
746 1439 818 1466 Item
827 1437 931 1467 Matth.

137 1495 182 1516 27·
198 1489 209 1518 [
222 1483 373 1521 Spongiam
382 1479 549 1509 arundini-J
575 1476 742 1514 Respondeo
752 1498 760 1505 .
783 1479 931 1518 Spongiam

133 1524 244 1562 quidem
262 1521 410 1553 arundini,
433 1519 480 1549 sed
489 1517 645 1547 ramusculis
667 1516 767 1556 hysopi
778 1519 851 1557 quasi
860 1520 930 1548 funi-

132 1564 200 1593 culis
217 1562 470 1601 circumposuerunt
482 1583 490 1593 ,
514 1569 548 1587 ne
559 1557 677 1596 spongia
698 1558 880 1594 dilaberetur,
903 1564 929 1589 ὅ(

987 1311 1028 1340 set
1040 1312 1070 1339 in
1081 1311 1279 1350 Mesopotamia
1289 1315 1319 1344 .]
1343 1315 1460 1344 Constat
1471 1316 1639 1344 contrarium
1652 1317 1725 1344 Gen.
1744 1326 1752 1342 i
1763 1324 1772 1342 1
1780 1334 1789 1342 .

988 1363 1015 1382 v.
1026 1363 1039 1390 3
1052 1363 1072 1380 1.
1085 1353 1129 1381 ubi
1150 1353 1286 1382 Abraham
1297 1353 1398 1383 dicitur
1409 1356 1519 1384 eductus
1528 1355 1562 1384 de
1579 1357 1625 1385 Ur
1636 1356 1789 1385 Chaldaeo-

987 1403 1046 1422 rum
1058 1413 1064 1420 .
1088 1392 1258 1432 Respondeo
1267 1417 1276 1428 ‚
1298 1394 1343 1422 hic
1355 1395 1564 1434 Mesopotamiae
1577 1397 1692 1426 nomine
1703 1397 1789 1424 intel-

986 1434 1084 1472 ligitur
1093 1435 1184 1463 omnis
1195 1437 1273 1474 regio
1285 1445 1358 1464 trans
1369 1436 1537 1475 Euphratem
1549 1458 1557 1470 ‚
1576 1447 1656 1476 prout
1666 1436 1788 1476 opponi-

986 1484 1030 1503 tur
1050 1485 1128 1504 terrae
1141 1475 1282 1505 Chanaam
1293 1497 1301 1509 ,
1323 1479 1396 1512 cujus
1418 1477 1521 1506 limites
1542 1478 1732 1507 extenduntur
1745 1476 1788 1506 us-

984 1526 1037 1585 ἓιῖε
1049 1516 1081 1586 lsi
1091 1516 1260 1556 Euphratem
1271 1537 1278 1545 .
1301 1518 1336 1545 In
1346 1515 1547 1557 Mesopotamia
1556 1529 1624 1558 ergo
1633 1517 1787 1547 includitur

1021 1567 1047 1585 ia
1081 1568 1117 1586 aea
1128 1579 1135 1586 .

138 1614 168 1633 ut
177 1614 281 1633 acetum
293 1612 396 1633 virtute
407 1600 508 1640 hysopi
520 1599 684 1629 condiretur
693 1600 752 1627 .1ta
762 1603 833 1639 Aug.
845 1604 873 1630 ὅ(
884 1600 928 1629 alii
946 1598 1015 1627 Ibid.
1026 1609 1052 1626 v.
1066 1608 1090 1634 5.
1116 1602 1175 1634 [Et
1187 1609 1245 1628 non
1264 1598 1341 1628 dedit
1350 1599 1393 1629 illi
1411 1598 1602 1629 haeredimtem
1621 1600 1652 1629 in
1662 1610 1691 1629 ea
1705 1624 1711 1635 ,
1733 1609 1787 1628 nec

135 1645 313 1683 antiquiores,
325 1643 408 1672 Multi
420 1652 488 1670 vero
501 1648 597 1680 putant
606 1639 737 1668 calamum
749 1639 823 1669 fuifle
834 1652 867 1669 ex
878 1641 928 1677 by-

133 1685 203 1723 sopo
213 1705 221 1713 .
235 1686 361 1714 Calamus
369 1683 444 1711 enim
455 1682 590 1720 significat
599 1679 733 1708 surculum
742 1681 858 1717 cujusvis
869 1682 929 1710 herr

134 1726 173 1754 bx
185 1746 194 1758 ,
205 1725 262 1753 imo
273 1725 434 1753 Dodonazus
444 1744 451 1754 ,
461 1723 506 1750 lib.
518 1733 543 1756 4.
555 1721 588 1748 de
600 1720 724 1758 stirpibus
734 1743 742 1754 ,
755 1732 813 1761 cap.
829 1734 872 1759 ¹9·
881 1723 930 1757 ait,

133 1765 272 1804 hysopum
290 1765 393 1803 erigere
403 1764 489 1791 caules
500 1763 610 1790 altiores
620 1782 628 1793 ‚
639 1761 720 1789 duros
730 1783 738 1794 ‚
751 1765 778 1790 δι
789 1763 912 1802 lignosos
925 1786 930 1792 .

138 1807 216 1834 Hanc
229 1805 393 1834 sententiam
407 1812 503 1832 tenent
525 1800 657 1835 Euthym.
669 1801 773 1837 Chrys,
782 1805 884 1840 Lyram
906 1805 930 1834 5,

138 1845 240 1875 Tliom.
253 1846 336 1875 Titel.
350 1845 438 1873 Dion.
448 1841 546 1872 Carth.
558 1842 665 1871 Batrad-

183 1929 239 1956 EX
261 1926 411 1956 ACTIS
435 1924 841 1956 APOSTOLORUM.

93 2008 181 2037 (ΑΡ.
197 2019 219 2036 ι.
232 2018 258 2037 v.
274 2018 283 2035 i
292 2011 317 2036 8.
337 2014 349 2043 [
362 2011 397 2036 Et
409 2006 454 2035 hic
464 2005 576 2045 quidem
587 2006 705 2046 polledit
716 2017 810 2046 agrum
819 2007 854 2036 de
863 2017 934 2037 mer-

133 2049 199 2077 cede
213 2047 368 2086 iniquitatis
377 2069 384 2076 .
395 2051 408 2080 ]
432 2045 568 2085 Loquitur
577 2048 612 2076 de
622 2048 692 2085 Juda
703 2048 848 2086 proditore
859 2070 867 2082 ‚
887 2050 932 2088 qui

134 2088 275 2128 suspensus
296 2089 400 2127 crepuit
419 2087 542 2119 mediuss
562 2089 703 2127 quomodo
720 2089 806 2127 igitur
819 2089 932 2128 poffedit

133 2139 226 2168 agrum
237 2138 358 2167 empmm
379 2129 440 2167 post
450 2131 504 2164 ejus
523 2133 663 2158 mortem?
686 2128 871 2167 Respondeo,
893 2131 931 2159 est

135 2170 222 2209 figura
240 2169 399 2199 catachresis
411 2192 419 2203 ,
442 2180 493 2208 qua
503 2170 576 2207 quod
588 2180 649 2198 ineo
669 2179 720 2197 aere
730 2179 853 2208 emptum
873 2171 910 2200 est
922 2193 929 2204 ‚

134 2221 227 2239 meum
245 2209 295 2239 effe
315 2210 458 2244 censetur,
482 2213 509 2239 δ(
527 2211 610 2239 etiam
632 2220 754 2239 mortuus
771 2210 851 2239 dicor
861 2212 930 2241 illud

133 2250 268 2289 poffidere
280 2261 328 2289 per
336 2250 496 2280 successores
506 2261 580 2280 meos
591 2271 598 2279 .
622 2252 675 2280 Vel
685 2250 799 2290 pofledit
811 2252 928 2291 pretium

127 2291 190 2330 agri
201 2313 208 2324 ‚
230 2291 359 2321 nimirum
372 2314 380 2326 ‚
401 2291 544 2330 pecuniam
556 2312 564 2319 .

90 2334 161 2370 Cap.
174 2343 200 2360 2.
224 2342 238 2360 v
247 2352 254 2359 .
267 2343 290 2361 ι.
317 2334 414 2368 [Cum
425 2333 629 2371 complerentur
647 2333 705 2362 dies
718 2333 888 2364 Pentecostes
898 2337 928 2367 .]

131 2372 175 2404 Est
187 2372 301 2404 traditio
319 2373 514 2409 ecclesiastica,
538 2373 612 2411 diem
622 2374 793 2404 pentecostes
805 2375 929 2405 incidiss'e

986 1639 1085 1676 pastum
1096 1639 1173 1678 pedis
1184 1642 1214 1671 .]
1238 1641 1332 1669 Sermo
1340 1641 1377 1669 est
1387 1641 1420 1669 de
1431 1651 1500 1670 terra
1511 1641 1652 1670 Chanatvn
1664 1662 1672 1674 ,
1695 1641 1725 1669 in
1735 1651 1787 1679 qua

986 1681 1089 1719 legitur
1099 1680 1238 1709 Abraham
1247 1680 1385 1719 postediss'e
1395 1680 1550 1719 speluncam
1560 1680 1824 1720 duplicem.Ger.....

987 1732 1032 1758 23.
1045 1731 1071 1749 v.
1083 1732 1112 1757 9.
1124 1720 1292 1760 Respondeo
1302 1743 1309 1750 .
1332 1721 1414 1750 Illam
1425 1721 1578 1760 speluncam
1590 1733 1647 1751 non
1660 1722 1737 1751 dedit
1748 1722 1782 1750 il-

985 1762 1006 1790 li
1018 1763 1109 1790 Deus:
1131 1760 1177 1790 sed
1191 1763 1258 1791 emit
1275 1762 1365 1801 pretio
1383 1763 1493 1801 argenti
1505 1783 1512 1790 .
1536 1765 1579 1792 Ita
1597 1765 1669 1802 Aug.
1693 1774 1720 1801 q.
1735 1770 1783 1798 56.

986 1803 1016 1830 in
1026 1805 1096 1831 Gen.
1109 1803 1169 1831 Nec
1190 1813 1296 1841 poterat
1309 1804 1399 1832 vocari
1411 1802 1557 1833 haereditas
1567 1804 1640 1832 locus
1659 1804 1689 1832 in
1697 1803 1788 1842 sepul-

985 1852 1074 1872 turam
1094 1843 1261 1877 destinatus‚
1284 1848 1380 1874 &non
1401 1845 1431 1873 iu
1450 1844 1602 1877 culturam,
1623 1844 1660 1873 ait
1673 1843 1784 1873 Glossa.

945 1884 1014 1914 Ibid.
1026 1895 1052 1912 v.
1070 1890 1112 1912 16.
1125 1890 1136 1918 [
1149 1887 1183 1912 Et
1193 1883 1319 1913 translati
1329 1883 1392 1913 sunt
1404 1885 1432 1914 in
1444 1884 1553 1914 Sichem
1564 1907 1571 1918 ,
1591 1888 1619 1913 ὃ(
1631 1885 1710 1923 positi
1721 1884 1785 1913 sunt

985 1926 1015 1954 in
1027 1924 1153 1963 sepulcro
1162 1947 1170 1959 ‚
1190 1926 1264 1964 quod
1274 1925 1340 1953 emit
1353 1925 1488 1955 Abraham
1499 1926 1590 1964 pretio
1609 1926 1717 1965 argenti
1728 1936 1742 1954 a
1752 1924 1784 1954 fi-

986 1965 1030 1994 liis
1041 1967 1148 1994 Hemor
1158 1987 1166 1999 ‚
1185 1966 1236 1994 filii
1246 1965 1356 2001 Sichem
1367 1969 1398 1998 .]
1425 1968 1492 1995 Haec
1507 1966 1630 1995 narratio
1648 1968 1674 1996 S.
1684 1965 1785 2005 Sepha-

987 2006 1014 2035 ni
1027 2006 1193 2035 contradicit
1205 2006 1316 2035 veritati
1329 2018 1337 2038 5
1361 2007 1417 2035 imo
1428 2009 1640 2046 quamplurimas
1658 2006 1785 2036 involvit

987 2048 1161 2075 difficultates
1172 2067 1178 2074 .
1202 2048 1295 2076 Primo
1314 2047 1453 2076 Abraham
1464 2049 1533 2077 emit
1544 2049 1574 2077 ab
1586 2047 1702 2087 Ephron
1725 2047 1786 2075 filio

986 2090 1061 2116 Scor.
1073 2090 1146 2116 Gen.
1159 2099 1206 2126 23.
1224 2098 1249 2116 v.
1267 2095 1310 2117 16.
1320 2089 1445 2118 Secundo
1456 2111 1464 2123 ‚
1483 2090 1557 2118 locus
1566 2090 1712 2118 vocabatur
1725 2089 1783 2116 He-

985 2129 1053 2157 bron
1067 2150 1074 2161 ,
1098 2129 1128 2157 in
1139 2139 1192 2167 quo
1202 2127 1300 2167 sepulti
1310 2127 1372 2157 sunt
1380 2140 1475 2158 omnes
1486 2129 1649 2158 patriarchae
1662 2138 1782 2166 excepto

985 2169 1089 2208 Joseph
1101 2191 1108 2202 ‚
1120 2180 1149 2197 ut
1161 2169 1273 2198 habetur
1282 2169 1364 2208 Josue
1374 2192 1383 2204 ‚
1394 2182 1417 2199 c.
1428 2171 1478 2198 ult.
1490 2172 1549 2199 Nec
1559 2170 1647 2208 potest
1657 2169 1783 2198 verifica-

986 2210 1051 2239 ride
1061 2211 1204 2248 emptione
1214 2211 1296 2248 Jacob
1305 2222 1319 2239 a
1330 2211 1394 2240 filiis
1405 2212 1537 2243 Hermor,
1547 2213 1621 2239 Gen.
1633 2221 1679 2248 33.
1692 2220 1720 2238 ν.
1735 2221 1743 2237 1
1751 2221 1782 2246 9.

985 2261 1046 2280 nam
1066 2252 1148 2289 Jacob
1158 2261 1215 2279 non
1224 2251 1291 2280 emit
1308 2250 1461 2290 sepulcrum
1472 2273 1479 2284 ,
1500 2250 1548 2280 sed
1557 2261 1653 2290 agrum
1664 2251 1697 2280 ad
1714 2261 1782 2279 con-

984 2293 1140 2322 struendum
1157 2293 1240 2320 altare
1250 2312 1256 2319 .
1279 2295 1376 2322 Tertio
1387 2292 1450 2330 quia
1470 2293 1579 2320 Hemor
1598 2302 1656 2321 non
1682 2291 1733 2320 suit
1751 2292 1783 2320 fi-

987 2334 1038 2362 lius
1050 2355 1057 2366 ,
1071 2332 1117 2361 sed
1128 2341 1204 2372 pater
1215 2331 1323 2362 Sichem
1335 2354 1342 2360 .
1365 2334 1473 2367 Quarto
1482 2333 1602 2372 denique
1612 2333 1675 2372 quia
1686 2343 1743 2361 non
1756 2343 1786 2361 e-

985 2374 1036 2404 mit
1048 2374 1130 2414 Jacob
1148 2373 1240 2414 pretio
1248 2373 1354 2414 argenti
1365 2395 1374 2409 ‚
1397 2373 1445 2405 sed
1453 2384 1563 2404 centum
1573 2383 1648 2413 agnis
1660 2394 1668 2402 .
1677 2374 1787 2442 hFateoi:

1698 2423 1747 2443 auc
