1866 2526
198 33 250 74 18
534 27 652 70 AD
1303 0 1423 69 AD

173 88 300 118 voffium
311 86 345 117 de
355 85 434 117 vitiis
445 84 525 116 serm.
547 92 559 121 [
571 86 607 113 In
617 81 720 122 placito
729 82 837 114 heroici
856 83 961 124 Judicis
1018 84 1094 124 spem
1103 83 1133 114 in
1142 82 1259 114 Ecclesia
1269 85 1411 117 collocari,
1424 94 1512 125 neque
1522 94 1687 126 quemquam
1696 97 1730 118 ex
1739 94 1807 121 Ani

169 129 366 161 Beneventani
377 149 383 156 .
401 127 512 158 Chron.
534 125 665 168 Cafinen.
681 135 739 165 cap.
751 137 765 165 3
771 139 800 164 9.
819 126 866 155 lib.
881 139 903 156 1.
925 129 960 156 In
1016 127 1122 155 dronici
1139 125 1263 155 manibus
1280 126 1352 166 eripi
1370 124 1443 165 poss'e
1452 150 1461 162 ‚
1483 139 1541 158 non
1557 129 1578 159 fi
1596 128 1695 167 pedem
1711 130 1801 170 ipsum

169 171 275 209 placito
284 168 438 199 Marsorum
455 167 602 201 Comitum
613 187 621 199 ,
642 165 745 196 ibidem
753 168 801 197 lib.
814 179 840 196 2.
860 179 918 207 cap.
931 179 961 203 4,
1015 165 1124 196 Christi
1132 167 1253 197 manibus
1265 178 1392 198 teneret:
1415 169 1535 207 Synefius
1554 171 1636 199 inane
1646 173 1674 199 δε
1692 171 1804 201 irritum

168 215 200 243 ὃς
208 221 231 245 e.
249 217 292 240 16.
312 213 348 240 In
356 210 458 248 placito
469 207 638 238 Marchionis
648 208 770 243 Andreae
781 229 788 238 .
808 211 845 242 In
856 209 958 247 placito
1016 208 1114 238 videns
1125 229 1134 241 ‚
1156 209 1272 247 amplius
1281 219 1397 240 monere
1406 205 1549 239 hominem
1559 222 1566 242 ς
1589 221 1652 240 eum
1663 221 1804 251 tamquam

169 251 341 286 Termulensi
351 270 360 283 ρ
378 254 414 279 Et
424 251 470 280 lib.
481 262 508 289 3.
517 260 575 288 cap·
586 259 634 284 4¹·
645 248 773 290 Cumque
782 251 816 279 ad
825 251 958 288 placitum
1014 249 1164 278 membrum
1175 250 1323 281 insanabile
1332 248 1452 280 solemni
1462 251 1635 281 anathemate
1645 253 1676 281 ab
1686 254 1804 283 Ecclefia

168 302 211 321 res
224 292 353 331 pnodu&a
372 290 478 325 fuifl‘et,
500 293 598 324 ]Item
615 288 811 326 Implaci'tare,
829 291 939 330 litigare
951 312 957 323 ,
1014 289 1173 330 segregavit
1185 312 1193 324 ,
1211 302 1246 320 ne
1266 292 1340 323 illius
1357 291 1526 332 contagione
1538 314 1548 327 ,
1570 294 1646 332 quod
1669 293 1805 324 sincerum

168 332 275 370 judicio
285 332 406 369 experiri
416 332 551 371 fignificat
561 352 569 358 .
582 336 593 367 [
605 329 771 366 ordinavit,
782 332 858 372 quod
869 333 958 361 nullus
1014 340 1071 361 erat
1082 353 1091 365 ,
1110 342 1346 371 corrumperetur,

172 373 205 402 in
214 373 300 403 Curia
310 373 395 411 Regis
406 374 590 412 implacitaret
600 394 608 406 ,
620 371 669 400 nisi
682 374 711 401 in
719 374 822 413 gallico
833 393 839 400 .
850 373 956 402 Rober-
975 374 1158 402 Animum-01<
1169 395 1177 406 ,
1189 375 1318 412 Magister
1327 373 1566 404 Caeremoniarum
1578 395 1587 408 ,
1607 385 1641 403 eo
1661 375 1735 414 quod
1743 385 1804 404 om-

168 423 214 443 tus
234 414 347 443 Holkot
365 414 395 442 iri
411 414 457 442 lib.
476 413 531 453 sap.
542 422 600 452 cap.
612 415 661 444 2.]
676 416 772 443 Italice
783 417 890 444 Platire
902 435 909 446 ,
930 418 956 442 δι
1013 424 1048 442 ne
1058 414 1105 447 id,
1125 414 1200 452 quod
1211 416 1349 453 agendum
1359 416 1393 444 fit
1413 416 1579 449 ‚admonere
1596 415 1694 447 ,debets
1718 416 1755 444 ita
1774 417 1804 444 in

170 457 285 485 Piarr05
296 452 446 493 Hispanite
455 455 512 484 Pleu·
523 464 570 482 tar
582 475 589 487 ‚
609 459 637 484 δε
646 456 737 493 Pleyto
746 455 848 484 dicitur
858 474 866 482 .
885 455 958 483 Vide
1011 455 1233 484 ordinationibus
1244 456 1439 486 Conciliorum
1449 467 1508 485 non
1519 466 1580 486 raro
1591 456 1745 495 appellatur
1754 476 1762 484 .

172 496 297 524 Mallare
308 496 441 525 .Mullum
451 516 458 523 .
469 496 614 533 lmplacito
625 516 632 523 .
641 498 788 525 Placitum
799 516 806 522 .
975 496 1180 524 ADNUMIASTA
1193 517 1201 528 ,
1220 496 1268 526 ille
1278 507 1335 526 erat
1346 519 1354 530 ‚
1364 496 1408 526 cui
1418 496 1588 526 incumbebat
1599 498 1701 527 milites
1720 497 1751 526 in
1768 495 1804 525 Lib

130 534 311 566 'ADMENTUM
320 558 328 569 ‚
348 534 455 574 sagittae
468 546 554 575 genus
565 557 572 564 .
584 538 595 567 ]
609 538 677 565 Haec
688 541 717 565 δε
733 536 831 566 fimilia
842 536 955 564 admen-
1012 537 1085 565 bello
1097 537 1202 575 lignare
1213 559 1220 570 ‚
1231 549 1290 577 quae
1302 548 1366 567 nota
1376 539 1554 567 Adnumium
1565 538 1707 568 dicebatur
1716 558 1724 565 .

171 586 200 606 ta.
209 576 420 605 haereticorum·.
431 578 548 606 Terriill.
558 578 593 605 de
608 578 701 616 Scorp.
712 589 769 616 cap.
787 589 809 606 i.
822 580 833 609 ]
846 588 860 605 a.
871 577 958 605 nimiru
977 580 1142 607 Amitinum
1153 598 1159 605 .
1172 578 1244 607 Vide
1255 580 1446 615 Adnumeastu
1455 599 1462 607 .

170 617 310 647 violentia
318 617 356 645 ita
367 617 487 651 dicitur,
504 618 567 656 quia
585 616 688 647 chorda.
708 619 737 647 in
756 617 912 656 arctiusque
923 618 957 646 :id
974 622 1095 648 ADoNAl
1108 641 1114 651 ,
1134 618 1259 649 hebraica
1270 631 1325 650 vox
1336 630 1396 658 quae
1414 618 1570 648 Dominum
1587 629 1676 648 meum
1699 618 1804 658 fignifi-

170 668 297 687 mcntum
306 658 440 693 trahitur,
1012 669 1055 687 cat
1068 682 1075 692 ,
1090 660 1122 688 ab
1135 660 1217 688 Adon
1228 682 1235 693 ,
1248 661 1333 693 idest,
1343 661 1483 690 Dominus
1496 671 1504 691 ς
1523 661 1572 699 qiii
1592 660 1688 688 titulus
1708 661 1746 688 ita
1765 659 1804 688 est

129 702 391 730 ADMINICULATOR
403 721 411 732 ‚
422 699 546 727 officium
566 698 596 728 in
607 700 723 729 Ecclelia
741 703 867 730 Romana
884 699 956 727 :inti—
1013 700 1043 728 in
1054 700 1132 728 sacris
1144 701 1289 741 Scriptum
1299 702 1362 729 Deo
1373 701 1520 730 attributus
1531 723 1538 733 ,
1551 710 1580 729 iit
1591 710 1730 739 nunquam
1741 700 1802 728 aliis

168 750 253 778 quum
264 750 314 778 pro
325 739 485 769 defensione
494 741 650 773 viduarum,
681 742 868 779 piipilloniin,
889 741 956 768 :ilio-
1011 741 1141 769 creaturis
1151 741 1248 773 detiir5
1260 746 1287 771 ὅ(
1300 742 1410 771 Hebraei
1430 742 1541 780 quando
1562 741 1688 769 incidunt
1711 751 1801 769 mno-

171 791 287 819 rumque
297 780 454 816 hujusmodi
464 781 659 810 destitutorum
671 784 789 817 ereetum
801 793 808 813 5
829 781 896 810 ficut
905 780 956 809 lio-
1014 792 1078 810 men
1096 781 1151 810 Dei
1173 782 1309 812 ineffabile
1329 783 1430 811 lehova
1439 803 1448 816 ,
1467 784 1521 816 ejus
1540 782 1603 810 loco
1620 781 1805 820 pronunciant

171 821 218 852 die
228 831 376 859 pauperum
386 822 525 850 Advocati
538 822 639 850 faciunt
654 828 665 857 [
678 823 848 860 Stephanum
859 822 958 851 Admi-
1013 823 1134 852 Adonai.
1156 823 1229 851 Vide
1247 825 1286 852 D.
1297 823 1434 852 Thomam
1445 844 1453 856 ‚
1473 833 1530 861 par.
1546 833 1568 850 ι.
1587 822 1680 860 quaest.
1696 832 1739 858 ¹3·
1752 830 1805 850 art.

172 861 356 891 niculatorem
366 883 373 894 ,
394 865 405 894 ]
417 873 498 900 quam
507 863 567 901 post
577 864 740 892 cardinales
748 863 938 892 Primiceriiiiu
951 876 955 890 :
1019 874 1027 890 1
1040 874 1061 891 1.
1072 866 1099 892 δ(
1110 861 1175 891 hinc
1185 869 1445 902 Tetragrammatan
1456 884 1463 891 .

170 906 199 932 δ(
211 903 431 938 secundicerium
442 905 567 932 nominat
577 905 760 942 Luitprandus
779 904 826 933 lib.
847 910 874 933 6.
895 903 958 935 hist.
977 905 1123 934 Anomms
1141 905 1176 933 Pi
1185 915 1303 933 ANCTUS
1323 926 1330 933 .
1351 905 1425 933 Vide
1437 904 1570 942 Astarthe
1582 924 1589 931 .
1608 903 1778 932 Palambona
1796 921 1803 928 .

170 953 229 981 cap.
242 950 268 971 6.
279 944 352 971 Vide
362 943 493 982 Defensor
504 964 510 972 .
524 946 717 975 Conclamator
728 966 736 972 .
1014 945 1168 973 Thummus
1183 965 1190 972 .
1211 947 1267 975 FR.
1278 946 1378 974 Adhon
1396 944 1521 973 hebreice
1532 945 1634 972 ulmum
1654 942 1787 981 fignificat
1798 964 1806 973 ,

130 986 315 1013 AnniuATus
325 1004 333 1019 7
346 984 420 1012 Vide
432 1005 438 1017 .
450 989 567 1019 Amirus
579 1006 586 1016 ,
1014 995 1043 1012 :ic
1062 995 1150 1024 gr-oece
1179 984 1345 1015 suavitatem
1363 986 1480 1014 denotat
1492 1005 1500 1012 .
1520 983 1681 1023 Fulgentius
1692 1005 1700 1016 ,
1719 983 1764 1011 lib.
1779 993 1805 1020 3.

133 1028 276 1055 Ammonio
287 1047 294 1057 ‚
306 1025 437 1053 modifico
449 1047 456 1058 ,
467 1026 579 1065 corrigo
590 1048 597 1058 ,
608 1027 726 1055 emendo
737 1026 848 1065 aliquod
859 1025 959 1064 imper-
1014 1025 1139 1061 Mythol.

174 1065 276 1094 fecium·
285 1086 291 1092 .
304 1068 372 1100 [Me
382 1076 472 1095 autem
483 1068 604 1105 poenitet
624 1068 733 1096 incaute
745 1089 752 1100 ,
772 1071 799 1096 δε
818 1068 907 1096 minus
918 1068 961 1101 in-
976 1068 1135 1095 Anoprivii
1148 1087 1156 1099 ,
1168 1077 1227 1105 quae
1239 1067 1346 1095 dicatur
1355 1087 1361 1093 .
1376 1066 1449 1094 Vide
1460 1065 1686 1104 Agapitefhrores
1697 1083 1704 1091 .

170 1106 248 1134 culto
261 1105 342 1135 sensu
353 1128 360 1139 ‚
373 1107 417 1135 vel
431 1107 560 1145 impolito
571 1107 699 1136 sermone
712 1108 813 1142 stylum
823 1107 939 1136 exarasse
952 1119 958 1138 ς
977 1108 1139 1136 ADORATIO
1151 1129 1159 1139 ,
1170 1108 1254 1136 tribus
1264 1108 1353 1135 modis
1363 1107 1464 1135 dicitur
1474 1128 1482 1139 ,
1502 1108 1601 1135 Latria
1613 1125 1621 1137 ,
1643 1105 1733 1133 Dulia
1745 1125 1752 1136 ,
1774 1103 1808 1137 &-

173 1146 246 1175 unde
256 1146 385 1175 offensam
395 1147 492 1176 sanftae
502 1148 600 1176 animae
612 1149 707 1177 vestrae
718 1158 861 1186 p0tuerain
872 1149 960 1177 incur-
1016 1148 1183 1185 Hyperduliae
1195 1168 1202 1174 .
1213 1147 1286 1177 Vide
1296 1148 1387 1175 Duliu
1397 1167 1403 1174 .

173 1197 234 1215 rere
246 1209 253 1221 ‚
264 1188 313 1216 nisi
325 1188 412 1216 vestra
422 1188 528 1217 bonitas
538 1188 713 1218 admodiasset
726 1210 733 1217 .
751 1189 885 1218 Palladius
897 1189 961 1228 Epi·
977 1190 1103 1216 Ancum
1116 1209 1122 1219 ,
1132 1187 1222 1226 gloria
1232 1209 1239 1220 ‚
1253 1188 1378 1219 :idorcitio
1388 1207 1394 1214 .
1409 1185 1556 1221 [Pulchris
1575 1184 1718 1224 patientiae
1729 1225 1732 1227 -
1742 1184 1809 1212 ado-

172 1227 249 1267 scop.
260 1230 295 1257 ad
304 1229 422 1257 Desider
431 1250 438 1256 .
456 1232 467 1260 ]
1016 1229 1069 1256 reis
1079 1228 1242 1257 albicantem
1252 1239 1316 1258 vere
1327 1228 1443 1266 dignum
1454 1248 1461 1259 ,
1472 1236 1502 1255 iit
1512 1227 1651 1255 Dominus
1672 1225 1809 1254 habitaret

132 1270 291 1299 'ADMODUM
309 1290 318 1302 ,
339 1270 482 1298 Salvianus
501 1270 565 1298 loco
584 1272 776 1308 Propemodum
798 1292 805 1303 ,
826 1269 873 1299 seu
892 1277 961 1300 Pene
1017 1269 1152 1306 templum
1163 1289 1169 1295 .
1182 1270 1216 1297 In
1227 1268 1284 1298 vita
1293 1270 1320 1297 S.
1331 1267 1473 1305 Genulphi
1487 1266 1636 1305 Episcopi.

176 1310 313 1339 abutitur.
337 1316 348 1344 [
362 1311 441 1347 Jiibet
452 1312 528 1339 Deus
538 1332 546 1343 ,
565 1320 594 1339 iit
604 1312 694 1339 cunCti
705 1312 847 1350 egentibus
858 1309 901 1340 sua
913 1312 963 1339 tri-
981 1311 1132 1344 Anninus,
1142 1309 1225 1347 plene
1235 1331 1243 1342 ,
1254 1310 1393 1348 complete
1403 1328 1410 1335 .
1431 1314 1442 1342 [
1455 1310 1582 1345 Cumque
1593 1308 1626 1336 a‘d
1636 1305 1743 1335 diversa
1755 1305 1810 1333 stu<

176 1351 259 1380 bilant
271 1363 277 1382 i
288 1351 379 1379 curisti
389 1352 536 1380 admodum
546 1352 634 1381 aliena
644 1353 800 1391 pervadunt
814 1373 821 1380 .
840 1353 885 1381 De
896 1355 963 1382 Pro—
1019 1351 1062 1379 dia
1074 1371 1082 1382 ‚
1092 1350 1187 1388 quibus
1198 1349 1288 1379 saeculi
1299 1349 1446 1389 potestates
1458 1348 1562 1377 studere
1572 1348 1662 1376 solent
1675 1367 1682 1379 ‚
1693 1346 1810 1384 adplene

175 1392 299 1420 videntia
310 1414 317 1425 ,
329 1391 375 1419 lib.
386 1402 412 1430 3.
424 1395 436 1423 ]
1020 1391 1049 1420 in
1061 1391 1187 1419 omnibus
1197 1391 1352 1430 disciplinis
1364 1389 1467 1428 politus
1478 1387 1541 1418 ess'et
1551 1409 1559 1417 .
1570 1391 1607 1418 In
1615 1388 1674 1418 vita
1694 1388 1720 1416 S.
1741 1389 1812 1415 Leo-

133 1431 148 1449 *
170 1434 348 1468 ADMONiTlo
358 1453 365 1460 .
387 1432 546 1462 Consuevit
557 1434 672 1463 Ecclesia
690 1443 754 1463 ante
773 1434 964 1463 excommiini-
1017 1431 1122 1470 degarii
1132 1431 1244 1468 Epist-1

174 1474 294 1505 cationis
320 1475 579 1512 pronunciationem
600 1486 689 1503 rerum
716 1476 863 1504 admonere
874 1496 880 1502 .
903 1476 964 1504 Ad·
980 1473 1142 1503 Ammiano,
1154 1471 1308 1507 dejui-:iido
1318 1470 1442 1510 spondeo
1454 1491 1460 1498 .
1474 1477 1486 1505 [
1498 1470 1586 1498 Unde
1598 1469 1652 1497 tale
1661 1468 1812 1496 sacramen-

176 1518 291 1543 monitio
299 1513 358 1542 haec
369 1515 408 1542 bis
419 1524 496 1543 terve
508 1513 636 1553 separatis
646 1517 813 1555 temporibus
823 1516 911 1554 repeti
921 1514 962 1543 so-
1019 1523 1050 1541 to
1069 1523 1117 1552 per
1135 1511 1208 1540 suem
1221 1512 1347 1541 festucam
1360 1510 1432 1540 visus
1450 1511 1489 1539 est
1501 1509 1655 1554 adrhamire
1666 1529 1673 1536 .
1694 1510 1730 1536 In
1750 1507 1812 1553 lege

174 1555 247 1584 lebat
258 1577 266 1588 ,
288 1554 437 1583 secundum
448 1555 516 1583 illud
529 1556 658 1594 Apostoli
669 1579 676 1590 ‚
686 1562 745 1586 Tit.
759 1568 785 1594 3,
796 1561 962 1586 Harettcum
1021 1553 1105 1583 Stilica
1118 1574 1125 1586 ,
1145 1563 1203 1591 cap.
1216 1564 1263 1591 30.
1274 1553 1318 1580 tit.
1329 1564 1377 1591 39.
1399 1554 1410 1583 ]
1424 1554 1449 1580 A
1462 1561 1529 1579 voce
1550 1551 1648 1589 gallica
1658 1553 1812 1590 Arramir,

175 1597 313 1625 hominem
321 1598 376 1633 post
386 1607 472 1625 unam
483 1595 517 1628 ό·
528 1598 648 1626 alteram
659 1599 872 1627 admonitionem
883 1598 963 1634 repel-
1020 1605 1080 1633 quae
1092 1592 1299 1632 promiffionem
1309 1593 1419 1628 jurandi
1432 1614 1439 1624 ‚
1453 1591 1499 1620 seii
1513 1589 1715 1633 fidejussionem
1728 1588 1812 1625 figm—

178 1638 219 1665 Ιε.
245 1639 325 1666 Hanc
337 1638 437 1675 agendi
449 1637 585 1666 rationem
597 1639 753 1677 Ambrosius
765 1660 772 1671 ‚
791 1640 822 1667 de
832 1639 894 1676 offic.
906 1638 922 1665 1.
937 1650 962 1666 2.
1021 1636 1083 1664 ficar
1095 1656 1101 1662 .
1122 1637 1157 1663 In
1169 1635 1294 1663 formulis
1312 1633 1431 1671 antiquis
1451 1632 1588 1671 reperitur
1606 1639 1689 1674 etiam
1710 1638 1812 1673 nomen

177 1679 293 1709 c.27.ita
302 1677 481 1716 repraesentat
493 1690 499 1705 :
512 1683 583 1707 Cum
595 1680 681 1708 dolore
692 1688 857 1717 amputatur
866 1682 962 1710 etiam,
1019 1676 1207 1705 Adrhamztus
1220 1696 1226 1702 .
1240 1681 1251 1709 [
1264 1674 1324 1713 Ipse
1334 1674 1420 1703 homo
1427 1672 1626 1716 sacramentum
1637 1680 1708 1698 intra
1718 1670 1803 1712 {plum

177 1730 233 1757 qua
241 1722 427 1757 putrui'tpars
438 1723 550 1756 corporis
561 1742 568 1752 ,
591 1720 626 1753 &²
635 1721 684 1748 diu
696 1723 838 1748 uastatur
850 1741 857 1752 ‚
874 1719 902 1757 [ἰ
919 1727 963 1757 po-
1020 1716 1106 1744 casam
1119 1717 1174 1744 Dei
1185 1738 1191 1749 ,
1204 1716 1248 1744 vel
1261 1716 1339 1753 ipsius
1352 1714 1464 1744 Abbatis
1476 1714 1593 1742 liabuisse
1604 1710 1791 1741 adrhamituin
1802 1723 1811 1731 ·

179 1759 335 1796 testsanuri
345 1760 556 1788 medicamentis
567 1774 575 1788 :
590 1761 679 1798 finon
693 1762 776 1798 potest
793 1770 861 1789 tunc
873 1772 890 1788 u
910 1770 963 1787 me-
981 1761 1183 1786 ADRHAMITUS
1194 1777 1201 1783 .
1213 1757 1286 1785 Vide
1298 1757 1442 1785 Adrhumo
1453 1775 1460 1782 .
1593 1793 1597 1798 .
1629 1791 1632 1795 ¹
1685 1791 1689 1795 ι
1710 1789 1715 1794 .

179 1800 241 1829 dico
252 1801 427 1836 abscinditur
437 1821 444 1827 .
466 1803 510 1828 Sic
521 1803 639 1838 Episcapt
651 1801 775 1838 adfeaus
787 1802 846 1829 boni
857 1801 891 1837 est
902 1821 909 1832 ,
932 1810 965 1828 ut
983 1801 1099 1827 ADniAi
1110 1808 1185 1825 icum
1197 1799 1283 1825 Maur
1296 1818 1304 1829 ‚
1327 1806 1374 1834 pei·
1386 1796 1506 1825 Clavum
1526 1793 1635 1824 Chrlstl
1655 1798 1815 1830 mltlgafflm

179 1848 282 1877 oportet
293 1862 302 1873 ,
318 1841 422 1878 sanare
433 1841 553 1876 infirmos
567 1862 574 1873 ,
592 1843 733 1879 serpentia
741 1841 851 1879 auferre
861 1841 963 1873 ulcera,
1022 1839 1072 1867 fuit
1086 1859 1092 1865 .
1106 1838 1180 1866 Vide
1193 1838 1351 1865 clavatum
1362 1856 1368 1863 .
1688 1873 1692 1876 ῃ
1720 1872 1724 1876 ¹

181 1883 298 1909 adurere
317 1882 417 1920 aliqua
428 1902 436 1913 ,
459 1891 510 1909 non
527 1882 686 1918 abscindere
696 1902 702 1908 .
726 1885 855 1918 Pqslremo
865 1902 873 1913 ‚
897 1883 966 1919 quod
986 1882 1120 1908 Ansium
1133 1900 1141 1911 ‚
1163 1878 1326 1917 aggredior.
1337 1882 1349 1911 (
1362 1878 1407 1905 Me
1419 1877 1491 1905 malo
1500 1876 1600 1905 ordine
1610 1873 1740 1915 adsalivbit
1755 1893 1761 1904 ι
1786 1874 1815 1899 &

177 1922 280 1958 sanari
298 1932 351 1949 non
367 1923 452 1958 potest
463 1943 470 1953 ,
494 1932 557 1950 cum
576 1922 662 1949 dolore
681 1923 837 1957 abscindere
848 1942 854 1948 .
876 1921 967 1949 Simili
1027 1920 1162 1948 livoravit
1173 1939 1179 1945 .
1202 1921 1290 1946 Form.
1303 1921 1387 1947 Rom.
1398 1918 1442 1946 De
1455 1918 1539 1946 verbo
1547 1920 1661 1945 Livor-0.
1676 1913 1754 1957 vVide
1767 1911 1815 1954 suo

181 1961 268 1990 modo
278 1963 387 1999 Prosper
397 1984 404 1995 ,
427 1963 459 1990 de
472 1965 520 1990 rit.
531 1963 673 1999 contempl.
686 1956 744 1990 1.'2.
762 1973 784 1990 c.
795 1973 822 1994 7.
841 1963 902 2000 ‚Qui
921 1963 970 1990 dm
1026 1962 1089 1988 loco
1101 1980 1107 1986 .
1123 1959 1226 1994 [Quasi
1239 1969 1286 1986 nos
1300 1959 1373 1987 nulla
1385 1968 1513 1986 manente
1525 1955 1601 1985 causti.
1613 1956 1641 1983 in
1653 1964 1697 1982 Vici
1706 1950 1815 1995 adsalisf

176 2004 285 2040 portati
296 2023 303 2034 ,
325 2002 519 2039 &salubriter
529 2004 666 2040 obiurgari
678 2025 686 2035 ,
707 2007 802 2040 corrigi
813 2003 952 2030 noluerint
963 2024 970 2034 ,
1026 2001 1090 2029 setis
1100 2021 1108 2032 ‚
1128 2004 1154 2029 δ(
1165 1999 1290 2039 graviter
1302 1997 1465 2027 livorassetis
1477 2019 1484 2026 .
1497 2000 1532 2028 In
1542 1996 1650 2027 formuL
1661 1991 1814 2030 Marculphi

180 2051 331 2081 tamquam
338 2051 435 2081 putres
446 2046 559 2081 corporis
566 2051 659 2080 partes
669 2044 766 2071 debent
776 2043 851 2081 ferro
865 2053 972 2070 excom·
1026 2040 1157 2069 Monachi
1168 2062 1174 2072 ,
1186 2040 1231 2067 lib.
1249 2051 1270 2068 i.
1281 2050 1338 2077 cap.
1353 2051 1399 2075 29.

180 2086 382 2111 manicatiom's
392 2085 515 2120 abscindi
528 2104 535 2110 .
556 2085 599 2112 Ita
611 2083 714 2122 pariter
733 2083 851 2123 Synefius
862 2103 870 2115 ‚
890 2085 971 2120 Epist.
986 2084 1175 2111 ADTRACTUS
1191 2102 1199 2112 ,
1220 2081 1362 2119 acquiiitus
1373 2101 1380 2112 ,
1398 2079 1525 2108 affe-cutus
1537 2100 1544 2106 .
1557 2079 1625 2114 [De
1636 2083 1795 2121 comparato
1806 2094 1814 2107 1

184 2131 198 2158 5
206 2127 231 2151 8.
241 2121 319 2151 suum
338 2124 437 2163 agendi
450 2125 561 2152 modum
570 2133 667 2152 contra
677 2125 870 2154 Andronicum
880 2144 887 2154 ‚
909 2134 968 2151 cru-
1027 2122 1071 2149 vel
1084 2122 1117 2150 dc
1130 2121 1251 2159 quolibet
1264 2122 1385 2149 adtrasto
1395 2141 1402 2147 .
1421 2120 1533 2148 Marcul.
1545 2120 1574 2146 in
1585 2126 1670 2155 antiq.
1681 2115 1755 2144 char.

180 2163 277 2191 delem
287 2164 467 2193 ptolemaidis
478 2164 639 2194 Praefeftum
651 2187 659 2198 ‚
682 2164 728 2203 qui
739 2163 874 2201 potestate
884 2161 928 2192 sua
941 2164 1115 2193 advAnvrxA
1125 2182 1133 2191 .
1145 2162 1218 2190 Vide
1230 2162 1389 2199 Allophylus
1399 2181 1406 2188 .
1420 2161 1567 2197 Philtsthai
1577 2179 1584 2201 .·
1594 2159 1762 2201 Trfmfwnu
1775 2176 1782 2183 .

183 2204 341 2232 vexandum
352 2208 378 2233 &
389 2205 603 2242 opprimendum
615 2206 748 2243 populum
757 2201 1162 2237 abiitebcitur‚de·³ADvENrus.
1174 2202 1280 2231 saci-iim
1291 2212 1397 2240 tenipus
1408 2210 1472 2229 ante
1486 2200 1650 2243 Nativitatis
1658 2197 1764 2242 Christi
1777 2195 1817 2224 fe-

182 2242 278 2273 scribit
289 2265 295 2272 .
321 2245 443 2273 Primum
456 2246 567 2283 quidem
577 2245 753 2275 admonendo
762 2266 770 2278 ,
781 2249 808 2273 ὃ(
820 2244 972 2273 dehortan-
1029 2244 1108 2275 stum,
1118 2244 1149 2271 ab
1161 2243 1277 2280 ipsomet
1292 2242 1490 2280 Apostolorum
1500 2243 1629 2276 Principe
1641 2239 1798 2282 institutum
1808 2260 1817 2270 ,

183 2284 238 2314 do.-
262 2285 354 2322 Quum
366 2296 434 2314 vero
444 2285 515 2314 niliil
527 2287 673 2324 proficeret
684 2308 692 2320 ‚
711 2284 888 2323 hominisque
899 2285 975 2313 furor
1029 2293 1059 2313 ut
1078 2284 1160 2312 docet
1170 2283 1316 2311 Durindiis
1327 2304 1335 2315 ,
1358 2283 1403 2311 lib.
1415 2294 1440 2321 3.
1461 2292 1518 2320 cap.
1542 2292 1568 2310 2-
1591 2280 1675 2314 Quod
1695 2286 1817 2322 incipitzi

187 2325 274 2364 magis
291 2324 430 2364 magisque
459 2326 692 2360 inflammaretur,
715 2331 742 2356 ὃ(
765 2326 974 2354 inemendabilis
1029 2325 1193 2363 proximiori
1212 2324 1364 2353 Dominica
1383 2324 1409 2352 S.
1431 2323 1550 2352 Andrcae
1573 2322 1641 2365 festo
1657 2340 1668 2365 ‚⁶
1697 2322 1816 2360 Antiqui

186 2365 265 2395 fieret
275 2387 284 2400 ,
306 2367 375 2397 adeo
392 2377 422 2396 ut
440 2366 621 2397 scelestissima
643 2378 712 2398 voce
732 2367 837 2397 diceret
847 2388 856 2402 ,
878 2366 974 2397 frustra
1029 2365 1183 2395 Christiani
1193 2365 1223 2395 in
1230 2364 1285 2396 hoc
1298 2373 1424 2404 tempore
1434 2385 1443 2405 ⁴
1456 2363 1522 2395 ficut
1532 2361 1618 2396 hodie
1627 2361 1722 2398 aliqiiae
1735 2358 1816 2400 Reli-

1714 2407 1775 2438 gm-
