1866 2526
96 75 299 111 remissionem,
319 75 382 116 quia
392 76 422 106 in
431 87 504 106 anno
524 76 673 115 Jubilaeiin
690 77 844 107 libertatem
853 85 896 105 re-

97 119 276 148 mittebantur
284 117 647 156 mancipiassestimebantur
655 117 829 157 poss'effiones
839 126 895 146 em-

97 169 152 198 ptz
165 180 174 193 ‚
184 157 402 188 cancellabantur
409 158 611 197 obligationum
620 160 790 188 conti-astus:
809 157 895 186 hodie

99 209 190 228 tamen
199 197 379 238 spiritualiter
398 199 428 226 in
439 198 552 227 Ecclesia
568 198 716 228 celebratur
727 199 872 238 Jubilaeum
882 208 894 225 :i

96 239 240 268 Bonifatio
259 239 345 267 VIII.
365 238 489 277 quolibet
507 237 599 266 sarculi
611 239 666 267 fine
686 239 842 269 institutum
861 240 894 267 de

97 290 171 308 anno
185 291 193 307 i
201 290 267 317 300.
278 277 325 307 sed
335 289 350 307 a
359 279 508 307 Clemente
518 280 571 307 VI.
581 279 614 307 de
623 290 698 308 :inno
715 290 798 316 1450.
807 278 840 307 ad
851 279 891 306 in-

97 319 149 348 star
167 319 276 358 Jubilaei
285 319 394 357 antiqui
414 320 570 348 testamenti
591 321 716 358 quolibet
724 318 892 348 semisaeculo

96 359 236 388 reduRum
247 381 256 393 ‚
277 363 305 388 ὅ(
315 359 344 388 ab
356 360 472 388 Urbano
484 361 538 388 VI.
555 359 590 388 ad
601 371 686 389 anuos
705 361 823 400 triginta
843 369 894 388 tres

99 400 245 429 limitatum
259 421 266 432 ,
290 399 400 428 tandem
411 399 501 428 Sixtus
514 401 565 428 IV.
575 400 608 428 de
618 411 690 428 anno
704 411 787 436 ¹474-
798 400 888 428 huma-

97 450 139 469 na·
153 441 216 468 vitae
229 440 393 469 brevitatem
403 439 594 473 considerans,
608 440 643 468 ad
652 440 800 468 terminum
812 440 892 478 quin-

97 491 151 519 que
160 481 307 509 lustrorum
319 480 460 513 stabilivit,
471 480 536 508 sicut
546 480 654 518 semper
666 480 756 519 postea
766 480 848 518 usque
860 481 891 508 ad

95 521 186 550 nostra
197 531 318 559 tempora
337 519 506 549 observatum
518 519 570 549 suit
580 540 588 548 .
611 521 674 556 Quo
683 521 717 550 ad
734 520 838 549 causam
850 521 891 548 in-

96 561 249 590 stitutionis
260 561 382 600 Jubilaei,
392 571 449 589 non
462 571 520 589 eam
532 559 607 589 fuisse
617 561 740 593 dicimus,
751 571 831 599 quam
842 562 891 589 ali-

96 603 145 639 qui
154 602 250 631 dixere
260 623 267 635 ,
279 611 309 630 ut
320 611 419 639 nempe
429 622 437 633 ,
450 600 589 640 synagoga
601 601 755 630 imitaretur
765 613 773 632 ς
785 601 832 630 sed
843 611 890 639 po-

96 643 149 670 tius
160 643 223 681 quia
233 642 340 680 semper
349 640 498 670 Pontifices
509 651 589 669 vanas
598 640 802 671 observationes
814 645 889 671 Gen—

97 682 187 710 tilium
200 683 227 711 in
235 682 318 712 sacras
325 681 501 710 caeremonias
518 691 582 720 erga
593 683 647 710 Dei
658 684 760 712 cultum
773 693 890 711 conver-

93 732 152 750 tere
162 724 254 751 conati
272 722 335 751 sunt
346 744 353 755 ,
371 722 433 750 ideo
443 721 477 749 ad
497 722 654 751 tollendum
671 722 886 762 superstitiosum

94 764 284 792 Romanorum
294 761 446 790 secularem
456 772 558 790 annum
567 784 575 794 ‚
597 773 700 791 annum
709 765 834 793 Sanfium
844 764 887 792 in-

93 802 246 841 dulgentiis
258 803 378 833 Romani
388 802 536 832 Pontifices
546 803 722 833 instituerunt
733 825 740 832 .
753 806 808 833 PR.
820 806 887 834 Non

93 842 207 871 videtui·
216 844 286 872 circa
295 844 334 872 rei
347 844 489 871 materiam
501 843 609 882 Jiibilaei
619 845 652 873 de
662 856 725 873 ann.
741 851 824 881 ¹⁶50·
839 856 886 883 po-

91 884 214 921 pularem
225 883 386 912 concursum
400 904 409 919 ,
419 884 599 912 devotionem
612 907 618 917 ,
629 889 656 914 6<
667 887 842 914 c.erem0nias
852 897 886 914 ex

93 922 290 962 Christophori
302 925 444 954 Ranzovii
458 925 591 953 relatione
600 925 646 954 hic
657 925 818 959 describere,
828 937 886 964 qiiae

77 991 81 996 ,
93 963 201 992 fuerunt
213 964 265 994 stix
277 965 310 994 ad
321 964 402 993 sidem
413 965 601 994 conversionis
612 965 702 997 causas
726 967 760 996 sic
772 967 845 995 enini
857 968 888 995 il-

91 1004 118 1032 le
126 1005 155 1032 in
165 1006 279 1042 epistola
287 1006 320 1033 :id
331 1006 486 1043 Georgium
497 1006 641 1034 Calixtum
650 1005 811 1036 haereticuin
823 1008 887 1036 licet

92 1044 230 1073 eruditum
243 1044 458 1084 scripserat,qu.i:
472 1045 594 1084 impreslii
605 1046 657 1075 fuit
666 1050 764 1077 Romae
775 1058 823 1086 pei·
831 1047 887 1076 hx-

91 1085 167 1113 redes
190 1086 325 1115 Ludovici
345 1086 483 1124 Grignani
501 1097 567 1115 ann.
583 1094 666 1122 1651.
689 1089 732 1117 ubi
744 1099 805 1128 pag.
815 1099 843 1121 7-
852 1089 887 1117 ita

93 1126 228 1164 loquitur.-
241 1130 349 1165 [Atque
359 1127 436 1154 istam
449 1137 512 1156 tunc
523 1128 708 1164 conjecturam
719 1130 835 1157 minime
845 1140 887 1157 me

91 1165 214 1195 fefellisse
224 1168 326 1196 abunde
335 1167 461 1205 deinceps
472 1168 682 1197 catholicorum
700 1169 846 1198 hominum
858 1181 886 1198 ii*

88 1206 118 1235 su
130 1229 138 1239 ,
158 1211 184 1236 ὅ(
194 1208 407 1236 conversatione
418 1218 544 1246 expertus
554 1208 632 1240 sun-15
655 1210 774 1238 maxime
783 1220 844 1239 cum
855 1211 887 1239 ad

87 1247 195 1275 Urbem
209 1247 365 1276 accessissem
377 1268 382 1274 .
396 1250 468 1278 Nam
479 1250 521 1278 ubi
533 1259 561 1277 tu
570 1248 807 1289 superstitionibus
818 1273 825 1284 ,
838 1262 886 1280 nii-

86 1288 130 1325 gis
141 1309 148 1320 ‚
170 1291 197 1316 δε
210 1289 373 1317 novitatibus
383 1298 426 1317 me
444 1288 575 1318 offensum
595 1290 630 1319 iri
651 1292 808 1320 existimasti
819 1314 827 1325 ,
850 1292 885 1320 ibi

85 1327 220 1366 inspirato
229 1351 237 1362 ‚
257 1331 390 1368 planeque
410 1330 570 1359 admirando
587 1331 740 1370 spestaculo
760 1331 885 1361 univers..

87 1368 244 1398 Catholcae
257 1371 382 1399 Ecclesiae
394 1370 470 1399 ficies
480 1371 598 1410 antiqua¹
611 1373 719 1410 pietatis
731 1372 885 1402 [metimus.

85 1419 139 1446 que
147 1411 229 1448 plena
238 1411 324 1439 oculis
341 1432 348 1444 ,
359 1411 505 1449 animoque
517 1422 578 1441 inco
588 1411 644 1441 sese
655 1414 770 1452 aperuit,
781 1414 811 1443 iii
824 1413 884 1452 ipso

87 1450 196 1487 Jubilaei
215 1462 288 1480 anno
298 1473 306 1484 ‚
328 1453 402 1489 quod
413 1453 593 1480 Innocentius
612 1456 645 1481 X.
665 1454 797 1483 Pontifex
810 1456 882 1482 Max.

86 1490 158 1518 Orbi
169 1490 331 1520 Christiano
349 1492 503 1520 indixerat.
526 1493 594 1520 Vidi
605 1494 680 1522 enim
697 1493 884 1532 solemnisup-

86 1529 247 1566 plicationis
256 1532 311 1559 ritu
323 1552 331 1562 ,
343 1531 375 1558 ad
385 1532 524 1560 Basilicam
535 1533 694 1562 Vaticanam
707 1535 884 1572 procedentes

86 1570 311 1600 numerosissimas
323 1570 468 1599 infantium
477 1571 584 1600 scholas
596 1595 602 1604 ,
613 1575 722 1613 agmina
732 1575 882 1604 Monacho-

84 1619 145 1639 rum
156 1632 163 1643 ‚
175 1614 202 1639 ὃς
213 1610 419 1651 Religiosorum
429 1611 572 1640 hominum
582 1613 707 1643 sodalitia
719 1637 726 1648 ,
738 1616 802 1644 inde
814 1616 882 1645 Coi-

85 1651 157 1689 legia
165 1651 272 1680 diversa
281 1652 465 1685 Clericoruin,
475 1657 502 1682 ἃ
513 1654 690 1684 Ecclc.'iarum
701 1656 882 1694 presbyteria.

82 1691 200 1720 Clerum
208 1690 284 1721 suum
302 1692 462 1730 sequebatur
472 1694 600 1723 Pontifex
611 1717 619 1729 ‚
643 1698 799 1726 veneranda
816 1699 880 1736 Epi—

81 1729 227 1770 scoporum
237 1743 339 1761 corona
349 1733 531 1763 circumfusus.
544 1736 626 1764 Hunc
637 1738 732 1776 populi
744 1737 866 1767 christia

83 1772 113 1800 ni
123 1774 231 1802 Ducem
243 1795 250 1806 ,
272 1778 301 1803 ὅ(
312 1774 475 1802 Antistitem
495 1774 651 1813 supremum
675 1778 804 1807 immensa
815 1779 877 1807 fider

949 72 1030 108 sioni,
1040 77 1069 104 δε
1078 72 1367 115 Altaribus'provoluti
1378 75 1518 109 iacrymas,
1528 73 1673 113 precesque
1683 28 1753 102 {m-

950 114 1064 146 ἀοι-επις
1087 120 1116 145 &
1127 115 1161 144 ad
1171 114 1384 146 misericordiam
1392 115 1448 143 Dei
1457 115 1750 152 extorquendammon

950 164 1006 184 tam
1018 157 1110 194 peRus
1119 156 1216 194 pali-nis
1227 179 1234 190 ‚
1252 164 1334 194 quam
1343 154 1456 184 Coelum
1468 153 1555 192 ipsum
1567 155 1673 184 invidia
1683 164 1748 182 tun-

951 195 1047 224 derent
1057 217 1064 224 .
1076 198 1144 225 Haec
1157 196 1244 226 fateor
1253 206 1328 224 nova
1338 205 1397 223 tum
1407 193 1464 224 visa
1474 193 1544 222 milii
1558 215 1564 226 ,
1575 195 1617 222 cui
1631 194 1702 222 nihil
1715 193 1750 222 si-

950 236 1015 264 mile
1025 237 1096 276 apud
1105 237 1210 266 nostros
1219 246 1299 267 antea
1308 234 1482 264 observatum
1497 257 1504 267 ,
1521 234 1565 262 ubi
1575 233 1704 262 homines
1716 232 1750 262 ad

949 276 1104 306 orationem
1124 278 1265 316 genuflexi
1277 287 1333 306 non
1355 276 1405 305 nisi
1417 277 1445 304 in
1465 274 1670 314 sepulchrorum
1693 283 1749 301 me—

949 316 1044 345 moriis
1055 317 1121 356 pisti
1136 340 1145 351 ‚
1167 317 1303 357 sculptive
1314 315 1537 355 conspiciuntur.
1561 316 1613 344 Sui
1632 314 1749 344 novitas

948 357 996 386 illa
1011 357 1184 387 clariffimum
1204 359 1325 397 antiqu-e
1345 357 1495 386 sanctitatis
1523 355 1657 385 indicium
1677 353 1747 383 milii

950 398 1066 435 praebuit
1077 409 1085 430 ς
1108 400 1182 428 unde
1200 398 1345 429 Ecclesiam
1363 397 1446 426 etiam
1466 407 1538 425 nunc
1550 397 1626 425 vitali
1650 397 1749 434 vigore

948 438 1064 476 Spiritus
1074 439 1163 468 Sancti
1175 440 1297 479 vegetari
1309 461 1316 471 ,
1335 439 1448 478 regique
1457 447 1534 465 certo
1544 436 1726 475 perspicerem
1738 455 1747 462 .

948 481 1039 516 anue
1052 480 1081 507 in
1091 478 1230 510 sententia
1238 480 1323 519 magis
1332 478 1506 511 confirmatus
1515 476 1573 505 sum
1582 500 1591 511 ‚
1604 477 1648 506 ubi
1658 486 1746 515 popu-

948 518 1004 546 lum
1017 519 1096 547 illum
1105 520 1216 558 agmine
1225 519 1361 550 immenso
1371 541 1378 552 ,
1396 522 1424 548 δε
1437 519 1567 547 continua
1586 516 1655 546 serie
1665 527 1749 546 caetea

947 569 986 586 ras
1005 560 1134 589 Ecclesias
1153 562 1274 598 precibus
1297 558 1507 597 stationibusque
1525 558 1688 597 praestitutas
1699 557 1746 586 ob-

947 609 1061 627 ventum
1074 600 1142 633 vidi,
1155 600 1398 639 supplicationibus
1411 600 1533 632 interim,
1543 599 1686 629 &litaniis
1696 597 1747 626 suo

945 635 1054 678 quoqu'e
1063 640 1163 669 ordine
1173 663 1180 673 ‚
1199 641 1245 671 scd
1257 653 1313 671 uno
1323 641 1526 678 conjiinftoqiie
1539 639 1648 679 pietatis
1658 648 1745 668 certa-

943 680 1019 708 mine
1030 680 1153 709 divinam
1165 692 1247 720 opem
1256 682 1435 721 exposcentes
1445 701 1453 708 .
1471 684 1542 710 Tum
1558 689 1624 709 vero
1636 678 1745 717 perspe-

944 720 992 753 xi,
1011 730 1112 758 quanta
1119 722 1229 759 pietatis
1241 723 1417 751 aemulatione
1435 721 1575 760 peregi-ini
1584 721 1617 750 ad
1637 720 1747 750 Urbem

943 762 1115 789 confluentes
1129 783 1136 793 ‚
1159 765 1186 790 δε
1196 763 1310 800 publicis
1322 761 1447 792 Ecclesiae
1457 783 1466 795 ,
1477 761 1530 789 suf:
1541 762 1642 799 quique
1652 761 1745 789 natio-

943 801 985 828 nis
995 801 1112 838 privatis
1123 800 1251 841 hospitiis
1263 803 1435 842 excipiantur
1445 814 1452 833 ς
1462 802 1496 830 ad
1505 803 1564 829 haec
1576 812 1631 840 quo
1643 801 1744 833 studio,

943 851 1058 880 curaque
1069 842 1216 872 foveantur
1227 844 1326 882 aegroti
1337 865 1345 877 ,
1366 843 1440 882 quod
1450 842 1532 870 sideni
1543 842 1747 880 propemodum

946 882 1055 911 excedit
1066 903 1073 910 .
1096 884 1131 912 In
1142 893 1221 912 tanto
1229 886 1394 923 populorum
1404 905 1412 916 ‚
1435 887 1462 912 ὃ(
1473 883 1617 911 nationum
1628 892 1745 912 numero

944 921 1022 951 facile
1032 922 1176 961 perspexi,
1196 925 1271 963 quod
1282 923 1430 954 catholica
1441 923 1556 952 Ecclesia
1566 933 1580 951 a
1590 922 1667 952 sectis
1677 945 1686 956 ‚
1707 923 1745 951 fa-

943 963 1131 1003 fflonibusque
1142 965 1257 1003 privatis
1267 965 1348 994 distet
1360 987 1368 998 ‚
1390 974 1453 993 cuin
1462 963 1507 992 hic
1518 974 1614 993 omnes
1626 973 1741 1003 gentes,

943 1003 1095 1043 omnesque
1114 1005 1217 1044 linguae
1230 1006 1309 1034 unius
1319 1005 1383 1035 fidei
1395 1027 1402 1038 ,
1425 1009 1453 1034 ὃ(
1472 1003 1611 1034 charitatis
1624 1005 1741 1033 vinculo

943 1043 1080 1072 socientur
1091 1049 1142 1074 Sec.
1154 1048 1165 1077 ]
1179 1049 1217 1076 At
1228 1056 1256 1074 re
1269 1056 1331 1075 vera
1340 1047 1374 1075 de
1384 1046 1487 1074 recenti
1505 1044 1615 1082 J.ibil.ei
1627 1054 1743 1082 porten-

943 1095 973 1113 to
982 1086 1122 1114 memorie
1134 1097 1270 1125 nunquam
1282 1087 1422 1126 proditum
1434 1085 1485 1114 fuit
1497 1107 1504 1118 ,
1518 1085 1560 1113 ubi
1571 1084 1650 1123 supra
1662 1095 1743 1124 quam

944 1126 1019 1164 quod
1028 1125 1105 1154 facile
1115 1127 1189 1154 credi
1201 1126 1286 1165 posset
1295 1149 1303 1160 ‚
1326 1137 1368 1156 tot
1381 1127 1592 1165 Romipetarum
1604 1126 1743 1161 myriades

944 1177 1105 1195 concurrere
1124 1166 1211 1195 vistim
1223 1169 1261 1196 est
1270 1190 1278 1201 ‚
1297 1178 1325 1196 ut
1344 1167 1462 1196 dubitari
1480 1176 1561 1206 queat
1572 1187 1580 1199 ‚
1600 1177 1635 1195 an
1644 1166 1743 1194 trium-

943 1206 1055 1245 phantis
1074 1207 1160 1236 Urbis
1172 1217 1295 1246 tempore
1316 1210 1389 1236 intra
1398 1207 1439 1236 sui
1456 1207 1559 1236 moenia
1569 1216 1625 1235 tam
1642 1207 1742 1246 ingens

944 1248 1108 1286 populorum
1128 1258 1255 1277 numerus
1264 1249 1404 1278 annuatim
1423 1247 1590 1277 confluxerit
1600 1258 1609 1278 ἢ
1629 1251 1656 1276 &
1666 1247 1743 1286 quod

939 1287 1004 1317 sene
1023 1287 1197 1326 spectandum
1216 1289 1245 1318 in
1263 1289 1315 1318 hoc
1334 1290 1435 1319 ultimo
1453 1289 1571 1327 Jubilaeo
1592 1288 1677 1327 magis
1697 1288 1741 1316 di-

944 1339 1030 1368 gnum
1050 1328 1101 1356 fuit
1112 1350 1120 1361 ‚
1141 1329 1267 1358 indefessa
1280 1352 1287 1363 ‚
1307 1341 1404 1369 nempe
1416 1352 1424 1363 ‚
1447 1330 1553 1368 piarum
1563 1328 1741 1358 sodalitatum

942 1368 1125 1408 Hospitalitas
1134 1391 1142 1402 ‚
1165 1370 1318 1410 devotaque
1347 1373 1436 1400 Sacras
1456 1369 1579 1399 Basilicas
1601 1370 1742 1397 litantium

942 1410 1075 1439 modestia
1084 1432 1091 1443 ‚
1101 1420 1162 1439 cum
1171 1411 1329 1440 divinarum
1341 1412 1448 1440 laudum
1459 1409 1682 1448 frequentatione
1692 1431 1701 1442 ,
1711 1420 1741 1438 ac

941 1450 1098 1490 prodigiosa
1108 1450 1270 1480 Sancbffimi
1281 1453 1368 1483 Patris
1380 1452 1465 1480 nostri
1477 1450 1666 1480 ClementisX.
1677 1460 1742 1488 pro-

942 1492 1067 1520 videntia
1087 1491 1116 1520 in
1126 1492 1285 1522 vistualium
1295 1493 1455 1522 abundantia
1466 1513 1474 1525 ‚
1494 1490 1647 1520 securitatis
1657 1491 1743 1524 viati-1

940 1543 993 1566 co,
1013 1531 1136 1571 pacisque
1147 1532 1276 1566 vinculo,
1298 1535 1343 1572 qui
1359 1533 1470 1562 tandem
1489 1532 1616 1560 omnibus
1626 1531 1741 1568 profici-

938 1572 1072 1602 scentibus
1082 1572 1285 1602 dimislbriilem
1296 1574 1519 1602 benedifftionem
1530 1572 1674 1610 lai-giendo
1683 1571 1739 1610 spi-

939 1613 1243 1642 ritualiterlaetisicavit
1254 1636 1261 1647 ‚
1283 1615 1350 1643 adeo
1363 1623 1393 1642 ut
1403 1613 1509 1652 ipsimet
1521 1612 1676 1645 Haeretici,
1689 1612 1739 1651 qui

937 1654 1100 1683 curiositatis
1111 1656 1199 1693 gratia
1209 1655 1239 1683 in
1250 1665 1348 1693 magna
1356 1655 1435 1693 copia
1444 1652 1496 1681 huc
1505 1651 1668 1681 accesserant
1675 1674 1684 1686 ,
1707 1653 1740 1682 in

938 1694 1094 1724 catholic-e
1116 1695 1242 1724 Ecclesiae
1255 1696 1362 1735 gremio
1371 1705 1455 1734 genus
1462 1695 1517 1723 Dei
1529 1693 1645 1721 electum
1655 1714 1663 1725 ,
1681 1695 1739 1722 Re-

938 1736 998 1774 gale
1010 1735 1196 1764 Sacerdotium
1206 1757 1213 1769 ‚
1226 1737 1411 1774 populumque
1421 1734 1607 1773 acquisitionis
1617 1743 1682 1762 vere
1693 1744 1737 1763 re-

939 1776 1026 1814 periri
1039 1798 1047 1809 ‚
1057 1776 1143 1804 libere
1158 1775 1213 1804 fassi
1224 1775 1287 1805 sunt
1297 1797 1304 1804 .

86 1812 155 1840 lium
167 1814 243 1842 turba
261 1813 436 1853 sequebatur,
454 1816 706 1853 eoanimiardore‚
726 1830 756 1848 ur
767 1819 879 1848 Coelum
895 1817 1040 1854 Jumffius
1052 1837 1061 1850 ,
1084 1816 1117 1846 fic
1134 1817 1284 1855 appellatus
1304 1816 1341 1845 est
1362 1817 1388 1845 S.
1409 1815 1554 1854 Remigius
1573 1813 1738 1844 Rhemensis

84 1851 173 1891 ipsum
182 1856 364 1893 expugnaturi
377 1877 385 1887 ,
406 1866 540 1895 manuque
549 1858 672 1887 violenta
691 1860 826 1898 direpturi
837 1862 878 1889 vi-

83 1893 214 1922 derentur
223 1916 231 1927 ‚
240 1894 367 1923 homines
378 1896 502 1935 plerique
511 1907 606 1927 omnes
614 1898 691 1928 sacco
703 1911 809 1929 tantum
822 1923 830 1934 ‚
852 1905 877 1930 ὃς

82 1935 177 1963 cilicio
189 1935 253 1963 tecti
262 1957 270 1968 ,
282 1939 310 1964 ὅ(
320 1934 442 1973 scipione
452 1938 571 1967 viatorio
583 1941 677 1969 armati
686 1961 693 1968 .
705 1941 764 1971 Ubi
775 1942 806 1970 in
814 1952 875 1980 por-

937 1856 1166 1896 Archiepiscopus
1176 1879 1184 1890 ‚
1195 1857 1258 1896 quia
1267 1859 1374 1886 XCVI.
1385 1857 1465 1885 annis
1478 1865 1595 1889 vixerat,
1607 1865 1635 1883 :ic
1647 1865 1737 1894 prope

934 1898 1027 1927 saeculi
1046 1897 1080 1927 a‘d
1097 1908 1203 1927 aetatem
1214 1908 1374 1937 pervenerat
1385 1918 1392 1926 .
1414 1896 1557 1927 flodoard.
1577 1895 1625 1924 lib.
1638 1895 1737 1926 i.hist.

935 1939 1071 1968 Rbeinen.
1082 1949 1139 1978 cap.
1154 1950 1198 1971 17·

78 1975 164 2004 ticum
175 1975 208 2003 ad
217 1976 303 2004 limen
313 1977 438 2006 Ecciefiae
448 1988 610 2017 perventum
622 2003 629 2014 ‚
652 1982 782 2011 Pontifex
793 1983 822 2010 in
832 1994 877 2021 ge-
894 1978 1112 2019 JumLATiQseu
1118 1980 1230 2015 jubilus
1241 1979 1271 2007 ab
1279 1978 1411 2017 aliquibus
1421 1979 1571 2018 appellatur
1579 1976 1738 2016 sequentia,'

82 2027 134 2046 nua
144 2018 306 2055 provolutus
316 2037 324 2048 ,
341 2027 403 2046 cum
413 2040 422 2051 ,
442 2020 567 2049 oratione
581 2020 661 2061 super
679 2023 786 2061 plebem
796 2023 858 2052 data
869 2046 876 2057 ‚

935 2031 993 2059 quae
1005 2021 1063 2059 post
1074 2021 1216 2058 epistolam
1225 2020 1254 2047 in
1263 2020 1394 2058 aliquibus
1407 2020 1600 2049 festivitatibus
1608 2019 1713 2047 canitur
1723 2038 1732 2047 .

79 2056 297 2091 misericordiam
317 2057 442 2087 divinam
452 2060 617 2098 implorasset
629 2084 637 2096 ‚
659 2063 776 2092 occlusas
786 2065 877 2093 valvas
893 2063 1052 2100 Jeeuxnox
1064 2083 1072 2094 ‚
1085 2061 1205 2090 delefmr
1217 2081 1224 2088 .
1249 2066 1259 2095 [
1272 2061 1406 2097 Quotidie
1414 2070 1504 2090 autem
1514 2059 1678 2098 jucundabar
1685 2070 1734 2088 an-

83 2109 142 2141 non
151 2108 206 2127 tam
215 2099 340 2138 aperiens
350 2121 360 2133 ‚
377 2110 458 2138 quain
475 2101 588 2130 diruens
597 2125 605 2136 ‚
625 2104 727 2141 primus
745 2105 876 2142 templum

82 2140 240 2178 ingreditur
251 2161 258 2172 ,
277 2141 399 2178 resteque
411 2142 501 2180 pergit
510 2142 544 2170 ad
552 2144 636 2172 altare
647 2165 655 2176 ,
679 2155 769 2182 preces
781 2144 877 2174 solem—

80 2190 128 2207 nes
138 2181 315 2209 inchoaturus
325 2201 333 2208 .
354 2182 474 2210 Interim
483 2193 542 2211 non
555 2183 610 2212 sine
620 2184 728 2223 stupore
738 2185 859 2223 spestavi
867 2210 875 2220 ,

80 2231 136 2258 quo
146 2231 248 2260 impetu
259 2222 374 2261 populus
383 2221 432 2250 ille
441 2223 540 2262 ingens
551 2224 580 2252 in
590 2225 735 2255 Ecclesiam
745 2236 857 2256 irrueret
868 2249 875 2259 ,

78 2261 176 2290 limina
185 2263 312 2291 certatim
322 2261 510 2292 exosculantes
521 2286 529 2298 ,
539 2266 708 2305 genibusque
719 2277 876 2306 perreptan-

79 2311 120 2330 tes
131 2313 139 2334 5
163 2304 297 2342 templum
305 2302 418 2343 ingressi
431 2314 490 2343 pars
500 2306 531 2333 in
539 2314 640 2334 terram
649 2307 716 2346 poni
728 2329 738 2341 ‚
760 2317 876 2346 totoque

79 2343 204 2384 prostrati
215 2355 330 2386 corpore
339 2366 348 2380 ‚
370 2355 431 2386 pars
438 2348 469 2378 B.
480 2346 555 2378 Petri
565 2368 574 2384 ,
583 2356 615 2380 ut
626 2357 727 2379 vocant
738 2370 747 2385 ,
757 2348 877 2380 Confes-

935 2112 960 2131 te
973 2102 1070 2130 faciem
1078 2105 1135 2139 ejus
1146 2123 1153 2133 ,
1165 2102 1317 2130 Lactantius
1329 2123 1337 2135 ,
1347 2101 1393 2130 lib.
1404 2112 1462 2140 cap.
1473 2108 1500 2130 6.
1511 2103 1522 2132 ]
1537 2103 1593 2131 PR.
1606 2106 1617 2135 [
1628 2102 1733 2139 Jucun-

934 2143 1042 2172 dabitur
1053 2143 1083 2170 in
1101 2142 1166 2170 filiis
1177 2163 1185 2174 ,
1204 2144 1276 2172 Eccl.
1298 2151 1356 2181 cap.
1367 2153 1394 2180 3.
1417 2144 1486 2171 Non
1500 2142 1691 2178 jucundabitur
1701 2141 1732 2170 in

935 2184 1014 2212 bonis
1023 2206 1030 2216 ,
1040 2183 1111 2212 Ibid.
1132 2193 1189 2221 cap.
1204 2193 1247 2218 ¹4·
1268 2183 1478 2219 Nejucunderis
1489 2183 1518 2211 in
1537 2182 1601 2211 siliis
1620 2181 1712 2220 impiis
1721 2202 1732 2214 ‚

934 2224 1005 2253 Ibid.
1016 2234 1073 2262 cap.
1088 2230 1130 2251 16.
1150 2223 1418 2259 Quijucundaturin
1426 2223 1530 2252 malitia
1542 2245 1550 2257 ‚
1565 2223 1634 2252 Ibid.
1646 2233 1669 2250 c.
1684 2232 1729 2258 ¹9·

936 2265 992 2301 Qui
1000 2265 1163 2301 jucundatur
1174 2275 1204 2292 in
1213 2263 1279 2293 filiis
1288 2286 1296 2298 ,
1306 2264 1376 2294 Ibid.
1388 2275 1445 2304 cap.
1459 2273 1506 2301 25.
1518 2268 1553 2293 Et
1564 2262 1732 2292 inhabitato-

935 2317 976 2334 res
985 2315 1085 2335 terram
1102 2305 1256 2344 gaudebunt
1265 2304 1345 2346 supet
1353 2306 1418 2335 illos
1429 2327 1441 2344 ,
1460 2304 1714 2342 &jucundabuntur
1722 2322 1733 2336 ,

934 2348 1091 2386 Apocalyp.
1101 2355 1158 2386 cap.
1176 2356 1184 2374 i
1197 2357 1220 2374 i.
1643 2385 1661 2423 J
1731 2370 1734 2373 .

1665 2395 1696 2413 u-
