1866 2526
157 31 210 68 74
499 14 605 56 ΑΡ

145 80 174 105 δι
194 74 300 103 occasio
330 71 458 111 operibus
489 83 521 102 iu
552 81 642 101 morte
664 69 899 101 com-monstrandi
922 92 930 103 ,

1244 12 1377 56 'AP-

988 71 1142 110 ististmiles
1153 73 1248 113 funt,v
1261 83 1329 102 nam
1347 71 1553 109 &Apotac't'itae
1573 73 1771 112 appellantium

145 115 271 144 criminis
292 114 333 143 sui
354 113 383 142 se
406 124 471 143 vere
492 115 655 152 poenitere;
678 113 797 151 ideoque
815 111 933 140 Ecclesia
948 114 1124 142 Aposroms
1137 135 1144 147 ‚
1167 109 1342 147 Α’πᾶςολος,
1365 111 1669 148 Miffus,Nuntius‚ab
1678 113 1768 143 Athe-

147 165 240 195 pacem
262 157 300 184 eis
321 157 437 193 negabat
449 176 457 187 ‚
479 154 624 183 infallibili
642 154 700 184 Dei
720 153 826 190 judicio
847 162 892 181 eos
902 151 935 180 in

146 207 238 226 tutum
259 195 444 234 relinquendo
457 215 467 223 ι

106 241 295 268 inposui-ici
305 258 313 270 ,
337 236 489 265 Haerctici.
515 237 590 266 Vide
601 236 730 274 Angelici
742 255 748 262 .

102 282 268 309 Avosrno
281 300 288 311 ,
310 288 336 306 :is
347 297 354 304 .
378 279 435 307 FR.
449 284 461 313 [
473 276 531 310 Hi,
554 276 602 316 qui
621 277 682 315 post
691 274 808 303 faustam
820 273 934 312 religio-

145 319 188 348 nis
196 317 395 357 profeffionem
405 318 565 358 apostatant.
576 328 635 346 can-
644 316 672 344 lii
680 316 735 354 ,qui
745 315 804 354 post
815 315 878 343 dist.
889 324 933 349 50.

147 360 323 398 Apoliatavit
335 360 365 388 ab
376 359 419 388 his
429 360 571 392 omnibus,
595 362 623 386 δε
642 357 723 385 factus
741 357 778 384 est
794 354 932 394 Episcopo

144 400 193 429 suo
202 401 274 438 quasi
285 401 377 429 clavus
387 400 416 428 in
427 401 536 429 oculum
546 421 552 427 .
577 398 694 427 Fulbert.
705 396 782 435 epist.
794 407 846 434 34.

103 442 302 470 Aposmm
314 462 322 469 .
344 441 418 469 Vide
428 443 560 478 Apostata
571 461 577 468 .

105 483 315 511 Aposiomun
326 503 334 514 ,
354 482 470 510 Ecclesia
480 490 537 509 erat
558 490 643 518 prope
654 477 872 511 Chalcedonem,
884 479 936 508 58ν

142 524 227 551 Petro
237 543 246 555 ,
269 527 295 551 ὅ(
307 523 392 551 Paulo
402 523 491 550 dicata
504 542 512 549 .
536 522 610 549 Vide
621 520 800 555 Prophetiam
813 540 826 546 ..

106 565 325 592 Avosroiiiws
338 585 345 595 ‚
368 563 518 601 aliquando
535 573 593 590 non
602 560 810 599 Discipuloruui
822 559 931 588 Chi-isti

145 603 267 641 dignitas
277 625 284 635 ,
306 602 353 632 sed
361 603 557 632 Pontificatum
570 624 578 635 ‚
599 606 627 630 δ(
637 603 769 639 Papatum
780 600 912 638 significat
924 621 930 628 .

147 649 160 678 [
172 646 246 674 Pcne
257 652 329 672 totus
338 644 417 672 nobis
426 644 498 672 orbis
509 644 634 681 undique
643 642 676 670 ad
688 641 784 669 limina
797 662 805 672 ,
827 640 873 670 seu
886 642 932 670 Se-

144 684 208 711 dem
230 685 421 722 Apollo-licam
444 686 585 713 confluens
606 683 738 711 referebat
749 703 756 715 ,
779 680 930 710 absentibus

144 734 254 762 quoque
276 723 396 763 idipsum
419 726 514 755 nostro
535 724 714 753 scribentibus
735 722 897 761 apostolatui
920 743 927 749 .

142 765 240 793 Nicol.
263 765 292 793 in
312 766 413 803 epist.]
435 767 526 795 Etiam
545 776 595 804 pro
614 763 774 802 Episcopali
792 761 947 807 dignitate·

144 805 279 843 accipitur
290 826 295 834 .
309 807 457 841 [Decursis
466 807 568 835 litteris
579 805 754 843 Apol'tolatus
765 814 805 832 tui
818 824 824 832 .
835 803 929 842 steph.

144 847 267 880 Presbyt.
277 847 311 875 :id
321 848 485 876 Amantium
496 847 662 885 Episcopum
674 865 681 872 -

102 887 335 916 Aposroticms
347 908 354 915 .
378 890 434 916 PR.
445 888 486 916 Sic
498 888 598 926 legitur
609 888 640 915 in
649 885 768 925 quodam
778 884 932 924 privilegio

144 927 276 956 Casimiri
286 928 435 957 Dalmatis-e
448 950 456 961 ,
479 932 505 957 δ(
517 928 640 957 Croatiae
653 927 741 966 Regis
751 937 801 964 pro
812 927 837 954 S.
848 928 928 964 joan-

146 968 190 995 nis
208 969 393 1007 Evangelistae
414 969 584 997 Monasterio
604 967 705 996 Insulae
726 969 797 995 Zun.
813 972 826 1000 [
846 970 930 995 Anno

144 1009 348 1037 Incarnationis
371 1009 435 1047 Jcsu
465 1008 574 1038 Christi
605 1007 730 1036 omnium
760 1007 931 1034 dominantis

149 1058 233 1085 1059.
243 1050 358 1078 abeunte
370 1071 378 1082 ‚
396 1050 494 1078 indi&
505 1049 610 1077 decima
620 1049 744 1077 elabente
756 1069 764 1080 ‚
774 1046 933 1076 Beatissimo

144 1091 214 1127 Papa
226 1091 348 1119 Nicolao
359 1089 554 1118 universaliter
562 1089 763 1128 apostolicante
772 1109 786 1116 a

106 1130 314 1159 Aposroucns
326 1151 334 1163 ,
347 1130 406 1159 haec
418 1141 474 1159 vox
485 1131 523 1159 ita
535 1130 655 1158 absolute
666 1139 716 1168 pro
726 1128 864 1158 pontifice
873 1130 932 1157 Ro-

144 1179 227 1198 mano
235 1170 369 1204 sumitur,
391 1171 426 1199 de
446 1182 497 1209 qua
506 1171 577 1209 saepe
595 1170 625 1198 in
635 1168 829 1198 Ecclesiasticis
845 1169 933 1197 histo-

147 1210 205 1244 riis,
217 1214 244 1240 ὅ(
255 1211 372 1240 Ecclesia
383 1212 412 1240 in
424 1212 542 1240 Litaniis
552 1221 602 1249 pro
612 1210 709 1239 eodem
721 1210 755 1238 sic
765 1209 913 1238 intercedit
924 1220 932 1236 ι

145 1255 182 1279 Ut
192 1257 333 1281 Damnum
345 1252 528 1290 Apellolicum
539 1252 597 1285 &a
608 1251 682 1289 quod
692 1251 720 1279 in
730 1250 798 1278 Sede
808 1260 931 1281 vacante,

146 1300 199 1319 una
220 1303 281 1321 cum
291 1293 419 1321 oratione
429 1314 437 1325 ,
460 1291 506 1321 seu
517 1291 782 1320 commemoratione
800 1301 850 1329 pro
859 1294 931 1328 Papa

145 1332 327 1371 relinquitur.
344 1335 390 1363 Dc
400 1335 471 1371 Papa
483 1333 738 1368 Benedicioffietrus
747 1332 877 1360 Damian.
891 1332 932 1359 lo-
944 1358 947 1360 .

147 1383 233 1411 quens
242 1395 250 1407 ,
271 1375 326 1402 ait:
352 1374 552 1412 [Apostolicus
572 1373 660 1413 igitur
672 1372 742 1405 iste,
766 1382 847 1411 quem
859 1372 930 1401 dixi-

149 1424 208 1442 mus
219 1436 227 1447 ,
250 1415 315 1443 dum
326 1415 469 1451 adjuvaret
480 1415 588 1444 beatum
600 1414 692 1444 virum
704 1436 711 1447 ‚
734 1412 876 1442 affeffimse
888 1412 931 1440 di-

150 1454 238 1483 lexit.
261 1456 364 1484 Irsvita
375 1457 400 1484 S.
411 1455 509 1485 Odilae
522 1475 533 1483 2
551 1467 574 1483 c.
590 1458 657 1492 19.]
683 1456 761 1492 Saepe
780 1464 862 1482 etiam
873 1464 929 1482 reni

148 1495 259 1533 papatui
271 1495 439 1534 spectantem
449 1506 584 1525 connotat
593 1517 601 1529 ‚
623 1505 653 1524 ut
670 1495 706 1533 de
716 1495 874 1523 pontificiis
883 1494 928 1522 har

150 1536 251 1564 bitibus
260 1537 416 1566 Anastasius
425 1557 432 1565 .
458 1538 556 1572 [Cum
568 1536 737 1574 Apostolicis
748 1535 842 1564 infulis
859 1535 931 1563 cele-

148 1577 272 1606 brantem
281 1599 289 1610 ,
313 1577 343 1606 in
354 1578 481 1607 Adriano
492 1579 532 1606 ΙΙ.
544 1580 556 1609 ]
572 1577 738 1616 Antiquitus
756 1586 852 1604 omnes
862 1577 928 1614 Epi-
940 1602 943 1610 Α

146 1616 226 1656 scopi
234 1617 391 1656 hujusmodi
405 1619 489 1646 titulo
499 1619 709 1647 exornabantur.
722 1623 734 1651 [
746 1617 798 1645 Ille
810 1619 873 1646 Rex
885 1618 928 1646 vi—

150 1658 188 1685 ris
195 1659 366 1696 Apostolicis
376 1659 498 1688 Patribus
509 1658 616 1688 nostris.
629 1658 755 1687 Marculf.
768 1658 814 1686 lib.
831 1669 852 1685 i.
863 1660 932 1690 c.2.]

152 1700 209 1728 PR.
234 1705 246 1734 [
258 1700 302 1728 Ab
310 1699 360 1729 hac
378 1699 454 1728 enim
468 1700 562 1728 Sanfta
573 1700 660 1733 Sede,
681 1703 732 1728 &a
745 1698 934 1736 SanctisApo—

149 1739 356 1774 stoficisrueri,
379 1745 406 1769 ὅ(
419 1739 551 1773 defendi,
573 1739 723 1769 &liberari
734 1738 863 1777 Episcopi
880 1738 934 1775 jus-

152 1779 169 1807 si
190 1778 270 1808 sunt.
291 1792 351 1809 can.
370 1781 503 1819 quilibet.
529 1786 554 1809 8.
571 1781 667 1819 quaest.
690 1790 717 1816 ς.
738 1782 751 1811 ]
775 1780 934 1818 Apostolici

151 1821 316 1849 vocabantur
337 1822 453 1861 quidam
473 1822 628 1850 Haeretici.
650 1821 725 1850 Vide
746 1822 899 1858 A'ngelici..

150 1862 340 1891 Apos'l‘oucx
353 1883 360 1890 .
383 1862 521 1892 Haeretici
544 1861 637 1894 fuere,
660 1861 708 1900 qui
725 1860 753 1889 se
771 1862 933 1899 Apostolicos

153 1902 352 1937 nominarunt,
376 1913 409 1931 eo
431 1903 506 1942 quod
528 1901 555 1932 se
576 1913 646 1931 unos
654 1901 706 1931 esse
725 1902 933 1940 gloriabantur,

152 1941 200 1977 qui
219 1942 304 1971 vitam
325 1944 358 1972 ad
367 1945 524 1982 exemplum
535 1944 719 1981 Apostolorum
737 1942 933 1973 instituerent5

126 2002 129 2006 s
151 1984 180 2008 ὃ(
191 1985 365 2018 Αροΐαιῖῑὶηις
376 2007 384 2018 ,
407 1985 482 2024 quod
491 1987 622 2021 majorem
631 2005 645 2017 ,-
663 1993 744 2022 quam
761 1983 862 2022 reliqui
883 1982 935 2011 ho-

152 2021 259 2054 mines,
281 2023 359 2057 hujus
369 2024 461 2054 saeculi
481 2025 752 2054 abrenuntiationem
771 2033 826 2062 prae
837 2023 865 2052 se
881 2024 934 2052 fer-

155 2070 237 2090 rent.
259 2065 446 2102 Augustinus,
468 2067 501 2094 da
519 2067 608 2104 hares.
628 2076 657 2094 cr
673 2076 720 2101 40.
739 2065 775 2094 de
795 2064 852 2092 illis
873 2063 932 2093 haec

154 2100 251 2130 habet:
274 2106 437 2141 Apostohci,
460 2109 558 2144 quise
578 2108 625 2143 isto
636 2105 745 2135 nomine
765 2107 936 2143 arrogantis-

147 2142 218 2178 sime
229 2154 402 2173 vocaverunt
412 2168 419 2179 ‚
443 2158 470 2174 eo
490 2148 561 2186 quod
577 2148 700 2185 insuam
716 2149 934 2175 communionem

154 2193 207 2211 non
219 2187 368 2222 reciperent
386 2195 495 2216 utentes
513 2188 688 2226 conjugibus,
712 2186 796 2221 &res
810 2189 933 2224 proprias

151 2224 309 2261 poffidentes
321 2246 330 2258 ‚
352 2228 448 2265 quales
465 2228 548 2256 habet
558 2229 705 2258 catholica
713 2226 833 2265 Ecclesia
850 2246 858 2254 .
869 2247 877 2254 .
887 2247 894 2254 .
906 2248 914 2255 .
926 2241 932 2256 .-

152 2265 203 2302 sed
224 2266 284 2294 ideo
300 2267 345 2303 isti
355 2268 553 2305 hareticisunt
563 2290 571 2302 ‚
595 2269 762 2308 quoniamse
772 2268 807 2297 ab
817 2268 935 2306 Ecclesia

149 2307 311 2342 separantes
324 2329 333 2341 ,
354 2308 463 2337 nullam
478 2310 553 2346 spem
567 2317 675 2347 putant
691 2320 731 2337 eos
748 2308 863 2341 habere,
886 2312 934 2347 qui

156 2354 280 2376 utuntur
295 2348 338 2378 his
350 2349 427 2377 rebus
438 2370 446 2383 ,
469 2350 568 2388 quibus
577 2350 628 2388 ipsi
636 2357 734 2379 carent
744 2368 752 2377 .
774 2350 934 2378 Encratitis

989 153 1124 182 mensibus
1132 154 1172 182 ita
1182 154 1348 182 vocabantur
1359 152 1390 181 hi
1398 174 1406 186 ,
1429 163 1498 191 quos
1507 164 1636 194 tanquam
1645 154 1774 184 Provin-

990 193 1092 222 ciarum
1103 194 1262 223 visitatores
1273 194 1307 223 ad
1315 192 1516 224 necessitatibus
1523 194 1693 225 ffibditorum
1701 205 1770 224 con-

989 233 1133 263 sulendum
1140 234 1259 273 Respub.
1271 235 1416 264 mittebat:
1438 235 1474 264 si'c
1484 246 1593 275 quoque
1603 247 1653 275 pro
1662 236 1770 265 anima-

990 285 1050 303 rum
1067 274 1153 304 salute
1163 275 1290 313 Apostoli
1312 276 1344 304 in
1361 274 1522 305 universum
1533 278 1668 306 Mundum
1687 287 1701 305 a
1711 278 1770 305 Re-

988 316 1133 353 demptore
1143 316 1238 344 nostro
1250 315 1321 345 missi
1330 315 1466 345 ‘fuer-ant.
1489 317 1662 356 Epiphanius
1671 316 1770 346 haeresi

990 367 1036 394 30.
1059 357 1097 384 ait
1109 356 1240 385 Hebraeos
1253 357 1401 394 Apostolos
1418 357 1504 387 etiam
1512 357 1650 392 habuisse,
1673 358 1720 397 qui
1738 357 1770 386 ab

992 397 1030 425 eis
1051 406 1148 436 magna
1169 397 1351 426 veneratione
1372 398 1431 436 post
1451 399 1587 428 summum
1596 399 1771 429 Sacerdotem

946 457 948 460 ψ
987 436 1172 471 habebantur,
1196 438 1369 466 &Bai-onius
1378 438 1412 466 ad
1429 449 1549 478 aiiii.32.
1572 449 1649 479 putat
1663 461 1671 473 ‚
1694 438 1770 477 quod

986 479 1164 517 pecuniarum
1175 479 1334 507 collestores
1345 477 1452 507 s'uiss‘ent
1471 490 1522 518 pro
1531 481 1642 520 Templi
1651 479 1772 509 substen-

988 519 1094 548 tatione
1104 540 1112 551 ,
1135 529 1216 557 atque
1228 520 1259 547 in
1270 518 1464 548 observatione
1474 519 1600 550 Mosaicae
1622 521 1690 560 legis
1709 529 1770 548 tan-

986 570 1067 599 quam
1077 562 1172 598 Legati
1191 559 1410 597 iurisdietionem
1429 558 1578 592 liaberent3
1601 562 1636 590 de
1645 570 1764 600 quorum

987 611 1101 629 numero
1121 601 1243 629 creditur
1260 599 1335 629 fuisse
1346 600 1472 634 Saulum,
1495 602 1610 631 Paulum
1619 602 1710 640 postea
1727 600 1771 629 di-

986 642 1058 669 &um
1069 663 1076 674 ‚
1096 641 1143 680 qui
1153 641 1275 670 obtinuit
1287 641 1415 679 epistolas
1433 653 1447 670 a
1456 641 1628 681 Principibus
1639 642 1769 672 Sa‘cerdo-

987 692 1046 710 tuni
1056 703 1064 715 ,
1088 691 1118 711 ut
1139 682 1160 711 fi
1180 680 1326 710 invertisset
1349 680 1546 715 Christianos,
1568 693 1635 722 quos
1655 681 1769 711 Hebraei

985 722 1132 751 haereticos
1142 744 1151 755 ,
1174 727 1202 752 δ(
1215 722 1284 761 legis
1295 722 1474 751 destructores
1484 723 1675 752 existimabant
1685 743 1693 755 ‚
1705 722 1769 750 vin-

986 765 1042 791 ἂος
1051 764 1162 792 duceret
1184 764 1214 791 iii
1224 762 1374 801 Jerusalem
1386 785 1397 791 ,
1416 763 1504 792 Und'c
1522 774 1580 792 non
1600 763 1699 802 absque
1708 772 1769 798 my-

987 804 1068 832 sterio
1078 807 1132 841 ejus
1141 804 1176 832 ad
1184 804 1295 832 Galatas
1304 803 1381 841 epist.
1391 803 1433 832 his
1447 804 1537 832 verbis
1545 805 1662 842 incipit:
1677 808 1689 837 [
1701 805 1771 832 Pau-

986 844 1027 872 lus
1036 845 1185 883 Apostolus
1198 865 1206 877 ,
1229 855 1287 873 non
1297 833 1337 872 'ab
1345 843 1502 874 hominibus
1511 865 1520 878 ,
1543 855 1632 883 neque
1652 854 1700 883 per
1718 843 1770 871 ho-

986 885 1091 913 minem
1102 907 1110 918 ,
1132 884 1179 914 sed
1190 895 1237 923 per
1248 883 1340 923 Jesum
1351 885 1494 914 Christum
1504 905 1511 913 .
1524 887 1541 917 ].
1563 889 1603 914 Ac
1614 885 1634 915 si
1645 885 1749 914 diceret
1760 905 1769 918 ,

985 928 1041 962 jam
1061 936 1118 954 non
1137 926 1251 964 amplius
1270 926 1419 963 Apostolus
1441 925 1499 954 sum
1517 937 1531 954 a
1551 927 1699 965 synagoga
1720 926 1773 955 de·

986 975 1094 1004 putatus
1104 989 1112 1000 ‚
1132 965 1179 994 std
1191 966 1253 1003 Jesu
1268 966 1376 995 Christi
1393 966 1533 1004 delegatus
1542 987 1550 994 .
1572 968 1642 994 Haec
1652 966 1770 1003 potesta-

986 1007 1046 1035 tiva
1057 1007 1175 1045 dignitas
1184 1006 1215 1034 in
1225 1005 1388 1035 Hebraismo
1406 1004 1488 1044 usque
1509 1007 1542 1034 ad
1552 1005 1702 1035 Theodosii
1713 1007 1771 1035 Im-

988 1048 1123 1086 peratoris
1145 1054 1271 1084 tempora
1279 1047 1392 1078 extitit,
1416 1047 1463 1086 qui
1472 1045 1575 1075 eisdem
1586 1047 1615 1074 in
1628 1047 1664 1076 C.
1676 1047 1710 1075 de
1720 1048 1769 1085 Ju-

987 1088 1054 1116 deis
1064 1110 1073 1121 ,
1102 1087 1213 1123 titulum
1224 1109 1231 1121 ,
1242 1091 1269 1116 ὅ(
1281 1086 1535 1126 potestatemhujus
1545 1087 1708 1125 apostolatus
1718 1096 1767 1125 pu-

986 1129 1058 1156 blico
1068 1129 1159 1156 edicio
1165 1127 1308 1166 prohibuit
1316 1147 1323 1155 .
1346 1127 1507 1165 Aliquando
1517 1138 1567 1167 pro
1580 1129 1714 1166 Apostolo
1724 1128 1772 1157 de-

987 1169 1091 1206 legatus
1120 1166 1253 1196 saecularis
1280 1167 1447 1206 intelligitur
1460 1178 1467 1195 τ
1490 1169 1673 1206 Luitprandus
1693 1169 1771 1197 enim

986 1208 1069 1237 refert
1079 1230 1088 1242 ,
1107 1208 1193 1246 Regis
1204 1208 1337 1247 Bulgariae
1347 1208 1497 1237 Oratorem
1512 1209 1543 1237 in
1552 1210 1623 1237 Aula
1633 1209 1771 1248 imperiali

986 1248 1300 1287 Coiistantinopolitaiia
1310 1259 1345 1277 ex
1357 1249 1506 1288 privilegio
1515 1248 1626 1288 speciali
1645 1249 1717 1278 inter
1727 1260 1770 1278 re-

987 1291 1076 1329 liquos
1086 1291 1230 1322 Oratores,
1244 1289 1457 1328 praecedentiam
1470 1289 1614 1318 obtinuisse
1625 1311 1633 1323 ‚
1656 1300 1772 1329 propter

985 1330 1026 1359 sui
1038 1331 1125 1369 Regis
1143 1341 1203 1358 cum
1213 1332 1385 1368 Imperatore
1396 1330 1559 1360 affinitatem
1571 1341 1579 1361 ς
1600 1341 1662 1359 nani
1673 1335 1729 1367 ejus
1738 1331 1772 1360 fi-

986 1372 1051 1400 liam
1061 1372 1176 1400 duxerat
1187 1372 1218 1400 in
1227 1381 1345 1400 uxorem
1355 1392 1363 1399 .
1389 1378 1401 1407 [
1414 1373 1518 1409 Scripta
1537 1374 1695 1408 juramento
1703 1383 1773 1400 con-

989 1412 1094 1441 firmata
1105 1411 1170 1440 sunt
1182 1434 1190 1445 ,
1211 1422 1242 1440 ut
1251 1412 1376 1440 omnium
1385 1412 1508 1451 gentium
1520 1412 1660 1449 Apostolis
1673 1411 1772 1450 Bulga-

985 1463 1078 1481 rorum
1089 1453 1217 1491 Apostoli
1228 1463 1425 1491 praeponantur
1435 1473 1441 1480 .
1454 1454 1466 1483 ]
1478 1454 1512 1481 In
1522 1452 1616 1481 eadem
1627 1452 1773 1481 Constan-

985 1493 1169 1532 tinopolitana
1181 1494 1298 1523 Ecclesia
1309 1494 1456 1522 vocabatur
1464 1494 1560 1520 Doc‘lor
1569 1492 1686 1529 Apostoli
1696 1502 1772 1530 quae-

985 1534 1047 1562 dam
1056 1534 1180 1573 dignitas
1188 1556 1196 1567 ‚
1215 1534 1249 1563 ad
1257 1545 1338 1573 quam
1349 1534 1378 1562 in
1389 1533 1502 1572 publicis
1512 1532 1692 1561 concionibus
1702 1535 1774 1563 Pau·

984 1574 1005 1602 li
1015 1576 1145 1613 Apostoli
1156 1575 1282 1614 epistolas
1291 1575 1430 1613 explicare
1440 1573 1574 1612 speftabat
1584 1592 1597 1600 .—
1613 1575 1711 1603 Romae
1723 1584 1773 1603 re-

993 1625 1024 1642 ro
1033 1617 1086 1645 sub
1096 1617 1227 1654 Apostolis
1246 1616 1430 1654 appellabatur
1442 1615 1512 1643 Aula
1526 1614 1711 1643 Lateranensis
1721 1618 1777 1644 Pa-

992 1656 1051 1684 latii
1063 1667 1095 1684 ex
1108 1658 1211 1695 pistura
1221 1656 1421 1695 Apostolorum
1441 1655 1470 1683 in
1480 1658 1534 1691 ejus
1552 1655 1656 1694 pariete
1665 1655 1772 1695 effigia-

993 1706 1019 1725 ta
1030 1718 1038 1730 ‚
1051 1697 1114 1726 idco
1124 1697 1279 1727 Anastasius
1290 1695 1424 1728 Biblioth.
1433 1695 1516 1724 refert
1526 1695 1674 1725 Nicolaum
1684 1695 1709 1723 I‘.
1721 1697 1774 1731 sy-

988 1738 1094 1767 nodum
1121 1737 1238 1767 habuisse
1255 1738 1309 1766 Sub
1318 1737 1470 1774 Apostolu-
1494 1738 1550 1765 FR.
1567 1736 1623 1763 Sub‘
1639 1737 1772 1772 Apostolis

989 1779 1095 1807 Aulam⁴
1120 1778 1206 1817 ipsam
1232 1776 1443 1807 Laterancnsem
1463 1775 1610 1805 Ecclesiam
1639 1775 1773 1816 intelligo

988 1829 1024 1847 ex,
1043 1820 1172 1848 Panvino
1181 1840 1189 1852 ,
1212 1819 1260 1857 qui
1282 1819 1320 1846 ait
1339 1818 1441 1846 Aulam
1460 1817 1518 1846 Dei
1537 1815 1607 1844 lianc
1629 1816 1774 1847 Ecclesiam

995 1870 1120 1889 vocatam
1138 1858 1213 1888 fuiss'e
1223 1879 1235 1886 .›
1257 1859 1336 1887 Vide
1360 1857 1405 1885 hic
1424 1856 1613 1894 lateranensis
1636 1857 1754 1895 Ecclesia
1763 1880 1774 1893 ,

987 1899 1036 1929 sub
1047 1900 1188 1939 Apostolis
1199 1899 1341 1927 dicebatur
1351 1919 1359 1931 ‚
1380 1899 1425 1927 vel
1435 1899 1498 1937 quia
1507 1899 1544 1926 ibi
1565 1896 1720 1926 existebant
1730 1902 1773 1929 Α-

990 1942 1161 1980 postolorum
1170 1940 1334 1978 Principum
1347 1940 1436 1977 capita
1446 1960 1454 1971 ,
1479 1938 1524 1967 vel
1554 1938 1618 1976 quia
1636 1947 1694 1967 mos
1715 1949 1773 1969 erat

989 1982 1078 2021 capita
1087 1982 1237 2011 eorundem
1246 1980 1409 2018 Principum
1420 1979 1451 2008 in
1462 1979 1605 2009 Conciliis
1614 1978 1750 2009 collocare
1763 2002 1772 2014 ,

988 2033 1019 2052 ut
1038 2024 1066 2051 in
1086 2022 1200 2052 Concil.
1212 2021 1377 2050 Florentino
1399 2019 1498 2050 fastum
1509 2018 1584 2049 fuiss'e
1593 2018 1715 2048 referunt
1727 2022 1775 2050 Se-

989 2064 1100 2092 verinus
1110 2062 1222 2092 Binius.
1239 2071 1313 2090 tom-⁷
1323 2067 1347 2090 8.
1359 2062 1515 2090 Concilior.
1526 2071 1587 2101 pag.
1607 2069 1692 2099 marg.
1704 2072 1772 2097 4²4·

990 2104 1061 2133 vers.
1078 2103 1156 2142 super
1174 2103 1277 2132 altare.
1295 2107 1329 2131 Et
1340 2112 1402 2142 pag.
1415 2112 1501 2141 marg.
1512 2107 1579 2138 418.
1599 2099 1668 2129 vers.
1689 2111 1775 2131 caete-

988 2155 1065 2174 rum.
1088 2144 1257 2174 Vistorellus
1280 2144 1310 2172 in
1325 2144 1414 2172 addit.
1432 2144 1465 2172 ad
1475 2144 1590 2173 Ciacom
1601 2149 1670 2170 toni.
1684 2144 1775 2172 2.col.

995 2196 1003 2214 i
1015 2194 1079 2221 155·
1093 2185 1137 2214 lit.
1148 2188 1184 2214 A.
1194 2188 1222 2213 8<
1233 2184 1277 2213 lit.
1289 2188 1320 2213 E.
1330 2186 1404 2213 Item
1415 2184 1448 2212 in
1457 2183 1518 2212 foro
1529 2179 1631 2212 Eccles.
1641 2182 1774 2213 dicuntur

987 2228 1106 2265 Apostoli
1124 2225 1317 2264 expeditiones
1334 2226 1459 2264 quaedam
1469 2247 1482 2259 ,
1504 2234 1568 2263 qusev
1593 2223 1773 2262 quintuplicis

991 2266 1093 2306 speciei
1112 2264 1180 2296 sunt
1196 2288 1204 2299 ‚
1236 2276 1352 2304 nempe,
1377 2266 1496 2304 Apostoli
1518 2264 1751 2293 conventionales
1762 2285 1771 2297 ‚

988 2307 1194 2345 Testimom'ales
1205 2327 1213 2340 ,
1235 2308 1425 2336 Declaratorii
1437 2328 1445 2339 ,
1467 2301 1643 2344 Reftc‘tat‘ore')⁴
1654 2325 1667 2337 ,-
1681 2308 1710 2333 ὅ(
1720 2306 1773 2335 Κε-

989 2349 1174 2378 verentiales.
1196 2346 1284 2378 Gloss·
1292 2347 1323 2377 in
1339 2347 1386 2376 lib.
1406 2347 1489 2376 zrtit.
1501 2356 1559 2382 μς.
1576 2346 1607 2377 in
1622 2343 1769 2414 stxtsoezixll:

1496 2478 1503 2492 Ι
