1866 2526
151 51 229 89 662
487 42 526 84 T
557 42 594 83 E

1278 42 1386 84 TE

132 105 238 133 florem
248 101 347 131 faciant
356 123 364 135 ‚
384 99 431 130 sed
441 112 454 130 a
463 99 604 130 communi
615 95 748 137 opinione
757 107 816 126 non
827 95 878 125 effe
888 106 928 124 re·
946 99 986 126 TE
998 97 1111 126 Ῑειτυκ
1122 116 1129 124 .
1139 95 1213 126 Vide
1225 103 1320 129 Canon
1332 101 1416 137 Miffa‘
1425 104 1435 130 .“

132 143 287 173 cedendum
307 144 389 172 docet
397 141 514 172 Lorinus
527 163 536 175 ‚
555 140 634 179 super
651 139 749 169 Psalm.
761 150 805 172 ²7·
824 141 928 166 &con-

135 186 261 215 firmatur
271 195 285 213 a
295 185 320 214 S.
332 183 420 213 Datio
429 181 629 212 Mediolanensi
640 178 759 210 Praesuie
768 200 776 212 ‚
786 179 831 207 lib.
839 189 847 206 1
855 198 862 205 .
872 180 928 214 ejus

946 141 1073 168 TEGNON
1085 159 1093 171 ‚
1113 135 1199 168 τέκνον
1209 161 1217 174 ,
1233 138 1301 168 idest
1311 161 1319 173 ‚
1328 141 1399 170 filius
1411 154 1418 171 :
1440 144 1536 178 [Bene
1548 142 1645 173 venisti
1655 153 1779 185 tegnonss

987 180 1024 207 In
1033 178 1092 208 vita
1103 179 1145 207 SS.
1155 181 1295 217 Perpetiiae
1309 201 1317 213 ‚
1327 185 1355 210 δε
1363 182 1447 212 Felic.

134 226 246 256 Chron.
262 236 286 256 c.
303 236 344 254 ιο.
355 226 417 253 Irno
428 223 458 252 in
475 224 569 252 eadem
581 219 784 252 Mediolanensi
803 217 928 248 civitate
946 222 1043 249 'stom
1050 229 1118 248 ARIA
1130 240 1137 248 .
1150 222 1207 249 PR.
1219 221 1298 259 Maga
1308 243 1315 253 ,
1326 222 1493 253 Incan'tatrix
1503 245 1510 257 ‚
1531 224 1591 264 quia
1601 225 1681 264 super
1690 223 1776 260 telis-⁴,

132 277 219 306 prope
231 266 433 296 Ambrofianam
443 264 582 293 Basilicam
592 261 746 291 ostenditur
753 259 890 292 sacellum,
901 259 928 286 in

136 319 192 346 quo
210 318 246 339 ,ex
256 307 367 344 antiqua
387 304 537 333 traditione
555 303 656 332 dicitur
668 300 837 339 baptizatum
855 298 929 328 suisse

137 349 176 378 D.
188 347 372 385 Augustinum
383 367 390 378 ‚
412 350 440 374 δε
452 355 486 374 ex
500 343 620 381 ejusdem
639 341 737 371 Saceiii
758 341 862 378 pistura
872 361 880 373 ,
902 350 930 368 ac

134 387 318 425 inscriptione
328 386 489 422 colligitiir5
511 396 544 413 ex
557 395 610 422 quo
622 384 683 411 ioco
694 381 776 420 iisque
787 382 821 409 :id
835 379 929 419 praefa-

987 270 1015 289 ac
1026 260 1128 306 tegulas
1137 272 1195 289 emi
1204 272 1227 288 κ.
1239 261 1374 300 prestigia
1386 262 1468 292 facere
1479 264 1569 295 solent
1579 288 1589 296 .
1611 268 1778 307 [Tegularia

989 302 1109 345 males-ica
1124 303 1214 340 ,quoii
1225 302 1302 339 supra
1312 303 1432 341 regulare
1440 303 1572 335 sci-ificet.
1592 307 1679 337 Gloss.
1691 309 1778 338 Isido-

990 352 1013 370 ri
1024 344 1035 373 ]
1060 342 1089 370 in
1101 346 1154 379 ejus
1165 353 1256 371 ηιιιεπ
1267 352 1345 371 textit
1364 344 1494 373 mendose
1503 347 1604 385 legitur
1613 350 1777 378 Tunellarm

989 384 1127 419 maleficia
1137 404 1144 411 .
1157 385 1245 418 Hiij'is
1256 384 1413 419 synonyma
1422 405 1430 412 .
1442 384 1517 414 Vide
1526 392 1609 424 Maga
1619 409 1626 416 .
1655 376 1670 386 ὸ

137 438 193 457 tam
210 427 351 456 Basilicam
358 426 426 457 fama
436 426 473 454 est
483 447 490 458 ,
511 425 584 464 quod
594 423 717 462 praedic‘h
738 422 858 451 Eccicfiae
872 423 929 449 Do·
947 426 1102 458 Tfitr‘iosis
1115 446 1123 457 ,
1134 424 1188 452 five
1198 424 1309 461 Teliosis
1321 447 1328 458 ‚
1339 422 1494 460 τελείωσις.
1519 428 1576 456 FR-
1587 428 1621 457 s'tc
1630 430 1777 468 appellatus

136 470 225 497 &ores
237 468 324 497 aDeo
345 467 469 504 inspirati
487 465 646 503 praedistum
662 463 799 492 canticum
819 461 931 490 alternis

136 509 242 539 vicibus
251 506 460 546 persolviflenu
485 508 547 535 ideo
557 517 569 534 a
580 505 672 533 multis
691 504 800 533 devotis
809 502 931 532 fidelibus

136 549 220 589 usque
232 550 262 578 sd
275 549 364 576 nostra
376 558 499 586 tempora
508 548 537 575 in
548 547 641 575 cadem
652 545 706 573 loci
726 543 932 583 intercapedine

136 590 191 620 hoc
201 591 336 618 canticum
356 588 463 618 r’ecitriri
476 587 546 616 solet
556 608 564 615 .
578 587 703 616 *Geiafius
711 587 781 623 Papa
798 585 827 612 in
838 584 932 612 officio

988 464 1025 494 est
1045 464 1198 502 Baptismus
1218 477 1231 494 a
1248 466 1284 493 D.
1295 466 1435 504 Gregorio
1452 466 1634 496 Nazianzeno
1653 470 1683 498 in
1692 472 1776 508 Julia-

988 516 1053 534 num
1065 527 1073 538 ,
1083 506 1127 534 ubi
1138 506 1192 533 ait:
1214 512 1226 541 [
1240 509 1273 534 Et
1287 507 1406 544 primum
1424 505 1560 546 sanguine
1570 509 1680 546 quidem
1691 531 1698 543 ,
1720 522 1779 539 non

987 545 1096 578 santio,
1117 548 1253 574 lavacrum
1264 547 1443 585 inquinatur,
1462 558 1523 576 cum
1543 549 1636 577 nostro
1645 549 1779 588 Baptismo

990 586 1157 625 Baptismiim
1168 591 1179 620 (
1199 586 1332 617 τελειώσει
1342 585 1475 618 τελε-ἴωσιν
1484 592 1496 621 )
1506 589 1564 617 odii
1575 600 1722 629 anteponas
1733 611 1740 619 .

141 631 252 660 recitari
260 629 392 660 sancivit3
403 640 465 658 nam
475 639 550 657 antea
561 639 615 656 non
625 627 771 655 dicebitur.
785 625 858 654 Vide
868 625 931 661 Res-
948 629 1065 657 Tum
1077 650 1084 660 ,
1094 625 1213 663 τελετὴ,
1222 627 1385 656 caeremonia
1398 649 1404 655 .
1417 628 1489 658 Vide
1500 630 1584 668 Miffa
1593 650 1600 658 .

130 673 304 711 ponsariutn.
326 672 384 699 PR.
401 676 440 699 Te
451 675 542 698 Deum
551 670 711 698 Laudamus
730 665 933 694 nondicebatiir
948 669 1149 698 Traianum
1160 690 1167 701 ‚
1187 667 1372 707 γελςῃίρχῃς,
1394 670 1449 698 FR,
1470 671 1693 700 caeremoniarum
1704 670 1786 699 insti-

137 713 168 741 in
178 712 273 740 officio
282 715 312 741 Β.
323 711 416 740 Mariae
431 733 437 743 .
449 711 500 739 nisi
512 710 541 739 in
552 713 605 746 ejus
616 707 849 737 solemnitatibus:
862 711 874 740 [
888 705 932 734 Ut

136 753 211 783 inter
222 753 516 781 commemorationem
528 773 536 784 ,
555 755 583 780 δ(
591 748 798 778 solemnitatem
806 746 931 775 differem

138 793 176 823 tia
185 794 342 823 ostendatur
352 814 358 821 .
371 793 458 822 Unde
469 795 508 821 Te
519 793 611 821 Deum
621 789 769 819 Laudamus
781 786 930 826 regularius

138 835 291 863 dimittitur
302 855 309 867 ‚
320 843 400 872 quam
409 832 512 861 dicatur
525 833 554 860 in
564 832 683 860 laudibus
694 829 834 857 matutinis
846 849 853 860 ‚
873 837 931 854 can.

138 875 301 914 Consilium
311 896 319 907 ,
341 874 375 903 de
387 874 510 902 celebrat.
520 872 622 903 Miffir.
633 873 651 900 l.
662 882 689 909 3.
698 869 825 899 decretal.
837 869 849 899 ]
873 867 930 896 Ubi

137 914 232 945 Gloss'o.
240 915 360 953 explicat
367 915 520 943 dictionem
531 915 695 951 Regularitts
706 910 831 949 inquiens
843 920 848 937 :
862 914 875 944 [
887 908 931 936 Id-

989 718 1065 737 tutor
1076 731 1083 742 ‚
1093 709 1240 737 conditor:
1264 715 1275 744 [
1287 708 1420 745 Quocirca
1432 709 1504 747 ipsos
1515 722 1624 750 quoque
1636 712 1784 751 discipulos

988 750 1023 779 ad
1039 749 1141 779 sacrum
1159 748 1340 778 sacerdotium
1359 749 1458 778 ducens
1467 772 1475 784 ‚
1494 755 1521 780 &
1542 753 1560 780 si
1581 752 1644 781 ess'et
1656 775 1664 786 ,
1686 762 1784 791 utpote

988 792 1075 824 Deus,
1084 789 1306 818 caeremoniarum
1317 790 1466 825 conditor(
1477 791 1668 830 γεκετοὶρχης)
1681 792 1783 821 nihilo-

991 831 1081 859 minus
1091 834 1143 859 &c-
1155 831 1192 872 D..
1204 828 1325 865 Dionys.
1337 833 1439 869 Areop.
1450 832 1482 861 de
1495 833 1567 861 Eccl.
1579 828 1739 862 Hierarchia
1750 854 1756 860 .
1768 835 1780 864 ]

990 872 1049 901 Ubi
1060 871 1094 900 de
1115 869 1230 899 Christo
1241 869 1366 899 Domino
1386 871 1510 910 loquitur
1531 873 1671 912 discipulis
1681 874 1734 902 suis
1745 872 1786 902 sa-

989 913 1141 941 cerdotium
1151 911 1278 940 tradente
1285 931 1293 939 .

133 957 179 986 sest
190 978 196 989 ‚
208 956 331 995 regulare
343 956 381 984 est
392 976 400 988 ,
418 964 448 983 ut
458 955 612 983 dimittatur
623 975 630 987 ,
642 963 699 980 non
708 961 737 980 ut
747 951 852 979 dicatur
862 970 870 977 ·
892 949 933 977 Sic
949 955 1103 983 Temnum
1115 974 1123 985 ‚
1134 950 1269 985 τιλώνιον,
1288 952 1363 980 locus
1375 974 1382 986 ,
1406 950 1435 981 in
1444 964 1498 992 quo
1511 953 1657 993 vestigalia
1666 953 1783 993 exigun-

141 1008 169 1031 7.
180 1007 225 1036 qu.
241 1008 262 1024 1.
273 1007 331 1024 can.
343 996 487 1024 adversitas
497 1017 504 1028 ‚
518 996 544 1026 §.
557 1004 617 1022 cum
628 1002 717 1022 autem
730 1004 737 1024 3
751 991 786 1020 ibi
795 999 934 1027 comparsi—

139 1038 231 1067 tivum
249 1037 362 1075 ponitur
370 1037 486 1065 eieffive
497 1058 504 1069 ,
523 1035 568 1063 hic
589 1033 703 1073 ponitur
723 1032 853 1071 negative
862 1050 869 1058 .
892 1030 933 1058 Sic

140 1077 232 1108 minus
243 1099 252 1111 ,
272 1076 340 1106 idest
350 1098 358 1110 ,
368 1088 427 1106 non
437 1099 443 1109 ‚
465 1076 490 1105 ff.
501 1076 534 1105 de
545 1076 609 1104 trib.
619 1074 688 1103 illud
699 1095 706 1102 .
718 1076 730 1105 ]
743 1075 886 1102 Caeterum
908 1071 932 1099 S.

139 1119 242 1149 Datiiis
252 1118 464 1147 Mediolanensis
485 1114 682 1155 Archiep.sup.
690 1115 788 1142 citatus
801 1135 807 1146 ,
832 1111 883 1140 fuit
893 1111 936 1140 vii-

140 1169 247 1198 magnae
257 1158 418 1191 sanctitatis,
427 1161 455 1187 ὅ(
466 1157 631 1186 auetoritatis
641 1177 648 1189 ,
662 1155 709 1194 qui
721 1164 845 1193 tempore
856 1151 936 1190 Jiisti-

139 1200 218 1230 niani
229 1200 350 1228 Senioris
372 1199 552 1237 Imperatoris
562 1200 690 1226 floruerat
701 1217 709 1228 ,
731 1205 761 1224 ut
783 1196 820 1223 D.
829 1196 936 1231 Grego-

142 1242 197 1270 rius
206 1243 277 1278 Papa
286 1262 294 1273 ,
303 1240 350 1269 lib.
365 1251 387 1268 i.
397 1240 509 1278 Dialog.
519 1249 574 1277 cap.
587 1250 613 1273 4.
625 1237 737 1265 testatur
747 1258 756 1270 ,
775 1239 803 1264 δ(
814 1234 887 1273 quod
898 1236 935 1262 Te

146 1282 238 1310 Deum
258 1280 346 1309 suiflet
379 1280 537 1308 alternatim
563 1278 747 1316 compositum
773 1286 820 1315 per
845 1274 936 1303 Divos

140 1321 357 1354 Ambrosium,&
369 1320 564 1360 Augustinum,
575 1318 751 1357 adstipulatur
760 1317 842 1345 etirim
851 1315 935 1343 Card.

144 1363 274 1392 Bellarm.
285 1362 331 1390 lib.
348 1373 370 1390 i.
380 1372 402 1389 c.
411 1372 418 1389 i
427 1372 453 1396 4.
463 1361 497 1390 de
506 1361 586 1389 bonis
596 1359 721 1398 operibus
732 1358 761 1386 in
769 1355 936 1396 particulari.

142 1405 181 1439 .·Η;
194 1403 309 1432 Ecclesia
318 1404 543 1438 tamen-Romana
552 1400 679 1430 observat
691 1409 748 1427 non
759 1397 872 1427 recitare
883 1396 935 1423 hoc

141 1444 279 1473 canticum
289 1451 412 1481 tempore
425 1442 568 1471 Adventus
580 1463 587 1474 ,
602 1445 630 1470 δε
641 1439 858 1478 Quadragesimae
869 1457 876 1465 .
888 1438 935 1465 Be—

143 1483 277 1514 nedifflni
295 1494 362 1512 vero
373 1483 442 1511 illud
463 1483 492 1511 in
501 1483 627 1511 omnibus
646 1479 805 1509 Dominicis
825 1487 872 1517 per
891 1487 935 1505 :in-

141 1524 394 1563 numpersolvunt,
405 1524 595 1562 rationemque
608 1522 690 1550 refert
700 1519 861 1558 Radulphus
871 1518 935 1547 Gla-

148 1566 196 1595 ber
205 1587 216 1603 ,
226 1565 270 1594 lib.
282 1575 308 1603 3.
321 1568 377 1598 ejus
387 1563 451 1592 hist.
469 1575 491 1593 c.
504 1575 529 1602 3.
542 1563 617 1602 quod
629 1572 725 1600 nempe
735 1562 807 1589 inter
817 1559 866 1588 lios
878 1561 937 1586 Μο-

147 1606 250 1636 nachos
260 1628 267 1639 ‚
286 1609 314 1635 ὅ(
323 1608 413 1635 Patres
424 1604 561 1640 cujusdam
571 1604 697 1633 Concilii
709 1612 767 1631 orta
778 1601 862 1629 fuerat
872 1610 938 1627 con·

140 1648 235 1681 >tentio
245 1669 253 1680 ‚
264 1646 468 1684 &interrogati
481 1646 592 1674 Abbates
602 1643 775 1674 Benediftini
787 1642 818 1670 ab
829 1639 936 1679 Episco-

145 1688 188 1727 pis
198 1688 273 1716 illius
284 1686 410 1716 Concilii
420 1707 428 1718 ‚
448 1696 527 1724 quare
536 1696 631 1714 contra
641 1694 723 1713 ritum
732 1686 889 1712 Romanum
899 1691 937 1708 re-

143 1729 261 1757 citarent
273 1728 326 1757 hoc
334 1727 473 1755 canticum
484 1726 511 1754 in
520 1726 689 1763 jejuniorum
700 1723 872 1753 Dominicis?
886 1722 939 1750 Ab·

143 1769 218 1798 bates
229 1767 426 1806 responderant
436 1788 444 1799 ,
467 1766 519 1795 hoc
529 1778 562 1796 ex
574 1766 702 1795 instituto
721 1774 815 1792 eorum
825 1764 938 1792 Pati-iai·-

144 1809 203 1838 chae
215 1810 252 1838 D.
265 1809 406 1838 Benediffl
415 1806 567 1840 observare,
579 1810 651 1842 cujus
661 1806 752 1845 regula
760 1816 774 1834 a
784 1806 820 1832 D.
830 1807 937 1841 Grego-

145 1851 188 1879 rio
199 1852 269 1889 Papa
279 1850 439 1878 confirmata
450 1847 544 1877 fuerat.
553 1847 706 1878 Occasione
716 1845 883 1884 praeallegati
897 1854 937 1871 cai-

145 1891 229 1920 nonis
247 1890 404 1920 Consilium
413 1911 421 1922 ‚
443 1889 477 1917 de
486 1890 612 1918 celebrat.
635 1887 706 1916 Mifi'.
723 1886 767 1915 ubi
780 1885 936 1914 Innoceiitii

147 1933 227 1970 Papae
247 1932 305 1961 111.
328 1931 406 1960 verba
418 1929 550 1958 habentur
561 1952 568 1963 ‚
591 1929 665 1968 quod
679 1930 738 1964 [Te
751 1928 841 1955 Deum
851 1925 939 1953 lauda-

146 1982 206 2001 mus
216 1976 267 2001 &c-
286 1971 392 2000 dicatur
403 1972 432 1999 in
451 1971 572 1999 laudibus
590 1969 734 1999 Matutinis
744 1970 775 1999 .]
798 1966 939 2002 Quaeritur

148 2013 223 2041 inter
236 2013 368 2042 Auftores
378 2033 385 2044 ,
406 2022 440 2041 an
449 2010 502 2040 hoc
520 2010 669 2040 Canticum
686 2009 718 2038 ad
732 2008 822 2036 laudes
833 2007 920 2045 potius
932 2028 938 2038 ‚

148 2063 230 2092 quam
241 2054 275 2082 ad
284 2052 450 2082 matutinum
458 2052 613 2090 pertineat?
634 2049 680 2080 sed
691 2047 873 2078 communiter
885 2047 939 2075 res-

152 2094 279 2132 pondent
298 2094 433 2122 Doftores
450 2092 500 2122 esse
509 2092 639 2122 matutini
650 2100 755 2129 partem
766 2110 772 2117 .
792 2089 938 2126 Microlog.

144 2144 172 2161 c.
182 2144 228 2171 34.
244 2135 329 2172 Hugo
339 2133 409 2172 spec.
428 2134 499 2163 Eccl.
509 2145 532 2162 c.
545 2145 571 2171 3.
591 2143 619 2160 ac
630 2132 718 2170 praxis
738 2131 765 2159 id
775 2129 920 2158 confirmat
931 2150 938 2161 ,

149 2174 216 2202 dum
227 2174 256 2202 in
275 2175 354 2202 noste
364 2174 528 2203 Nativitatis
537 2175 622 2202 Dom.
642 2172 806 2201 matutinum
815 2179 875 2197 cuin
887 2169 937 2197 hoc

149 2215 258 2243 cantico
268 2214 448 2244 terminaturi
469 2215 572 2243 dicitur
581 2223 670 2242 autem
682 2214 711 2241 in
721 2210 851 2250 praedic‘to
862 2231 869 2242 ,
882 2221 939 2238 can.

142 2255 310 2284 Concilium
320 2277 327 2288 ‚
340 2256 414 2292 quod
425 2261 436 2290 [
447 2258 484 2283 Te
496 2256 587 2284 Deum
598 2254 703 2282 dicatur
713 2253 743 2280 in
753 2251 872 2280 laudibus
886 2261 939 2278 ma*

152 2295 249 2324 tutinis
263 2311 270 2325 .·
286 2295 418 2334 Jquinjbi
430 2297 599 2335 intelligitur
609 2293 774 2323 matutinum
783 2301 847 2320 cum
856 2291 940 2319 laudi-

991 1005 1034 1022 tui·
1043 1016 1050 1027 ,
1072 993 1168 1022 Italice
1181 998 1302 1030 Dagana
1311 993 1413 1021 dicitur
1423 1014 1431 1026 ‚
1449 1005 1462 1022 a
1473 992 1557 1029 τέλος
1566 1016 1576 1031 ,
1597 995 1664 1023 idest
1674 1017 1681 1028 ‚
1696 996 1755 1023 ve&
1764 995 1784 1022 i-

991 1035 1034 1073 gal
1044 1046 1052 1065 5
1064 1033 1107 1063 seii
1119 1033 1207 1071 potius
1217 1031 1347 1068 τέλεσμει
1360 1055 1366 1061 .
1379 1040 1391 1069 [
1403 1037 1437 1063 Et
1450 1044 1510 1063 cum
1522 1034 1652 1064 transisset
1665 1035 1729 1064 iride
1739 1037 1785 1073 Je-

991 1074 1033 1103 sus
1044 1096 1052 1107 ,
1071 1074 1145 1104 vidit
1154 1072 1298 1102 hominem
1309 1073 1449 1103 sedentem
1461 1075 1492 1103 in
1504 1076 1611 1105 telonio
1622 1076 1786 1105 Mitthaeum

993 1115 1107 1144 nomine
1119 1135 1125 1142 .
1136 1113 1235 1142 Mattlt.
1247 1124 1334 1152 crip.9.
1344 1117 1356 1146 ]
1368 1116 1479 1145 Dicitur
1490 1117 1572 1145 etiam
1584 1117 1731 1146 Telonmm
1742 1116 1784 1154 ip-

991 1156 1075 1185 samet
1096 1154 1206 1195 gabellae
1216 1155 1339 1183 exustio.
1362 1156 1478 1190 [Postea
1500 1167 1608 1196 quoque
1625 1158 1706 1186 aliam
1716 1156 1785 1194 ejus-

993 1197 1056 1226 dem
1064 1196 1150 1235 Regis
1159 1195 1193 1224 de
1202 1196 1328 1225 omnium
1339 1196 1512 1225 teloneorum
1523 1197 1681 1227 remissione
1698 1198 1785 1236 impe-

993 1237 1078 1266 travit
1088 1258 1095 1265 .
1108 1237 1232 1266 Flodoar.
1244 1237 1260 1264 l.
1274 1248 1299 1265 2.
1310 1249 1333 1265 c.
1350 1248 1392 1269 17.
1408 1240 1419 1269 ]
1441 1239 1497 1267 FR.
1515 1239 1582 1273 [De
1592 1239 1708 1268 teloneis
1721 1249 1786 1268 vero

992 1287 1172 1307 mei-catorum
1182 1298 1190 1310 ,
1209 1281 1237 1305 ὃ(
1249 1277 1378 1314 pontium
1389 1299 1396 1310 ‚
1417 1282 1444 1307 ὅ(
1456 1278 1489 1306 de
1508 1279 1620 1308 decimis
1637 1280 1670 1308 ad
1679 1289 1785 1318 portam

992 1318 1149 1348 Momsterii
1161 1317 1258 1345 dandis
1268 1338 1275 1349 ,
1296 1318 1361 1346 sicut
1372 1319 1402 1346 in
1420 1318 1477 1346 aliis
1497 1320 1640 1357 praeccptis
1659 1320 1787 1348 contine-

992 1370 1049 1392 tur,
1060 1359 1162 1396 pariter
1171 1358 1334 1386 roboramus.
1345 1358 1445 1386 Bullar.
1455 1359 1546 1388 Casiii.
1558 1369 1625 1388 tom.
1638 1371 1663 1389 ι.
1674 1360 1784 1389 constit.

993 1411 1038 1432 27·
1050 1403 1083 1428 Et
1095 1399 1182 1427 nullus
1193 1409 1225 1426 ex
1235 1398 1350 1436 ripatico
1361 1420 1368 1431 ‚
1379 1400 1423 1427 vel
1432 1398 1563 1436 cispatico
1575 1422 1582 1432 ,
1602 1411 1682 1438 atque
1695 1410 1786 1438 porta-

993 1441 1049 1468 tico
1060 1461 1067 1472 ,
1086 1440 1131 1468 vel
1143 1439 1255 1466 teloneo
1267 1460 1274 1470 ‚
1286 1439 1309 1466 ei
1320 1439 1461 1476 quippiam
1474 1440 1582 1478 ingerat
1592 1462 1599 1473 ‚
1612 1440 1713 1469 ibidem
1721 1451 1786 1468 coii-

991 1481 1047 1509 stit.
1059 1487 1105 1517 36.
1119 1481 1130 1510 ]
1145 1479 1195 1507 Sed
1207 1478 1336 1506 mendose
1345 1480 1456 1507 Toloneo
1465 1478 1500 1507 ibi
1511 1479 1624 1509 habetur
1636 1491 1643 1510 ;
1667 1481 1735 1509 sicut
1746 1490 1787 1508 et-

994 1521 1046 1549 iam
1056 1520 1121 1588 iibid.
1132 1519 1217 1547 const.
1229 1525 1276 1548 60.
1295 1522 1323 1547 a&
1332 1519 1396 1547 alibi
1407 1517 1501 1558 passim
1511 1521 1677 1550 Thelaneum
1687 1530 1786 1561 perpe-

994 1572 1050 1590 ram
1073 1560 1200 1589 cribitiir.

953 1605 1141 1632 monimus
1154 1623 1160 1634 ‚
1172 1600 1332 1630 Piiblicanus
1344 1622 1350 1628 .
1364 1606 1376 1636 [
1389 1602 1477 1636 Hujus
1488 1600 1573 1640 Regis
1583 1601 1710 1630 telonarii
1723 1601 1784 1629 sunt

995 1652 1141 1682 pauperum
1151 1640 1318 1680 oppressores
1327 1662 1334 1668 .
1346 1642 1371 1670 S.
1382 1642 1538 1679 Cyprianus
1549 1663 1557 1675 ‚
1567 1642 1601 1671 de
1612 1642 1737 1677 jejuni0;
1759 1646 1787 1670 δ(

996 1693 1094 1744 tentri't.
1107 1685 1118 1714 ]
1139 1685 1247 1721 Regem
1257 1704 1264 1716 ,
1284 1682 1440 1711 daemonem
1451 1684 1622 1712 tenebrarum
1633 1682 1789 1721 principem

996 1732 1131 1761 inteiligit
1143 1743 1150 1751 .

953 1767 1157 1795 Ttmpzsuiui
1170 1785 1176 1795 ,
1187 1763 1376 1796 Fascinatores,
1392 1763 1440 1802 qui
1449 1762 1630 1792 mediantibus
1641 1773 1737 1791 eorum
1747 1761 1789 1790 in-

993 1805 1190 1833 cantationibus
1213 1805 1382 1842 tempestates
1402 1805 1431 1833 in
1450 1804 1516 1833 :ieris
1534 1803 1649 1842 regione
1667 1813 1787 1831 commo-

995 1854 1073 1877 vent,
1084 1845 1116 1873 de
1126 1844 1220 1882 quibus
1231 1846 1256 1874 S.
1270 1846 1434 1883 Agobertiis,
1447 1845 1493 1883 qui
1505 1845 1588 1872 etiam
1599 1844 1701 1882 inquit,
1714 1842 1789 1881 quod

993 1885 1149 1922 hujusmodi
1160 1885 1329 1923 tempestates
1338 1896 1351 1913 :i
1370 1887 1456 1924 vulgo
1466 1888 1548 1914 Aura
1567 1885 1704 1915 levatitia
1714 1883 1790 1912 dice-

994 1928 1105 1955 bantur.
1131 1927 1188 1954 FR.
1201 1926 1367 1960 Hujusinodi
1379 1925 1617 1964 praestigiatoribus
1630 1934 1711 1961 poena
1721 1933 1791 1961 prae-

994 1966 1130 1998 scribitur,
1143 1966 1187 1993 lib.
1203 1977 1225 1994 i.
1237 1966 1449 2004 capitularium,
1459 1976 1517 2003 cap.
1530 1971 1555 1993 6.
1567 1965 1612 1993 ubi
1624 1974 1707 1992 etiam
1716 1965 1790 1994 obli.

989 2016 1098 2045 gatores
1110 2007 1238 2034 dicuntur
1249 2028 1256 2038 ,
1277 2007 1338 2045 quisi
1349 2006 1421 2034 inter
1430 2006 1492 2034 :ilias
1502 2015 1595 2034 eorum
1608 2004 1738 2033 maleficas
1749 2015 1791 2032 ar-

997 2059 1035 2076 tes
1047 2049 1136 2086 ligant
1148 2046 1276 2075 homines
1288 2069 1295 2080 ‚
1319 2057 1353 2075 ne
1364 2047 1571 2074 matrimonium
1581 2055 1707 2075 exercere
1718 2044 1791 2072 vale-

995 2099 1041 2117 ant
1053 2110 1061 2121 ‚
1072 2088 1104 2116 de
1116 2087 1210 2126 quibus
1220 2087 1358 2126 eleganter
1368 2088 1405 2116 D.
1419 2087 1609 2122 Hieronymus
1618 2084 1722 2123 scripsit
1732 2106 1739 2117 ‚
1750 2085 1792 2112 in-

995 2130 1109 2167 quiens:
1124 2134 1136 2164 [
1148 2128 1200 2157 Rei
1212 2127 1418 2157 uxori.c1i0stes
1428 2149 1436 2160 ‚
1448 2127 1550 2165 quique
1564 2148 1570 2159 ‚
1583 2126 1627 2154 vel
1639 2134 1788 2163 perpetuas,

996 2170 1040 2198 vel
1052 2169 1168 2198 nimium
1179 2168 1318 2197 diuturnas
1331 2168 1486 2206 nuptiarum
1498 2167 1576 2195 ferias
1600 2165 1684 2194 feriali
1696 2165 1792 2192 carmi-

996 2220 1029 2238 ne
1041 2231 1049 2242 ,
1060 2209 1173 2238 &nodo
1186 2209 1314 2236 indicunt
1325 2230 1332 2240 ‚
1347 2211 1358 2240 ]
1380 2211 1406 2236 &
1418 2208 1576 2245 Propertius
1586 2207 1667 2235 etiam
1678 2214 1706 2236 iri
1720 2204 1792 2233 idem

995 2250 1097 2278 cecinit
1108 2271 1115 2282 ,
1138 2249 1171 2278 de
1192 2259 1247 2287 quo
1259 2249 1287 2276 in
1299 2249 1363 2278 dist.
1384 2249 1536 2286 Suffbcatus
1546 2247 1679 2276 diximus.
1704 2246 1792 2279 Hujus

996 2291 1115 2320 nominis
1126 2289 1282 2325 synonyma
1292 2310 1299 2318 .
1315 2288 1387 2318 Vide
1397 2294 1483 2326 Maga
1493 2308 1499 2316 .
1512 2288 1650 2324 Obligator
1659 2304 1665 2312 .

147 2336 193 2364 bus
202 2338 380 2372 conjunctum
391 2357 399 2368 ‚
409 2336 447 2365 ita
458 2336 538 2365 docet
548 2338 693 2370 Navarrus,
703 2338 732 2365 δι
742 2332 830 2367 nosin
841 2331 938 2361 difflo-
956 2329 1131 2361 Tznria'rim
1146 2351 1152 2357 .
1179 2330 1251 2358 Vide
1274 2332 1405 2359 ili-ratim.

148 2385 185 2407 ne
194 2378 300 2407 Laudes
309 2386 412 2416 egimus
422 2395 430 2405 .

955 2375 1114 2403 ΤεΜΡιυΜ.
1137 2370 1210 2400 Vide
1220 2370 1358 2409 Ecclesia.
1377 2367 1521 2408 Templum
1531 2366 1694 2397 Helorum,
1717 2361 1791 2392 Vide

1684 2407 1751 2436 Coa.
