<?xml version="1.0" encoding="UTF-8"?>
<!DOCTYPE html PUBLIC "-//W3C//DTD XHTML 1.0 Transitional//EN"
    "http://www.w3.org/TR/xhtml1/DTD/xhtml1-transitional.dtd">
<html xmlns="http://www.w3.org/1999/xhtml" xml:lang="en" lang="en">
 <head>
  <title>
</title>
<meta http-equiv="Content-Type" content="text/html;charset=utf-8" />
  <meta name='ocr-system' content='tesseract 3.04.00' />
  <meta name='ocr-capabilities' content='ocr_page ocr_carea ocr_par ocr_line ocrx_word'/>
</head>
<body>
  <div class='ocr_page' id='page_1' title='image "./dominicimacrimel00magr/dominicimacrimel00magr_0241.png"; bbox 0 0 1866 2526; ppageno 0'>
   <div class='ocr_carea' id='block_1_1' title="bbox 471 11 603 56">
    <p class='ocr_par' dir='ltr' id='par_1_1' title="bbox 471 11 603 56">
     <span class='ocr_line' id='line_1_1' title="bbox 471 11 603 56; baseline 0.015 -2"><span class='ocrx_word' id='word_1_1' title='bbox 471 11 603 56; x_wconf 87' lang='lat' dir='ltr'>&#39;CO</span> 
     </span>
    </p>
   </div>
   <div class='ocr_carea' id='block_1_2' title="bbox 128 69 916 110">
    <p class='ocr_par' dir='ltr' id='par_1_2' title="bbox 128 69 916 110">
     <span class='ocr_line' id='line_1_2' title="bbox 128 69 916 110; baseline -0.005 -6"><span class='ocrx_word' id='word_1_2' title='bbox 128 74 157 104; x_wconf 77' lang='grc' dir='ltr'>δι</span> <span class='ocrx_word' id='word_1_3' title='bbox 167 71 202 104; x_wconf 87' lang='lat' dir='ltr'>C.</span> <span class='ocrx_word' id='word_1_4' title='bbox 213 69 422 110; x_wconf 79' lang='lat' dir='ltr'>Plautius‚quod</span> <span class='ocrx_word' id='word_1_5' title='bbox 432 81 571 109; x_wconf 78' lang='lat' dir='ltr'>agnomen</span> <span class='ocrx_word' id='word_1_6' title='bbox 581 74 720 102; x_wconf 71' lang='lat' dir='ltr'>Lateranse</span> <span class='ocrx_word' id='word_1_7' title='bbox 736 70 847 101; x_wconf 62' lang='lat' dir='ltr'>famiiiae</span> <span class='ocrx_word' id='word_1_8' title='bbox 860 71 916 100; x_wconf 85' lang='lat' dir='ltr'>fue-</span> 
     </span>
    </p>
   </div>
   <div class='ocr_carea' id='block_1_3' title="bbox 1260 16 1704 78">
    <p class='ocr_par' dir='ltr' id='par_1_3' title="bbox 1260 16 1704 78">
     <span class='ocr_line' id='line_1_3' title="bbox 1260 16 1704 78; baseline 0.005 -20"><span class='ocrx_word' id='word_1_9' title='bbox 1260 19 1297 58; x_wconf 86' lang='lat' dir='ltr'>C</span> <span class='ocrx_word' id='word_1_10' title='bbox 1326 16 1370 58; x_wconf 90' lang='lat' dir='ltr'>O</span> <span class='ocrx_word' id='word_1_11' title='bbox 1628 31 1704 78; x_wconf 84' lang='lat'>213</span> 
     </span>
    </p>
   </div>
   <div class='ocr_carea' id='block_1_4' title="bbox 932 70 1523 103">
    <p class='ocr_par' dir='ltr' id='par_1_4' title="bbox 932 70 1523 103">
     <span class='ocr_line' id='line_1_4' title="bbox 932 70 1523 103; baseline 0.005 -3"><span class='ocrx_word' id='word_1_12' title='bbox 932 70 1170 102; x_wconf 50' lang='lat' dir='ltr'>Cossutiano</span> <span class='ocrx_word' id='word_1_13' title='bbox 1180 91 1187 99; x_wconf 90' lang='lat'>.</span> <span class='ocrx_word' id='word_1_14' title='bbox 1211 72 1285 101; x_wconf 89' lang='lat' dir='ltr'>Vide</span> <span class='ocrx_word' id='word_1_15' title='bbox 1306 76 1504 103; x_wconf 68' lang='lat' dir='ltr'>Anam-namn</span> <span class='ocrx_word' id='word_1_16' title='bbox 1515 95 1523 102; x_wconf 89' lang='lat'>.</span> 
     </span>
    </p>
   </div>
   <div class='ocr_carea' id='block_1_5' title="bbox 131 111 1757 153">
    <p class='ocr_par' dir='ltr' id='par_1_5' title="bbox 131 111 1757 153">
     <span class='ocr_line' id='line_1_5' title="bbox 131 111 1757 153; baseline 0.001 -9"><span class='ocrx_word' id='word_1_17' title='bbox 131 124 175 144; x_wconf 81' lang='lat' dir='ltr'>rat</span> <span class='ocrx_word' id='word_1_18' title='bbox 185 135 193 143; x_wconf 89' lang='lat'>.</span> <span class='ocrx_word' id='word_1_19' title='bbox 203 117 217 148; x_wconf 91' lang='grc'><strong>]</strong></span> <span class='ocrx_word' id='word_1_20' title='bbox 228 113 288 144; x_wconf 78' lang='lat' dir='ltr'>Alii</span> <span class='ocrx_word' id='word_1_21' title='bbox 300 119 391 141; x_wconf 80' lang='lat' dir='ltr'>tamen</span> <span class='ocrx_word' id='word_1_22' title='bbox 402 111 560 140; x_wconf 80' lang='lat' dir='ltr'>existimant</span> <span class='ocrx_word' id='word_1_23' title='bbox 572 133 579 145; x_wconf 78' lang='lat'>,-</span> <span class='ocrx_word' id='word_1_24' title='bbox 601 113 676 151; x_wconf 88' lang='lat' dir='ltr'>quod</span> <span class='ocrx_word' id='word_1_25' title='bbox 685 115 832 142; x_wconf 76' lang='lat' dir='ltr'>Lateranus</span> <span class='ocrx_word' id='word_1_26' title='bbox 842 111 915 141; x_wconf 77' lang='lat' dir='ltr'>locus</span> <span class='ocrx_word' id='word_1_27' title='bbox 931 111 1223 141; x_wconf 71' lang='lat' dir='ltr'>CONSTIPATORIUM.</span> <span class='ocrx_word' id='word_1_28' title='bbox 1238 113 1294 142; x_wconf 85' lang='lat' dir='ltr'>FR.</span> <span class='ocrx_word' id='word_1_29' title='bbox 1305 113 1482 147; x_wconf 79' lang='lat' dir='ltr'>Remedium,</span> <span class='ocrx_word' id='word_1_30' title='bbox 1494 113 1511 142; x_wconf 90' lang='lat' dir='ltr'>s</span> <span class='ocrx_word' id='word_1_31' title='bbox 1510 124 1544 142; x_wconf 87' lang='lat' dir='ltr'>eu</span> <span class='ocrx_word' id='word_1_32' title='bbox 1556 136 1562 146; x_wconf 86' lang='lat'>‚</span> <span class='ocrx_word' id='word_1_33' title='bbox 1572 116 1757 153; x_wconf 71' lang='lat' dir='ltr'>emplastrum.</span> 
     </span>
    </p>
   </div>
   <div class='ocr_carea' id='block_1_6' title="bbox 126 151 914 356">
    <p class='ocr_par' dir='ltr' id='par_1_6' title="bbox 126 151 914 356">
     <span class='ocr_line' id='line_1_6' title="bbox 130 151 914 192; baseline -0.005 -7"><span class='ocrx_word' id='word_1_34' title='bbox 130 165 146 185; x_wconf 74' lang='lat' dir='ltr'>a</span> <span class='ocrx_word' id='word_1_35' title='bbox 153 157 287 184; x_wconf 60' lang='lat' dir='ltr'>Inter-ano</span> <span class='ocrx_word' id='word_1_36' title='bbox 295 152 379 182; x_wconf 88' lang='lat' dir='ltr'>Idolo</span> <span class='ocrx_word' id='word_1_37' title='bbox 387 152 474 182; x_wconf 66' lang='lat' dir='ltr'>didus</span> <span class='ocrx_word' id='word_1_38' title='bbox 484 151 570 181; x_wconf 84' lang='lat' dir='ltr'>fuerat</span> <span class='ocrx_word' id='word_1_39' title='bbox 580 174 587 185; x_wconf 92' lang='lat'><em>,</em></span> <span class='ocrx_word' id='word_1_40' title='bbox 598 153 633 182; x_wconf 88' lang='lat' dir='ltr'>de</span> <span class='ocrx_word' id='word_1_41' title='bbox 644 163 699 192; x_wconf 90' lang='lat' dir='ltr'>quo</span> <span class='ocrx_word' id='word_1_42' title='bbox 708 153 856 186; x_wconf 67' lang='lat' dir='ltr'>Ariminus,</span> <span class='ocrx_word' id='word_1_43' title='bbox 868 153 914 182; x_wconf 86' lang='lat' dir='ltr'>lib.</span> 
     </span>
     <span class='ocr_line' id='line_1_7' title="bbox 131 192 914 232; baseline -0.003 -9"><span class='ocrx_word' id='word_1_44' title='bbox 131 207 160 232; x_wconf 77' lang='lat'>4.</span> <span class='ocrx_word' id='word_1_45' title='bbox 168 195 260 225; x_wconf 75' lang='lat' dir='ltr'>adver.</span> <span class='ocrx_word' id='word_1_46' title='bbox 271 196 378 224; x_wconf 74' lang='lat' dir='ltr'>Gentes</span> <span class='ocrx_word' id='word_1_47' title='bbox 387 214 396 227; x_wconf 91' lang='lat'><em>,</em></span> <span class='ocrx_word' id='word_1_48' title='bbox 415 192 504 232; x_wconf 77' lang='lat' dir='ltr'>inquit</span> <span class='ocrx_word' id='word_1_49' title='bbox 514 203 522 223; x_wconf 70' lang='grc' dir='ltr'><strong>ς</strong></span> <span class='ocrx_word' id='word_1_50' title='bbox 534 197 548 228; x_wconf 93' lang='grc'>[</span> <span class='ocrx_word' id='word_1_51' title='bbox 559 195 706 223; x_wconf 78' lang='lat' dir='ltr'>Lateranus</span> <span class='ocrx_word' id='word_1_52' title='bbox 717 195 792 223; x_wconf 85' lang='lat' dir='ltr'>Deus</span> <span class='ocrx_word' id='word_1_53' title='bbox 801 193 854 222; x_wconf 89' lang='lat' dir='ltr'>hoc</span> <span class='ocrx_word' id='word_1_54' title='bbox 865 205 914 222; x_wconf 88' lang='lat' dir='ltr'>no-</span> 
     </span>
     <span class='ocr_line' id='line_1_8' title="bbox 130 234 907 274; baseline -0.003 -10"><span class='ocrx_word' id='word_1_55' title='bbox 130 236 207 264; x_wconf 85' lang='lat' dir='ltr'>mine</span> <span class='ocrx_word' id='word_1_56' title='bbox 217 257 225 269; x_wconf 88' lang='grc'><strong><em>,</em></strong></span> <span class='ocrx_word' id='word_1_57' title='bbox 235 234 310 274; x_wconf 86' lang='lat' dir='ltr'>quod</span> <span class='ocrx_word' id='word_1_58' title='bbox 320 234 443 263; x_wconf 85' lang='lat' dir='ltr'>focorum</span> <span class='ocrx_word' id='word_1_59' title='bbox 453 255 461 267; x_wconf 95' lang='lat'><em>‚</em></span> <span class='ocrx_word' id='word_1_60' title='bbox 473 237 500 262; x_wconf 88' lang='lat'>&amp;</span> <span class='ocrx_word' id='word_1_61' title='bbox 511 235 612 273; x_wconf 75' lang='lat' dir='ltr'>genius</span> <span class='ocrx_word' id='word_1_62' title='bbox 621 256 628 267; x_wconf 84' lang='lat'><em>,</em></span> <span class='ocrx_word' id='word_1_63' title='bbox 639 234 818 273; x_wconf 59' lang='lat' dir='ltr'>audaciusque</span> <span class='ocrx_word' id='word_1_64' title='bbox 828 245 861 264; x_wconf 85' lang='lat' dir='ltr'>ex</span> <span class='ocrx_word' id='word_1_65' title='bbox 875 235 907 263; x_wconf 83' lang='lat' dir='ltr'>la-</span> 
     </span>
     <span class='ocr_line' id='line_1_9' title="bbox 129 273 912 306; baseline -0.003 0"><span class='ocrx_word' id='word_1_66' title='bbox 129 275 338 306; x_wconf 76' lang='lat' dir='ltr'>terculiscrudis</span> <span class='ocrx_word' id='word_1_67' title='bbox 349 275 381 303; x_wconf 88' lang='lat' dir='ltr'>ab</span> <span class='ocrx_word' id='word_1_68' title='bbox 389 273 546 303; x_wconf 78' lang='lat' dir='ltr'>hominibus</span> <span class='ocrx_word' id='word_1_69' title='bbox 562 276 734 304; x_wconf 85' lang='lat' dir='ltr'>caminorum</span> <span class='ocrx_word' id='word_1_70' title='bbox 743 276 814 305; x_wconf 83' lang='lat' dir='ltr'>istud</span> <span class='ocrx_word' id='word_1_71' title='bbox 825 275 912 304; x_wconf 64' lang='lat' dir='ltr'>aedifi-</span> 
     </span>
     <span class='ocr_line' id='line_1_10' title="bbox 126 315 913 356; baseline -0.001 -11"><span class='ocrx_word' id='word_1_72' title='bbox 126 326 203 345; x_wconf 77' lang='lat' dir='ltr'>catur</span> <span class='ocrx_word' id='word_1_73' title='bbox 210 318 336 356; x_wconf 76' lang='lat' dir='ltr'>genus-1</span> <span class='ocrx_word' id='word_1_74' title='bbox 358 316 432 344; x_wconf 82' lang='lat' dir='ltr'>Sicut</span> <span class='ocrx_word' id='word_1_75' title='bbox 451 315 534 343; x_wconf 79' lang='lat' dir='ltr'>etiam</span> <span class='ocrx_word' id='word_1_76' title='bbox 545 319 709 345; x_wconf 76' lang='lat' dir='ltr'><em>Vaticanum</em></span> <span class='ocrx_word' id='word_1_77' title='bbox 729 317 761 346; x_wconf 79' lang='lat' dir='ltr'>ab</span> <span class='ocrx_word' id='word_1_78' title='bbox 772 315 854 345; x_wconf 87' lang='lat' dir='ltr'>Idolo</span> <span class='ocrx_word' id='word_1_79' title='bbox 862 315 913 344; x_wconf 83' lang='lat' dir='ltr'>hu—</span> 
     </span>
    </p>
   </div>
   <div class='ocr_carea' id='block_1_7' title="bbox 127 354 914 392">
    <p class='ocr_par' dir='ltr' id='par_1_7' title="bbox 127 354 914 392">
     <span class='ocr_line' id='line_1_11' title="bbox 127 354 914 392; baseline -0.004 -5"><span class='ocrx_word' id='word_1_80' title='bbox 127 359 171 392; x_wconf 79' lang='lat' dir='ltr'>jus</span> <span class='ocrx_word' id='word_1_81' title='bbox 178 357 302 386; x_wconf 76' lang='lat' dir='ltr'>nominis</span> <span class='ocrx_word' id='word_1_82' title='bbox 313 378 321 390; x_wconf 91' lang='lat'><em>‚</em></span> <span class='ocrx_word' id='word_1_83' title='bbox 343 354 440 385; x_wconf 84' lang='lat' dir='ltr'>Gellio</span> <span class='ocrx_word' id='word_1_84' title='bbox 450 356 517 384; x_wconf 81' lang='lat' dir='ltr'>teste</span> <span class='ocrx_word' id='word_1_85' title='bbox 527 377 535 388; x_wconf 91' lang='lat'><em>,</em></span> <span class='ocrx_word' id='word_1_86' title='bbox 545 356 651 385; x_wconf 63' lang='lat' dir='ltr'>dicium</span> <span class='ocrx_word' id='word_1_87' title='bbox 661 357 714 385; x_wconf 86' lang='lat' dir='ltr'>suit</span> <span class='ocrx_word' id='word_1_88' title='bbox 725 377 733 384; x_wconf 92' lang='lat'>.</span> <span class='ocrx_word' id='word_1_89' title='bbox 746 357 792 386; x_wconf 87' lang='lat' dir='ltr'>De</span> <span class='ocrx_word' id='word_1_90' title='bbox 801 358 914 386; x_wconf 82' lang='lat' dir='ltr'>Latera—</span> 
     </span>
    </p>
   </div>
   <div class='ocr_carea' id='block_1_8' title="bbox 122 396 911 760">
    <p class='ocr_par' dir='ltr' id='par_1_8' title="bbox 126 396 911 473">
     <span class='ocr_line' id='line_1_12' title="bbox 126 396 911 437; baseline -0.001 -11"><span class='ocrx_word' id='word_1_91' title='bbox 126 407 165 426; x_wconf 87' lang='lat' dir='ltr'>no</span> <span class='ocrx_word' id='word_1_92' title='bbox 177 397 262 437; x_wconf 84' lang='lat' dir='ltr'>igitur</span> <span class='ocrx_word' id='word_1_93' title='bbox 271 396 494 427; x_wconf 78' lang='lat' dir='ltr'>Christianorum</span> <span class='ocrx_word' id='word_1_94' title='bbox 504 397 609 434; x_wconf 83' lang='lat' dir='ltr'>templo</span> <span class='ocrx_word' id='word_1_95' title='bbox 619 397 782 426; x_wconf 81' lang='lat' dir='ltr'>Prudentius</span> <span class='ocrx_word' id='word_1_96' title='bbox 793 419 801 430; x_wconf 90' lang='lat'><em>,</em></span> <span class='ocrx_word' id='word_1_97' title='bbox 825 396 872 425; x_wconf 84' lang='lat' dir='ltr'>lib.</span> <span class='ocrx_word' id='word_1_98' title='bbox 889 408 911 426; x_wconf 87' lang='grc' dir='ltr'>ι.</span> 
     </span>
     <span class='ocr_line' id='line_1_13' title="bbox 126 435 626 473; baseline -0.006 -6"><span class='ocrx_word' id='word_1_99' title='bbox 126 448 222 467; x_wconf 82' lang='lat' dir='ltr'>contra</span> <span class='ocrx_word' id='word_1_100' title='bbox 232 435 427 473; x_wconf 74' lang='lat' dir='ltr'>Symmachum</span> <span class='ocrx_word' id='word_1_101' title='bbox 436 436 495 465; x_wconf 82' lang='lat' dir='ltr'>haec</span> <span class='ocrx_word' id='word_1_102' title='bbox 505 437 607 465; x_wconf 80' lang='lat' dir='ltr'>cecinit</span> <span class='ocrx_word' id='word_1_103' title='bbox 619 458 626 465; x_wconf 93' lang='lat'>.</span> 
     </span>
    </p>

    <p class='ocr_par' dir='ltr' id='par_1_9' title="bbox 122 477 910 760">
     <span class='ocr_line' id='line_1_14' title="bbox 167 477 868 516; baseline -0.004 -8"><span class='ocrx_word' id='word_1_104' title='bbox 167 479 295 508; x_wconf 84' lang='lat' dir='ltr'>Coetibus</span> <span class='ocrx_word' id='word_1_105' title='bbox 304 488 347 507; x_wconf 82' lang='lat' dir='ltr'>aut</span> <span class='ocrx_word' id='word_1_106' title='bbox 357 477 464 516; x_wconf 71' lang='lat' dir='ltr'>magnis</span> <span class='ocrx_word' id='word_1_107' title='bbox 474 478 599 509; x_wconf 79' lang='lat' dir='ltr'>Laterani</span> <span class='ocrx_word' id='word_1_108' title='bbox 608 477 724 507; x_wconf 82' lang='lat' dir='ltr'>accurrit</span> <span class='ocrx_word' id='word_1_109' title='bbox 736 477 770 507; x_wconf 81' lang='lat' dir='ltr'>ad</span> <span class='ocrx_word' id='word_1_110' title='bbox 779 477 850 506; x_wconf 80' lang='lat' dir='ltr'>aedes</span> <span class='ocrx_word' id='word_1_111' title='bbox 860 498 868 510; x_wconf 92' lang='lat'><em>,</em></span> 
     </span>
     <span class='ocr_line' id='line_1_15' title="bbox 164 517 869 557; baseline -0.004 -8"><span class='ocrx_word' id='word_1_112' title='bbox 164 519 255 549; x_wconf 86' lang='lat' dir='ltr'>Unde</span> <span class='ocrx_word' id='word_1_113' title='bbox 264 518 368 548; x_wconf 84' lang='lat' dir='ltr'>sacrum</span> <span class='ocrx_word' id='word_1_114' title='bbox 378 517 477 546; x_wconf 75' lang='lat' dir='ltr'>referat</span> <span class='ocrx_word' id='word_1_115' title='bbox 488 519 573 557; x_wconf 76' lang='lat' dir='ltr'>regali</span> <span class='ocrx_word' id='word_1_116' title='bbox 581 517 732 547; x_wconf 83' lang='lat' dir='ltr'>chrismate</span> <span class='ocrx_word' id='word_1_117' title='bbox 743 518 850 557; x_wconf 86' lang='lat' dir='ltr'>signum</span> <span class='ocrx_word' id='word_1_118' title='bbox 862 539 869 545; x_wconf 92' lang='lat'>.</span> 
     </span>
     <span class='ocr_line' id='line_1_16' title="bbox 125 558 909 600; baseline -0.005 -10"><span class='ocrx_word' id='word_1_119' title='bbox 125 559 294 600; x_wconf 75' lang='lat' dir='ltr'>Aquisgrani</span> <span class='ocrx_word' id='word_1_120' title='bbox 306 582 313 593; x_wconf 89' lang='lat'><em>‚</em></span> <span class='ocrx_word' id='word_1_121' title='bbox 325 559 368 587; x_wconf 92' lang='lat' dir='ltr'>ubi</span> <span class='ocrx_word' id='word_1_122' title='bbox 381 559 454 596; x_wconf 81' lang='lat' dir='ltr'>prius</span> <span class='ocrx_word' id='word_1_123' title='bbox 464 560 596 588; x_wconf 72' lang='lat' dir='ltr'>Germani</span> <span class='ocrx_word' id='word_1_124' title='bbox 606 560 680 597; x_wconf 90' lang='lat' dir='ltr'>Imp.</span> <span class='ocrx_word' id='word_1_125' title='bbox 690 558 841 587; x_wconf 86' lang='lat' dir='ltr'>residebant</span> <span class='ocrx_word' id='word_1_126' title='bbox 852 581 860 592; x_wconf 88' lang='lat'><em>‚</em></span> <span class='ocrx_word' id='word_1_127' title='bbox 883 561 909 586; x_wconf 76' lang='grc' dir='ltr'>ὅ(</span> 
     </span>
     <span class='ocr_line' id='line_1_17' title="bbox 124 599 910 643; baseline -0.003 -13"><span class='ocrx_word' id='word_1_128' title='bbox 124 600 209 640; x_wconf 87' lang='lat' dir='ltr'>usque</span> <span class='ocrx_word' id='word_1_129' title='bbox 221 611 292 629; x_wconf 86' lang='lat' dir='ltr'>nunc</span> <span class='ocrx_word' id='word_1_130' title='bbox 303 608 490 632; x_wconf 80' lang='lat' dir='ltr'>coronantur,</span> <span class='ocrx_word' id='word_1_131' title='bbox 513 599 616 629; x_wconf 85' lang='lat' dir='ltr'>mansio</span> <span class='ocrx_word' id='word_1_132' title='bbox 624 600 731 628; x_wconf 75' lang='lat' dir='ltr'>extabat</span> <span class='ocrx_word' id='word_1_133' title='bbox 741 621 749 632; x_wconf 93' lang='lat'><em>‚</em></span> <span class='ocrx_word' id='word_1_134' title='bbox 759 609 819 638; x_wconf 80' lang='lat' dir='ltr'>quae</span> <span class='ocrx_word' id='word_1_135' title='bbox 830 604 910 643; x_wconf 68' lang='lat' dir='ltr'>Late-</span> 
     </span>
     <span class='ocr_line' id='line_1_18' title="bbox 124 639 909 679; baseline -0.003 -10"><span class='ocrx_word' id='word_1_136' title='bbox 124 645 201 670; x_wconf 81' lang='lat' dir='ltr'>ranis</span> <span class='ocrx_word' id='word_1_137' title='bbox 213 641 352 669; x_wconf 72' lang='lat' dir='ltr'>dicebatur</span> <span class='ocrx_word' id='word_1_138' title='bbox 362 661 369 668; x_wconf 86' lang='lat'>.</span> <span class='ocrx_word' id='word_1_139' title='bbox 385 641 481 675; x_wconf 86' lang='lat' dir='ltr'>[Cum</span> <span class='ocrx_word' id='word_1_140' title='bbox 489 639 519 668; x_wconf 88' lang='lat' dir='ltr'>in</span> <span class='ocrx_word' id='word_1_141' title='bbox 529 640 614 669; x_wconf 87' lang='lat' dir='ltr'>domo</span> <span class='ocrx_word' id='word_1_142' title='bbox 624 639 794 679; x_wconf 79' lang='lat' dir='ltr'>Aquisgrani</span> <span class='ocrx_word' id='word_1_143' title='bbox 805 639 909 678; x_wconf 74' lang='lat' dir='ltr'>palatii,</span> 
     </span>
     <span class='ocr_line' id='line_1_19' title="bbox 122 680 910 720; baseline -0.004 -9"><span class='ocrx_word' id='word_1_144' title='bbox 122 691 184 720; x_wconf 71' lang='lat' dir='ltr'>qua.»</span> <span class='ocrx_word' id='word_1_145' title='bbox 205 681 344 711; x_wconf 63' lang='lat' dir='ltr'>literanis</span> <span class='ocrx_word' id='word_1_146' title='bbox 360 680 462 708; x_wconf 86' lang='lat' dir='ltr'>dicitur</span> <span class='ocrx_word' id='word_1_147' title='bbox 472 701 479 712; x_wconf 93' lang='lat'><em>,</em></span> <span class='ocrx_word' id='word_1_148' title='bbox 498 680 615 709; x_wconf 82' lang='lat' dir='ltr'>Abbates</span> <span class='ocrx_word' id='word_1_149' title='bbox 633 689 695 708; x_wconf 86' lang='lat' dir='ltr'>cum</span> <span class='ocrx_word' id='word_1_150' title='bbox 710 680 910 719; x_wconf 75' lang='lat' dir='ltr'>quampluribus</span> 
     </span>
     <span class='ocr_line' id='line_1_20' title="bbox 124 719 906 760; baseline -0.004 -10"><span class='ocrx_word' id='word_1_151' title='bbox 124 732 177 750; x_wconf 78' lang='lat' dir='ltr'>una</span> <span class='ocrx_word' id='word_1_152' title='bbox 187 721 240 750; x_wconf 81' lang='lat' dir='ltr'>suis</span> <span class='ocrx_word' id='word_1_153' title='bbox 248 719 404 750; x_wconf 69' lang='lat' dir='ltr'>resediss&#39;ent</span> <span class='ocrx_word' id='word_1_154' title='bbox 414 719 559 752; x_wconf 74' lang='lat' dir='ltr'>Monachis</span> <span class='ocrx_word' id='word_1_155' title='bbox 571 741 578 748; x_wconf 91' lang='lat'>.</span> <span class='ocrx_word' id='word_1_156' title='bbox 588 721 671 759; x_wconf 84' lang='lat' dir='ltr'>Apud</span> <span class='ocrx_word' id='word_1_157' title='bbox 681 723 716 750; x_wconf 89' lang='lat' dir='ltr'>R.</span> <span class='ocrx_word' id='word_1_158' title='bbox 726 723 756 750; x_wconf 89' lang='lat' dir='ltr'>P.</span> <span class='ocrx_word' id='word_1_159' title='bbox 767 721 906 760; x_wconf 81' lang='lat' dir='ltr'>Angelum</span> 
     </span>
    </p>
   </div>
   <div class='ocr_carea' id='block_1_9' title="bbox 911 411 928 739">
    <p class='ocr_par' dir='ltr' id='par_1_10' title="bbox 911 411 928 739">
     <span class='ocr_line' id='line_1_21' title="bbox 911 411 928 537; baseline 0 -74"><span class='ocrx_word' id='word_1_160' title='bbox 911 411 928 537; x_wconf 95' lang='lat' dir='ltr'>  </span> 
     </span>
     <span class='ocr_line' id='line_1_22' title="bbox 911 537 927 739; baseline 0 0"><span class='ocrx_word' id='word_1_161' title='bbox 911 537 927 739; x_wconf 95' lang='lat' dir='ltr'>     </span> 
     </span>
    </p>
   </div>
   <div class='ocr_carea' id='block_1_10' title="bbox 969 151 1761 438">
    <p class='ocr_par' dir='ltr' id='par_1_11' title="bbox 970 151 1761 274">
     <span class='ocr_line' id='line_1_23' title="bbox 971 151 1761 193; baseline 0.01 -13"><span class='ocrx_word' id='word_1_162' title='bbox 971 151 1004 180; x_wconf 85' lang='lat' dir='ltr'>ad</span> <span class='ocrx_word' id='word_1_163' title='bbox 1014 151 1159 181; x_wconf 82' lang='lat' dir='ltr'>sistendum</span> <span class='ocrx_word' id='word_1_164' title='bbox 1169 153 1315 182; x_wconf 83' lang='lat' dir='ltr'>vulnerum</span> <span class='ocrx_word' id='word_1_165' title='bbox 1326 152 1486 193; x_wconf 80' lang='lat' dir='ltr'>sanguinem</span> <span class='ocrx_word' id='word_1_166' title='bbox 1498 166 1504 182; x_wconf 79' lang='lat' dir='ltr'>z</span> <span class='ocrx_word' id='word_1_167' title='bbox 1528 159 1541 189; x_wconf 91' lang='lat'>[</span> <span class='ocrx_word' id='word_1_168' title='bbox 1554 157 1593 183; x_wconf 85' lang='lat' dir='ltr'>Ex</span> <span class='ocrx_word' id='word_1_169' title='bbox 1603 154 1761 190; x_wconf 83' lang='lat' dir='ltr'>hujusmodi</span> 
     </span>
     <span class='ocr_line' id='line_1_24' title="bbox 970 191 1757 234; baseline 0.009 -14"><span class='ocrx_word' id='word_1_170' title='bbox 970 191 1132 221; x_wconf 82' lang='lat' dir='ltr'>crudelitate</span> <span class='ocrx_word' id='word_1_171' title='bbox 1143 192 1280 232; x_wconf 81' lang='lat' dir='ltr'>ipsorum,</span> <span class='ocrx_word' id='word_1_172' title='bbox 1297 197 1326 222; x_wconf 75' lang='grc' dir='ltr'>δι</span> <span class='ocrx_word' id='word_1_173' title='bbox 1336 203 1416 229; x_wconf 59' lang='lat' dir='ltr'>tanto</span> <span class='ocrx_word' id='word_1_174' title='bbox 1424 193 1565 234; x_wconf 72' lang='lat' dir='ltr'>sanguinis</span> <span class='ocrx_word' id='word_1_175' title='bbox 1585 197 1660 225; x_wconf 78' lang='lat' dir='ltr'>fluxu</span> <span class='ocrx_word' id='word_1_176' title='bbox 1673 218 1680 229; x_wconf 84' lang='lat'><em>,</em></span> <span class='ocrx_word' id='word_1_177' title='bbox 1698 208 1757 227; x_wconf 82' lang='lat' dir='ltr'>cau-</span> 
     </span>
     <span class='ocr_line' id='line_1_25' title="bbox 972 232 1758 274; baseline 0.009 -14"><span class='ocrx_word' id='word_1_178' title='bbox 972 232 1043 261; x_wconf 86' lang='lat' dir='ltr'>terio</span> <span class='ocrx_word' id='word_1_179' title='bbox 1055 233 1132 262; x_wconf 88' lang='lat' dir='ltr'>nullo</span> <span class='ocrx_word' id='word_1_180' title='bbox 1143 235 1226 263; x_wconf 89' lang='lat' dir='ltr'>modo</span> <span class='ocrx_word' id='word_1_181' title='bbox 1238 233 1293 263; x_wconf 86' lang='lat' dir='ltr'>illis</span> <span class='ocrx_word' id='word_1_182' title='bbox 1302 233 1431 269; x_wconf 86' lang='lat' dir='ltr'>indulto,</span> <span class='ocrx_word' id='word_1_183' title='bbox 1443 236 1488 264; x_wconf 89' lang='lat' dir='ltr'>vel</span> <span class='ocrx_word' id='word_1_184' title='bbox 1497 235 1699 274; x_wconf 84' lang='lat' dir='ltr'>constipatorio</span> <span class='ocrx_word' id='word_1_185' title='bbox 1709 240 1758 267; x_wconf 81' lang='lat' dir='ltr'>ali-</span> 
     </span>
    </p>

    <p class='ocr_par' dir='ltr' id='par_1_12' title="bbox 969 272 1760 438">
     <span class='ocr_line' id='line_1_26' title="bbox 989 272 1757 315; baseline 0.008 -14"><span class='ocrx_word' id='word_1_186' title='bbox 989 283 1026 302; x_wconf 89' lang='lat' dir='ltr'>uo</span> <span class='ocrx_word' id='word_1_187' title='bbox 1034 272 1234 303; x_wconf 76' lang='lat' dir='ltr'>absciffionibus</span> <span class='ocrx_word' id='word_1_188' title='bbox 1246 285 1375 304; x_wconf 85' lang='lat' dir='ltr'>manuum</span> <span class='ocrx_word' id='word_1_189' title='bbox 1386 296 1395 308; x_wconf 88' lang='lat'><em>,</em></span> <span class='ocrx_word' id='word_1_190' title='bbox 1405 284 1485 315; x_wconf 83' lang='lat' dir='ltr'>atque</span> <span class='ocrx_word' id='word_1_191' title='bbox 1495 277 1650 315; x_wconf 86' lang='lat' dir='ltr'>linguarum</span> <span class='ocrx_word' id='word_1_192' title='bbox 1660 278 1694 306; x_wconf 84' lang='lat' dir='ltr'>ad</span> <span class='ocrx_word' id='word_1_193' title='bbox 1703 278 1757 307; x_wconf 83' lang='lat' dir='ltr'>ces-</span> 
     </span>
     <span class='ocr_line' id='line_1_27' title="bbox 969 283 1760 358; baseline 0.009 -17"><span class='ocrx_word' id='word_1_194' title='bbox 969 283 1104 342; x_wconf 63' lang='lat' dir='ltr'>sationem</span> <span class='ocrx_word' id='word_1_195' title='bbox 1113 313 1252 354; x_wconf 74' lang='lat' dir='ltr'>sanguinis</span> <span class='ocrx_word' id='word_1_196' title='bbox 1262 318 1340 352; x_wconf 80' lang='lat' dir='ltr'>juxta</span> <span class='ocrx_word' id='word_1_197' title='bbox 1351 325 1456 346; x_wconf 89' lang='lat' dir='ltr'>morem</span> <span class='ocrx_word' id='word_1_198' title='bbox 1467 317 1592 356; x_wconf 85' lang='lat' dir='ltr'>apposito</span> <span class='ocrx_word' id='word_1_199' title='bbox 1601 337 1608 345; x_wconf 90' lang='lat'>.</span> <span class='ocrx_word' id='word_1_200' title='bbox 1629 319 1657 347; x_wconf 90' lang='lat' dir='ltr'>H</span> <span class='ocrx_word' id='word_1_201' title='bbox 1660 329 1760 358; x_wconf 75' lang='lat' dir='ltr'>ypom-</span> 
     </span>
     <span class='ocr_line' id='line_1_28' title="bbox 969 353 1757 389; baseline 0.01 -8"><span class='ocrx_word' id='word_1_202' title='bbox 969 353 1035 382; x_wconf 88' lang='lat' dir='ltr'>nest.</span> <span class='ocrx_word' id='word_1_203' title='bbox 1046 354 1082 383; x_wconf 84' lang='lat' dir='ltr'>de</span> <span class='ocrx_word' id='word_1_204' title='bbox 1090 356 1232 385; x_wconf 79' lang='lat' dir='ltr'>Anastasio</span> <span class='ocrx_word' id='word_1_205' title='bbox 1241 360 1294 385; x_wconf 63' lang='lat' dir='ltr'>&amp;o</span> <span class='ocrx_word' id='word_1_206' title='bbox 1316 357 1352 385; x_wconf 86' lang='lat' dir='ltr'>In</span> <span class='ocrx_word' id='word_1_207' title='bbox 1360 358 1468 386; x_wconf 67' lang='lat' dir='ltr'>collect.</span> <span class='ocrx_word' id='word_1_208' title='bbox 1481 358 1577 387; x_wconf 77' lang='lat' dir='ltr'>Anast.</span> <span class='ocrx_word' id='word_1_209' title='bbox 1587 359 1720 389; x_wconf 80' lang='lat' dir='ltr'>Biblioth.</span> <span class='ocrx_word' id='word_1_210' title='bbox 1743 372 1757 389; x_wconf 84' lang='lat' dir='ltr'>a</span> 
     </span>
     <span class='ocr_line' id='line_1_29' title="bbox 970 394 1513 438; baseline 0.009 -15"><span class='ocrx_word' id='word_1_211' title='bbox 970 394 1120 425; x_wconf 85' lang='lat' dir='ltr'>Sirmondo</span> <span class='ocrx_word' id='word_1_212' title='bbox 1131 418 1139 429; x_wconf 95' lang='lat'>,</span> <span class='ocrx_word' id='word_1_213' title='bbox 1163 397 1193 425; x_wconf 92' lang='lat' dir='ltr'>in</span> <span class='ocrx_word' id='word_1_214' title='bbox 1219 402 1244 426; x_wconf 84' lang='lat'>8.</span> <span class='ocrx_word' id='word_1_215' title='bbox 1267 397 1337 425; x_wconf 87' lang='lat' dir='ltr'>edit.</span> <span class='ocrx_word' id='word_1_216' title='bbox 1356 407 1421 438; x_wconf 84' lang='lat' dir='ltr'>pag.</span> <span class='ocrx_word' id='word_1_217' title='bbox 1445 409 1513 434; x_wconf 80' lang='lat'>25²·</span> 
     </span>
    </p>
   </div>
   <div class='ocr_carea' id='block_1_11' title="bbox 929 435 1759 521">
    <p class='ocr_par' dir='ltr' id='par_1_13' title="bbox 929 435 1759 521">
     <span class='ocr_line' id='line_1_30' title="bbox 929 435 1759 479; baseline 0.008 -16"><span class='ocrx_word' id='word_1_218' title='bbox 929 435 1148 465; x_wconf 63' lang='lat' dir='ltr'>Consti-turio</span> <span class='ocrx_word' id='word_1_219' title='bbox 1162 458 1169 469; x_wconf 95' lang='lat'><em>,</em></span> <span class='ocrx_word' id='word_1_220' title='bbox 1191 437 1286 466; x_wconf 80' lang='lat' dir='ltr'>eadem</span> <span class='ocrx_word' id='word_1_221' title='bbox 1304 448 1333 466; x_wconf 84' lang='lat' dir='ltr'>ac</span> <span class='ocrx_word' id='word_1_222' title='bbox 1344 439 1425 467; x_wconf 83' lang='lat' dir='ltr'>Motu</span> <span class='ocrx_word' id='word_1_223' title='bbox 1435 439 1549 478; x_wconf 87' lang='lat' dir='ltr'>proprio</span> <span class='ocrx_word' id='word_1_224' title='bbox 1560 461 1567 467; x_wconf 91' lang='lat'>.</span> <span class='ocrx_word' id='word_1_225' title='bbox 1579 441 1652 470; x_wconf 88' lang='lat' dir='ltr'>Vide</span> <span class='ocrx_word' id='word_1_226' title='bbox 1661 447 1739 479; x_wconf 71' lang='lat' dir='ltr'>Leges</span> <span class='ocrx_word' id='word_1_227' title='bbox 1751 462 1759 470; x_wconf 91' lang='lat'>.</span> 
     </span>
     <span class='ocr_line' id='line_1_31' title="bbox 929 476 1755 521; baseline 0.007 -16"><span class='ocrx_word' id='word_1_228' title='bbox 929 476 1132 505; x_wconf 75' lang='lat' dir='ltr'>CONsl&#39;RlCTO</span> <span class='ocrx_word' id='word_1_229' title='bbox 1145 498 1154 510; x_wconf 91' lang='lat'>,</span> <span class='ocrx_word' id='word_1_230' title='bbox 1175 477 1281 517; x_wconf 84' lang='lat' dir='ltr'>stringo</span> <span class='ocrx_word' id='word_1_231' title='bbox 1291 499 1297 506; x_wconf 91' lang='lat'>.</span> <span class='ocrx_word' id='word_1_232' title='bbox 1318 479 1421 514; x_wconf 85' lang='lat' dir='ltr'>[Quid</span> <span class='ocrx_word' id='word_1_233' title='bbox 1431 480 1536 516; x_wconf 54' lang='lat' dir='ltr'>enimsi</span> <span class='ocrx_word' id='word_1_234' title='bbox 1547 482 1683 510; x_wconf 86' lang='lat' dir='ltr'>medicum</span> <span class='ocrx_word' id='word_1_235' title='bbox 1693 493 1755 521; x_wconf 78' lang='lat' dir='ltr'>qui-</span> 
     </span>
    </p>
   </div>
   <div class='ocr_carea' id='block_1_12' title="bbox 967 516 1756 681">
    <p class='ocr_par' dir='ltr' id='par_1_14' title="bbox 967 516 1756 681">
     <span class='ocr_line' id='line_1_32' title="bbox 968 516 1756 558; baseline 0.005 -12"><span class='ocrx_word' id='word_1_236' title='bbox 968 517 1032 546; x_wconf 89' lang='lat' dir='ltr'>dem</span> <span class='ocrx_word' id='word_1_237' title='bbox 1043 516 1115 545; x_wconf 75' lang='lat' dir='ltr'>dicas</span> <span class='ocrx_word' id='word_1_238' title='bbox 1124 517 1175 546; x_wconf 81' lang='lat' dir='ltr'>efl&#39;c</span> <span class='ocrx_word' id='word_1_239' title='bbox 1185 518 1282 547; x_wconf 77' lang='lat' dir='ltr'>debere</span> <span class='ocrx_word' id='word_1_240' title='bbox 1292 540 1300 551; x_wconf 91' lang='lat'><em>,</em></span> <span class='ocrx_word' id='word_1_241' title='bbox 1311 518 1476 549; x_wconf 82' lang='lat' dir='ltr'>ferramenta</span> <span class='ocrx_word' id='word_1_242' title='bbox 1489 531 1556 550; x_wconf 88' lang='lat' dir='ltr'>vero</span> <span class='ocrx_word' id='word_1_243' title='bbox 1565 525 1621 558; x_wconf 72' lang='lat' dir='ltr'>ejus</span> <span class='ocrx_word' id='word_1_244' title='bbox 1631 522 1736 552; x_wconf 76' lang='lat' dir='ltr'>accuses</span> <span class='ocrx_word' id='word_1_245' title='bbox 1747 546 1756 556; x_wconf 91' lang='grc'><em>,</em></span> 
     </span>
     <span class='ocr_line' id='line_1_33' title="bbox 968 556 1756 599; baseline 0.01 -15"><span class='ocrx_word' id='word_1_246' title='bbox 968 557 1043 596; x_wconf 86' lang='lat' dir='ltr'>quod</span> <span class='ocrx_word' id='word_1_247' title='bbox 1054 556 1188 591; x_wconf 82' lang='lat' dir='ltr'>secent‚&amp;</span> <span class='ocrx_word' id='word_1_248' title='bbox 1198 558 1320 592; x_wconf 82' lang='lat' dir='ltr'>inurant,</span> <span class='ocrx_word' id='word_1_249' title='bbox 1332 563 1360 588; x_wconf 73' lang='lat' dir='ltr'>«Sc</span> <span class='ocrx_word' id='word_1_250' title='bbox 1369 567 1554 599; x_wconf 84' lang='lat' dir='ltr'>amputent,&amp;</span> <span class='ocrx_word' id='word_1_251' title='bbox 1564 563 1756 596; x_wconf 68' lang='lat' dir='ltr'>constrictent,</span> 
     </span>
     <span class='ocr_line' id='line_1_34' title="bbox 967 598 1754 642; baseline 0.009 -17"><span class='ocrx_word' id='word_1_252' title='bbox 967 598 1077 636; x_wconf 83' lang='lat' dir='ltr'>quando</span> <span class='ocrx_word' id='word_1_253' title='bbox 1088 598 1144 627; x_wconf 87' lang='lat' dir='ltr'>sinc</span> <span class='ocrx_word' id='word_1_254' title='bbox 1155 599 1340 630; x_wconf 79' lang='lat' dir='ltr'>instrumento</span> <span class='ocrx_word' id='word_1_255' title='bbox 1357 602 1422 630; x_wconf 82' lang='lat' dir='ltr'>artis</span> <span class='ocrx_word' id='word_1_256' title='bbox 1433 603 1553 632; x_wconf 80' lang='lat' dir='ltr'>medicus</span> <span class='ocrx_word' id='word_1_257' title='bbox 1563 602 1614 632; x_wconf 74' lang='lat' dir='ltr'>csse</span> <span class='ocrx_word' id='word_1_258' title='bbox 1625 615 1682 634; x_wconf 88' lang='lat' dir='ltr'>non</span> <span class='ocrx_word' id='word_1_259' title='bbox 1692 605 1754 642; x_wconf 77' lang='lat' dir='ltr'>pos-</span> 
     </span>
     <span class='ocr_line' id='line_1_35' title="bbox 967 638 1590 681; baseline 0.01 -15"><span class='ocrx_word' id='word_1_260' title='bbox 967 639 999 666; x_wconf 79' lang='lat' dir='ltr'>sit</span> <span class='ocrx_word' id='word_1_261' title='bbox 1011 639 1149 667; x_wconf 78' lang='lat' dir='ltr'>.²Tettull.</span> <span class='ocrx_word' id='word_1_262' title='bbox 1161 639 1266 669; x_wconf 58' lang='lat' dir='ltr'>mvers.</span> <span class='ocrx_word' id='word_1_263' title='bbox 1279 638 1362 670; x_wconf 76' lang='lat' dir='ltr'>Marc.</span> <span class='ocrx_word' id='word_1_264' title='bbox 1374 642 1420 670; x_wconf 90' lang='lat' dir='ltr'>lib.</span> <span class='ocrx_word' id='word_1_265' title='bbox 1432 654 1458 671; x_wconf 85' lang='lat'>2.</span> <span class='ocrx_word' id='word_1_266' title='bbox 1471 654 1530 681; x_wconf 82' lang='lat' dir='ltr'>cap.</span> <span class='ocrx_word' id='word_1_267' title='bbox 1547 651 1590 673; x_wconf 86' lang='lat'>16.</span> 
     </span>
    </p>
   </div>
   <div class='ocr_carea' id='block_1_13' title="bbox 926 678 1757 715">
    <p class='ocr_par' dir='ltr' id='par_1_15' title="bbox 926 678 1757 715">
     <span class='ocr_line' id='line_1_36' title="bbox 926 678 1757 715; baseline 0.011 -9"><span class='ocrx_word' id='word_1_268' title='bbox 926 679 940 692; x_wconf 70' lang='lat'>⁴²</span> <span class='ocrx_word' id='word_1_269' title='bbox 958 678 1186 708; x_wconf 53' lang='lat' dir='ltr'>Cossutiano.</span> <span class='ocrx_word' id='word_1_270' title='bbox 1207 682 1330 710; x_wconf 69' lang='lat' dir='ltr'>Ecclesiae</span> <span class='ocrx_word' id='word_1_271' title='bbox 1347 682 1560 713; x_wconf 80' lang='lat' dir='ltr'>consuetudines</span> <span class='ocrx_word' id='word_1_272' title='bbox 1581 685 1610 714; x_wconf 84' lang='lat' dir='ltr'>ab</span> <span class='ocrx_word' id='word_1_273' title='bbox 1630 685 1757 715; x_wconf 69' lang='lat' dir='ltr'>omnibu:</span> 
     </span>
    </p>
   </div>
   <div class='ocr_carea' id='block_1_14' title="bbox 964 717 1489 761">
    <p class='ocr_par' dir='ltr' id='par_1_16' title="bbox 964 717 1489 761">
     <span class='ocr_line' id='line_1_37' title="bbox 964 717 1489 761; baseline 0.011 -15"><span class='ocrx_word' id='word_1_274' title='bbox 964 717 1207 758; x_wconf 68' lang='lat' dir='ltr'>suntrecipiendae</span> <span class='ocrx_word' id='word_1_275' title='bbox 1220 723 1334 761; x_wconf 77' lang='lat' dir='ltr'>August.</span> <span class='ocrx_word' id='word_1_276' title='bbox 1346 723 1431 760; x_wconf 76' lang='lat' dir='ltr'>Epist.</span> <span class='ocrx_word' id='word_1_277' title='bbox 1443 729 1489 752; x_wconf 87' lang='lat'>86.</span> 
     </span>
    </p>
   </div>
   <div class='ocr_carea' id='block_1_15' title="bbox 123 759 1576 802">
    <p class='ocr_par' dir='ltr' id='par_1_17' title="bbox 123 759 1576 802">
     <span class='ocr_line' id='line_1_38' title="bbox 123 759 1576 802; baseline 0.002 -12"><span class='ocrx_word' id='word_1_278' title='bbox 123 763 158 790; x_wconf 85' lang='lat' dir='ltr'>dc</span> <span class='ocrx_word' id='word_1_279' title='bbox 177 764 256 791; x_wconf 85' lang='lat' dir='ltr'>Nuce</span> <span class='ocrx_word' id='word_1_280' title='bbox 267 763 296 791; x_wconf 88' lang='lat' dir='ltr'>iri</span> <span class='ocrx_word' id='word_1_281' title='bbox 303 760 454 800; x_wconf 78' lang='lat' dir='ltr'>appendice</span> <span class='ocrx_word' id='word_1_282' title='bbox 471 759 583 790; x_wconf 87' lang='lat' dir='ltr'>Chron.</span> <span class='ocrx_word' id='word_1_283' title='bbox 594 761 688 790; x_wconf 80' lang='lat' dir='ltr'>Calin.</span> <span class='ocrx_word' id='word_1_284' title='bbox 708 762 738 790; x_wconf 90' lang='lat' dir='ltr'>in</span> <span class='ocrx_word' id='word_1_285' title='bbox 749 761 794 789; x_wconf 84' lang='lat' dir='ltr'>tit.</span> <span class='ocrx_word' id='word_1_286' title='bbox 804 761 908 799; x_wconf 81' lang='lat' dir='ltr'>Incipit</span> <span class='ocrx_word' id='word_1_287' title='bbox 925 760 1275 790; x_wconf 63' lang='lat' dir='ltr'>CoxsussrAN&#39;z·1Ai.11As</span> <span class='ocrx_word' id='word_1_288' title='bbox 1286 783 1293 789; x_wconf 95' lang='lat'>.</span> <span class='ocrx_word' id='word_1_289' title='bbox 1317 762 1391 791; x_wconf 86' lang='lat' dir='ltr'>Vidc</span> <span class='ocrx_word' id='word_1_290' title='bbox 1402 766 1558 802; x_wconf 72' lang='lat' dir='ltr'>Homouss&#39;on</span> <span class='ocrx_word' id='word_1_291' title='bbox 1570 787 1576 794; x_wconf 93' lang='lat'>.</span> 
     </span>
    </p>
   </div>
   <div class='ocr_carea' id='block_1_16' title="bbox 116 801 1757 1336">
    <p class='ocr_par' dir='ltr' id='par_1_18' title="bbox 120 801 1756 955">
     <span class='ocr_line' id='line_1_39' title="bbox 121 801 1756 844; baseline 0.002 -13"><span class='ocrx_word' id='word_1_292' title='bbox 121 803 268 841; x_wconf 85' lang='lat' dir='ltr'>capitulum</span> <span class='ocrx_word' id='word_1_293' title='bbox 279 801 414 831; x_wconf 86' lang='lat' dir='ltr'>Ludovici</span> <span class='ocrx_word' id='word_1_294' title='bbox 423 802 600 840; x_wconf 77' lang='lat' dir='ltr'>Imperatoris</span> <span class='ocrx_word' id='word_1_295' title='bbox 610 811 671 838; x_wconf 82' lang='lat' dir='ltr'>cum</span> <span class='ocrx_word' id='word_1_296' title='bbox 680 802 810 834; x_wconf 64' lang='lat' dir='ltr'>caeteris]</span> <span class='ocrx_word' id='word_1_297' title='bbox 823 801 908 831; x_wconf 88' lang='lat' dir='ltr'>Glos-</span> <span class='ocrx_word' id='word_1_298' title='bbox 923 801 1111 829; x_wconf 63' lang='lat' dir='ltr'>Censuimus</span> <span class='ocrx_word' id='word_1_299' title='bbox 1130 802 1286 831; x_wconf 65' lang='lat' dir='ltr'>Diaulus</span> <span class='ocrx_word' id='word_1_300' title='bbox 1299 822 1307 830; x_wconf 91' lang='lat'>.</span> <span class='ocrx_word' id='word_1_301' title='bbox 1329 803 1402 832; x_wconf 82' lang='lat' dir='ltr'>Vide</span> <span class='ocrx_word' id='word_1_302' title='bbox 1422 809 1545 844; x_wconf 46' lang='lat' dir='ltr'>&amp;ypatus</span> <span class='ocrx_word' id='word_1_303' title='bbox 1555 828 1562 834; x_wconf 93' lang='lat'>.</span> <span class='ocrx_word' id='word_1_304' title='bbox 1585 810 1637 837; x_wconf 75' lang='lat' dir='ltr'>Fci-</span> <span class='ocrx_word' id='word_1_305' title='bbox 1655 819 1756 838; x_wconf 75' lang='lat' dir='ltr'>annum</span> 
     </span>
     <span class='ocr_line' id='line_1_40' title="bbox 120 840 1755 887; baseline 0.001 -16"><span class='ocrx_word' id='word_1_306' title='bbox 120 841 147 871; x_wconf 81' lang='lat' dir='ltr'>sa</span> <span class='ocrx_word' id='word_1_307' title='bbox 157 852 249 872; x_wconf 78' lang='lat' dir='ltr'>tamen</span> <span class='ocrx_word' id='word_1_308' title='bbox 260 844 290 871; x_wconf 89' lang='lat' dir='ltr'>in</span> <span class='ocrx_word' id='word_1_309' title='bbox 301 853 360 871; x_wconf 81' lang='lat' dir='ltr'>can.</span> <span class='ocrx_word' id='word_1_310' title='bbox 370 842 489 871; x_wconf 78' lang='lat' dir='ltr'>summm</span> <span class='ocrx_word' id='word_1_311' title='bbox 498 863 507 874; x_wconf 90' lang='lat'><em>‚</em></span> <span class='ocrx_word' id='word_1_312' title='bbox 532 853 576 871; x_wconf 81' lang='lat'>12.</span> <span class='ocrx_word' id='word_1_313' title='bbox 585 853 632 881; x_wconf 87' lang='lat' dir='ltr'>qu.</span> <span class='ocrx_word' id='word_1_314' title='bbox 647 853 667 871; x_wconf 83' lang='grc' dir='ltr'>ι.</span> <span class='ocrx_word' id='word_1_315' title='bbox 677 842 817 872; x_wconf 74' lang='lat' dir='ltr'>Basilicam</span> <span class='ocrx_word' id='word_1_316' title='bbox 827 843 907 871; x_wconf 91' lang='lat' dir='ltr'>Con-</span> <span class='ocrx_word' id='word_1_317' title='bbox 963 840 1093 870; x_wconf 80' lang='lat' dir='ltr'>durabant</span> <span class='ocrx_word' id='word_1_318' title='bbox 1103 863 1112 875; x_wconf 93' lang='lat'><em>,</em></span> <span class='ocrx_word' id='word_1_319' title='bbox 1134 842 1165 870; x_wconf 89' lang='lat' dir='ltr'>in</span> <span class='ocrx_word' id='word_1_320' title='bbox 1174 852 1229 880; x_wconf 92' lang='lat' dir='ltr'>quo</span> <span class='ocrx_word' id='word_1_321' title='bbox 1241 852 1365 881; x_wconf 89' lang='lat' dir='ltr'>tempore</span> <span class='ocrx_word' id='word_1_322' title='bbox 1374 845 1555 874; x_wconf 80' lang='lat' dir='ltr'>induebantur</span> <span class='ocrx_word' id='word_1_323' title='bbox 1565 856 1681 887; x_wconf 67' lang='lat' dir='ltr'>purpura</span> <span class='ocrx_word' id='word_1_324' title='bbox 1693 872 1703 882; x_wconf 75' lang='lat'><em>,</em></span> <span class='ocrx_word' id='word_1_325' title='bbox 1725 857 1755 881; x_wconf 58' lang='grc' dir='ltr'>ὅ(</span> 
     </span>
     <span class='ocr_line' id='line_1_41' title="bbox 121 882 1754 925; baseline 0.004 -14"><span class='ocrx_word' id='word_1_326' title='bbox 121 882 312 912; x_wconf 75' lang='lat' dir='ltr'>stantinianam</span> <span class='ocrx_word' id='word_1_327' title='bbox 325 883 385 922; x_wconf 90' lang='lat' dir='ltr'>post</span> <span class='ocrx_word' id='word_1_328' title='bbox 396 884 420 912; x_wconf 89' lang='lat' dir='ltr'>S.</span> <span class='ocrx_word' id='word_1_329' title='bbox 432 883 509 912; x_wconf 81' lang='lat' dir='ltr'>Petri</span> <span class='ocrx_word' id='word_1_330' title='bbox 518 883 660 912; x_wconf 80' lang='lat' dir='ltr'>Basilicam</span> <span class='ocrx_word' id='word_1_331' title='bbox 670 883 831 912; x_wconf 76' lang='lat' dir='ltr'>:edificatam</span> <span class='ocrx_word' id='word_1_332' title='bbox 842 882 905 911; x_wconf 87' lang='lat' dir='ltr'>fuis-</span> <span class='ocrx_word' id='word_1_333' title='bbox 964 882 989 909; x_wconf 83' lang='lat' dir='ltr'>S·</span> <span class='ocrx_word' id='word_1_334' title='bbox 1011 883 1047 911; x_wconf 90' lang='lat' dir='ltr'>R.</span> <span class='ocrx_word' id='word_1_335' title='bbox 1067 885 1096 909; x_wconf 81' lang='grc' dir='ltr'>Ε.</span> <span class='ocrx_word' id='word_1_336' title='bbox 1116 883 1280 912; x_wconf 64' lang='lat' dir='ltr'>cardinales</span> <span class='ocrx_word' id='word_1_337' title='bbox 1298 886 1569 925; x_wconf 71' lang='lat' dir='ltr'>perpetuiConsules</span> <span class='ocrx_word' id='word_1_338' title='bbox 1589 889 1735 920; x_wconf 75' lang='lat' dir='ltr'>censentur</span> <span class='ocrx_word' id='word_1_339' title='bbox 1748 914 1754 919; x_wconf 94' lang='lat'>.</span> 
     </span>
     <span class='ocr_line' id='line_1_42' title="bbox 120 921 1228 955; baseline 0.001 -4"><span class='ocrx_word' id='word_1_340' title='bbox 120 922 149 952; x_wconf 84' lang='lat' dir='ltr'>se</span> <span class='ocrx_word' id='word_1_341' title='bbox 160 924 266 955; x_wconf 66' lang='lat' dir='ltr'>afferri,-</span> <span class='ocrx_word' id='word_1_342' title='bbox 285 923 332 953; x_wconf 83' lang='lat' dir='ltr'>sed</span> <span class='ocrx_word' id='word_1_343' title='bbox 341 933 404 952; x_wconf 84' lang='lat' dir='ltr'>ante</span> <span class='ocrx_word' id='word_1_344' title='bbox 416 922 577 952; x_wconf 69' lang='lat' dir='ltr'>vaticanam</span> <span class='ocrx_word' id='word_1_345' title='bbox 593 934 626 952; x_wconf 87' lang='lat' dir='ltr'>ex</span> <span class='ocrx_word' id='word_1_346' title='bbox 638 923 786 952; x_wconf 74' lang='lat' dir='ltr'>calendarii</span> <span class='ocrx_word' id='word_1_347' title='bbox 806 924 905 953; x_wconf 83' lang='lat' dir='ltr'>ordine</span> <span class='ocrx_word' id='word_1_348' title='bbox 961 921 1036 950; x_wconf 86' lang='lat' dir='ltr'>Vide</span> <span class='ocrx_word' id='word_1_349' title='bbox 1047 923 1210 952; x_wconf 78' lang='lat' dir='ltr'>Cardmalis</span> <span class='ocrx_word' id='word_1_350' title='bbox 1219 945 1228 952; x_wconf 86' lang='lat'>.</span> 
     </span>
    </p>

    <p class='ocr_par' dir='ltr' id='par_1_19' title="bbox 119 962 1757 1164">
     <span class='ocr_line' id='line_1_43' title="bbox 121 962 1756 1010; baseline 0.006 -19"><span class='ocrx_word' id='word_1_351' title='bbox 121 964 151 992; x_wconf 90' lang='lat' dir='ltr'>in</span> <span class='ocrx_word' id='word_1_352' title='bbox 159 967 239 994; x_wconf 81' lang='lat' dir='ltr'>Brev.</span> <span class='ocrx_word' id='word_1_353' title='bbox 258 967 406 999; x_wconf 81' lang='lat' dir='ltr'>Rom.ejus</span> <span class='ocrx_word' id='word_1_354' title='bbox 416 963 555 993; x_wconf 86' lang='lat' dir='ltr'>dedicatio</span> <span class='ocrx_word' id='word_1_355' title='bbox 567 963 730 1003; x_wconf 76' lang='lat' dir='ltr'>praecess&#39;erat</span> <span class='ocrx_word' id='word_1_356' title='bbox 742 986 749 992; x_wconf 89' lang='lat'>.</span> <span class='ocrx_word' id='word_1_357' title='bbox 768 965 826 1001; x_wconf 88' lang='lat' dir='ltr'>Qui</span> <span class='ocrx_word' id='word_1_358' title='bbox 835 964 904 993; x_wconf 73' lang='lat' dir='ltr'>vero</span> <span class='ocrx_word' id='word_1_359' title='bbox 920 962 1257 1000; x_wconf 72' lang='grc' dir='ltr'>(ἶοΝευετυοικᾼκιυΜ’,</span> <span class='ocrx_word' id='word_1_360' title='bbox 1279 967 1347 996; x_wconf 83' lang='lat' dir='ltr'>liber</span> <span class='ocrx_word' id='word_1_361' title='bbox 1355 968 1384 997; x_wconf 91' lang='lat' dir='ltr'>in</span> <span class='ocrx_word' id='word_1_362' title='bbox 1402 979 1457 1008; x_wconf 89' lang='lat' dir='ltr'>quo</span> <span class='ocrx_word' id='word_1_363' title='bbox 1466 971 1625 1000; x_wconf 81' lang='lat' dir='ltr'>Monasterii</span> <span class='ocrx_word' id='word_1_364' title='bbox 1642 972 1756 1010; x_wconf 70' lang='lat' dir='ltr'>consue-</span> 
     </span>
     <span class='ocr_line' id='line_1_44' title="bbox 119 1003 1753 1048; baseline 0.006 -16"><span class='ocrx_word' id='word_1_365' title='bbox 119 1003 157 1032; x_wconf 77' lang='lat' dir='ltr'>de</span> <span class='ocrx_word' id='word_1_366' title='bbox 168 1003 217 1032; x_wconf 84' lang='lat' dir='ltr'>hac</span> <span class='ocrx_word' id='word_1_367' title='bbox 226 1004 458 1033; x_wconf 79' lang='lat' dir='ltr'>Constantiniana</span> <span class='ocrx_word' id='word_1_368' title='bbox 470 1004 581 1033; x_wconf 75' lang='lat' dir='ltr'>Bafilica</span> <span class='ocrx_word' id='word_1_369' title='bbox 593 1005 669 1043; x_wconf 87' lang='lat' dir='ltr'>plura</span> <span class='ocrx_word' id='word_1_370' title='bbox 686 1004 797 1034; x_wconf 83' lang='lat' dir='ltr'>noscere</span> <span class='ocrx_word' id='word_1_371' title='bbox 808 1004 884 1043; x_wconf 90' lang='lat' dir='ltr'>cupit</span> <span class='ocrx_word' id='word_1_372' title='bbox 894 1027 901 1038; x_wconf 81' lang='lat'><em>‚</em></span> <span class='ocrx_word' id='word_1_373' title='bbox 959 1003 1067 1032; x_wconf 82' lang='lat' dir='ltr'>tudines</span> <span class='ocrx_word' id='word_1_374' title='bbox 1091 1005 1255 1034; x_wconf 71' lang='lat' dir='ltr'>rimabantur</span> <span class='ocrx_word' id='word_1_375' title='bbox 1266 1027 1272 1034; x_wconf 96' lang='lat'>.</span> <span class='ocrx_word' id='word_1_376' title='bbox 1297 1015 1310 1044; x_wconf 93' lang='lat'><strong>[</strong></span> <span class='ocrx_word' id='word_1_377' title='bbox 1331 1009 1387 1037; x_wconf 88' lang='lat' dir='ltr'>Hic</span> <span class='ocrx_word' id='word_1_378' title='bbox 1407 1020 1517 1048; x_wconf 87' lang='lat' dir='ltr'>quoque</span> <span class='ocrx_word' id='word_1_379' title='bbox 1541 1012 1753 1042; x_wconf 70' lang='lat' dir='ltr'>consuetudine.</span> 
     </span>
     <span class='ocr_line' id='line_1_45' title="bbox 122 1044 1757 1091; baseline 0.006 -19"><span class='ocrx_word' id='word_1_380' title='bbox 122 1045 195 1082; x_wconf 79' lang='lat' dir='ltr'>legat</span> <span class='ocrx_word' id='word_1_381' title='bbox 205 1044 381 1078; x_wconf 80' lang='lat' dir='ltr'>uberrimum,</span> <span class='ocrx_word' id='word_1_382' title='bbox 391 1048 418 1073; x_wconf 71' lang='grc' dir='ltr'>ὃ(</span> <span class='ocrx_word' id='word_1_383' title='bbox 428 1044 636 1073; x_wconf 79' lang='lat' dir='ltr'>eruditissimum</span> <span class='ocrx_word' id='word_1_384' title='bbox 649 1047 791 1074; x_wconf 66' lang='lat' dir='ltr'>trac‘tarum</span> <span class='ocrx_word' id='word_1_385' title='bbox 802 1067 809 1078; x_wconf 86' lang='lat'><em>‚</em></span> <span class='ocrx_word' id='word_1_386' title='bbox 820 1056 902 1084; x_wconf 86' lang='lat' dir='ltr'>quem</span> <span class='ocrx_word' id='word_1_387' title='bbox 958 1044 1116 1081; x_wconf 62' lang='lat' dir='ltr'>approbavit</span> <span class='ocrx_word' id='word_1_388' title='bbox 1127 1066 1136 1077; x_wconf 83' lang='lat'><em>‚</em></span> <span class='ocrx_word' id='word_1_389' title='bbox 1159 1049 1186 1075; x_wconf 72' lang='grc' dir='ltr'>δε</span> <span class='ocrx_word' id='word_1_390' title='bbox 1196 1046 1352 1077; x_wconf 77' lang='lat' dir='ltr'>conservari</span> <span class='ocrx_word' id='word_1_391' title='bbox 1362 1050 1491 1088; x_wconf 80' lang='lat' dir='ltr'>persuasit</span> <span class='ocrx_word' id='word_1_392' title='bbox 1501 1073 1509 1084; x_wconf 87' lang='lat'><em>,</em></span> <span class='ocrx_word' id='word_1_393' title='bbox 1527 1062 1592 1090; x_wconf 71' lang='lat' dir='ltr'>quas</span> <span class='ocrx_word' id='word_1_394' title='bbox 1602 1054 1649 1091; x_wconf 90' lang='lat' dir='ltr'>qui</span> <span class='ocrx_word' id='word_1_395' title='bbox 1662 1055 1757 1082; x_wconf 81' lang='lat' dir='ltr'>videre</span> 
     </span>
     <span class='ocr_line' id='line_1_46' title="bbox 119 1084 1754 1132; baseline 0.006 -19"><span class='ocrx_word' id='word_1_396' title='bbox 119 1084 156 1112; x_wconf 85' lang='lat' dir='ltr'>de</span> <span class='ocrx_word' id='word_1_397' title='bbox 165 1095 194 1113; x_wconf 82' lang='lat' dir='ltr'>ea</span> <span class='ocrx_word' id='word_1_398' title='bbox 211 1085 365 1125; x_wconf 85' lang='lat' dir='ltr'>composuit</span> <span class='ocrx_word' id='word_1_399' title='bbox 376 1084 459 1115; x_wconf 75' lang='lat' dir='ltr'>Card.</span> <span class='ocrx_word' id='word_1_400' title='bbox 470 1084 612 1124; x_wconf 76' lang='lat' dir='ltr'>Rasponus</span> <span class='ocrx_word' id='word_1_401' title='bbox 624 1097 632 1117; x_wconf 77' lang='lat'>5</span> <span class='ocrx_word' id='word_1_402' title='bbox 655 1090 682 1115; x_wconf 77' lang='grc' dir='ltr'>ὅ(</span> <span class='ocrx_word' id='word_1_403' title='bbox 693 1095 752 1124; x_wconf 80' lang='lat' dir='ltr'>quae</span> <span class='ocrx_word' id='word_1_404' title='bbox 763 1087 798 1114; x_wconf 89' lang='lat' dir='ltr'>de</span> <span class='ocrx_word' id='word_1_405' title='bbox 808 1086 901 1115; x_wconf 69' lang='lat' dir='ltr'>eadem</span> <span class='ocrx_word' id='word_1_406' title='bbox 958 1084 1090 1113; x_wconf 81' lang='lat' dir='ltr'>desiderat</span> <span class='ocrx_word' id='word_1_407' title='bbox 1104 1107 1112 1119; x_wconf 92' lang='lat'><em>,</em></span> <span class='ocrx_word' id='word_1_408' title='bbox 1136 1085 1166 1114; x_wconf 90' lang='lat' dir='ltr'>in</span> <span class='ocrx_word' id='word_1_409' title='bbox 1174 1087 1418 1118; x_wconf 77' lang='lat' dir='ltr'>consuetudinario</span> <span class='ocrx_word' id='word_1_410' title='bbox 1426 1089 1539 1129; x_wconf 78' lang='lat' dir='ltr'>scriptas</span> <span class='ocrx_word' id='word_1_411' title='bbox 1549 1095 1654 1132; x_wconf 82' lang='lat' dir='ltr'>poterit</span> <span class='ocrx_word' id='word_1_412' title='bbox 1673 1094 1754 1123; x_wconf 86' lang='lat' dir='ltr'>inve-</span> 
     </span>
     <span class='ocr_line' id='line_1_47' title="bbox 120 1124 1530 1164; baseline 0.005 -11"><span class='ocrx_word' id='word_1_413' title='bbox 120 1124 166 1153; x_wconf 81' lang='lat' dir='ltr'>hic</span> <span class='ocrx_word' id='word_1_414' title='bbox 176 1125 285 1164; x_wconf 76' lang='lat' dir='ltr'>sparsim</span> <span class='ocrx_word' id='word_1_415' title='bbox 294 1126 422 1155; x_wconf 87' lang='lat' dir='ltr'>dicuntur</span> <span class='ocrx_word' id='word_1_416' title='bbox 433 1146 439 1152; x_wconf 96' lang='lat'>.</span> <span class='ocrx_word' id='word_1_417' title='bbox 450 1124 524 1153; x_wconf 86' lang='lat' dir='ltr'>Vide</span> <span class='ocrx_word' id='word_1_418' title='bbox 534 1130 632 1164; x_wconf 84' lang='lat' dir='ltr'>Agnus</span> <span class='ocrx_word' id='word_1_419' title='bbox 642 1130 705 1155; x_wconf 82' lang='lat' dir='ltr'>Dei.</span> <span class='ocrx_word' id='word_1_420' title='bbox 716 1127 817 1155; x_wconf 84' lang='lat' dir='ltr'>Altare</span> <span class='ocrx_word' id='word_1_421' title='bbox 827 1147 833 1154; x_wconf 93' lang='lat'>.</span> <span class='ocrx_word' id='word_1_422' title='bbox 845 1132 900 1156; x_wconf 85' lang='lat' dir='ltr'>Ar-</span> <span class='ocrx_word' id='word_1_423' title='bbox 958 1125 1018 1153; x_wconf 81' lang='lat' dir='ltr'>nire</span> <span class='ocrx_word' id='word_1_424' title='bbox 1028 1146 1035 1152; x_wconf 92' lang='lat'>.</span> <span class='ocrx_word' id='word_1_425' title='bbox 1058 1126 1159 1155; x_wconf 70' lang='lat' dir='ltr'>Marth.</span> <span class='ocrx_word' id='word_1_426' title='bbox 1170 1128 1251 1156; x_wconf 83' lang='lat' dir='ltr'>Paris.</span> <span class='ocrx_word' id='word_1_427' title='bbox 1264 1131 1298 1158; x_wconf 85' lang='lat' dir='ltr'>In</span> <span class='ocrx_word' id='word_1_428' title='bbox 1309 1129 1364 1159; x_wconf 80' lang='lat' dir='ltr'>vita</span> <span class='ocrx_word' id='word_1_429' title='bbox 1374 1131 1449 1159; x_wconf 64' lang='lat' dir='ltr'>Pauli</span> <span class='ocrx_word' id='word_1_430' title='bbox 1460 1133 1530 1160; x_wconf 83' lang='lat' dir='ltr'>Abb.</span> 
     </span>
    </p>

    <p class='ocr_par' dir='ltr' id='par_1_20' title="bbox 119 1164 1757 1293">
     <span class='ocr_line' id='line_1_48' title="bbox 120 1164 1757 1214; baseline 0.008 -22"><span class='ocrx_word' id='word_1_431' title='bbox 120 1168 213 1194; x_wconf 84' lang='lat' dir='ltr'>cibum</span> <span class='ocrx_word' id='word_1_432' title='bbox 223 1187 230 1194; x_wconf 92' lang='lat'>.</span> <span class='ocrx_word' id='word_1_433' title='bbox 252 1168 409 1196; x_wconf 78' lang='lat' dir='ltr'>Celerarius</span> <span class='ocrx_word' id='word_1_434' title='bbox 419 1186 425 1192; x_wconf 90' lang='lat'>.</span> <span class='ocrx_word' id='word_1_435' title='bbox 437 1166 557 1202; x_wconf 77' lang='lat' dir='ltr'>Coelestis</span> <span class='ocrx_word' id='word_1_436' title='bbox 567 1186 574 1193; x_wconf 93' lang='lat'>.</span> <span class='ocrx_word' id='word_1_437' title='bbox 594 1167 713 1195; x_wconf 61' lang='lat' dir='ltr'>colleda</span> <span class='ocrx_word' id='word_1_438' title='bbox 724 1187 731 1194; x_wconf 94' lang='lat'>.</span> <span class='ocrx_word' id='word_1_439' title='bbox 742 1168 898 1203; x_wconf 76' lang='lat' dir='ltr'>Incastello.</span> <span class='ocrx_word' id='word_1_440' title='bbox 917 1164 1259 1205; x_wconf 58' lang='lat' dir='ltr'>Cossurromdeponens</span> <span class='ocrx_word' id='word_1_441' title='bbox 1272 1170 1539 1203; x_wconf 74' lang='lat' dir='ltr'>vei-bum,consilium</span> <span class='ocrx_word' id='word_1_442' title='bbox 1551 1173 1661 1212; x_wconf 88' lang='lat' dir='ltr'>poscere</span> <span class='ocrx_word' id='word_1_443' title='bbox 1672 1175 1757 1214; x_wconf 58' lang='lat' dir='ltr'>signi&lt;</span> 
     </span>
     <span class='ocr_line' id='line_1_49' title="bbox 119 1205 1756 1253; baseline 0.007 -19"><span class='ocrx_word' id='word_1_444' title='bbox 119 1206 212 1241; x_wconf 80' lang='lat' dir='ltr'>Quare</span> <span class='ocrx_word' id='word_1_445' title='bbox 221 1206 257 1235; x_wconf 87' lang='lat' dir='ltr'>ibi</span> <span class='ocrx_word' id='word_1_446' title='bbox 263 1206 343 1235; x_wconf 78' lang='lat' dir='ltr'>Pater</span> <span class='ocrx_word' id='word_1_447' title='bbox 363 1206 452 1234; x_wconf 81' lang='lat' dir='ltr'>noster</span> <span class='ocrx_word' id='word_1_448' title='bbox 463 1206 532 1233; x_wconf 84' lang='lat' dir='ltr'>elata</span> <span class='ocrx_word' id='word_1_449' title='bbox 544 1216 613 1234; x_wconf 76' lang='lat' dir='ltr'>voce</span> <span class='ocrx_word' id='word_1_450' title='bbox 625 1207 787 1235; x_wconf 78' lang='lat' dir='ltr'>recitabatur</span> <span class='ocrx_word' id='word_1_451' title='bbox 797 1227 803 1234; x_wconf 93' lang='lat'>.</span> <span class='ocrx_word' id='word_1_452' title='bbox 826 1208 900 1236; x_wconf 81' lang='lat' dir='ltr'>Vide</span> <span class='ocrx_word' id='word_1_453' title='bbox 957 1205 1039 1234; x_wconf 75' lang='lat' dir='ltr'>ficans</span> <span class='ocrx_word' id='word_1_454' title='bbox 1050 1227 1057 1234; x_wconf 92' lang='lat'>.</span> <span class='ocrx_word' id='word_1_455' title='bbox 1070 1209 1150 1243; x_wconf 71' lang='lat' dir='ltr'>[Aut</span> <span class='ocrx_word' id='word_1_456' title='bbox 1161 1210 1221 1246; x_wconf 86' lang='lat' dir='ltr'>quis</span> <span class='ocrx_word' id='word_1_457' title='bbox 1234 1209 1277 1238; x_wconf 86' lang='lat' dir='ltr'>illi</span> <span class='ocrx_word' id='word_1_458' title='bbox 1289 1211 1458 1240; x_wconf 74' lang='lat' dir='ltr'>consiliarius</span> <span class='ocrx_word' id='word_1_459' title='bbox 1473 1212 1523 1241; x_wconf 83' lang='lat' dir='ltr'>fuit</span> <span class='ocrx_word' id='word_1_460' title='bbox 1533 1236 1540 1247; x_wconf 89' lang='lat'><em>‚</em></span> <span class='ocrx_word' id='word_1_461' title='bbox 1551 1225 1632 1253; x_wconf 85' lang='lat' dir='ltr'>quem</span> <span class='ocrx_word' id='word_1_462' title='bbox 1644 1215 1756 1245; x_wconf 88' lang='lat' dir='ltr'>consul-</span> 
     </span>
     <span class='ocr_line' id='line_1_50' title="bbox 119 1246 1603 1293; baseline 0.006 -19"><span class='ocrx_word' id='word_1_463' title='bbox 119 1247 238 1274; x_wconf 70' lang='lat' dir='ltr'>Collec‘ia</span> <span class='ocrx_word' id='word_1_464' title='bbox 247 1267 254 1273; x_wconf 89' lang='lat'>.</span> <span class='ocrx_word' id='word_1_465' title='bbox 265 1252 350 1275; x_wconf 81' lang='lat' dir='ltr'>Pater</span> <span class='ocrx_word' id='word_1_466' title='bbox 361 1248 446 1283; x_wconf 65' lang='lat' dir='ltr'>nster</span> <span class='ocrx_word' id='word_1_467' title='bbox 455 1267 462 1274; x_wconf 89' lang='lat'>.</span> <span class='ocrx_word' id='word_1_468' title='bbox 472 1246 612 1275; x_wconf 80' lang='lat' dir='ltr'>Columna</span> <span class='ocrx_word' id='word_1_469' title='bbox 624 1246 822 1285; x_wconf 78' lang='lat' dir='ltr'>porphyretica</span> <span class='ocrx_word' id='word_1_470' title='bbox 833 1270 838 1280; x_wconf 90' lang='lat'><em>,</em></span> <span class='ocrx_word' id='word_1_471' title='bbox 858 1247 900 1276; x_wconf 89' lang='lat' dir='ltr'>su·</span> <span class='ocrx_word' id='word_1_472' title='bbox 958 1257 1028 1275; x_wconf 70' lang='lat' dir='ltr'>tatus</span> <span class='ocrx_word' id='word_1_473' title='bbox 1038 1248 1076 1276; x_wconf 83' lang='lat' dir='ltr'>est</span> <span class='ocrx_word' id='word_1_474' title='bbox 1087 1252 1097 1277; x_wconf 84' lang='lat'>?</span> <span class='ocrx_word' id='word_1_475' title='bbox 1116 1250 1233 1278; x_wconf 86' lang='lat' dir='ltr'>Tertull.</span> <span class='ocrx_word' id='word_1_476' title='bbox 1242 1250 1348 1279; x_wconf 77' lang='lat' dir='ltr'>advers.</span> <span class='ocrx_word' id='word_1_477' title='bbox 1360 1253 1496 1292; x_wconf 85' lang='lat' dir='ltr'>Hei-mog.</span> <span class='ocrx_word' id='word_1_478' title='bbox 1506 1264 1563 1293; x_wconf 83' lang='lat' dir='ltr'>cap.</span> <span class='ocrx_word' id='word_1_479' title='bbox 1576 1267 1603 1287; x_wconf 88' lang='lat'>7.</span> 
     </span>
    </p>

    <p class='ocr_par' dir='ltr' id='par_1_21' title="bbox 116 1284 1755 1336">
     <span class='ocr_line' id='line_1_51' title="bbox 116 1284 1755 1336; baseline 0.007 -22"><span class='ocrx_word' id='word_1_480' title='bbox 116 1294 164 1324; x_wconf 80' lang='lat' dir='ltr'>pra</span> <span class='ocrx_word' id='word_1_481' title='bbox 173 1296 252 1324; x_wconf 76' lang='lat' dir='ltr'>quam</span> <span class='ocrx_word' id='word_1_482' title='bbox 262 1297 319 1316; x_wconf 84' lang='lat' dir='ltr'>erat</span> <span class='ocrx_word' id='word_1_483' title='bbox 327 1288 411 1326; x_wconf 67' lang='lat' dir='ltr'>gilius</span> <span class='ocrx_word' id='word_1_484' title='bbox 423 1297 605 1325; x_wconf 50' lang='lat' dir='ltr'>aencuzquare</span> <span class='ocrx_word' id='word_1_485' title='bbox 617 1288 647 1315; x_wconf 82' lang='lat' dir='ltr'>ab</span> <span class='ocrx_word' id='word_1_486' title='bbox 658 1288 820 1317; x_wconf 81' lang='lat' dir='ltr'>Alexandro</span> <span class='ocrx_word' id='word_1_487' title='bbox 831 1290 900 1318; x_wconf 92' lang='lat' dir='ltr'>V11.</span> <span class='ocrx_word' id='word_1_488' title='bbox 918 1284 1105 1317; x_wconf 63' lang='lat' dir='ltr'>Consur‘run</span> <span class='ocrx_word' id='word_1_489' title='bbox 1116 1311 1124 1322; x_wconf 91' lang='lat'><em>‚</em></span> <span class='ocrx_word' id='word_1_490' title='bbox 1148 1290 1274 1328; x_wconf 77' lang='lat' dir='ltr'>provisio</span> <span class='ocrx_word' id='word_1_491' title='bbox 1287 1303 1293 1319; x_wconf 88' lang='lat'><strong>:</strong></span> <span class='ocrx_word' id='word_1_492' title='bbox 1318 1292 1384 1328; x_wconf 83' lang='lat' dir='ltr'>[Ut</span> <span class='ocrx_word' id='word_1_493' title='bbox 1393 1293 1488 1332; x_wconf 83' lang='lat' dir='ltr'>inopia</span> <span class='ocrx_word' id='word_1_494' title='bbox 1499 1315 1507 1327; x_wconf 88' lang='lat'><em>,</em></span> <span class='ocrx_word' id='word_1_495' title='bbox 1530 1295 1695 1336; x_wconf 85' lang='lat' dir='ltr'>nuditasque</span> <span class='ocrx_word' id='word_1_496' title='bbox 1712 1307 1755 1326; x_wconf 68' lang='lat' dir='ltr'>ta-</span> 
     </span>
    </p>
   </div>
   <div class='ocr_carea' id='block_1_17' title="bbox 902 865 921 1258">
    <p class='ocr_par' dir='ltr' id='par_1_22' title="bbox 902 865 921 1258">
     <span class='ocr_line' id='line_1_52' title="bbox 907 865 921 938; baseline 0 -48"><span class='ocrx_word' id='word_1_497' title='bbox 907 865 921 938; x_wconf 95' lang='lat' dir='ltr'>  </span> 
     </span>
     <span class='ocr_line' id='line_1_53' title="bbox 902 1034 918 1145; baseline 0 0"><span class='ocrx_word' id='word_1_498' title='bbox 902 1034 918 1145; x_wconf 95' lang='lat' dir='ltr'>   </span> 
     </span>
     <span class='ocr_line' id='line_1_54' title="bbox 902 1145 916 1258; baseline 0 -74"><span class='ocrx_word' id='word_1_499' title='bbox 902 1145 916 1258; x_wconf 95' lang='lat' dir='ltr'>    </span> 
     </span>
    </p>
   </div>
   <div class='ocr_carea' id='block_1_18' title="bbox 75 1327 905 1763">
    <p class='ocr_par' dir='ltr' id='par_1_23' title="bbox 110 1327 903 1447">
     <span class='ocr_line' id='line_1_55' title="bbox 117 1327 903 1368; baseline 0.004 -13"><span class='ocrx_word' id='word_1_500' title='bbox 117 1327 203 1356; x_wconf 73' lang='lat' dir='ltr'>ablata</span> <span class='ocrx_word' id='word_1_501' title='bbox 214 1327 304 1356; x_wconf 83' lang='lat' dir='ltr'>fuerit.</span> <span class='ocrx_word' id='word_1_502' title='bbox 316 1329 390 1356; x_wconf 86' lang='lat' dir='ltr'>Vide</span> <span class='ocrx_word' id='word_1_503' title='bbox 401 1329 656 1363; x_wconf 35' lang='lat' dir='ltr'>Sedes-stercoraria.</span> <span class='ocrx_word' id='word_1_504' title='bbox 668 1331 754 1367; x_wconf 77' lang='lat' dir='ltr'>Virga.</span> <span class='ocrx_word' id='word_1_505' title='bbox 768 1336 903 1368; x_wconf 78' lang='lat' dir='ltr'>Rotapor.</span> 
     </span>
     <span class='ocr_line' id='line_1_56' title="bbox 110 1367 902 1408; baseline 0.006 -13"><span class='ocrx_word' id='word_1_506' title='bbox 110 1368 263 1408; x_wconf 77' lang='lat' dir='ltr'>phyretica.</span> <span class='ocrx_word' id='word_1_507' title='bbox 274 1369 342 1397; x_wconf 72' lang='lat' dir='ltr'>Haec</span> <span class='ocrx_word' id='word_1_508' title='bbox 355 1370 427 1397; x_wconf 81' lang='lat' dir='ltr'>Eccl.</span> <span class='ocrx_word' id='word_1_509' title='bbox 437 1377 525 1407; x_wconf 78' lang='lat' dir='ltr'>prima</span> <span class='ocrx_word' id='word_1_510' title='bbox 534 1368 564 1398; x_wconf 87' lang='lat' dir='ltr'>in</span> <span class='ocrx_word' id='word_1_511' title='bbox 572 1367 705 1399; x_wconf 85' lang='lat' dir='ltr'>universo</span> <span class='ocrx_word' id='word_1_512' title='bbox 717 1371 824 1400; x_wconf 87' lang='lat' dir='ltr'>Mundo</span> <span class='ocrx_word' id='word_1_513' title='bbox 834 1381 902 1400; x_wconf 91' lang='lat' dir='ltr'>con-</span> 
     </span>
     <span class='ocr_line' id='line_1_57' title="bbox 116 1407 510 1447; baseline 0.003 -12"><span class='ocrx_word' id='word_1_514' title='bbox 116 1407 212 1436; x_wconf 58' lang='lat' dir='ltr'>strues</span> <span class='ocrx_word' id='word_1_515' title='bbox 222 1429 228 1436; x_wconf 86' lang='lat'>.</span> <span class='ocrx_word' id='word_1_516' title='bbox 241 1409 314 1438; x_wconf 82' lang='lat' dir='ltr'>Vide</span> <span class='ocrx_word' id='word_1_517' title='bbox 325 1411 494 1447; x_wconf 74' lang='lat' dir='ltr'>Episcopium</span> <span class='ocrx_word' id='word_1_518' title='bbox 503 1429 510 1436; x_wconf 93' lang='lat'>.</span> 
     </span>
    </p>

    <p class='ocr_par' dir='ltr' id='par_1_24' title="bbox 75 1447 904 1566">
     <span class='ocr_line' id='line_1_58' title="bbox 75 1447 903 1483; baseline 0.007 -7"><span class='ocrx_word' id='word_1_519' title='bbox 75 1447 459 1480; x_wconf 56' lang='lat' dir='ltr'>Cossum-motorium</span> <span class='ocrx_word' id='word_1_520' title='bbox 471 1451 637 1483; x_wconf 61' lang='lat' dir='ltr'>vairnns</span> <span class='ocrx_word' id='word_1_521' title='bbox 651 1452 797 1483; x_wconf 74' lang='lat' dir='ltr'>aedificatio</span> <span class='ocrx_word' id='word_1_522' title='bbox 810 1475 817 1482; x_wconf 89' lang='lat'>.</span> <span class='ocrx_word' id='word_1_523' title='bbox 829 1454 903 1483; x_wconf 84' lang='lat' dir='ltr'>Vide</span> 
     </span>
     <span class='ocr_line' id='line_1_59' title="bbox 118 1492 904 1533; baseline 0.009 -17"><span class='ocrx_word' id='word_1_524' title='bbox 118 1494 205 1517; x_wconf 85' lang='lat' dir='ltr'>Roma</span> <span class='ocrx_word' id='word_1_525' title='bbox 214 1501 231 1517; x_wconf 70' lang='grc' dir='ltr'><em>κ</em></span> <span class='ocrx_word' id='word_1_526' title='bbox 241 1502 289 1518; x_wconf 67' lang='grc' dir='ltr'>’ωε</span> <span class='ocrx_word' id='word_1_527' title='bbox 299 1512 305 1518; x_wconf 91' lang='grc'><strong>.</strong></span> <span class='ocrx_word' id='word_1_528' title='bbox 327 1492 395 1519; x_wconf 82' lang='lat' dir='ltr'>Urbs</span> <span class='ocrx_word' id='word_1_529' title='bbox 406 1495 491 1529; x_wconf 73' lang='lat' dir='ltr'>Regia</span> <span class='ocrx_word' id='word_1_530' title='bbox 502 1512 509 1519; x_wconf 93' lang='lat'>.</span> <span class='ocrx_word' id='word_1_531' title='bbox 533 1496 595 1530; x_wconf 79' lang='lat' dir='ltr'>Ejus</span> <span class='ocrx_word' id='word_1_532' title='bbox 604 1494 728 1533; x_wconf 79' lang='lat' dir='ltr'>perditio</span> <span class='ocrx_word' id='word_1_533' title='bbox 739 1495 885 1523; x_wconf 70' lang='lat' dir='ltr'>vaticinata</span> <span class='ocrx_word' id='word_1_534' title='bbox 897 1516 904 1522; x_wconf 98' lang='lat'>.</span> 
     </span>
     <span class='ocr_line' id='line_1_60' title="bbox 117 1529 509 1566; baseline 0.013 -11"><span class='ocrx_word' id='word_1_535' title='bbox 117 1529 191 1556; x_wconf 87' lang='lat' dir='ltr'>Vide</span> <span class='ocrx_word' id='word_1_536' title='bbox 201 1533 368 1566; x_wconf 61' lang='lat' dir='ltr'>Dtptychtcm</span> <span class='ocrx_word' id='word_1_537' title='bbox 377 1552 383 1559; x_wconf 92' lang='lat'>.</span> <span class='ocrx_word' id='word_1_538' title='bbox 398 1532 491 1561; x_wconf 65' lang='lat' dir='ltr'>Pilsus</span> <span class='ocrx_word' id='word_1_539' title='bbox 502 1553 509 1560; x_wconf 90' lang='lat'>.</span> 
     </span>
    </p>

    <p class='ocr_par' dir='ltr' id='par_1_25' title="bbox 76 1566 905 1763">
     <span class='ocr_line' id='line_1_61' title="bbox 76 1566 905 1615; baseline 0.007 -18"><span class='ocrx_word' id='word_1_540' title='bbox 76 1569 157 1598; x_wconf 64' lang='lat' dir='ltr'>Coxs</span> <span class='ocrx_word' id='word_1_541' title='bbox 164 1580 201 1597; x_wconf 75' lang='lat' dir='ltr'>TA</span> <span class='ocrx_word' id='word_1_542' title='bbox 207 1566 293 1599; x_wconf 49' lang='lat' dir='ltr'>&amp;Tria</span> <span class='ocrx_word' id='word_1_543' title='bbox 305 1571 408 1600; x_wconf 65' lang='lat' dir='ltr'>Maiosi</span> <span class='ocrx_word' id='word_1_544' title='bbox 419 1573 604 1611; x_wconf 74' lang='lat' dir='ltr'>antiquissima</span> <span class='ocrx_word' id='word_1_545' title='bbox 613 1575 720 1614; x_wconf 77' lang='lat' dir='ltr'>effigies</span> <span class='ocrx_word' id='word_1_546' title='bbox 730 1576 777 1604; x_wconf 92' lang='lat' dir='ltr'>ubi</span> <span class='ocrx_word' id='word_1_547' title='bbox 787 1575 905 1615; x_wconf 81' lang='lat' dir='ltr'>reperia-</span> 
     </span>
     <span class='ocr_line' id='line_1_62' title="bbox 117 1609 904 1654; baseline 0.01 -17"><span class='ocrx_word' id='word_1_548' title='bbox 117 1619 162 1637; x_wconf 87' lang='lat' dir='ltr'>tur</span> <span class='ocrx_word' id='word_1_549' title='bbox 173 1630 180 1636; x_wconf 92' lang='lat'>.</span> <span class='ocrx_word' id='word_1_550' title='bbox 192 1609 265 1638; x_wconf 71' lang='lat' dir='ltr'>vide</span> <span class='ocrx_word' id='word_1_551' title='bbox 275 1613 425 1647; x_wconf 72' lang='lat' dir='ltr'>Lmost&#39;imn</span> <span class='ocrx_word' id='word_1_552' title='bbox 434 1633 441 1640; x_wconf 93' lang='lat'>.</span> <span class='ocrx_word' id='word_1_553' title='bbox 453 1616 515 1649; x_wconf 68' lang='lat' dir='ltr'>Ejus</span> <span class='ocrx_word' id='word_1_554' title='bbox 524 1615 648 1643; x_wconf 78' lang='lat' dir='ltr'>donatio.</span> <span class='ocrx_word' id='word_1_555' title='bbox 663 1616 735 1644; x_wconf 89' lang='lat' dir='ltr'>Vide</span> <span class='ocrx_word' id='word_1_556' title='bbox 746 1619 904 1654; x_wconf 77' lang='lat' dir='ltr'>Pragmati-</span> 
     </span>
     <span class='ocr_line' id='line_1_63' title="bbox 115 1651 904 1695; baseline 0.009 -17"><span class='ocrx_word' id='word_1_557' title='bbox 115 1660 164 1678; x_wconf 80' lang='lat' dir='ltr'>cus</span> <span class='ocrx_word' id='word_1_558' title='bbox 177 1669 185 1676; x_wconf 90' lang='lat'>.</span> <span class='ocrx_word' id='word_1_559' title='bbox 204 1651 305 1679; x_wconf 73' lang='lat' dir='ltr'>Tenuit</span> <span class='ocrx_word' id='word_1_560' title='bbox 325 1652 443 1682; x_wconf 72' lang='lat' dir='ltr'>sraenum</span> <span class='ocrx_word' id='word_1_561' title='bbox 461 1654 524 1692; x_wconf 84' lang='lat' dir='ltr'>equi</span> <span class='ocrx_word' id='word_1_562' title='bbox 543 1655 567 1683; x_wconf 90' lang='lat' dir='ltr'>S.</span> <span class='ocrx_word' id='word_1_563' title='bbox 580 1656 703 1684; x_wconf 73' lang='lat' dir='ltr'>silvestri</span> <span class='ocrx_word' id='word_1_564' title='bbox 715 1658 791 1695; x_wconf 80' lang='lat' dir='ltr'>Papae</span> <span class='ocrx_word' id='word_1_565' title='bbox 803 1677 811 1685; x_wconf 91' lang='lat'>.</span> <span class='ocrx_word' id='word_1_566' title='bbox 832 1657 904 1686; x_wconf 85' lang='lat' dir='ltr'>Vide</span> 
     </span>
     <span class='ocr_line' id='line_1_64' title="bbox 116 1692 901 1735; baseline 0.009 -16"><span class='ocrx_word' id='word_1_567' title='bbox 116 1695 233 1719; x_wconf 74' lang='lat' dir='ltr'>strator.</span> <span class='ocrx_word' id='word_1_568' title='bbox 246 1692 350 1722; x_wconf 79' lang='lat' dir='ltr'>Habuit</span> <span class='ocrx_word' id='word_1_569' title='bbox 362 1694 391 1721; x_wconf 92' lang='lat' dir='ltr'>in</span> <span class='ocrx_word' id='word_1_570' title='bbox 403 1694 508 1724; x_wconf 79' lang='lat' dir='ltr'>visione</span> <span class='ocrx_word' id='word_1_571' title='bbox 519 1695 655 1735; x_wconf 74' lang='lat' dir='ltr'>imagines</span> <span class='ocrx_word' id='word_1_572' title='bbox 663 1697 788 1726; x_wconf 85' lang='lat' dir='ltr'>SS.Petri</span> <span class='ocrx_word' id='word_1_573' title='bbox 800 1701 827 1726; x_wconf 69' lang='grc' dir='ltr'>ὁ(</span> <span class='ocrx_word' id='word_1_574' title='bbox 835 1699 901 1726; x_wconf 85' lang='lat' dir='ltr'>Pau-</span> 
     </span>
     <span class='ocr_line' id='line_1_65' title="bbox 116 1730 487 1763; baseline 0.013 -5"><span class='ocrx_word' id='word_1_575' title='bbox 116 1730 137 1759; x_wconf 85' lang='lat' dir='ltr'>li</span> <span class='ocrx_word' id='word_1_576' title='bbox 146 1750 153 1758; x_wconf 85' lang='lat'><strong>·</strong></span> <span class='ocrx_word' id='word_1_577' title='bbox 163 1731 319 1763; x_wconf 61' lang='lat' dir='ltr'>Thoracida</span> <span class='ocrx_word' id='word_1_578' title='bbox 328 1755 335 1761; x_wconf 95' lang='lat'>.</span> <span class='ocrx_word' id='word_1_579' title='bbox 345 1736 468 1763; x_wconf 74' lang='lat' dir='ltr'>Tracala</span> <span class='ocrx_word' id='word_1_580' title='bbox 480 1756 487 1763; x_wconf 97' lang='lat'>.</span> 
     </span>
    </p>
   </div>
   <div class='ocr_carea' id='block_1_19' title="bbox 905 1362 918 1479">
    <p class='ocr_par' dir='ltr' id='par_1_26' title="bbox 905 1362 918 1479">
     <span class='ocr_line' id='line_1_66' title="bbox 905 1362 918 1427; baseline 0 0"><span class='ocrx_word' id='word_1_581' title='bbox 905 1362 918 1427; x_wconf 95' lang='lat' dir='ltr'>  </span> 
     </span>
     <span class='ocr_line' id='line_1_67' title="bbox 906 1427 918 1479; baseline 0 -50"><span class='ocrx_word' id='word_1_582' title='bbox 906 1427 918 1479; x_wconf 95' lang='lat' dir='ltr'>  </span> 
     </span>
    </p>
   </div>
   <div class='ocr_carea' id='block_1_20' title="bbox 905 1638 922 1746">
    <p class='ocr_par' dir='ltr' id='par_1_27' title="bbox 905 1638 922 1746">
     <span class='ocr_line' id='line_1_68' title="bbox 905 1638 922 1746; baseline 0 -70"><span class='ocrx_word' id='word_1_583' title='bbox 905 1638 922 1746; x_wconf 95' lang='lat' dir='ltr'>   </span> 
     </span>
    </p>
   </div>
   <div class='ocr_carea' id='block_1_21' title="bbox 956 1329 1755 1378">
    <p class='ocr_par' dir='ltr' id='par_1_28' title="bbox 956 1329 1755 1378">
     <span class='ocr_line' id='line_1_69' title="bbox 956 1329 1755 1378; baseline 0.014 -22"><span class='ocrx_word' id='word_1_584' title='bbox 956 1329 977 1357; x_wconf 93' lang='lat' dir='ltr'>li</span> <span class='ocrx_word' id='word_1_585' title='bbox 988 1330 1166 1367; x_wconf 83' lang='lat' dir='ltr'>providentia</span> <span class='ocrx_word' id='word_1_586' title='bbox 1183 1330 1266 1369; x_wconf 79' lang='lat' dir='ltr'>poffit</span> <span class='ocrx_word' id='word_1_587' title='bbox 1284 1331 1383 1362; x_wconf 80' lang='lat' dir='ltr'>habere</span> <span class='ocrx_word' id='word_1_588' title='bbox 1402 1332 1575 1365; x_wconf 71' lang='lat' dir='ltr'>consultum:</span> <span class='ocrx_word' id='word_1_589' title='bbox 1598 1338 1623 1366; x_wconf 89' lang='lat' dir='ltr'>S.</span> <span class='ocrx_word' id='word_1_590' title='bbox 1633 1340 1755 1378; x_wconf 57' lang='lat' dir='ltr'>Grngr.</span> 
     </span>
    </p>
   </div>
   <div class='ocr_carea' id='block_1_22' title="bbox 962 1369 1333 1412">
    <p class='ocr_par' dir='ltr' id='par_1_29' title="bbox 962 1369 1333 1412">
     <span class='ocr_line' id='line_1_70' title="bbox 962 1369 1333 1412; baseline 0.016 -15"><span class='ocrx_word' id='word_1_591' title='bbox 962 1369 991 1398; x_wconf 90' lang='lat' dir='ltr'>in</span> <span class='ocrx_word' id='word_1_592' title='bbox 1005 1370 1166 1410; x_wconf 78' lang='lat' dir='ltr'>Regist.1ib.</span> <span class='ocrx_word' id='word_1_593' title='bbox 1182 1382 1205 1399; x_wconf 89' lang='lat'>1.</span> <span class='ocrx_word' id='word_1_594' title='bbox 1217 1383 1274 1412; x_wconf 81' lang='lat' dir='ltr'>cap.</span> <span class='ocrx_word' id='word_1_595' title='bbox 1290 1379 1333 1403; x_wconf 82' lang='lat'>18.</span> 
     </span>
    </p>
   </div>
   <div class='ocr_carea' id='block_1_23' title="bbox 919 1412 1756 1457">
    <p class='ocr_par' dir='ltr' id='par_1_30' title="bbox 919 1412 1756 1457">
     <span class='ocr_line' id='line_1_71' title="bbox 919 1412 1756 1457; baseline 0.012 -19"><span class='ocrx_word' id='word_1_596' title='bbox 919 1412 1107 1441; x_wconf 66' lang='lat' dir='ltr'>CONTACIUM</span> <span class='ocrx_word' id='word_1_597' title='bbox 1117 1434 1125 1445; x_wconf 93' lang='lat'><em>‚</em></span> <span class='ocrx_word' id='word_1_598' title='bbox 1136 1423 1229 1442; x_wconf 74' lang='lat' dir='ltr'>cantus</span> <span class='ocrx_word' id='word_1_599' title='bbox 1239 1414 1408 1444; x_wconf 81' lang='lat' dir='ltr'>ecclesiastici</span> <span class='ocrx_word' id='word_1_600' title='bbox 1417 1427 1503 1455; x_wconf 72' lang='lat' dir='ltr'>genus</span> <span class='ocrx_word' id='word_1_601' title='bbox 1515 1440 1523 1451; x_wconf 93' lang='lat'><em>‚</em></span> <span class='ocrx_word' id='word_1_602' title='bbox 1534 1429 1589 1447; x_wconf 86' lang='lat' dir='ltr'>vox</span> <span class='ocrx_word' id='word_1_603' title='bbox 1601 1429 1690 1457; x_wconf 72' lang='lat' dir='ltr'>graeca</span> <span class='ocrx_word' id='word_1_604' title='bbox 1698 1432 1756 1450; x_wconf 71' lang='lat' dir='ltr'>‹xor-</span> 
     </span>
    </p>
   </div>
   <div class='ocr_carea' id='block_1_24' title="bbox 960 1449 1757 1775">
    <p class='ocr_par' dir='ltr' id='par_1_31' title="bbox 960 1449 1757 1775">
     <span class='ocr_line' id='line_1_72' title="bbox 960 1449 1756 1493; baseline 0.009 -11"><span class='ocrx_word' id='word_1_605' title='bbox 960 1449 1050 1482; x_wconf 75' lang='grc' dir='ltr'><em>τοῖκιον</em></span> <span class='ocrx_word' id='word_1_606' title='bbox 1060 1474 1068 1486; x_wconf 90' lang='lat'><em>‚</em></span> <span class='ocrx_word' id='word_1_607' title='bbox 1091 1453 1161 1481; x_wconf 86' lang='lat' dir='ltr'>idest</span> <span class='ocrx_word' id='word_1_608' title='bbox 1172 1475 1179 1485; x_wconf 89' lang='lat'><em>,</em></span> <span class='ocrx_word' id='word_1_609' title='bbox 1190 1455 1281 1483; x_wconf 76' lang='lat' dir='ltr'>brevis</span> <span class='ocrx_word' id='word_1_610' title='bbox 1291 1466 1386 1485; x_wconf 79' lang='lat' dir='ltr'>cantus</span> <span class='ocrx_word' id='word_1_611' title='bbox 1397 1479 1404 1490; x_wconf 88' lang='lat'><em>‚</em></span> <span class='ocrx_word' id='word_1_612' title='bbox 1415 1460 1488 1493; x_wconf 84' lang='lat' dir='ltr'>cujus</span> <span class='ocrx_word' id='word_1_613' title='bbox 1498 1461 1656 1488; x_wconf 70' lang='lat' dir='ltr'>Romanum</span> <span class='ocrx_word' id='word_1_614' title='bbox 1667 1461 1756 1489; x_wconf 75' lang='lat' dir='ltr'>Emis-</span> 
     </span>
     <span class='ocr_line' id='line_1_73' title="bbox 960 1491 1757 1540; baseline 0.013 -20"><span class='ocrx_word' id='word_1_615' title='bbox 960 1491 1054 1521; x_wconf 86' lang='lat' dir='ltr'>senum</span> <span class='ocrx_word' id='word_1_616' title='bbox 1062 1494 1218 1523; x_wconf 80' lang='lat' dir='ltr'>Diaconum</span> <span class='ocrx_word' id='word_1_617' title='bbox 1226 1506 1299 1524; x_wconf 82' lang='lat' dir='ltr'>anno</span> <span class='ocrx_word' id='word_1_618' title='bbox 1311 1508 1375 1532; x_wconf 89' lang='lat'>500.</span> <span class='ocrx_word' id='word_1_619' title='bbox 1384 1508 1432 1536; x_wconf 88' lang='lat' dir='ltr'>per</span> <span class='ocrx_word' id='word_1_620' title='bbox 1441 1500 1646 1529; x_wconf 72' lang='lat' dir='ltr'>revelationem</span> <span class='ocrx_word' id='word_1_621' title='bbox 1652 1501 1757 1540; x_wconf 77' lang='lat' dir='ltr'>Deipa-</span> 
     </span>
     <span class='ocr_line' id='line_1_74' title="bbox 962 1533 1756 1578; baseline 0.013 -17"><span class='ocrx_word' id='word_1_622' title='bbox 962 1543 997 1561; x_wconf 66' lang='grc' dir='ltr'>ππ</span> <span class='ocrx_word' id='word_1_623' title='bbox 1011 1533 1189 1563; x_wconf 81' lang='lat' dir='ltr'>inventorem</span> <span class='ocrx_word' id='word_1_624' title='bbox 1201 1535 1274 1565; x_wconf 68' lang='lat' dir='ltr'>suisl‘e</span> <span class='ocrx_word' id='word_1_625' title='bbox 1284 1547 1317 1565; x_wconf 83' lang='lat' dir='ltr'>ex</span> <span class='ocrx_word' id='word_1_626' title='bbox 1328 1538 1431 1566; x_wconf 66' lang='lat' dir='ltr'>Minaeo</span> <span class='ocrx_word' id='word_1_627' title='bbox 1451 1539 1485 1567; x_wconf 80' lang='lat' dir='ltr'>ad</span> <span class='ocrx_word' id='word_1_628' title='bbox 1504 1541 1620 1578; x_wconf 79' lang='lat' dir='ltr'>primam</span> <span class='ocrx_word' id='word_1_629' title='bbox 1640 1542 1756 1571; x_wconf 65' lang='lat' dir='ltr'>Oftobr.</span> 
     </span>
     <span class='ocr_line' id='line_1_75' title="bbox 960 1573 1756 1617; baseline 0.01 -14"><span class='ocrx_word' id='word_1_630' title='bbox 960 1573 1032 1603; x_wconf 87' lang='lat' dir='ltr'>diem</span> <span class='ocrx_word' id='word_1_631' title='bbox 1043 1575 1204 1614; x_wconf 79' lang='lat' dir='ltr'>colligitur.</span> <span class='ocrx_word' id='word_1_632' title='bbox 1215 1578 1288 1605; x_wconf 80' lang='lat' dir='ltr'>Item</span> <span class='ocrx_word' id='word_1_633' title='bbox 1298 1578 1395 1606; x_wconf 79' lang='lat' dir='ltr'>librum</span> <span class='ocrx_word' id='word_1_634' title='bbox 1405 1578 1558 1617; x_wconf 77' lang='lat' dir='ltr'>significare</span> <span class='ocrx_word' id='word_1_635' title='bbox 1567 1581 1603 1608; x_wconf 85' lang='lat' dir='ltr'>air</span> <span class='ocrx_word' id='word_1_636' title='bbox 1613 1581 1756 1611; x_wconf 76' lang='lat' dir='ltr'>Balsamon</span> 
     </span>
     <span class='ocr_line' id='line_1_76' title="bbox 962 1615 1753 1656; baseline 0.011 -13"><span class='ocrx_word' id='word_1_637' title='bbox 962 1615 995 1643; x_wconf 86' lang='lat' dir='ltr'>ad</span> <span class='ocrx_word' id='word_1_638' title='bbox 1007 1616 1119 1645; x_wconf 81' lang='lat' dir='ltr'>modurn</span> <span class='ocrx_word' id='word_1_639' title='bbox 1130 1617 1253 1647; x_wconf 83' lang='lat' dir='ltr'>Ritualis</span> <span class='ocrx_word' id='word_1_640' title='bbox 1264 1639 1272 1650; x_wconf 89' lang='lat'><em>,</em></span> <span class='ocrx_word' id='word_1_641' title='bbox 1296 1619 1324 1646; x_wconf 90' lang='lat' dir='ltr'>in</span> <span class='ocrx_word' id='word_1_642' title='bbox 1336 1629 1390 1656; x_wconf 89' lang='lat' dir='ltr'>quo</span> <span class='ocrx_word' id='word_1_643' title='bbox 1408 1619 1617 1649; x_wconf 81' lang='lat' dir='ltr'>ordinationum</span> <span class='ocrx_word' id='word_1_644' title='bbox 1628 1621 1753 1652; x_wconf 64' lang='lat' dir='ltr'>formulae</span> 
     </span>
     <span class='ocr_line' id='line_1_77' title="bbox 961 1657 1754 1696; baseline 0.011 -13"><span class='ocrx_word' id='word_1_645' title='bbox 961 1657 1174 1685; x_wconf 76' lang='lat' dir='ltr'>continebantur</span> <span class='ocrx_word' id='word_1_646' title='bbox 1184 1668 1191 1687; x_wconf 85' lang='lat'>;</span> <span class='ocrx_word' id='word_1_647' title='bbox 1214 1659 1324 1696; x_wconf 77' lang='lat' dir='ltr'>proprie</span> <span class='ocrx_word' id='word_1_648' title='bbox 1335 1669 1423 1687; x_wconf 73' lang='lat' dir='ltr'>autem</span> <span class='ocrx_word' id='word_1_649' title='bbox 1431 1660 1546 1689; x_wconf 74' lang='lat' dir='ltr'>denotat</span> <span class='ocrx_word' id='word_1_650' title='bbox 1569 1663 1700 1692; x_wconf 78' lang='lat' dir='ltr'>volumen</span> <span class='ocrx_word' id='word_1_651' title='bbox 1712 1686 1718 1696; x_wconf 90' lang='lat'><em>,</em></span> <span class='ocrx_word' id='word_1_652' title='bbox 1740 1675 1754 1692; x_wconf 85' lang='lat' dir='ltr'>a</span> 
     </span>
     <span class='ocr_line' id='line_1_78' title="bbox 960 1696 1754 1741; baseline 0.013 -18"><span class='ocrx_word' id='word_1_653' title='bbox 960 1707 1048 1735; x_wconf 65' lang='lat' dir='ltr'>graeca</span> <span class='ocrx_word' id='word_1_654' title='bbox 1057 1698 1183 1725; x_wconf 70' lang='lat' dir='ltr'>dic&#39;tione</span> <span class='ocrx_word' id='word_1_655' title='bbox 1194 1696 1274 1733; x_wconf 69' lang='grc' dir='ltr'>κοντιῗς</span> <span class='ocrx_word' id='word_1_656' title='bbox 1284 1720 1292 1731; x_wconf 86' lang='grc'><strong><em>,</em></strong></span> <span class='ocrx_word' id='word_1_657' title='bbox 1314 1699 1384 1728; x_wconf 83' lang='lat' dir='ltr'>idest</span> <span class='ocrx_word' id='word_1_658' title='bbox 1396 1722 1403 1732; x_wconf 89' lang='lat'><em>,</em></span> <span class='ocrx_word' id='word_1_659' title='bbox 1415 1701 1521 1739; x_wconf 70' lang='lat' dir='ltr'>liguum</span> <span class='ocrx_word' id='word_1_660' title='bbox 1531 1701 1610 1740; x_wconf 79' lang='lat' dir='ltr'>super</span> <span class='ocrx_word' id='word_1_661' title='bbox 1621 1704 1696 1741; x_wconf 78' lang='lat' dir='ltr'>qued</span> <span class='ocrx_word' id='word_1_662' title='bbox 1707 1715 1754 1733; x_wconf 77' lang='lat' dir='ltr'>an-</span> 
     </span>
     <span class='ocr_line' id='line_1_79' title="bbox 961 1737 1550 1775; baseline 0.01 -11"><span class='ocrx_word' id='word_1_663' title='bbox 961 1737 1101 1775; x_wconf 83' lang='lat' dir='ltr'>tiquorum</span> <span class='ocrx_word' id='word_1_664' title='bbox 1111 1748 1188 1767; x_wconf 84' lang='lat' dir='ltr'>more</span> <span class='ocrx_word' id='word_1_665' title='bbox 1197 1738 1392 1768; x_wconf 69' lang='lat' dir='ltr'>involvebatur</span> <span class='ocrx_word' id='word_1_666' title='bbox 1403 1742 1535 1770; x_wconf 81' lang='lat' dir='ltr'>volumen</span> <span class='ocrx_word' id='word_1_667' title='bbox 1543 1763 1550 1770; x_wconf 92' lang='lat'>.</span> 
     </span>
    </p>
   </div>
   <div class='ocr_carea' id='block_1_25' title="bbox 76 1771 1755 1822">
    <p class='ocr_par' dir='ltr' id='par_1_32' title="bbox 76 1771 1755 1822">
     <span class='ocr_line' id='line_1_80' title="bbox 76 1771 1755 1822; baseline 0.009 -23"><span class='ocrx_word' id='word_1_668' title='bbox 76 1771 278 1802; x_wconf 63' lang='lat' dir='ltr'>Consi-Auris</span> <span class='ocrx_word' id='word_1_669' title='bbox 290 1776 355 1804; x_wconf 77' lang='grc' dir='ltr'><em>ῙΜι».</em></span> <span class='ocrx_word' id='word_1_670' title='bbox 366 1776 501 1804; x_wconf 79' lang='lat' dir='ltr'>Palatium</span> <span class='ocrx_word' id='word_1_671' title='bbox 512 1797 518 1803; x_wconf 85' lang='lat'>.</span> <span class='ocrx_word' id='word_1_672' title='bbox 537 1778 593 1807; x_wconf 82' lang='lat' dir='ltr'>FR.</span> <span class='ocrx_word' id='word_1_673' title='bbox 605 1780 704 1808; x_wconf 80' lang='lat' dir='ltr'>Romae</span> <span class='ocrx_word' id='word_1_674' title='bbox 715 1777 762 1807; x_wconf 78' lang='lat' dir='ltr'>sub</span> <span class='ocrx_word' id='word_1_675' title='bbox 772 1778 900 1815; x_wconf 72' lang='lat' dir='ltr'>Quirina·</span> <span class='ocrx_word' id='word_1_676' title='bbox 918 1778 1090 1807; x_wconf 66' lang='lat' dir='ltr'>Com&#39;AMtu</span> <span class='ocrx_word' id='word_1_677' title='bbox 1102 1800 1110 1811; x_wconf 94' lang='lat'><em>,</em></span> <span class='ocrx_word' id='word_1_678' title='bbox 1133 1779 1233 1807; x_wconf 74' lang='lat' dir='ltr'>macula</span> <span class='ocrx_word' id='word_1_679' title='bbox 1243 1801 1250 1811; x_wconf 93' lang='lat'><em>,</em></span> <span class='ocrx_word' id='word_1_680' title='bbox 1273 1781 1434 1820; x_wconf 78' lang='lat' dir='ltr'>contagium</span> <span class='ocrx_word' id='word_1_681' title='bbox 1443 1803 1449 1810; x_wconf 87' lang='lat'>.</span> <span class='ocrx_word' id='word_1_682' title='bbox 1473 1788 1484 1817; x_wconf 92' lang='lat'><strong>[</strong></span> <span class='ocrx_word' id='word_1_683' title='bbox 1498 1783 1583 1822; x_wconf 86' lang='lat' dir='ltr'>Vulgi</span> <span class='ocrx_word' id='word_1_684' title='bbox 1593 1785 1755 1815; x_wconf 76' lang='lat' dir='ltr'>contamine</span> 
     </span>
    </p>
   </div>
   <div class='ocr_carea' id='block_1_26' title="bbox 114 1813 902 1858">
    <p class='ocr_par' dir='ltr' id='par_1_33' title="bbox 114 1813 902 1858">
     <span class='ocr_line' id='line_1_81' title="bbox 114 1813 902 1858; baseline 0.011 -19"><span class='ocrx_word' id='word_1_685' title='bbox 114 1813 156 1844; x_wconf 84' lang='lat' dir='ltr'>li,</span> <span class='ocrx_word' id='word_1_686' title='bbox 177 1823 266 1842; x_wconf 74' lang='lat' dir='ltr'>coram</span> <span class='ocrx_word' id='word_1_687' title='bbox 278 1825 332 1853; x_wconf 87' lang='lat' dir='ltr'>quo</span> <span class='ocrx_word' id='word_1_688' title='bbox 343 1815 453 1845; x_wconf 72' lang='lat' dir='ltr'>Basilica</span> <span class='ocrx_word' id='word_1_689' title='bbox 462 1817 530 1846; x_wconf 87' lang='lat' dir='ltr'>XII.</span> <span class='ocrx_word' id='word_1_690' title='bbox 553 1819 596 1846; x_wconf 84' lang='lat' dir='ltr'>SS.</span> <span class='ocrx_word' id='word_1_691' title='bbox 607 1818 804 1858; x_wconf 80' lang='lat' dir='ltr'>Apostolorum</span> <span class='ocrx_word' id='word_1_692' title='bbox 817 1821 902 1848; x_wconf 69' lang='lat' dir='ltr'>etech</span> 
     </span>
    </p>
   </div>
   <div class='ocr_carea' id='block_1_27' title="bbox 959 1819 1633 1862">
    <p class='ocr_par' dir='ltr' id='par_1_34' title="bbox 959 1819 1633 1862">
     <span class='ocr_line' id='line_1_82' title="bbox 959 1819 1633 1862; baseline 0.009 -15"><span class='ocrx_word' id='word_1_693' title='bbox 959 1819 1061 1847; x_wconf 82' lang='lat' dir='ltr'>mixtos</span> <span class='ocrx_word' id='word_1_694' title='bbox 1072 1840 1079 1847; x_wconf 92' lang='lat'>.</span> <span class='ocrx_word' id='word_1_695' title='bbox 1102 1819 1219 1849; x_wconf 85' lang='lat' dir='ltr'>Tertull.</span> <span class='ocrx_word' id='word_1_696' title='bbox 1232 1820 1277 1847; x_wconf 87' lang='lat' dir='ltr'>lib.</span> <span class='ocrx_word' id='word_1_697' title='bbox 1294 1831 1316 1848; x_wconf 83' lang='lat' dir='ltr'>i.</span> <span class='ocrx_word' id='word_1_698' title='bbox 1327 1821 1433 1850; x_wconf 79' lang='lat' dir='ltr'>advers.</span> <span class='ocrx_word' id='word_1_699' title='bbox 1444 1825 1528 1851; x_wconf 79' lang='lat' dir='ltr'>Marc.</span> <span class='ocrx_word' id='word_1_700' title='bbox 1539 1835 1595 1862; x_wconf 75' lang='lat' dir='ltr'>cap.</span> <span class='ocrx_word' id='word_1_701' title='bbox 1611 1836 1633 1854; x_wconf 83' lang='grc' dir='ltr'>ι.</span> 
     </span>
    </p>
   </div>
   <div class='ocr_carea' id='block_1_28' title="bbox 113 1852 1752 1904">
    <p class='ocr_par' dir='ltr' id='par_1_35' title="bbox 113 1852 1752 1904">
     <span class='ocr_line' id='line_1_83' title="bbox 113 1852 1752 1904; baseline 0.01 -24"><span class='ocrx_word' id='word_1_702' title='bbox 113 1852 152 1880; x_wconf 84' lang='lat' dir='ltr'>est</span> <span class='ocrx_word' id='word_1_703' title='bbox 167 1864 173 1880; x_wconf 90' lang='lat'>:</span> <span class='ocrx_word' id='word_1_704' title='bbox 196 1854 322 1888; x_wconf 76' lang='lat' dir='ltr'>[Placuit</span> <span class='ocrx_word' id='word_1_705' title='bbox 331 1855 400 1884; x_wconf 87' lang='lat' dir='ltr'>mihi</span> <span class='ocrx_word' id='word_1_706' title='bbox 410 1857 514 1894; x_wconf 78' lang='lat' dir='ltr'>Joanni</span> <span class='ocrx_word' id='word_1_707' title='bbox 539 1858 622 1887; x_wconf 75' lang='lat' dir='ltr'>Urbis</span> <span class='ocrx_word' id='word_1_708' title='bbox 634 1859 731 1889; x_wconf 74' lang='lat' dir='ltr'>Ro&#39;mae</span> <span class='ocrx_word' id='word_1_709' title='bbox 741 1859 901 1889; x_wconf 64' lang='lat' dir='ltr'>humillimo</span> <span class='ocrx_word' id='word_1_710' title='bbox 918 1861 1134 1890; x_wconf 59' lang='lat' dir='ltr'>Cosrzcraus</span> <span class='ocrx_word' id='word_1_711' title='bbox 1145 1883 1154 1894; x_wconf 90' lang='lat'><em>‚</em></span> <span class='ocrx_word' id='word_1_712' title='bbox 1172 1860 1377 1890; x_wconf 77' lang='lat' dir='ltr'>contubernalis</span> <span class='ocrx_word' id='word_1_713' title='bbox 1389 1862 1523 1892; x_wconf 83' lang='lat' dir='ltr'>:sumitur</span> <span class='ocrx_word' id='word_1_714' title='bbox 1532 1875 1613 1893; x_wconf 79' lang='lat' dir='ltr'>etiam</span> <span class='ocrx_word' id='word_1_715' title='bbox 1624 1875 1674 1904; x_wconf 87' lang='lat' dir='ltr'>pro</span> <span class='ocrx_word' id='word_1_716' title='bbox 1685 1876 1752 1895; x_wconf 81' lang='lat' dir='ltr'>uxo-</span> 
     </span>
    </p>
   </div>
   <div class='ocr_carea' id='block_1_29' title="bbox 98 1892 900 2416">
    <p class='ocr_par' dir='ltr' id='par_1_36' title="bbox 98 1892 900 2416">
     <span class='ocr_line' id='line_1_84' title="bbox 113 1892 900 1937; baseline 0.013 -18"><span class='ocrx_word' id='word_1_717' title='bbox 113 1892 244 1921; x_wconf 80' lang='lat' dir='ltr'>Pontifici</span> <span class='ocrx_word' id='word_1_718' title='bbox 266 1896 408 1925; x_wconf 81' lang='lat' dir='ltr'>Ecclesiam</span> <span class='ocrx_word' id='word_1_719' title='bbox 418 1898 484 1926; x_wconf 84' lang='lat' dir='ltr'>XH-</span> <span class='ocrx_word' id='word_1_720' title='bbox 504 1899 703 1937; x_wconf 78' lang='lat' dir='ltr'>Apostolorum</span> <span class='ocrx_word' id='word_1_721' title='bbox 721 1900 900 1934; x_wconf 77' lang='lat' dir='ltr'>confirmare,</span> 
     </span>
     <span class='ocr_line' id='line_1_85' title="bbox 113 1935 900 1979; baseline 0.013 -19"><span class='ocrx_word' id='word_1_722' title='bbox 113 1943 193 1971; x_wconf 80' lang='lat' dir='ltr'>quam</span> <span class='ocrx_word' id='word_1_723' title='bbox 212 1935 339 1974; x_wconf 76' lang='lat' dir='ltr'>Pelagius</span> <span class='ocrx_word' id='word_1_724' title='bbox 356 1939 426 1976; x_wconf 74' lang='lat' dir='ltr'>Papa</span> <span class='ocrx_word' id='word_1_725' title='bbox 435 1938 478 1966; x_wconf 77' lang='lat' dir='ltr'>bo.-</span> <span class='ocrx_word' id='word_1_726' title='bbox 489 1949 540 1967; x_wconf 86' lang='lat' dir='ltr'>me:</span> <span class='ocrx_word' id='word_1_727' title='bbox 557 1940 737 1979; x_wconf 71' lang='lat' dir='ltr'>praedecess&#39;or</span> <span class='ocrx_word' id='word_1_728' title='bbox 753 1951 826 1970; x_wconf 84' lang='lat' dir='ltr'>meus</span> <span class='ocrx_word' id='word_1_729' title='bbox 838 1952 900 1970; x_wconf 78' lang='lat' dir='ltr'>anie</span> 
     </span>
     <span class='ocr_line' id='line_1_86' title="bbox 112 1974 900 2021; baseline 0.011 -20"><span class='ocrx_word' id='word_1_730' title='bbox 112 1974 245 2011; x_wconf 72' lang='lat' dir='ltr'>palatium</span> <span class='ocrx_word' id='word_1_731' title='bbox 265 1977 428 2007; x_wconf 79' lang='lat' dir='ltr'>Constantis</span> <span class='ocrx_word' id='word_1_732' title='bbox 444 1979 605 2009; x_wconf 80' lang='lat' dir='ltr'>initiaverat</span> <span class='ocrx_word' id='word_1_733' title='bbox 616 2002 623 2009; x_wconf 89' lang='lat'>.</span> <span class='ocrx_word' id='word_1_734' title='bbox 644 1982 728 2020; x_wconf 84' lang='lat' dir='ltr'>Apud</span> <span class='ocrx_word' id='word_1_735' title='bbox 739 1982 900 2021; x_wconf 70' lang='lat' dir='ltr'>Tor-sigium</span> 
     </span>
     <span class='ocr_line' id='line_1_87' title="bbox 110 2014 900 2061; baseline 0.013 -19"><span class='ocrx_word' id='word_1_736' title='bbox 110 2014 145 2042; x_wconf 85' lang='lat' dir='ltr'>de</span> <span class='ocrx_word' id='word_1_737' title='bbox 156 2016 259 2054; x_wconf 73' lang='lat' dir='ltr'>prt.</span> <span class='ocrx_word' id='word_1_738' title='bbox 272 2017 398 2046; x_wconf 76' lang='lat' dir='ltr'>Vatican.</span> <span class='ocrx_word' id='word_1_739' title='bbox 407 2018 530 2049; x_wconf 72' lang='lat' dir='ltr'>secundae</span> <span class='ocrx_word' id='word_1_740' title='bbox 542 2021 664 2059; x_wconf 60' lang='lat' dir='ltr'>Imprefll</span> <span class='ocrx_word' id='word_1_741' title='bbox 677 2033 736 2061; x_wconf 83' lang='lat' dir='ltr'>pag.</span> <span class='ocrx_word' id='word_1_742' title='bbox 748 2034 762 2061; x_wconf 84' lang='lat'>3</span> <span class='ocrx_word' id='word_1_743' title='bbox 773 2033 780 2050; x_wconf 82' lang='grc' dir='ltr'><strong>ι</strong></span> <span class='ocrx_word' id='word_1_744' title='bbox 788 2025 830 2060; x_wconf 71' lang='grc'>3.]</span> <span class='ocrx_word' id='word_1_745' title='bbox 840 2024 900 2052; x_wconf 87' lang='lat' dir='ltr'>Cu—</span> 
     </span>
     <span class='ocr_line' id='line_1_88' title="bbox 108 2057 900 2100; baseline 0.013 -18"><span class='ocrx_word' id='word_1_746' title='bbox 108 2058 150 2089; x_wconf 80' lang='lat' dir='ltr'>jus</span> <span class='ocrx_word' id='word_1_747' title='bbox 166 2057 268 2084; x_wconf 73' lang='lat' dir='ltr'>Palatii</span> <span class='ocrx_word' id='word_1_748' title='bbox 289 2057 412 2096; x_wconf 75' lang='lat' dir='ltr'>reiiquiae</span> <span class='ocrx_word' id='word_1_749' title='bbox 425 2059 511 2089; x_wconf 72' lang='lat' dir='ltr'>adhuc</span> <span class='ocrx_word' id='word_1_750' title='bbox 527 2061 737 2100; x_wconf 85' lang='lat' dir='ltr'>conspiciuntur</span> <span class='ocrx_word' id='word_1_751' title='bbox 756 2065 785 2091; x_wconf 87' lang='lat' dir='ltr'>in</span> <span class='ocrx_word' id='word_1_752' title='bbox 800 2063 900 2092; x_wconf 77' lang='lat' dir='ltr'>aedibus</span> 
     </span>
     <span class='ocr_line' id='line_1_89' title="bbox 110 2096 900 2143; baseline 0.013 -20"><span class='ocrx_word' id='word_1_753' title='bbox 110 2096 354 2126; x_wconf 76' lang='lat' dir='ltr'>Excellentissimae</span> <span class='ocrx_word' id='word_1_754' title='bbox 366 2100 568 2131; x_wconf 79' lang='lat' dir='ltr'>Columnarum</span> <span class='ocrx_word' id='word_1_755' title='bbox 579 2102 690 2132; x_wconf 78' lang='lat' dir='ltr'>familiae</span> <span class='ocrx_word' id='word_1_756' title='bbox 702 2125 710 2136; x_wconf 86' lang='lat'><em>‚</em></span> <span class='ocrx_word' id='word_1_757' title='bbox 721 2103 818 2143; x_wconf 73' lang='lat' dir='ltr'>quibus</span> <span class='ocrx_word' id='word_1_758' title='bbox 828 2115 861 2133; x_wconf 84' lang='lat' dir='ltr'>ex</span> <span class='ocrx_word' id='word_1_759' title='bbox 871 2116 900 2133; x_wconf 94' lang='lat' dir='ltr'>o-</span> 
     </span>
     <span class='ocr_line' id='line_1_90' title="bbox 108 2136 897 2177; baseline 0.013 -14"><span class='ocrx_word' id='word_1_760' title='bbox 108 2136 306 2176; x_wconf 72' lang='lat' dir='ltr'>rientalipai-te</span> <span class='ocrx_word' id='word_1_761' title='bbox 318 2140 469 2176; x_wconf 77' lang='lat' dir='ltr'>Quirinalis</span> <span class='ocrx_word' id='word_1_762' title='bbox 489 2152 568 2170; x_wconf 83' lang='lat' dir='ltr'>mons</span> <span class='ocrx_word' id='word_1_763' title='bbox 588 2144 718 2172; x_wconf 87' lang='lat' dir='ltr'>imminet</span> <span class='ocrx_word' id='word_1_764' title='bbox 732 2166 740 2177; x_wconf 90' lang='lat'><em>‚</em></span> <span class='ocrx_word' id='word_1_765' title='bbox 760 2155 792 2172; x_wconf 85' lang='lat' dir='ltr'>cx</span> <span class='ocrx_word' id='word_1_766' title='bbox 810 2146 897 2175; x_wconf 83' lang='lat' dir='ltr'>occid.</span> 
     </span>
     <span class='ocr_line' id='line_1_91' title="bbox 105 2176 899 2223; baseline 0.013 -19"><span class='ocrx_word' id='word_1_767' title='bbox 105 2176 196 2213; x_wconf 81' lang='lat' dir='ltr'>platea</span> <span class='ocrx_word' id='word_1_768' title='bbox 206 2179 394 2208; x_wconf 88' lang='lat' dir='ltr'>Dominorum</span> <span class='ocrx_word' id='word_1_769' title='bbox 413 2182 447 2209; x_wconf 89' lang='lat' dir='ltr'>de</span> <span class='ocrx_word' id='word_1_770' title='bbox 465 2184 549 2211; x_wconf 70' lang='lat' dir='ltr'>Muris</span> <span class='ocrx_word' id='word_1_771' title='bbox 568 2184 706 2223; x_wconf 29' lang='lat' dir='ltr'>invparte,</span> <span class='ocrx_word' id='word_1_772' title='bbox 725 2187 754 2213; x_wconf 84' lang='lat'>&amp;</span> <span class='ocrx_word' id='word_1_773' title='bbox 776 2185 804 2212; x_wconf 87' lang='lat' dir='ltr'>in</span> <span class='ocrx_word' id='word_1_774' title='bbox 824 2196 899 2223; x_wconf 76' lang='lat' dir='ltr'>parte</span> 
     </span>
     <span class='ocr_line' id='line_1_92' title="bbox 106 2216 897 2263; baseline 0.014 -19"><span class='ocrx_word' id='word_1_775' title='bbox 106 2216 274 2248; x_wconf 84' lang='lat' dir='ltr'>Conventus</span> <span class='ocrx_word' id='word_1_776' title='bbox 293 2221 429 2250; x_wconf 45' lang='lat' dir='ltr'>diciorum</span> <span class='ocrx_word' id='word_1_777' title='bbox 447 2223 515 2252; x_wconf 86' lang='lat' dir='ltr'>XII.</span> <span class='ocrx_word' id='word_1_778' title='bbox 535 2224 716 2263; x_wconf 79' lang='lat' dir='ltr'>SS.Apostol.</span> <span class='ocrx_word' id='word_1_779' title='bbox 739 2235 772 2253; x_wconf 81' lang='lat' dir='ltr'>ex</span> <span class='ocrx_word' id='word_1_780' title='bbox 792 2227 897 2255; x_wconf 83' lang='lat' dir='ltr'>Borcali</span> 
     </span>
     <span class='ocr_line' id='line_1_93' title="bbox 105 2259 898 2297; baseline 0.013 -12"><span class='ocrx_word' id='word_1_781' title='bbox 105 2259 225 2288; x_wconf 79' lang='lat' dir='ltr'>Ecclesia</span> <span class='ocrx_word' id='word_1_782' title='bbox 236 2261 261 2289; x_wconf 86' lang='lat' dir='ltr'>S.</span> <span class='ocrx_word' id='word_1_783' title='bbox 272 2262 370 2291; x_wconf 84' lang='lat' dir='ltr'>Crucis</span> <span class='ocrx_word' id='word_1_784' title='bbox 389 2263 550 2293; x_wconf 78' lang='lat' dir='ltr'>Lucenfium</span> <span class='ocrx_word' id='word_1_785' title='bbox 561 2285 570 2297; x_wconf 87' lang='lat'><em>‚</em></span> <span class='ocrx_word' id='word_1_786' title='bbox 592 2269 621 2294; x_wconf 72' lang='grc' dir='ltr'>ὃς</span> <span class='ocrx_word' id='word_1_787' title='bbox 641 2276 675 2294; x_wconf 87' lang='lat' dir='ltr'>ex</span> <span class='ocrx_word' id='word_1_788' title='bbox 696 2265 811 2294; x_wconf 83' lang='lat' dir='ltr'>meridie</span> <span class='ocrx_word' id='word_1_789' title='bbox 821 2268 898 2296; x_wconf 79' lang='lat' dir='ltr'>Con-</span> 
     </span>
     <span class='ocr_line' id='line_1_94' title="bbox 107 2302 897 2345; baseline 0.016 -21"><span class='ocrx_word' id='word_1_790' title='bbox 107 2307 206 2329; x_wconf 73' lang='lat' dir='ltr'>ventus</span> <span class='ocrx_word' id='word_1_791' title='bbox 224 2302 248 2330; x_wconf 87' lang='lat' dir='ltr'>S.</span> <span class='ocrx_word' id='word_1_792' title='bbox 269 2302 395 2331; x_wconf 78' lang='lat' dir='ltr'>Silvestri</span> <span class='ocrx_word' id='word_1_793' title='bbox 413 2304 443 2331; x_wconf 90' lang='lat' dir='ltr'>in</span> <span class='ocrx_word' id='word_1_794' title='bbox 463 2304 623 2339; x_wconf 81' lang='lat' dir='ltr'>Quirinali,</span> <span class='ocrx_word' id='word_1_795' title='bbox 645 2316 710 2345; x_wconf 85' lang='lat' dir='ltr'>quas</span> <span class='ocrx_word' id='word_1_796' title='bbox 732 2306 802 2335; x_wconf 78' lang='lat' dir='ltr'>aedes</span> <span class='ocrx_word' id='word_1_797' title='bbox 821 2318 897 2337; x_wconf 88' lang='lat' dir='ltr'>erro-</span> 
     </span>
     <span class='ocr_line' id='line_1_95' title="bbox 98 2339 744 2382; baseline 0.009 -13"><span class='ocrx_word' id='word_1_798' title='bbox 98 2339 166 2369; x_wconf 87' lang='lat' dir='ltr'>·nice</span> <span class='ocrx_word' id='word_1_799' title='bbox 183 2341 269 2382; x_wconf 84' lang='lat' dir='ltr'>aliqui</span> <span class='ocrx_word' id='word_1_800' title='bbox 290 2343 471 2373; x_wconf 75' lang='lat' dir='ltr'>Constantini</span> <span class='ocrx_word' id='word_1_801' title='bbox 499 2344 573 2377; x_wconf 77' lang='lat' dir='ltr'>suiffe</span> <span class='ocrx_word' id='word_1_802' title='bbox 596 2345 744 2377; x_wconf 79' lang='lat' dir='ltr'>asseruere.</span> 
     </span>
     <span class='ocr_line' id='line_1_96' title="bbox 147 2385 456 2416; baseline 0.006 -3"><span class='ocrx_word' id='word_1_803' title='bbox 147 2385 337 2415; x_wconf 70' lang='lat' dir='ltr'>Hierolexicon</span> <span class='ocrx_word' id='word_1_804' title='bbox 347 2389 441 2416; x_wconf 65' lang='lat' dir='ltr'>Macri</span> <span class='ocrx_word' id='word_1_805' title='bbox 449 2406 456 2415; x_wconf 92' lang='lat'>.</span> 
     </span>
    </p>
   </div>
   <div class='ocr_carea' id='block_1_30' title="bbox 899 2153 916 2273">
    <p class='ocr_par' dir='ltr' id='par_1_37' title="bbox 899 2153 916 2273">
     <span class='ocr_line' id='line_1_97' title="bbox 899 2153 916 2273; baseline 0 0"><span class='ocrx_word' id='word_1_806' title='bbox 899 2153 916 2273; x_wconf 95' lang='lat' dir='ltr'>  </span> 
     </span>
    </p>
   </div>
   <div class='ocr_carea' id='block_1_31' title="bbox 955 1902 1756 2431">
    <p class='ocr_par' dir='ltr' id='par_1_38' title="bbox 955 1902 1756 2431">
     <span class='ocr_line' id='line_1_98' title="bbox 958 1902 1756 1945; baseline 0.01 -17"><span class='ocrx_word' id='word_1_807' title='bbox 958 1911 1003 1929; x_wconf 87' lang='lat' dir='ltr'>re:</span> <span class='ocrx_word' id='word_1_808' title='bbox 1026 1906 1037 1935; x_wconf 95' lang='lat'>[</span> <span class='ocrx_word' id='word_1_809' title='bbox 1049 1902 1157 1930; x_wconf 67' lang='lat' dir='ltr'>Saucius</span> <span class='ocrx_word' id='word_1_810' title='bbox 1170 1902 1325 1930; x_wconf 77' lang='lat' dir='ltr'>Heneticus</span> <span class='ocrx_word' id='word_1_811' title='bbox 1336 1913 1528 1942; x_wconf 77' lang='lat' dir='ltr'>cognomento</span> <span class='ocrx_word' id='word_1_812' title='bbox 1537 1905 1603 1934; x_wconf 80' lang='lat' dir='ltr'>Pius</span> <span class='ocrx_word' id='word_1_813' title='bbox 1613 1906 1756 1945; x_wconf 85' lang='lat' dir='ltr'>gloriosis-</span> 
     </span>
     <span class='ocr_line' id='line_1_99' title="bbox 957 1941 1753 1986; baseline 0.011 -18"><span class='ocrx_word' id='word_1_814' title='bbox 957 1941 1055 1970; x_wconf 80' lang='lat' dir='ltr'>simum</span> <span class='ocrx_word' id='word_1_815' title='bbox 1074 1942 1194 1972; x_wconf 69' lang='lat' dir='ltr'>Romani</span> <span class='ocrx_word' id='word_1_816' title='bbox 1216 1942 1332 1980; x_wconf 79' lang='lat' dir='ltr'>Imperii</span> <span class='ocrx_word' id='word_1_817' title='bbox 1343 1944 1442 1977; x_wconf 81' lang='lat' dir='ltr'>decus,</span> <span class='ocrx_word' id='word_1_818' title='bbox 1463 1944 1574 1984; x_wconf 76' lang='lat' dir='ltr'>cJussluc</span> <span class='ocrx_word' id='word_1_819' title='bbox 1591 1946 1753 1986; x_wconf 74' lang='lat' dir='ltr'>dignissima</span> 
     </span>
     <span class='ocr_line' id='line_1_100' title="bbox 957 1982 1754 2024; baseline 0.008 -14"><span class='ocrx_word' id='word_1_820' title='bbox 957 1983 1117 2011; x_wconf 64' lang='lat' dir='ltr'>contestans</span> <span class='ocrx_word' id='word_1_821' title='bbox 1128 1983 1180 2020; x_wconf 70' lang='lat' dir='ltr'>piae</span> <span class='ocrx_word' id='word_1_822' title='bbox 1193 1982 1334 2011; x_wconf 67' lang='lat' dir='ltr'>memoriae</span> <span class='ocrx_word' id='word_1_823' title='bbox 1356 1984 1577 2024; x_wconf 70' lang='lat' dir='ltr'>Cliuncgundis.</span> <span class='ocrx_word' id='word_1_824' title='bbox 1604 1988 1640 2016; x_wconf 88' lang='lat' dir='ltr'>In</span> <span class='ocrx_word' id='word_1_825' title='bbox 1660 1989 1718 2017; x_wconf 82' lang='lat' dir='ltr'>vita</span> <span class='ocrx_word' id='word_1_826' title='bbox 1728 1990 1754 2018; x_wconf 92' lang='lat' dir='ltr'>S.</span> 
     </span>
     <span class='ocr_line' id='line_1_101' title="bbox 957 2022 1751 2062; baseline 0.006 -10"><span class='ocrx_word' id='word_1_827' title='bbox 957 2022 1187 2062; x_wconf 57' lang='lat' dir='ltr'>Chuncgundaed</span> <span class='ocrx_word' id='word_1_828' title='bbox 1203 2023 1285 2059; x_wconf 89' lang='lat' dir='ltr'>Quod</span> <span class='ocrx_word' id='word_1_829' title='bbox 1295 2033 1385 2052; x_wconf 86' lang='lat' dir='ltr'>tamen</span> <span class='ocrx_word' id='word_1_830' title='bbox 1396 2027 1562 2056; x_wconf 61' lang='lat' dir='ltr'>(seandala</span> <span class='ocrx_word' id='word_1_831' title='bbox 1577 2038 1679 2057; x_wconf 86' lang='lat' dir='ltr'>nomen</span> <span class='ocrx_word' id='word_1_832' title='bbox 1689 2028 1751 2057; x_wconf 74' lang='lat' dir='ltr'>huic</span> 
     </span>
     <span class='ocr_line' id='line_1_102' title="bbox 956 2064 1752 2102; baseline 0.009 -11"><span class='ocrx_word' id='word_1_833' title='bbox 956 2065 1058 2092; x_wconf 45' lang='grc' dir='ltr'>δειλίη</span> <span class='ocrx_word' id='word_1_834' title='bbox 1072 2066 1142 2092; x_wconf 56' lang='lat' dir='ltr'>reete</span> <span class='ocrx_word' id='word_1_835' title='bbox 1153 2064 1274 2101; x_wconf 77' lang='lat' dir='ltr'>adaptari</span> <span class='ocrx_word' id='word_1_836' title='bbox 1287 2065 1396 2102; x_wconf 56' lang='lat' dir='ltr'>potuim·</span> <span class='ocrx_word' id='word_1_837' title='bbox 1420 2075 1482 2094; x_wconf 84' lang='lat' dir='ltr'>nam</span> <span class='ocrx_word' id='word_1_838' title='bbox 1494 2068 1595 2096; x_wconf 84' lang='lat' dir='ltr'>marito</span> <span class='ocrx_word' id='word_1_839' title='bbox 1613 2069 1643 2097; x_wconf 93' lang='lat' dir='ltr'>in</span> <span class='ocrx_word' id='word_1_840' title='bbox 1651 2069 1752 2098; x_wconf 73' lang='lat' dir='ltr'>habiti-</span> 
     </span>
     <span class='ocr_line' id='line_1_103' title="bbox 956 2104 1754 2148; baseline 0.009 -16"><span class='ocrx_word' id='word_1_841' title='bbox 956 2105 1034 2132; x_wconf 88' lang='lat' dir='ltr'>tione</span> <span class='ocrx_word' id='word_1_842' title='bbox 1046 2104 1168 2133; x_wconf 77' lang='lat' dir='ltr'>aslociara</span> <span class='ocrx_word' id='word_1_843' title='bbox 1179 2104 1231 2133; x_wconf 81' lang='lat' dir='ltr'>su1t</span> <span class='ocrx_word' id='word_1_844' title='bbox 1244 2125 1252 2136; x_wconf 90' lang='lat'><em>‚</em></span> <span class='ocrx_word' id='word_1_845' title='bbox 1264 2115 1321 2132; x_wconf 85' lang='lat' dir='ltr'>nou</span> <span class='ocrx_word' id='word_1_846' title='bbox 1332 2116 1399 2134; x_wconf 82' lang='lat' dir='ltr'>vero</span> <span class='ocrx_word' id='word_1_847' title='bbox 1409 2106 1439 2135; x_wconf 92' lang='lat' dir='ltr'>in</span> <span class='ocrx_word' id='word_1_848' title='bbox 1449 2108 1540 2139; x_wconf 64' lang='lat' dir='ltr'>lectos</span> <span class='ocrx_word' id='word_1_849' title='bbox 1555 2109 1658 2148; x_wconf 67' lang='lat' dir='ltr'>legitur</span> <span class='ocrx_word' id='word_1_850' title='bbox 1670 2111 1754 2139; x_wconf 83' lang='lat' dir='ltr'>etiam</span> 
     </span>
     <span class='ocr_line' id='line_1_104' title="bbox 956 2144 1755 2190; baseline 0.006 -16"><span class='ocrx_word' id='word_1_851' title='bbox 956 2145 1046 2174; x_wconf 87' lang='lat' dir='ltr'>simile</span> <span class='ocrx_word' id='word_1_852' title='bbox 1067 2146 1164 2174; x_wconf 72' lang='lat' dir='ltr'>vocab.</span> <span class='ocrx_word' id='word_1_853' title='bbox 1182 2144 1551 2177; x_wconf 76' lang='lat' dir='ltr'>indonationeaGordiano</span> <span class='ocrx_word' id='word_1_854' title='bbox 1573 2151 1597 2178; x_wconf 88' lang='lat' dir='ltr'>S.</span> <span class='ocrx_word' id='word_1_855' title='bbox 1620 2152 1755 2190; x_wconf 83' lang='lat' dir='ltr'>Gregorii</span> 
     </span>
     <span class='ocr_line' id='line_1_105' title="bbox 956 2184 1753 2225; baseline 0.009 -12"><span class='ocrx_word' id='word_1_856' title='bbox 956 2186 1053 2225; x_wconf 75' lang='lat' dir='ltr'>Magni</span> <span class='ocrx_word' id='word_1_857' title='bbox 1074 2188 1154 2215; x_wconf 75' lang='lat' dir='ltr'>Patre</span> <span class='ocrx_word' id='word_1_858' title='bbox 1170 2186 1203 2214; x_wconf 86' lang='lat' dir='ltr'>ad</span> <span class='ocrx_word' id='word_1_859' title='bbox 1224 2184 1346 2215; x_wconf 70' lang='lat' dir='ltr'>savorem</span> <span class='ocrx_word' id='word_1_860' title='bbox 1357 2188 1519 2218; x_wconf 64' lang='lat' dir='ltr'>monasterii</span> <span class='ocrx_word' id='word_1_861' title='bbox 1538 2191 1644 2219; x_wconf 83' lang='lat' dir='ltr'>Montis</span> <span class='ocrx_word' id='word_1_862' title='bbox 1658 2192 1753 2220; x_wconf 74' lang='lat' dir='ltr'>Casini</span> 
     </span>
     <span class='ocr_line' id='line_1_106' title="bbox 956 2226 1754 2265; baseline 0.009 -11"><span class='ocrx_word' id='word_1_863' title='bbox 956 2226 1022 2254; x_wconf 66' lang='lat' dir='ltr'>fasta</span> <span class='ocrx_word' id='word_1_864' title='bbox 1033 2249 1040 2260; x_wconf 92' lang='lat'><em>‚</em></span> <span class='ocrx_word' id='word_1_865' title='bbox 1067 2237 1126 2265; x_wconf 72' lang='lat' dir='ltr'>quae</span> <span class='ocrx_word' id='word_1_866' title='bbox 1139 2228 1213 2255; x_wconf 85' lang='lat' dir='ltr'>inter</span> <span class='ocrx_word' id='word_1_867' title='bbox 1226 2226 1264 2253; x_wconf 84' lang='lat' dir='ltr'>M.</span> <span class='ocrx_word' id='word_1_868' title='bbox 1275 2227 1300 2255; x_wconf 86' lang='lat' dir='ltr'>S.</span> <span class='ocrx_word' id='word_1_869' title='bbox 1313 2229 1404 2257; x_wconf 71' lang='lat' dir='ltr'>Latini</span> <span class='ocrx_word' id='word_1_870' title='bbox 1413 2231 1517 2259; x_wconf 81' lang='lat' dir='ltr'>Latinii</span> <span class='ocrx_word' id='word_1_871' title='bbox 1527 2230 1706 2260; x_wconf 85' lang='lat' dir='ltr'>conservatur</span> <span class='ocrx_word' id='word_1_872' title='bbox 1725 2243 1754 2260; x_wconf 78' lang='lat' dir='ltr'>m</span> 
     </span>
     <span class='ocr_line' id='line_1_107' title="bbox 957 2267 1754 2304; baseline 0.005 -8"><span class='ocrx_word' id='word_1_873' title='bbox 957 2267 1092 2297; x_wconf 87' lang='lat' dir='ltr'>Biblioth.</span> <span class='ocrx_word' id='word_1_874' title='bbox 1107 2268 1260 2296; x_wconf 64' lang='lat' dir='ltr'>viterbien.</span> <span class='ocrx_word' id='word_1_875' title='bbox 1272 2268 1450 2298; x_wconf 77' lang='lat' dir='ltr'>cathedralis</span> <span class='ocrx_word' id='word_1_876' title='bbox 1460 2292 1467 2304; x_wconf 83' lang='lat'><em>,</em></span> <span class='ocrx_word' id='word_1_877' title='bbox 1489 2270 1532 2299; x_wconf 81' lang='lat' dir='ltr'>his</span> <span class='ocrx_word' id='word_1_878' title='bbox 1545 2272 1652 2300; x_wconf 83' lang='lat' dir='ltr'>verbis:</span> <span class='ocrx_word' id='word_1_879' title='bbox 1676 2275 1687 2303; x_wconf 89' lang='grc'>]</span> <span class='ocrx_word' id='word_1_880' title='bbox 1715 2275 1754 2301; x_wconf 67' lang='lat' dir='ltr'>Ex</span> 
     </span>
     <span class='ocr_line' id='line_1_108' title="bbox 955 2308 1752 2346; baseline 0.005 -10"><span class='ocrx_word' id='word_1_881' title='bbox 955 2318 1032 2346; x_wconf 64' lang='lat' dir='ltr'>parte</span> <span class='ocrx_word' id='word_1_882' title='bbox 1046 2308 1134 2345; x_wconf 69' lang='lat' dir='ltr'>stirpis</span> <span class='ocrx_word' id='word_1_883' title='bbox 1144 2309 1272 2338; x_wconf 52' lang='lat' dir='ltr'>Octavlae</span> <span class='ocrx_word' id='word_1_884' title='bbox 1288 2312 1315 2338; x_wconf 70' lang='grc' dir='ltr'>ὅ(</span> <span class='ocrx_word' id='word_1_885' title='bbox 1335 2310 1440 2345; x_wconf 81' lang='lat' dir='ltr'>Sylviae</span> <span class='ocrx_word' id='word_1_886' title='bbox 1451 2312 1551 2340; x_wconf 79' lang='lat' dir='ltr'>nostrae</span> <span class='ocrx_word' id='word_1_887' title='bbox 1571 2311 1752 2340; x_wconf 43' lang='lat' dir='ltr'>dilectissima:</span> 
     </span>
     <span class='ocr_line' id='line_1_109' title="bbox 956 2349 1754 2390; baseline 0.003 -12"><span class='ocrx_word' id='word_1_888' title='bbox 956 2349 1115 2380; x_wconf 52' lang='lat' dir='ltr'>contectalis</span> <span class='ocrx_word' id='word_1_889' title='bbox 1132 2351 1161 2382; x_wconf 88' lang='lat'>.]</span> <span class='ocrx_word' id='word_1_890' title='bbox 1188 2352 1245 2382; x_wconf 66' lang='lat' dir='ltr'>PR.</span> <span class='ocrx_word' id='word_1_891' title='bbox 1267 2351 1419 2390; x_wconf 82' lang='lat' dir='ltr'>Reperitur</span> <span class='ocrx_word' id='word_1_892' title='bbox 1439 2352 1523 2382; x_wconf 79' lang='lat' dir='ltr'>etiam</span> <span class='ocrx_word' id='word_1_893' title='bbox 1541 2352 1600 2383; x_wconf 70' lang='lat' dir='ltr'>haec</span> <span class='ocrx_word' id='word_1_894' title='bbox 1619 2352 1705 2380; x_wconf 81' lang='lat' dir='ltr'>dictio</span> <span class='ocrx_word' id='word_1_895' title='bbox 1725 2354 1754 2381; x_wconf 85' lang='lat' dir='ltr'>in</span> 
     </span>
     <span class='ocr_line' id='line_1_110' title="bbox 1390 2392 1713 2431; baseline 0 -9"><span class='ocrx_word' id='word_1_896' title='bbox 1390 2392 1422 2422; x_wconf 95' lang='lat' dir='ltr'>O</span> <span class='ocrx_word' id='word_1_897' title='bbox 1466 2403 1478 2431; x_wconf 84' lang='lat'>3</span> <span class='ocrx_word' id='word_1_898' title='bbox 1648 2395 1713 2423; x_wconf 82' lang='lat' dir='ltr'>Bul-</span> 
     </span>
    </p>
   </div>
  </div>
 </body>
</html>
