1866 2526
151 39 231 77 570
494 27 537 74 R
569 31 606 74 E

136 100 158 117 c.
169 100 184 117 2
191 90 230 120 8.]
242 99 296 128 quo
305 87 438 119 vocibulo
446 89 480 132 ad
489 90 695 129 significandam
705 91 862 120 reiteratam
871 87 930 119 ani-

137 139 188 158 mae
197 140 258 158 cum
268 140 384 168 corpore
393 131 527 170 unionem
539 130 599 160 usus
608 132 646 161 est
657 152 665 160 .

1273 34 1385 77 RE

993 98 1069 158 ιτιιὲε,
1091 89 1154 119 eod.
1174 88 1218 119 tit.
1237 92 1347 122 διΒιιΠ.
1357 92 1450 122 Calin.
1471 104 1510 123 to.
1523 104 1550 123 z.
1566 93 1710 133 Con-J4o.
1729 105 1779 133 41.
1811 110 1821 115 ’κ

992 139 1024 161 17
1047 150 1054 157 .

98 172 240 199 ΚεςΙΝυΜ
253 191 260 198 .
272 172 329 200 PR.
340 171 469 200 merenda
481 193 488 204 ,
499 182 532 200 ex
543 172 643 210 gallico
654 172 787 201 vocabulo
797 173 914 202 Rei-incr
924 191 931 198 .
948 171 1107 199 Rem-[1350
1119 191 1127 203 ‚
1137 169 1250 199 restituo
1260 191 1267 199 .
1287 178 1300 208 [
1312 176 1386 202 Tunc
1397 176 1508 204 §anesus
1517 174 1664 212 Remigius
1681 174 1711 203 in
1720 185 1780 204 ora.

139 217 152 245 [
164 213 237 239 Nam
248 211 318 239 illud
327 211 510 241 dulciffimum
521 233 529 244 ,
546 216 574 240 ὅ(
592 211 788 241 sanfflffimum
806 211 932 240 recinunt

136 251 195 288 quis
206 261 324 290 unquam
335 252 423 280 vei-bis
435 253 525 281 valeat
536 253 671 290 explicare
683 258 693 282 ‚²
715 255 751 281 In
761 252 817 281 vita
831 253 856 281 S.
867 253 934 282 (ἷκ-

137 290 203 319 Ωιτίἰ
213 291 318 330 Episc.]
331 291 465 330 fignificat
475 293 559 321 etiam
571 293 728 332 quadratam
739 303 832 332 togam
842 313 850 320 .

98 333 397 361 Ricionocmcoams
410 353 418 360 .
441 333 515 362 ‘v'ide
536 335 709 370 Testitrahus
720 353 728 361 .

97 373 241 402 Recuvts
253 395 260 406 ‚
269 372 372 401 sursum
384 382 508 411 vergens.
522 376 692 408 [Procerum
705 373 861 402 frondentis
872 372 932 413 pini

140 413 264 451 stipitem
274 415 370 442 vetitis
381 423 548 452 paganorum
565 415 736 442 caeremoniis
757 415 915 453 deputatum
926 435 933 447 ‚

138 454 263 492 quamvis
275 454 385 493 obliqua
394 454 525 483 reclivem
534 464 677 484 curvatura
689 455 774 484 crebri
784 455 934 483 accolarum

139 494 251 532 bipenes
261 495 385 523 certatim
395 493 702 524 succiderent.Aldelm.
712 495 746 524 de
753 495 835 535 Virg.
843 506 867 523 c.
875 506 882 523 i
891 497 932 532 3.]

139 537 182 565 Ac
194 536 221 564 S.
231 536 371 563 Pacomius
382 535 411 561 in
425 536 481 569 ejus
490 545 547 574 reg.
561 545 604 570 50.
616 535 650 564 de
661 536 780 574 positura
789 558 797 569 ,
809 547 859 574 qua
871 538 934 565 Mo·
952 533 963 546 '‘
979 534 1197 562 ermcumm
1217 555 1225 562 .

141 574 221 604 nachi
231 576 353 603 dormire
364 575 495 603 debebant
507 596 515 608 ‚
536 576 650 613 loquens
660 598 667 609 ,
691 576 729 605 :iit
741 587 748 604 ι
772 578 863 612 [Non
872 576 934 604 dor-

989 210 1132 249 tione‚qua
1142 211 1208 239 Deo
1218 210 1323 250 semper
1330 213 1420 243 saneim
1431 215 1590 244 intentione
1602 215 1782 248 vacabatucor-

988 260 1072 288 porea
1088 250 1116 279 se
1127 251 1282 288 dejefflone
1293 253 1439 290 prostravit
1447 277 1457 290 ‚
1474 256 1617 294 statimque
1634 255 1781 294 pristinum

988 301 1065 319 coeco
1076 291 1170 319 lumen
1180 291 1335 325 redhibens,
1346 293 1480 325 immundi
1489 306 1598 334 quoque
1608 296 1709 333 pestem
1723 295 1778 334 spi-

989 330 1058 359 ritus
1066 330 1199 370 effugavit
1209 351 1216 359 .
1236 333 1382 362 Flodoard.
1392 335 1438 363 lib.
1452 347 1475 364 ι.
1486 336 1591 365 Histor.
1603 336 1742 365 Rhemen.
1752 347 1776 364 c.

995 374 1062 403 12.]
1086 375 1121 400 Et
1133 373 1163 400 in
1174 373 1270 401 eodem
1280 372 1359 402 sensu
1371 376 1457 414 Greg.
1466 379 1570 405 Turon.
1593 377 1639 405 lib.
1649 388 1677 412 9.
1698 387 1720 404 c.
1733 387 1783 413 34.

992 416 1004 445 [
1016 412 1090 440 Cum
1099 411 1170 450 saepe
1179 414 1262 441 matri
1270 414 1416 443 calumnias
1435 415 1549 444 inferi-et
1559 437 1568 449 ,
1588 417 1744 456 diceretque
1755 415 1784 443 se

989 450 1043 520 {ge
1052 452 1194 481 dominam
1205 474 1214 486 ,
1232 455 1457 494 genetricemque
1474 455 1547 484 suam
1564 455 1679 486 servitio
1690 456 1784 485 redhi-

1022 501 1045 519 ri
1056 512 1064 520 .

1231 568 1233 571 y
1251 536 1401 565 Peculiaris
1428 534 1535 565 habitus
1565 537 1763 565 Monachmum
1775 556 1783 564 .

993 572 1151 602 Cassianus.
1175 575 1234 603 Lib.
1251 586 1274 602 i.

137 616 204 644 iniat
221 616 280 653 quis
291 624 390 653 praeter
401 615 533 645 reclivem
543 615 666 646 sellulam
676 639 684 650 ‚
696 619 709 648 ]
731 617 798 645 idest
806 639 815 651 ,
839 616 936 656 absque
952 614 1101 642 anmvis
1107 624 1159 643 ‘rio
1171 635 1178 641 .
1187 616 1242 644 FR.
1253 615 1426 645 investiturae
1437 638 1445 650 ‚
1458 627 1509 655 qua
1518 616 1578 655 quis
1588 616 1717 655 spoliatus
1728 616 1786 645 fue-

138 655 232 684 sellula
243 676 250 683 .

992 663 1051 686 rat,
1075 654 1216 687 redditio,
1239 666 1296 683 can.
1318 667 1450 694 oportet,
1474 668 1500 695 3.
1523 668 1552 696 q.
1573 668 1596 684 1·

100 699 242 728 Rectum
254 718 260 729 ,
271 696 394 735 quamvis
404 696 458 725 hoc
469 697 582 726 verbum
593 698 779 727 communiter
786 698 891 737 aperire
904 698 937 726 fi·
952 696 1107 723 Renum-10
1119 715 1127 722 .
1142 696 1198 724 FR.
1210 695 1278 724 idest
1290 718 1297 728 ,
1322 698 1396 725 Mors
1406 719 1414 730 ,
1433 708 1485 736 qua
1497 707 1593 736 corpus
1604 697 1637 725 ad
1646 695 1790 735 pristinam

140 737 255 775 gnificet
267 759 275 770 ‚
297 747 380 775 penes
389 737 477 766 aulem
488 739 638 767 nonnullos
647 741 735 768 Patres
756 740 855 767 iterum
865 740 937 767 clau-

141 777 205 806 dere
215 777 330 805 denotat
343 789 348 805 :
364 784 376 813 [
388 779 501 816 Viginti
510 789 626 817 quatuor
636 783 726 818 Reges
736 780 885 808 conlistunt
896 789 937 807 re-

141 818 206 846 clusi
227 818 389 848 intrinsecus
408 829 564 856 portarum.
583 821 608 848 S.
619 820 759 849 Metodius
769 822 854 849 Mart.
867 822 878 851 ]
903 823 936 848 Et

142 858 307 886 Hincmarus
329 860 358 886 in
377 860 433 887 vita
453 860 541 888 Sancti
566 861 706 899 Remigii:
729 863 814 895 [Erat
826 861 936 898 quidam

145 899 307 927 venerabilis
318 921 325 931 ,
337 910 366 927 ac
377 899 476 938 dignus
487 899 651 938 professione
661 922 671 934 ‚
689 911 717 928 ac
729 901 843 929 nomine
854 903 939 930 Mon—

139 949 218 967 tanus
227 939 380 968 Monachus
402 940 431 967 in
440 941 590 968 recluiione
609 940 761 969 solitariam
784 941 868 969 vitam
889 942 936 970 du-

142 990 205 1008 cens
215 982 246 1011 .]
270 982 363 1018 Atque
372 980 468 1008 clarius
477 981 548 1018 apud
557 980 704 1010 Caesarium
717 1004 724 1014 ‚
747 981 792 1009 lib.
809 992 835 1017 ς.
855 992 878 1010 c.
891 994 937 1011 22.

146 1027 157 1055 [
168 1020 225 1054 Qui
237 1029 365 1058 perpetua
378 1021 472 1049 reclusi
480 1020 543 1049 sunt
553 1032 659 1051 carcere
670 1034 676 1050 :
689 1026 702 1054 ]
722 1033 776 1060 quo
787 1021 940 1061 significatu

143 1061 181 1089 ufi
195 1060 277 1088 etiam
289 1060 353 1089 sunt
363 1061 530 1098 Cyprianu3‚
539 1065 557 1091 Ἰ
565 1062 737 1095 enauimus,
749 1066 777 1091 ὃ(
786 1062 937 1091 Cassianus.

102 1103 306 1130 RECORDATUS
322 1123 329 1134 ,
350 1102 520 1131 recordatio:
543 1109 557 1137 [
569 1104 647 1131 Hanc
658 1114 725 1142 ergo
747 1104 790 1131 vir
800 1103 939 1142 sapiens&

142 1141 199 1170 usui
213 1163 220 1174 ,
230 1145 257 1170 ὅ(
269 1143 418 1170 conti-actui
429 1164 437 1175 ‚
449 1146 476 1170 ὅ(
489 1143 642 1171 recordatui
652 1154 701 1172 tuo
712 1154 861 1183 cremptam
877 1154 939 1184 per-

140 1181 252 1210 suadere
262 1202 269 1209 .
281 1183 397 1211 Tertull.
409 1183 442 1210 de
454 1182 537 1211 resur.
550 1194 622 1212 carn.
634 1195 656 1212 c.
670 1196 697 1219 4.

993 743 1070 762 terrae
1083 735 1223 763 materiam
1233 736 1314 764 redit:
1333 737 1374 771 [Si
1386 738 1540 775 expeditos,
1554 738 1572 766 si
1582 738 1681 765 celeres
1690 737 1721 764 in
1732 735 1786 764 hoc

992 775 1082 811 operis
1091 785 1180 813 agone
1188 786 1325 806 currentes
1335 798 1343 810 ,
1355 778 1411 806 dies
1423 788 1472 806 nos
1482 780 1527 806 vel
1537 778 1702 806 redditionis
1713 797 1721 809 ,
1740 777 1787 804 vel

992 813 1189 851 persecutionis
1198 817 1338 846 invenerit
1349 837 1357 845 .
1367 818 1476 847 Sanetus
1488 818 1646 856 Cyprianus
1656 839 1665 850 ‚
1685 817 1734 845 lib.
1752 817 1787 845 de

992 864 1075 892 opere
1089 876 1096 887 ,
1119 859 1146 884 ὃς
1168 855 1265 884 eleem.

952 897 1296 930 Rrrmrouxumstocus,
1318 898 1361 927 ubi
1371 898 1508 937 Religiosi
1527 898 1699 936 corporalem
1717 896 1788 925 refe-

992 935 1112 964 {tionem
1125 935 1230 965 sumere
1242 936 1332 966 solent
1343 958 1349 965 .
1363 944 1374 973 [
1385 940 1542 968 Temerario
1549 939 1663 966 Conatu
1673 941 1734 966 Rex
1744 947 1788 965 re-

994 974 1138 1005 senorium
1150 976 1282 1015 ingreffus
1294 979 1378 1007 fuerat
1387 999 1394 1007 .
1404 982 1522 1018 Gregor.
1531 981 1634 1008 Turon.
1656 979 1687 1006 in
1697 977 1786 1016 suppl„

992 1025 1049 1054 cap.
1060 1024 1107 1054 36.
1120 1020 1132 1049 ]
1158 1018 1232 1046 Vide
1250 1023 1404 1048 Panetaria
1414 1040 1421 1047 .

953 1056 1204 1087 Ruecroumus
1218 1080 1224 1091 ‚
1235 1059 1279 1088 cui
1288 1060 1427 1088 refectorii
1438 1071 1499 1089 cura
1510 1058 1643 1088 incumbit
1652 1078 1659 1085 .
1675 1059 1791 1093 [Quem

991 1107 1053 1125 cum
1061 1098 1260 1127 Refeciorarius
1272 1100 1449 1130 introducere
1460 1101 1543 1129 vellet
1556 1122 1563 1131 ,
1575 1099 1733 1137 pauperibus
1743 1109 1790 1127 ex-

993 1138 1069 1166 clusis
1081 1159 1089 1171 ,
1100 1149 1250 1168 commotus
1262 1140 1309 1169 ille
1321 1142 1450 1170 clamavit
1460 1161 1468 1169 .
1486 1139 1590 1171 Caesar.
1602 1140 1650 1167 lib.
1664 1146 1691 1168 ό.
1709 1140 1790 1167 mira-

995 1179 1080 1207 culor.
1090 1189 1113 1206 c.
1128 1189 1153 1215 5.

103 1225 247 1252 chxrno
259 1243 266 1255 ,
278 1223 391 1251 restituo
401 1244 409 1255 ‚
427 1223 579 1261 conligno:
606 1225 708 1259 [Dicit
718 1225 822 1253 Comes
833 1247 841 1258 ,
864 1225 939 1264 quod
954 1219 1107 1247 kafficuis
1118 1239 1126 1247 ·
1151 1220 1223 1248 Vide
1238 1219 1366 1258 Refertm
1377 1242 1385 1250 ο
1706 1259 1711 1264 ο

143 1263 260 1290 libenter
271 1263 368 1291 reddet
379 1285 387 1296 ‚
409 1273 453 1291 aut
471 1274 498 1291 re
507 1264 599 1292 credet
611 1265 755 1294 Comitem
776 1267 937 1294 Nivernen-
954 1260 1216 1293 harmonius,
1232 1262 1388 1290 Praelaturae
1401 1271 1497 1290 munus
1508 1263 1538 1290 in
1548 1263 1631 1290 Rom·
1643 1261 1728 1288 Cuma
1739 1281 1746 1292 ‚
1756 1260 1789 1288 ad

143 1301 200 1330 sem
214 1323 220 1330 .
231 1304 285 1331 Ivo
295 1305 411 1332 Carnot.
422 1304 499 1341 epist.
512 1315 577 1339 275.

103 1344 227 1372 chron
239 1345 364 1372 SANCTAE
379 1345 461 1372 Senis
474 1364 481 1370 .
491 1346 546 1373 FR.
556 1345 710 1382 appellatur
717 1347 788 1384 Papa
799 1367 806 1379 ,
817 1346 939 1385 can-qui-

143 1383 209 1412 libet
220 1405 228 1416 ,
242 1389 266 1412 8.
277 1394 302 1420 q.
318 1394 342 1418 5.

103 1425 242 1452 Ram-»ux
253 1444 260 1451 .
271 1426 326 1453 PR.
338 1423 472 1452 Abbatissii
492 1444 499 1451 .
510 1424 610 1454 Bullar.
621 1425 714 1455 Casm.
733 1434 800 1456 tom.
813 1438 839 1456 ι..
851 1427 938 1456 const.

148 1476 161 1492 z
169 1475 194 1492 ι..
207 1476 220 1492 2
228 1469 254 1492 8.

102 1506 279 1533 Recuri'rus
293 1525 299 1532 .
323 1504 397 1533 Vide
420 1506 570 1534 Sabbatum
592 1510 743 1534 recutitum
753 1527 761 1534 .

104 1546 211 1573 Renuo
223 1565 230 1571 .
242 1547 298 1574 PR.
309 1545 372 1573 licet
382 1545 433 1573 hoc
449 1546 559 1573 verbum
571 1546 626 1574 sere
637 1548 779 1575 restituere
791 1546 939 1585 significet,

146 1583 287 1623 usurpatur
297 1595 388 1614 tamen
407 1596 458 1624 pro
469 1586 548 1614 dare:
569 1593 581 1622 [
593 1587 668 1623 Quid
686 1587 774 1615 dicam
791 1587 825 1615 de
835 1586 920 1616 usuris
931 1608 939 1619 ,

148 1636 211 1662 quas
220 1626 303 1654 etiam
314 1626 378 1665 ipss:
394 1627 468 1664 leges
479 1648 486 1659 ,
505 1630 531 1655 ὃ(
541 1627 643 1661 judices
662 1628 736 1656 reddi
747 1628 861 1664 jubent?
880 1638 939 1655 can.

146 1666 213 1703 quid
222 1666 321 1700 dicam,
339 1678 382 1702 14.
396 1668 487 1705 qu-4.]
503 1667 545 1695 ubi
556 1667 648 1696 Gloss'i
662 1668 695 1696 stc
709 1668 835 1706 exponit:
849 1668 939 1703 [Red-

144 1707 183 1739 di,
194 1706 263 1735 idest
275 1708 342 1740 dari,
354 1708 417 1746 quia
426 1707 536 1735 verbum
548 1709 679 1736 reddendi
693 1709 804 1746 ponitur
816 1719 865 1746 pro
879 1718 938 1737 ver-

147 1748 180 1775 bo
198 1747 279 1775 dandi
290 1769 298 1780 ‚
320 1747 347 1776 ff.
358 1749 391 1776 de
402 1747 546 1776 verborum
558 1748 757 1787 significatione
767 1770 774 1780 ,
798 1750 816 1776 l.
828 1748 939 1777 verbum

144 1787 278 1815 reddendi
290 1809 297 1815 .
311 1790 322 1819 ]
347 1792 387 1817 Ac
400 1789 461 1816 licet
473 1798 567 1816 verum
579 1789 611 1817 lit
620 1810 628 1822 ‚
648 1789 722 1827 quod
734 1789 818 1817 reddo
843 1800 893 1827 pro
903 1790 939 1817 do

145 1826 288 1864 usurpetur
298 1849 306 1860 ,
319 1839 408 1857 canon
420 1839 485 1857 vero
494 1829 592 1857 citatus
612 1831 707 1861 reddi,
727 1829 795 1857 idest
804 1850 811 1861 ,
833 1830 938 1857 restitui

146 1867 234 1896 usuras
245 1869 314 1896 male
325 1879 444 1907 acceptas
456 1871 529 1908 leges
540 1890 547 1902 ,
569 1873 597 1897 ὃ(
610 1870 719 1907 Judices
729 1870 821 1904 jubere
833 1869 939 1897 intelli-

145 1908 189 1946 git
199 1928 206 1935 .
218 1910 290 1937 Item
300 1909 432 1948 significat
444 1910 580 1938 confiteri.
591 1910 677 1939 Unde
687 1911 725 1938 D.
735 1910 892 1938 Ambrosius
905 1911 939 1938 de

144 1948 255 1977 Davide
266 1950 423 1987 poenitcnte
434 1951 544 1990 inquit:
560 1951 636 1985 [Ille
647 1953 708 1980 Rex
723 1960 812 1978 tantus
823 1971 830 1982 ,
853 1961 882 1978 ac
891 1961 940 1989 po-

148 1999 206 2017 tens
217 2011 225 2021 ,
243 2001 277 2018 ne
288 1990 390 2028 exiguo
407 1991 519 2023 quidem
530 2000 671 2019 momento
680 2001 788 2019 manere
808 2000 890 2028 penes
911 1989 939 2018 se

146 2029 240 2057 delifti
251 2030 334 2068 pallus
345 2034 383 2059 cst
393 2030 598 2059 conscientiam:
609 2030 656 2059 scd
666 2040 825 2069 praematura
833 2030 939 2059 confes-

147 2070 230 2102 sione,
241 2080 322 2109 atque
331 2071 465 2099 immenso
475 2072 573 2100 dolore
585 2072 705 2100 reddidit
715 2080 853 2109 peccatum
862 2070 938 2100 suum

146 2109 275 2139 Domino
287 2131 294 2138 .
316 2112 360 2139 De
372 2113 493 2150 Apolog.
506 2112 601 2140 David
639 2113 748 2150 apolog.
763 2123 785 2140 i.
796 2122 819 2139 c.
835 2122 857 2139 ι.

106 2152 287 2183 REDEQUiTo
300 2173 307 2184 ‚
318 2152 469 2187 equitando
477 2162 552 2180 retro
561 2163 594 2180 eo
604 2173 611 2184 ‚
624 2153 704 2181 redeo
714 2174 722 2185 ‚
745 2156 772 2180 δε
784 2152 814 2180 ab
826 2152 938 2190 incepto

147 2189 248 2218 itinere
260 2191 357 2219 desisto
368 2212 374 2218 .
388 2198 399 2226 [
411 2194 478 2220 Haec
488 2193 535 2221 ille
547 2203 603 2221 non
612 2202 750 2231 gratanter
761 2192 896 2230 accipiens
905 2192 938 2221 ad

148 2230 289 2260 Comitem
301 2232 453 2269 redequitat
465 2253 472 2260 .
482 2234 554 2260 Fulb.
565 2235 715 2261 Carnoten.
727 2242 769 2270 ep.
781 2243 827 2260 21.

106 2272 281 2300 Rzmnnuo
293 2292 301 2304 ,
312 2270 358 2300 seu
368 2272 670 2311 Redibitionemfacere
680 2293 687 2300 .
698 2275 755 2302 FR-
767 2271 878 2310 exigere
887 2294 896 2305 ‚
918 2273 937 2300 l.

147 2311 300 2340 audivimus
311 2332 318 2339 .
329 2313 374 2341 Ne
385 2312 461 2340 liberi
471 2311 595 2341 homines
604 2313 820 2351 comprimantur
831 2332 840 2339 .

99 2351 327 2386 molanum.
348 2353 405 2385 FR-
424 2353 549 2391 exactio,
568 2353 709 2394 exigentia
720 2375 729 2391 ,
749 2353 776 2391 d,
796 2352 937 2391 laudm—

992 1308 1074 1335 qucm
1083 1300 1144 1327 lites
1159 1321 1167 1333 ‚
1175 1304 1201 1329 3<
1211 1300 1298 1329 causas
1310 1303 1340 1329 in
1349 1303 1493 1340 Signatum
1503 1302 1632 1338 Justitie,
1642 1304 1670 1328 δε
1681 1300 1786 1328 Gratiae

992 1349 1083 1367 coram
1093 1339 1263 1368 Sanffiffimo
1275 1341 1375 1369 referre
1384 1341 1485 1379 spectat
1499 1363 1506 1373 ‚
1527 1345 1554 1369 δε
1575 1341 1637 1368 ideo
1647 1338 1787 1378 nti-'iusque

992 1379 1143 1417 Signaturae
1154 1381 1345 1409 Referendarii
1356 1380 1512 1417 hujusmodi
1522 1381 1630 1409 Praelziti
1649 1382 1791 1418 appellan-

993 1428 1037 1446 tur
1046 1440 1054 1451 ,
1065 1420 1151 1459 quial>
1164 1421 1322 1449 Alexandro
1335 1423 1387 1450 VI.
1400 1422 1543 1454 instituti,
1557 1431 1585 1449 ac
1598 1422 1691 1449 inultis
1701 1421 1790 1458 privi—

994 1459 1076 1497 legiis
1086 1460 1186 1487 muniti
1197 1460 1278 1491 sunrs
1305 1462 1378 1490 inter
1388 1472 1456 1500 quos
1466 1461 1611 1489 duodecim
1621 1462 1792 1499 antiquiores

995 1505 1122 1528 Votantes
1133 1502 1318 1538 appellantur,
1330 1502 1394 1539 quia
1404 1502 1454 1539 ipsi
1463 1502 1514 1530 soli
1527 1501 1557 1528 in
1566 1501 1710 1538 Signatura
1721 1501 1789 1528 dant

995 1543 1099 1572 vota‚&
1112 1541 1141 1568 in
1152 1541 1268 1578 paritate
1278 1552 1408 1570 votorum
1418 1542 1574 1570 cardinalis
1586 1541 1730 1569 Praeseftus
1739 1541 1790 1577 Ju-

995 1579 1075 1608 stitiae
1096 1581 1247 1618 Signaturae
1266 1583 1330 1611 dare
1347 1583 1436 1621 potest
1455 1581 1531 1609 suum
1550 1591 1665 1612 votu1n‚·
1688 1591 1790 1619 praeter

995 1631 1069 1648 enini
1080 1619 1153 1649 hunc
1166 1620 1254 1650 casum
1266 1633 1403 1661 nunquam
1413 1623 1459 1651 dat
1469 1620 1526 1660 ipse
1537 1623 1681 1650 vorumJn
1692 1621 1787 1659 Signa-

994 1670 1052 1688 tum
1063 1671 1152 1689 autem
1161 1664 1277 1695 Gratiae,
1288 1673 1360 1701 quae,
1371 1673 1400 1692 ut
1409 1664 1512 1691 dictum
1523 1662 1570 1693 est,
1583 1661 1688 1699 semper
1697 1671 1791 1689 coram

995 1703 1065 1741 Papa
1074 1701 1188 1730 habetur
1199 1723 1206 1735 ‚
1231 1704 1270 1731 ibi
1281 1704 1370 1732 nullus
1387 1704 1467 1732 habet
1478 1712 1573 1731 votum
1582 1723 1589 1735 ,
1612 1712 1674 1740 quia
1692 1710 1786 1739 grana:

994 1740 1076 1769 solius
1088 1741 1224 1780 Principis
1235 1742 1378 1774 suntslicet
1386 1743 1532 1783 aliquando
1541 1743 1706 1780 opinionum
1717 1742 1788 1770 Car-

993 1782 1128 1810 dinalium
1140 1783 1388 1812 intervenientium
1398 1805 1406 1816 ,
1417 1784 1461 1812 vel
1474 1782 1733 1812 Referendariorum
1743 1791 1789 1810 au-

994 1823 1054 1850 dire
1075 1822 1169 1860 poscat
1183 1842 1190 1850 .
1214 1825 1248 1851 In
1261 1824 1377 1852 Ecclesia
1396 1834 1461 1853 vero
1479 1822 1787 1861 Constantinopolitana

995 1863 1184 1892 Referendarii
1206 1864 1326 1902 dignitas
1338 1864 1381 1892 illi
1391 1863 1582 1892 conferebatur
1590 1884 1598 1896 ,
1621 1863 1665 1891 cui
1675 1861 1789 1891 secretas

994 1903 1159 1932 Patriarcliae
1172 1903 1375 1933 commistiones
1383 1904 1488 1933 deferre
1498 1904 1668 1932 incumbebat
1679 1914 1685 1930 :
1704 1904 1739 1932 lic
1747 1911 1789 1930 et-

994 1944 1048 1972 iam
1060 1945 1221 1981 Principum
1231 1944 1399 1973 saecularium
1410 1944 1616 1974 Reserendarii:
1638 1942 1789 1981 [Requisi-

994 1983 1088 2022 rusque
1099 1984 1192 2017 Otho,
1203 1986 1250 2023 qui
1261 1995 1326 2013 tunc
1337 1985 1549 2015 Referendaxius
1561 1984 1655 2018 fuerat,
1665 1986 1739 2018 cujus
1750 1983 1788 2011 ibi.

991 2023 1152 2062 subscriptio
1163 2026 1282 2053 mediata
1291 2028 1432 2055 tenebatur
1443 2048 1450 2059 ‚
1462 2025 1548 2054 adfuit
1559 2047 1567 2058 ,
1587 2034 1671 2064 negat
1691 2023 1719 2052 se
1729 2023 1791 2052 sub-

992 2063 1121 2103 scripliss'e
1131 2085 1138 2092 ·
1156 2068 1243 2104 Greg.
1254 2070 1358 2095 Turon.
1379 2067 1425 2095 lib.
1440 2078 1483 2095 io.
1501 2077 1524 2094 (-
1541 2077 1584 2102 ¹9·
1596 2069 1608 2098 ]
1629 2067 1685 2095 FR·
1704 2064 1789 2092 etiam

993 2106 1238 2144 Longobardorum
1248 2109 1339 2145 Reges
1350 2106 1411 2135 suos
1421 2106 1552 2136 habebant
1564 2104 1788 2135 Referendarim.

996 2152 1008 2181 [
1019 2147 1175 2175 Deliderius
1194 2149 1256 2176 Rex
1268 2148 1497 2177 Referendarium
1507 2169 1515 2180 ‚
1534 2151 1562 2175 ὃ(
1583 2146 1710 2175 Stabilem
1728 2145 1788 2187 Du-

994 2198 1052 2217 cem
1064 2188 1197 2216 Oratores
1209 2188 1292 2217 misit.
1304 2188 1404 2217 Blond.
1416 2188 1510 2217 decad.
1523 2199 1549 2216 z.
1562 2188 1581 2215 l.
1590 2189 1647 2218 i.]:
1662 2184 1678 2224 ll
1692 2198 1698 2213 ;
1712 2188 1747 2227 Et
1756 2194 1785 2227 in

996 2229 1102 2267 signum
1113 2227 1293 2256 conceffionis
1302 2228 1382 2263 hujus
1392 2229 1481 2257 officii
1491 2229 1564 2257 inter
1575 2227 1640 2255 alias
1651 2225 1786 2260 Principis

993 2269 1170 2298 caeremonias
1181 2291 1188 2302 ‚
1198 2267 1257 2297 haec
1268 2269 1369 2308 legitur
1377 2281 1387 2300 ‚-
1413 2271 1495 2304 [Nec
1505 2269 1594 2296 multo
1604 2266 1664 2308 post
1673 2286 1680 2298 ,
1702 2263 1787 2291 anulo

994 2321 1026 2339 ex
1039 2319 1120 2340 manu
1130 2310 1216 2348 Regis
1225 2319 1336 2348 accepto
1346 2331 1354 2342 ,
1376 2309 1570 2339 Relerendarii
1589 2307 1711 2335 officium
1722 2302 1785 2329 ade-

992 2360 1055 2391 ptus
1064 2349 1101 2388 est
1110 2369 1120 2380 0
1136 2351 1172 2382 In.
1184 2351 1248 2389 Vita
1259 2351 1285 2391 Sz
1294 2350 1391 2382 Boniti
1401 2348 1532 2390 Episcopi
1541 2350 1574 2381 0]
1594 2341 1786 2415 Κεῖιειζὲζζὲῐίὶ
