1866 2526
474 18 587 62 CU

111 79 222 121 Regula
229 78 257 109 S.
265 74 406 110 Benediffi
418 99 426 111 ,
448 89 472 106 c.
485 88 497 114 ς
501 90 531 115 9.
541 81 556 112 ]
567 81 640 108 Cum
649 78 784 108 oblatione
794 100 804 113 ‚
816 77 885 108 idest
897 99 906 112 ‚

113 131 164 160 pro
171 119 314 150 oblatione
324 118 494 163 intelligitur
503 138 511 147 .
569 158 576 164 .
710 159 715 164 1

69 159 281 191 eomemmus
293 182 302 194 ,
324 159 357 188 ad
367 159 524 188 cuniculum
533 159 634 188 animal
645 169 789 198 pertinens
811 161 904 196 [Car-

1623 42 1642 57 a

958 87 1012 118 que
1033 71 1132 109 vulnus
1149 23 1405 122 diciturCoblithifl'e-
1426 84 1438 114 ]
1463 84 1500 118 tls:
1521 58 1642 115 'sanderi-i
1652 40 1753 116 2egi-ru-

960 129 1007 158 με
1023 120 1308 189 ehGnvaprocupha,
1330 132 1361 150 ut
1370 120 1466 161 supra,
1490 124 1654 164 legendum.
1678 128 1752 156 Vide

957 164 1027 199 Scap
1047 171 1083 189 a.

112 211 160 230 nes
169 200 260 231 suillas
271 223 278 234 ‚
299 200 343 230 vel
358 199 532 229 cuniculinas
549 211 607 229 non
616 200 747 236 abjiciunt
758 221 765 233 ,
789 201 903 240 piscium
919 200 1038 230 Cmnffl
1049 221 1058 234 ,
1079 201 1144 230 licet
1152 203 1264 251 propr'ie
1284 213 1478 234 ornamentum
1497 206 1596 244 capitis
1612 207 1752 236 muliebris

111 252 204 271 carnes
214 241 338 280 pinnulis
357 240 510 270 carentium
529 251 586 269 non
597 241 744 279 reprobant
754 261 761 268 .
783 244 904 270 Evantus

111 283 181 311 ΑΗ).
192 283 221 312 in
231 282 345 321 quadam
357 284 413 316 ejus
422 281 537 320 epistola
547 302 555 310 .
568 284 580 313 ]
601 281 660 311 Ubi
670 281 794 321 loquitur
805 281 902 311 decar-

112 322 191 351 nibus
201 323 306 362 Judaeis
317 322 412 351 vetitis
423 328 437 348 .“
538 353 544 359 ι

68 361 243 393 <tumemus
254 384 261 392 .
284 363 359 392 Vide
368 363 564 400 Choerogryllus
582 382 590 390 .

69 402 154 434 CUM
165 426 174 438 ‚
185 403 335 444 cophinum
344 425 352 437 ,
364 402 408 432 seu
420 402 483 431 cisia
494 403 642 431 viminibus
649 411 782 432 contexta
792 425 799 437 ‚
811 403 842 432 in
851 413 902 442 qua

106 445 301 474 cruciabantur
310 445 354 474 SS.
366 445 502 478 Martyres
514 455 520 471 :
545 449 558 478 t
570 444 665 483 Igitur
672 452 790 487 urgente
806 453 901 472 mune-

108 495 230 515 ratorum
251 486 364 514 decreto
376 482 466 513 Sancti
477 486 611 519 Martyres
633 485 663 512 in
672 484 740 513 circi
749 482 902 522 spestaculo
917 484 1019 514 Cuma
1031 505 1037 513 .
1062 487 1137 515 Vide
1147 488 1267 526 Copula·

917 525 1018 554 (ἶυῐψΛ
1030 546 1037 553 .
1060 527 1134 556 Vide
1155 532 1250 566 Cupa-

916 565 1044 594 cnam
1055 570 1205 598 Eccirsu
1215 589 1222 597 .
1244 568 1319 598 Vide
1330 572 1463 601 Parocbia
1473 592 1480 600 .

103 536 151 556 ter
160 526 239 555 denis
248 535 376 565 cuparum
385 524 497 564 gremiis
509 524 685 553 includuntur
695 545 704 557 ‚
719 534 787 569 'quae
798 524 901 553 intrin-

105 565 180 596 secus
191 576 256 596 τιτι-κ
270 567 337 606 picis
348 565 426 594 massa
439 587 447 598 ,
460 568 487 593 ὃ(
497 564 638 593 bituminis
657 563 755 593 fomite
764 586 771 597 ,
789 564 901 602 sulphu-

960 241 993 270 sit
1004 263 1012 275 ‚
1033 245 1061 271 ec
1072 252 1087 270 a
1107 242 1195 272 firi-ma
1206 255 1286 283 uapng
1295 266 1303 277 ‚
1315 244 1385 274 idest
1395 266 1404 278 ,
1423 247 1593 276 concurbitae
1603 269 1612 281 ,
1632 248 1671 277 ita
1680 248 1752 277 dica-

959 291 1004 310 tur
1014 293 1023 314 ;
1034 283 1066 311 ab
1077 283 1181 312 Albino
1191 294 1283 313 tamen
1295 285 1390 314 Flacco
1398 296 1450 325 pro
1459 286 1547 316 bireto
1556 289 1754 318 Ecclesiastico-

958 332 1018 352 rum
1029 323 1158 363 accipitur
1169 329 1181 359 (
1192 325 1292 364 dequo
1303 325 1332 354 in
1341 325 1407 354 diet.
1417 328 1629 357 Camelaucium
1641 351 1649 362 ,
1661 333 1689 359 ὅ(
1701 334 1754 359 Co-

950 363 996 400 fia
1004 363 1108 393 dictum
1117 365 1194 399 est).
1215 371 1234 402 t
1243 365 1421 396 Ecclefiastici
1433 367 1551 405 pileolos
1562 390 1571 402 ‚
1590 369 1661 399 idest
1671 390 1692 403 ..
1701 380 1749 400 cu—

957 403 1037 442 phias
1046 405 1151 444 gestant
1160 407 1192 436 in
1200 407 1290 448 capite
1300 428 1310 441 ,
1317 405 1387 438 dum
1395 407 1519 439 affistunt
1528 410 1668 441 Altaribus
1675 431 1684 439 .
1703 411 1754 441 De

957 443 1047 473 divin.
1056 445 1102 474 off.
1112 457 1136 474 c.
1147 458 1193 486 3⁷·
1328 473 1376 524 ἲ

105 608 203 647 risque
215 608 315 636 soetore
325 607 485 645 replentur,
503 604 654 633 farciuntur
664 626 672 638 ‚
691 609 719 634 ἃ
730 605 900 634 extrinsecus
914 605 1058 636 cunm-10
1070 628 1078 639 ,
1100 610 1224 646 precatio
1235 630 1242 642 ,
1260 609 1307 639 seu
1315 610 1428 640 divinus
1437 613 1541 641 cultus.
1563 619 1579 649 t
1591 614 1745 651 Sanciteje—

105 647 251 687 suppositis
261 646 457 687 ctcpitantibus
474 644 534 684 rogi
546 645 681 678 torribus,
703 648 730 675 ἀ
749 645 899 675 sarmento.

107 698 167 716 rum
179 688 312 717 fasciculis
322 686 550 724 conflagrantibus
559 684 763 714 succenduntur
772 707 779 713 .
792 688 827 715 In
837 696 899 715 tan-

107 740 164 759 tum
174 751 182 762 ,
202 738 231 757 ut
242 727 406 756 flammantis
415 736 491 764 pyrx
501 726 701 754 cacuminacem
711 726 821 755 obelisci
835 737 899 765 pro-

104 770 268 800 ceritatems
291 767 338 797 sed
349 769 477 795 tamen&
489 766 638 795 rotundum
660 766 779 805 sphoerae
792 768 896 806 apicem

104 809 221 848 triginta
230 808 328 837 cubitis
339 809 368 836 in
378 815 477 836 conum
487 807 679 845 praecellerent
692 827 698 835 .
711 807 852 836 Aldelmus
863 809 897 837 de

104 850 184 888 Virg.
197 860 254 888 cap.
271 853 339 885 ιφ]
364 848 525 886 Aliquando
544 848 603 876 vini
615 848 721 876 dolium
742 847 896 887 significat.

106 890 280 926 [Cellariam
299 891 374 918 enim
392 889 542 928 aliquando
554 888 694 917 vinumde
715 899 783 927 cupa
795 890 897 928 produ-

103 940 210 960 centem
224 954 230 964 ,
241 931 402 959 festinanter
413 940 461 968 per
473 929 601 957 nuncium
610 928 752 957 accersivit
763 949 770 956 .
791 931 826 958 In
838 931 896 959 vim

104 971 131 999 S·
144 971 308 1000 Adelherdis
319 972 476 1009 Virg.]FR.
486 970 582 998 eodem
594 970 728 998 vocabulo
737 968 796 997 usus
808 971 846 998 est
855 972 894 999 D.

104 1012 274 1050 Augustinus
283 1032 292 1044 ‚
315 1012 363 1050 qui
386 1012 403 1038 l.
414 1023 439 1039 2.
449 1011 484 1038 de
494 1009 591 1038 morib.
610 1009 780 1038 Manicheor.
801 1021 824 1039 c.
850 1018 892 1040 16.

103 1061 149 1078 eos
161 1052 294 1082 irridenss
319 1061 378 1079 nam
390 1051 432 1078 illi
442 1049 590 1078 afferebant
600 1049 698 1077 vinum
718 1050 770 1078 este
782 1051 893 1080 Diaboli

103 1090 138 1120 sel
149 1113 157 1124 ‚
179 1096 207 1121 δι
219 1102 310 1121 tamen
321 1090 417 1130 absque
427 1091 521 1129 aliquo
531 1090 657 1128 scrupulo
667 1100 750 1119 uvam
767 1092 892 1121 comede-

100 1132 175 1162 banrs
187 1133 222 1161 sic
231 1133 323 1171 inquit
346 1138 358 1167 [
369 1134 428 1169 Ῑυη
440 1141 506 1160 vero
516 1141 575 1169 quae
587 1140 662 1159 tanta
674 1132 833 1169 perversitas
842 1134 890 1166 est,

101 1171 198 1201 vinum
208 1183 302 1212 putare
311 1173 347 1201 fel
358 1171 519 1208 Principum
528 1172 700 1199 tenebrarum
712 1194 720 1205 ,
738 1174 835 1202 &uvis
843 1184 890 1202 co-

99 1213 244 1241 medendis
253 1223 311 1242 non
322 1215 441 1251 pavere?
454 1211 540 1249 Magis
553 1221 586 1239 ne
596 1211 681 1239 inerit
689 1211 760 1241 illud
772 1213 818 1247 fel,
828 1225 888 1243 cum

100 1253 130 1280 in
141 1263 207 1291 cupa
219 1275 227 1286 ‚
238 1263 318 1292 quam
331 1254 359 1281 in
369 1252 455 1281 acinis
467 1251 562 1280 suerit?
573 1253 584 1283 ]
596 1263 624 1280 ac
634 1252 718 1286 idem,
729 1254 775 1282 lib.
785 1266 814 1291 9.
825 1266 890 1284 con-

99 1292 154 1321 sefl]
165 1305 188 1321 c.
203 1299 226 1323 8.
238 1296 285 1322 ait:
299 1295 394 1330 [Nam
402 1303 464 1321 cum
472 1292 506 1320 dc
516 1302 592 1322 more
603 1302 740 1332 tamquam
749 1296 838 1333 puella
847 1296 877 1324 so

97 1333 155 1362 bria
164 1335 270 1369 jubetur
281 1346 295 1363 a
305 1333 458 1374 parentibus
468 1333 502 1361 de
512 1343 579 1372 cupa
602 1335 697 1363 vinum
707 1337 870 1376 depromere
879 1358 887 1370 ,

95 1373 222 1404 submisso
234 1377 333 1415 poculo
343 1396 350 1407 ,
369 1384 421 1413 qua
429 1373 543 1413 desuper
552 1385 627 1414 patet
639 1397 647 1409 ‚
670 1377 840 1416 priusquein
850 1380 886 1407 la—

97 1416 242 1453 gunculam
252 1416 378 1445 funderet
388 1425 493 1444 merum
505 1438 512 1449 ,
533 1417 698 1455 primoribus
709 1418 785 1447 labris
795 1418 886 1448 sorbe-

98 1456 142 1483 bat
151 1457 282 1495 exiguum
292 1479 299 1490 ‚
310 1457 372 1496 quia
384 1468 441 1485 non
451 1467 560 1495 poterat
568 1458 682 1496 amplius
694 1480 702 1491 ‚
725 1458 803 1488 sensu
814 1471 886 1489 recu-

98 1493 172 1524 sante
180 1500 232 1525 &c-
244 1499 256 1528 ]
268 1497 365 1536 Aliqui
377 1507 468 1527 tamen
481 1502 603 1535 Cuppam
614 1499 705 1537 legere
715 1501 819 1529 malunt
829 1522 836 1529 .

56 1536 164 1565 cenni
177 1558 184 1569 ,
196 1547 241 1565 vas
251 1548 279 1565 ut
292 1539 440 1575 plurimum
450 1539 570 1567 vitreum
580 1561 587 1572 ,
599 1539 674 1577 quod
683 1541 818 1570 cucurbita
829 1552 887 1570 mc-

97 1577 224 1606 dicinalis
236 1589 249 1606 a
258 1578 362 1611 Plinio,
373 1579 419 1607 lib.
431 1591 444 1618 3
453 1584 477 1607 8.
487 1591 510 1608 c.
522 1591 567 1608 20.
579 1580 731 1618 appellatur
741 1604 747 1614 ,
759 1592 819 1620 (με
830 1594 886 1611 car-

96 1617 126 1645 ni
135 1619 266 1655 applicata
275 1620 304 1647 ad
318 1618 481 1648 trahendum
490 1620 646 1658 sanguinem
657 1642 665 1654 ‚
685 1622 730 1650 vel
741 1621 884 1654 humorem

93 1660 217 1696 corporis
227 1659 342 1688 inservit
354 1671 360 1691 ς
374 1671 434 1698 qux
445 1672 511 1689 vero
521 1663 630 1699 Vcntqs‘a
640 1663 750 1701 proprie
761 1663 864 1694 dicitur
876 1687 883 1698 ‚

93 1708 153 1727 non
160 1699 321 1739 sanguinem
334 1721 342 1733 ,
359 1701 406 1729 sed
417 1710 523 1731 tantum
542 1701 686 1731 humorem
698 1703 784 1732 trahit
798 1725 805 1733 .
825 1708 881 1735 Ro-

93 1738 168 1767 mani
187 1741 340 1780 vulgariter
349 1746 509 1780 Coppetmm
519 1765 527 1776 ,
551 1747 579 1772 δ(
599 1745 740 1781 Ventosam
759 1755 861 1775 vocant
874 1769 881 1780 ,

91 1780 186 1807 Graeci
197 1778 278 1818 χέφγρς
301 1782 374 1810 unde
385 1782 502 1820 praesens
513 1784 671 1812 v0c2bulum
682 1785 882 1816 derivationem

952 646 1061 682 junium
1073 669 1081 680 ‚
1107 649 1256 687 praedicate
1277 652 1447 681 curationem
1456 674 1463 680 .
1493 656 1610 684 Tertull.
1638 656 1746 686 advers.

953 685 1054 721 Psych.
1065 698 1089 717 c.
1104 691 1170 722 16.]
1193 689 1238 719 ubi
1248 692 1328 720 verba
1339 693 1427 730 Joelis
1444 693 1594 732 Prophetae
1605 696 1743 736 interpre-

952 735 1024 762 tatur
1033 739 1041 758 5
1051 728 1099 767 qui
1108 739 1168 768 cap.
1182 741 1204 758 1.
1216 732 1270 760 ait:
1285 733 1621 770 [Sanctificatejejunium
1631 760 1638 770 ,
1661 749 1742 766 νοω-

952 777 980 796 te
990 777 1106 802 coetum,
1115 774 1168 799 &c.
1177 771 1290 801 clamate
1300 773 1334 801 ad
1345 774 1446 803 Deum.
1457 777 1469 806 ]
1483 776 1614 810 Quamvis
1624 779 1662 807 D.
1675 779 1742 807 Hie-

951 818 1085 844 ronymus
1095 811 1124 838 in
1133 821 1201 840 vero
1210 812 1297 841 latino
1313 812 1392 843 sensu
1401 815 1569 845 curationem
1580 839 1588 850 ,
1610 822 1639 847 ὃ(
1648 820 1741 849 mede-

952 848 1007 877 lam
1025 847 1196 888 spiritualem
1215 852 1356 892 intelligat
1368 876 1375 887 ,
1397 866 1459 883 cum
1479 858 1613 894 jejunium
1634 859 1667 888 sit
1678 870 1740 888 vera

952 899 1122 927 peccatorum
1131 893 1237 922 curatio
1248 903 1255 920 :
1273 893 1322 922 sed
1333 896 1517 925 Tertullianus
1532 901 1608 934 juxta
1618 910 1741 939 graecum

950 929 1057 959 sensum
1068 931 1210 971 θεραπεία
1220 955 1228 967 ,
1238 944 1298 972 quae
1309 935 1396 966 dieho
1407 938 1508 966 nedum
1522 939 1656 969 medelam
1667 962 1676 974 ‚
1694 940 1741 970 scd

949 970 1110 1010 obsequium
1120 994 1128 1005 ,
1150 977 1179 1002 &
1189 977 1372 1004 reverentiam
1394 977 1473 1006 sonat
1485 991 1491 1007 ι
1514 979 1549 1008 sic
1559 981 1639 1009 Plato
1649 982 1677 1010 in
1687 986 1740 1011 Eu-

947 1011 1089 1049 tryphone
1110 1014 1207 1042 eodem
1221 1016 1353 1046 vocabulo
1363 1017 1422 1046 usus
1431 1019 1469 1046 est
1478 1019 1511 1048 ad
1531 1020 1739 1058 significandum

948 1051 1076 1081 divinum
1095 1055 1198 1084 cultum
1210 1076 1217 1083 .
1241 1057 1331 1094 Quare
1339 1068 1374 1086 ex
1394 1057 1612 1098 subsequentibus
1630 1065 1740 1092 Tertul-

947 1092 1015 1121 liani
1025 1094 1114 1123 verbis
1125 1095 1159 1124 de
1169 1097 1331 1127 adoratione
1341 1098 1418 1137 loqui
1428 1100 1571 1129 evidenter
1580 1112 1664 1140 patet,
1673 1104 1738 1133 dum

947 1133 1058 1172 inquit:
1071 1141 1082 1170 [
1095 1135 1184 1165 Unde
1193 1158 1202 1169 ,
1216 1138 1262 1176 qui
1277 1138 1307 1165 in
1317 1138 1400 1168 idolis
1410 1141 1535 1169 colendis
1545 1163 1553 1174 ‚
1571 1143 1638 1171 &in
1649 1143 1698 1173 hac
1709 1156 1736 1174 re

945 1175 1076 1204 ornandis
1085 1197 1093 1208 ,
1116 1179 1143 1205 &
1153 1178 1187 1205 ad
1197 1177 1313 1217 singulas
1324 1178 1404 1208 horas
1414 1180 1562 1210 salutandis
1571 1183 1716 1213 adulantur
1728 1209 1735 1219 ‚

945 1215 1116 1244 curationem
1125 1216 1212 1246 facere
1220 1219 1374 1254 dicuntum
1383 1221 1474 1260 itaque
1483 1232 1541 1250 non
1551 1232 1660 1262 poterat
1671 1230 1738 1255 'Ier-

944 1256 1074 1284 tullianus
1083 1258 1292 1295 perdistionem
1306 1265 1469 1291 Curationis
1479 1263 1612 1293 medelam
1630 1265 1735 1295 intelli-

945 1305 1010 1335 gere
1020 1318 1028 1329 ,
1038 1298 1102 1326 dum
1112 1298 1194 1327 etiam
1204 1300 1259 1328 ait:
1270 1303 1283 1332 ]
1305 1302 1502 1332 Praedicaturos
1512 1305 1604 1333 officia
1615 1316 1736 1336 curantia

943 1337 1037 1366 Deum
1047 1350 1054 1366 .-
1066 1340 1078 1369 ]
1089 1340 1165 1367 Deus
1175 1341 1251 1368 enim
1261 1342 1362 1370 nullius
1372 1344 1521 1372 curationis
1532 1366 1540 1377 ,
1563 1355 1607 1374 :tut
1619 1348 1734 1377 medela.-

943 1377 982 1405 cst
992 1388 1074 1417 capax
1086 1400 1092 1406 .
1106 1380 1196 1415 Quare
1206 1383 1262 1410 Leo
1270 1392 1284 1410 a
1293 1383 1390 1412 Castro
1401 1406 1407 1417 ,
1429 1388 1457 1413 ὃς
1466 1386 1583 1423 Jacobus
1594 1389 1732 1417 Pamclms

943 1417 977 1447 de
985 1419 1150 1449 adoratione
1159 1422 1417 1453 DeiTertullianum
1428 1424 1494 1453 hinc
1502 1426 1665 1457 intellexisse
1676 1429 1735 1458 seu.

944 1459 1019 1488 tiunt
1028 1482 1037 1494 ,
1058 1471 1138 1500 quam
1149 1464 1313 1501 opinionem
1326 1465 1397 1494 favet
1408 1466 1487 1494 etiam
1511 1467 1597 1496 dietio
1607 1467 1732 1499 hebraica

943 1502 1082 1538 Hasereth
1092 1524 1100 1534 ,
1112 1503 1142 1531 in
1150 1505 1238 1542 Joelis
1249 1514 1327 1534 textu
1337 1527 1344 1538 ‚
1359 1517 1418 1545 quae
1429 1506 1635 1536 solemnitatem
1646 1509 1713 1549 signi
1721 1529 1730 1532 -

943 1540 1006 1569 ficar
1017 1553 1026 1573 5
1046 1541 1205 1573 solemnitas
1214 1555 1362 1586 autem-pro
1369 1547 1531 1576 adoratione
1542 1570 1548 1580 ,
1560 1553 1586 1577 ὃ(
1596 1550 1671 1578 cultu
1680 1550 1710 1579 sit
1721 1572 1728 1578 .

942 1582 998 1611 PR.
1007 1584 1080 1612 Puto
1091 1585 1280 1621 Hieronymi,
1299 1591 1326 1616 ὅ(
1338 1588 1502 1616 Tertulliani
1512 1587 1603 1618 sensus
1614 1590 1652 1618 ita
1662 1601 1730 1619 con-

941 1622 1048 1651 ciliari:
1072 1624 1140 1654 sicut
1151 1626 1235 1655 latine
1247 1633 1342 1656 Lemre
1352 1636 1403 1666 pro
1413 1628 1522 1656 medere
1532 1651 1540 1661 ,
1549 1630 1687 1668 mitigare,
1699 1635 1728 1661 ἃ

940 1662 1043 1692 adulari
1054 1665 1184 1704 accipitur
1196 1687 1203 1698 ,
1214 1667 1248 1695 iic
1259 1665 1394 1706 &spoewe-iu
1404 1691 1411 1701 ,
1423 1678 1478 1697 tam
1486 1671 1609 1707 corporis
1620 1691 1629 1703 ,
1641 1682 1728 1710 ›quam

939 1703 1023 1732 animi
1033 1705 1241 1745 mitigationem
1252 1708 1383 1746 significat
1396 1720 1405 1740 5
1418 1709 1452 1738 sic
1462 1720 1554 1738 curare
1563 1711 1655 1740 Deum
1667 1734 1675 1747 ‚
1685 1713 1728 1741 id-

940 1744 978 1772 est
988 1765 997 1778 ‚
1008 1747 1063 1782 ejus
1075 1746 1141 1775 iram
1151 1752 1163 1781 (
1172 1746 1320 1776 secundum
1329 1749 1451 1778 nostrum
1459 1760 1568 1789 captum
1581 1755 1592 1783 )
1612 1751 1726 1792 mitiga-

936 1794 965 1812 re
975 1785 1091 1815 dicimus
1098 1809 1106 1816 .
1127 1788 1201 1817 Vide
1210 1790 1384 1827 Therapeuta
1392 1810 1400 1818 .

91 1818 258 1857 sumpserat:
278 1822 341 1850 ideo
351 1822 498 1853 secundum
509 1824 634 1853 voffium
656 1826 835 1865 corrigendus
844 1828 882 1857 est
895 1825 1063 1860 Cmoevm,
1087 1827 1158 1856 fimis
1178 1829 1336 1865 murita-'1
1359 1831 1443 1869 51³5?ae
1467 1831 1558 1866 funes,
1578 1833 1676 1871 quibus
1695 1837 1722 1863 1¹¹

92 1859 192 1888 {fidon
200 1870 291 1889 textus
301 1883 309 1894 ‚
331 1863 377 1891 lib.
389 1876 415 1899 4.
426 1865 497 1904 orig.
508 1876 530 1893 c.
546 1877 588 1894 11.
600 1865 644 1893 ubi
656 1864 753 1895 habet.-
779 1867 881 1903 [Simi-

89 1899 155 1928 laria
169 1922 175 1932 ,
190 1901 351 1940 Angistrum
362 1926 368 1936 ,
384 1905 552 1942 Spatomele,
567 1917 657 1944 guva,
681 1917 740 1946 quae
753 1919 766 1936 a
776 1909 880 1937 Latinis

936 1867 1136 1905 tempestatibus
1146 1879 1259 1898 utuntur
1269 1892 1277 1903 ‚
1301 1881 1364 1908 quas
1375 1872 1476 1899 nautici
1485 1871 1533 1900 suo
1543 1883 1620 1902 more
1629 1885 1724 1904 curcu-

936 1907 978 1935 bas
990 1917 1091 1937 vocant
1103 1930 1109 1938 .
1130 1910 1282 1938 Isidor.l1b.
1299 1922 1341 1946 ¹9·
1357 1912 1441 1950 Orig.
1454 1914 1464 1943 ]
1490 1914 1703 1945 Videcamelus
1716 1938 1722 1944 .

91 1951 104 1967 a
116 1940 298 1971 similitudine
319 1945 465 1974 cucurbitae
476 1968 483 1979 ,
505 1957 520 1975 a
530 1946 647 1985 suspirio
671 1947 783 1976 ventos]
797 1959 865 1978 voca
893 1947 1045 1978 CURCUMA
1055 1970 1064 1982 ‚
1087 1950 1231 1988 capistrum
1242 1953 1270 1982 .]
1285 1952 1343 1979 Alii
1352 1962 1441 1980 autem
1451 1955 1568 1996 gemmis
1579 1955 1666 1984 sroena
1677 1978 1686 1989 ‚
1695 1962 1723 1986 S<

92 1991 138 2009 tux·
147 1983 177 2013 ‚]
200 1982 295 2011 omnia
304 1993 392 2013 autem
403 1987 516 2016 nomina
525 1986 585 2016 haec
595 1999 684 2027 graeca
693 1988 758 2017 sunt
768 2011 775 2022 ,
797 2000 878 2029 atque

90 2021 295 2061 Chirurgorum
306 2023 484 2056 instrumenta
493 2041 501 2056 .·
524 2027 572 2057 sed
583 2040 710 2069 corrupte
721 2051 728 2063 ,
751 2040 781 2058 ut
790 2032 877 2069 pluri-

90 2072 164 2090 mum
175 2075 180 2090 :
205 2074 266 2092 mm
277 2066 422 2095 Similarm
431 2068 624 2107 corrigendum
633 2071 734 2098 Smilla
745 2092 752 2104 ,
763 2082 796 2100 ex
806 2082 875 2110 grae-

89 2113 123 2130 co
143 2101 260 2139 σμιλῖον
272 2130 275 2134 ,
299 2105 368 2134 idest
379 2127 388 2139 ‚
415 2105 571 2147 scalpellum
584 2121 590 2137 :
614 2111 780 2148 Angistrum
798 2111 876 2150 &¹721—

86 2153 162 2186 qpqr,
185 2143 293 2173 hamus.-
317 2147 484 2182 Spathomele
493 2171 499 2182 ,
519 2148 692 2185 σπαθομῆλη
703 2172 710 2183 ,
732 2149 874 2189 specillum
888 2150 989 2179 Cuma
1000 2154 1135 2181 Romu
1149 2174 1155 2180 .

52 2215 59 2221 ,
84 2183 272 2222 chirurgicum
282 2207 290 2218 ,
314 2186 406 2214 italice
415 2190 495 2224 Tasta
504 2210 511 2216 .
523 2191 579 2219 FR.
592 2194 666 2227 cujus
675 2191 854 2221 inventorem
865 2215 872 2221 .

933 1989 1070 2026 equestres
1077 1990 1155 2019 sellas
1166 2012 1174 2023 ,
1197 1996 1223 2020 ὃ(
1234 1991 1360 2019 baltheos
1370 1991 1430 2021 suos
1440 2003 1563 2031 privatos
1584 2006 1721 2026 exornare

932 2030 1118 2067 permittimus
1130 2053 1138 2064 ‚
1161 2032 1194 2059 de
1205 2033 1337 2059 curcumis
1346 2043 1457 2061 omnem
1467 2035 1575 2072 prorsus
1585 2037 1719 2075 qualium-

932 2080 1047 2108 cumque
1057 2081 1222 2110 geminarum
1233 2072 1357 2101 habitum
1366 2075 1542 2113 precipimus
1551 2076 1718 2112 submovcri,

929 2110 948 2138 l.
960 2112 1038 2139 unica
1049 2133 1056 2144 ‚
1069 2113 1104 2140 C.
1116 2113 1195 2140 Nulli
1208 2112 1329 2141 in-froen.

1182 2154 1237 2182 HQ.
1254 2154 1375 2190 Ampius
1393 2156 1503 2185 Alveus
1522 2159 1676 2197 appellatur
1688 2159 1716 2188 in

929 2192 1072 2221 clement.
1083 2203 1138 2231 cap.
1152 2205 1176 2221 2.
1188 2193 1222 2221 de
1231 2192 1376 2231 sepulturis
1385 2215 1392 2223 .

83 2222 147 2252 Cic.
157 2234 184 2261 3.
196 2225 230 2253 de
238 2235 292 2254 nat.
303 2227 379 2255 deor.
390 2227 616 2268 AEsculapiorum
627 2241 712 2259 unum
723 2242 756 2260 ex
769 2233 852 2261 tribus
863 2256 870 2267 ,
885 2231 1036 2260 (ἶυκιοςυς
1049 2253 1055 2260 .
1078 2234 1133 2261 PR.
1144 2234 1282 2262 Officium
1305 2235 1460 2264 visitatoris
1483 2238 1647 2275 publicarum
1661 2241 1716 2268 via-

82 2265 226 2301 Apollinis
237 2287 244 2298 ‚
257 2277 355 2306 nempe
365 2290 373 2300 ‚
387 2268 474 2297 filium
486 2270 659 2300 inventorem
679 2271 743 2300 facit
754 2294 762 2305 ‚
785 2273 869 2302 sicin-

78 2305 193 2341 quiens:
222 2306 471 2346 [AEsculapiorum
493 2311 594 2348 primus
605 2312 766 2350 Apollinis,
788 2322 869 2352 quem

75 2345 195 2374 Arcades
215 2347 310 2376 colunt
324 2370 330 2381 ‚
354 2348 400 2386 qui
412 2348 553 2387 specillum
575 2352 730 2387 invenistis,
755 2354 867 2394 primus-

105 2387 300 2419 Hierolexicon
322 2393 433 2420 Macri.

923 2283 992 2304 rum,
1006 2283 1218 2311 provinciarum,
1229 2274 1355 2303 littorum
1369 2297 1376 2309 ,
1389 2287 1528 2315 portuum,
1539 2282 1565 2308 δε
1576 2279 1714 2313 similium,

922 2313 969 2351 qui
979 2312 1067 2342 secum
1079 2314 1182 2342 debitas
1193 2315 1383 2344 mstruCiiones
1396 2317 1495 2346 ferebat
1506 2331 1514 2351 5
1527 2320 1664 2348 dicebatur
1675 2330 1712 2348 ct-

921 2354 974 2382 iam
988 2355 1211 2391 Curagmdarms
1223 2375 1229 2382 .
1253 2356 1326 2386 Vide
1336 2359 1495 2388 eerodmm
1507 2380 1513 2387 .
1588 2400 1615 2428 C

1366 2400 1387 2427 P
1617 2411 1667 2428 υκ-
