1866 2526
98 99 157 121 non
167 92 224 124 eru,
233 108 244 124 ‚
254 86 314 119 ,tifi
321 85 472 117 declaratio
479 109 490 121 ,
499 86 575 126 quod
583 83 711 115 Clericus
722 93 780 114 non
791 83 889 124 gnude-

103 140 147 160 ret
155 128 408 165 &mezclefiastico
419 150 427 161 ,
442 132 470 158 ὁ(
479 127 637 157 communis
645 136 707 155 cum
723 125 799 154 laicis
808 123 887 153 habe-

102 181 179 202 retur
187 192 196 205 ,
207 181 236 200 ac
247 169 374 205 inhabilis
381 169 416 198 ad
425 179 439 198 c
548 168 634 197 endos
643 170 757 203 majores
767 165 887 195 ordinm

103 213 138 242 sic
146 211 301 250 debigamo
313 209 415 238 clerico
426 209 456 238 in
464 219 562 238 canon.
576 217 601 243 ς.
611 208 674 237 dist.
689 212 734 243 84.
758 206 870 235 habetur
880 228 887 238 ‚

98 251 173 291 quod
185 263 192 280 :
218 249 367 288 [Quisque
376 250 490 279 clericus·
500 270 508 283 ‚
529 258 575 278 aut
587 249 698 277 viduam
712 269 719 281 ,
739 257 785 276 :iut
793 245 886 276 secun-

93 293 161 322 dam
181 292 293 321 duxerit
303 300 417 320 uxorem
430 312 438 324 ,
457 291 535 320 omni
546 289 732 319 ecciefiaincae
745 287 888 327 dignitatis

99 332 256 372 privilegio
267 342 331 360 mox
341 331 506 364 denudetur,
518 331 584 359 laica
593 330 638 359 fibi
651 339 758 358 tantum
767 337 884 357 commu-

100 374 184 402 nione
193 371 316 402 ckncessa
325 377 377 401 sce.
390 375 402 404 ]
415 375 442 401 ἃ
451 383 510 400 can.
519 381 565 400 eos
575 392 583 403 ‚
594 380 672 409 quos,
681 369 716 398 de
728 367 886 399 Consecrat.

99 413 164 443 dist.
173 425 201 450 4„
213 413 248 442 de
259 411 403 451 Episcopis
412 434 420 445 ‚
441 411 609 448 Presbyteris
621 431 628 443 ‚
650 415 678 440 ὅ(
699 409 833 440 Diaconis
851 409 888 437 bis

101 454 248 493 baptizaris
257 453 373 482 habetur
381 475 389 486 ,
402 454 476 492 quod
489 465 496 481 :
510 458 522 487 [
533 454 592 480 Nec
600 449 733 483 orationi,
743 460 793 478 nec
806 450 890 477 modo

100 495 223 524 fidelium
233 516 240 527 ,
253 493 301 523 sed
312 504 360 522 nec
370 494 627 522 catechumenorum
637 491 749 530 quidem
757 491 883 518 omnibus

100 535 191 564 modis
199 533 324 564 interess'e
337 556 345 568 ‚
363 535 458 573 quibus
469 533 536 563 laica
546 532 705 561 communio
714 531 742 559 in
752 540 840 559 morte
852 532 888 558 cit

101 576 240 605 reddenda
248 596 256 604 .
270 578 282 607 ]
298 575 375 604 Vide
387 577 547 604 Communia
552 575 695 612 peregrina
704 591 712 599 .

62 618 232 646 Comwsio
245 618 373 645 passm«
383 637 392 649 ,
415 625 473 654 quae
484 615 566 643 libere
576 635 584 646 ‚
607 617 635 642 ἀ
653 612 709 641 fine
728 610 889 639 meritorum

103 656 261 686 differentia
268 657 392 685 omnibus
400 655 610 687 concedebatur,
621 663 673 692 qua
683 652 769 691 phrasi
778 652 816 680 uli
828 650 855 679 su
861 661 890 679 nt

104 700 198 727 Patres
207 696 432 736 Carthaginenfis
442 695 572 725 concilii
586 714 593 727 ,
617 703 718 722 nomen
734 704 748 721 a
766 693 889 731 Paffivus

102 739 258 767 derivatum
270 759 278 772 ,
288 741 363 774 cujus
371 736 480 765 diversa
492 735 617 764 vocabula
627 733 783 763 derit-antia
793 753 801 761 .
817 733 891 761 Vide

102 779 254 817 Pafflvitas
265 799 272 806 .
285 780 353 807 ,ΕΚ
375 777 440 805 vide
451 777 589 806 Latinium
605 775 634 804 in
647 775 775 804 Correct.
785 773 890 803 Conci-

101 819 204 847 liorum
214 841 223 852 ‚
246 819 291 846 tit.
301 818 414 847 Concil.
424 816 558 856 Carthag.
569 817 594 845 I.
603 826 661 854 cap.
676 827 703 843 ε..

61 860 230 888 commuuio
253 861 426 888 Pexeomxii
437 879 444 885 .
466 859 523 890 FR.
554 857 584 885 in
605 867 658 895 qua
677 855 893 884 admittebantur

105 900 267 938 Peregrini,
287 898 394 928 scilicet
405 921 413 932 ,
435 899 465 926 in
481 897 694 936 participatione
711 897 869 924 orationum
885 916 893 926 ,

103 939 179 968 secus
203 951 270 970 vero
294 939 324 968 in
343 939 553 978 participatione
573 939 807 967 Sacramentorum
819 958 826 969 ‚
848 945 894 963 ari-

106 990 217 1018 tequam
243 980 385 1017 r&armenas
425 981 531 1008 litteras
559 988 654 1006 eorum
681 976 896 1007 Ordinatiorum

105 1019 283 1048 ostendissent
304 1042 313 1053 ,
342 1030 402 1059 quae
428 1030 474 1048 eos
499 1018 665 1047 catholicos
692 1016 742 1045 efl‘e
768 1017 897 1045 testaban-

109 1071 154 1088 xur
166 1080 173 1087 .
194 1063 293 1089 Baron.
303 1071 344 1089 an.
356 1071 422 1095 400.
442 1071 472 1088 «n.
485 1067 532 1091 67.
542 1057 634 1087 Glossii.
647 1069 713 1087 vero
724 1059 754 1086 in
762 1068 820 1086 can.
830 1067 896 1085 con-

108 1101 301 1134 tumaces,dist.
314 1111 358 1136 50.
371 1101 408 1128 ait
419 1099 469 1128 esse
479 1099 636 1132 eandem,ac
649 1099 715 1127 laica
724 1099 893 1130 communio,

109 1141 202 1180 ibique
214 1141 373 1170 postillator
383 1144 610 1168 Communionem
622 1149 796 1167 communem
807 1137 894 1167 obscrr

106 1182 239 1215 mutiam,
250 1185 277 1210 δι
286 1179 525 1209 conversationem
534 1180 567 1209 ‘ex
579 1179 784 1208 Arcliidiacono
792 1179 872 1210 intell
879 1181 883 1206 i
890 1198 896 1200 -

103 1222 211 1260 git.Sed
222 1231 290 1260 puto
299 1221 522 1249 communionem
532 1220 708 1260 peregrinam
724 1220 840 1248 eandem
852 1219 894 1248 cs>

105 1262 134 1290 se
143 1284 151 1295 ,
162 1273 191 1290 ac
200 1261 423 1291 communionem
434 1271 601 1289 extraneam.
614 1261 711 1293 idest,2
721 1261 880 1289 communio

105 1313 140 1331 ne
148 1302 273 1331 fidelium
283 1302 404 1331 exclufio
415 1323 422 1329 .
446 1307 457 1336 [
469 1305 502 1330 Et
513 1300 616 1330 causam
628 1301 725 1339 perdat
737 1323 744 1334 ‚
758 1306 786 1331 ὅ(
798 1312 811 1330 a
820 1311 893 1330 coin-

106 1343 239 1372 munione
249 1343 384 1371 efficiatur
395 1353 548 1375 extranens,
557 1353 616 1370 can.
628 1343 733 1370 Inoliia
743 1363 750 1375 ,
768 1353 776 1370 i
789 1353 810 1370 i.
821 1353 847 1380 q.
855 1344 893 1373 n]

107 1384 160 1412 Sed
169 1385 268 1413 ardior
279 1393 360 1421 poena
374 1384 484 1411 videtur
496 1382 549 1411 esse
558 1393 591 1420 eat
602 1393 661 1411 can.
674 1382 732 1411 haec
744 1383 834 1419 liujus,
851 1393 893 1410 12.

105 1435 134 1463 q.
148 1436 174 1453 2.
185 1425 230 1453 ubi
239 1425 273 1454 fic
285 1425 332 1452 ait.
353 1430 364 1459 [
378 1427 450 1453 Reus
461 1422 598 1462 sacrilegii
618 1423 766 1462 prolixiori
783 1423 895 1452 anatlie-

104 1473 178 1493 mate
195 1465 394 1493 condemnetur
405 1486 413 1497 ,
434 1468 462 1492 ὃς
475 1466 521 1492 vix
535 1466 557 1492 ei
575 1473 721 1502 peregrina
739 1464 897 1492 communio

108 1506 275 1533 concedatur
284 1525 292 1532 .

66 1545 274 1574 Coimus-11„
287 1565 296 1577 ‚
317 1544 420 1573 dicitur
442 1545 587 1583 praebcnda
607 1544 774 1575 canonicalis

111 1586 212 1623 Usuale
224 1607 231 1614 .
604 1614 610 1620 ,

70 1627 171 1659 como,
185 1626 307 1658 verbum,
318 1635 424 1654 comam
435 1625 529 1653 nutrio
540 1637 547 1656 3
559 1632 570 1661 [
582 1626 634 1654 Sed
646 1626 777 1664 q‘uoniani
787 1628 814 1654 3<
825 1625 896 1653 arbu-

110 1667 148 1695 sta
161 1666 281 1695 vestiunt
291 1688 299 1698 ,
319 1670 346 1694 δε
358 1667 408 1694 lini
418 1665 531 1694 herbida
541 1666 599 1705 post
610 1668 730 1695 virorem
742 1667 850 1694 lavacro
860 1666 888 1693 ni

110 1706 224 1736 vescunt
234 1729 241 1740 ,
255 1717 303 1734 nec
316 1706 366 1735 fuit
376 1705 440 1745 satis
449 1707 569 1735 tunicam
582 1717 709 1746 pangere,
719 1711 747 1735 δι
758 1706 857 1740 serere,
870 1707 898 1734 ni

110 1748 194 1777 etiam
212 1746 308 1786 piscari
328 1747 456 1776 vestitum
475 1746 634 1786 contigill'et
647 1759 654 1778 5
676 1757 738 1776 nam
749 1751 776 1776 ὃ(
789 1747 822 1775 de
833 1747 898 1775 mari

112 1789 214 1817 vellera
225 1809 232 1821 ‚
251 1798 311 1827 quae
322 1786 449 1816 muscosae
472 1788 625 1816 lanoiitatis.
641 1788 772 1816 lautiores
783 1788 895 1816 concha:

112 1838 224 1856 comant
233 1850 241 1861 ,
249 1829 366 1857 Tertull.
377 1828 410 1857 de
419 1828 484 1866 pall.
494 1838 517 1855 c.
529 1838 576 1866 37.
599 1851 625 1865 ,w

71 1869 85 1884 ’¹
108 1869 253 1898 Conozni
266 1889 272 1895 .
296 1868 358 1896 Nifi
368 1870 465 1902 rejeeca
475 1878 533 1897 arte
545 1890 553 1902 ,
565 1868 599 1897 ad
609 1867 778 1907 Biptismum
789 1879 848 1897 non
857 1869 890 1897 ad

116 1907 186 1937 missi
205 1907 329 1938 constit.
349 1909 447 1947 Apost.
466 1909 514 1938 lib.
526 1913 550 1937 8.
569 1920 592 1937 c.
606 1920 652 1947 32.
664 1910 822 1938 Comoediae
835 1920 900 1937 vero

115 1960 164 1988 per
175 1959 261 1993 totam
285 1950 466 1978 Pentecosten
483 1950 638 1979 interdicte
651 1950 725 1978 Cod.
737 1950 844 1979 Theod.
854 1951 900 1979 lib.

120 2002 129 2019 i
139 2001 164 2026 ς.
174 1999 218 2018 tit.
231 1999 256 2025 5.

73 2031 219 2060 conum
233 2051 241 2063 ‚
253 2028 440 2060 sandaliorum
449 2041 533 2070 gemis
542 2053 551 2064 ,
560 2031 654 2070 quibus
663 2026 856 2070 Imperatores,
875 2035 902 2060 ὅ(

117 2071 239 2101 Romani
247 2071 390 2099 Senatores
399 2072 568 2105 utebantur,a
576 2082 670 2111 graeco
681 2072 813 2100 vocabulo
822 2075 902 2108 Καμ-

116 2111 215 2150 'nss'yut
227 2133 235 2144 ‚
246 2112 320 2152 quod
331 2111 400 2139 retia
408 2111 544 2151 fignificat
555 2124 563 2143 5
584 2112 818 2141 confibulabantur
828 2114 903 2141 enirn

116 2152 151 2180 ad
160 2152 272 2180 modum
283 2151 393 2184 retium,
404 2161 434 2180 ut
445 2154 474 2181 in
483 2153 602 2192 antiquis
612 2152 769 2191 sculpturis,
779 2157 807 2182 δι
816 2154 890 2191 piezu

117 2192 155 2221 ris
166 2191 308 2232 aspicitun·
327 2193 374 2220 alii
393 2193 491 2221 eodem
501 2194 584 2222 modo
596 2214 604 2225 ,
615 2203 669 2232 quo
681 2193 774 2222 Graeci
787 2215 794 2226 ‚
817 2194 903 2223 latine

119 2236 337 2271 Campagium,&
349 2237 499 2272 campagus
508 2232 638 2262 scribunt:
651 2241 662 2269 [
674 2234 816 2263 Accedens
828 2236 903 2263 Mau-

116 2274 196 2302 titius
207 2272 387 2302 Subdiaconus
399 2295 406 2307 ‚
415 2284 535 2303 orarium
545 2275 579 2303 de
587 2278 644 2310 ejus
655 2275 729 2303 collo
738 2275 847 2303 abstulit
857 2297 864 2309 ,
876 2279 903 2304 δ(

111 2323 179 2344 ante
191 2314 272 2352 pedes
284 2325 339 2350 eius
347 2315 464 2354 projecit
473 2336 482 2348 ‚
501 2320 686 2354 &compagos
704 2318 759 2352 ejus
771 2313 883 2344 abscidit
895 2337 904 2349 ‚

117 2356 214 2386 Anast.
226 2355 255 2384 in
265 2355 359 2397 Stepii.
369 2357 424 2386 1v.
436 2358 449 2388 J
464 2356 522 2387 FR.
531 2355 723 2386 diciturenim
733 2356 818 2386 latine
827 2360 905 2386 Com-

794 1565 801 1572 .
825 1544 897 1573 Vide

1199 25 1240 68 C
1269 26 1310 68 O
1599 37 1676 66 201

938 91 1052 122 pagum
1063 81 1098 112 fic
1107 82 1288 122 Capitolinus
1307 83 1338 111 in
1347 79 1508 111 Maximinis
1517 83 1609 120 Impp.
1627 82 1662 110 de
1673 81 1732 109 Ma-

943 123 1052 153 ximino
1061 132 1154 161 patre,
1173 123 1265 162 inquit
1276 135 1283 152 :
1304 129 1316 158 [
1329 121 1552 151 Calciamentum
1562 119 1706 159 ejus,idest
1717 141 1726 152 ,

942 173 1103 203 compagum
1120 163 1226 202 regium
1237 166 1266 195 .]
1285 163 1338 193 Sed
1349 162 1466 192 Trebell.
1478 162 1569 191 Pollio
1581 165 1724 198 Compagos

943 204 1018 233 dixit
1034 204 1065 232 in
1081 204 1183 233 duobus
1195 203 1322 233 Galienis
1341 205 1434 242 Impp.
1453 213 1572 241 nempe,
1593 201 1728 238 [caligas

940 254 1086 283 gemmatas
1095 245 1239 277 annexuit,
1251 254 1334 283 quum
1344 254 1488 283 campagos
1499 242 1629 272 reticulos
1638 242 1732 279 appel.-

943 287 1014 314 laret
1024 287 1054 317 .]
1076 288 1139 314 Erat
1149 284 1260 323 insuper
1268 284 1351 314 solius
1359 284 1504 314 Pontificis
1520 284 1712 312 indumentum
1723 292 1729 308 :

945 327 988 355 Ita
1007 326 1037 354 in
1055 326 1212 355 Colicr'tan.
1231 325 1366 355 Anastalii
1384 336 1398 354 a
1410 325 1561 354 Sirmondo
1579 325 1609 353 in
1624 328 1649 352 8.
1661 322 1728 351 edit.

945 377 1025 405 paga.
1033 376 1078 402 59.
1087 367 1131 395 ubi
1142 366 1176 394 de
1188 368 1213 395 S.
1225 367 1346 395 Martino
1357 368 1466 405 Papa‚&
1476 367 1597 402 Martyre
1608 366 1734 402 loquens,

943 408 1068 445 :in-quod
1077 407 1151 435 inter
1162 407 1224 435 alias
1234 407 1360 445 reliquias
1370 406 1449 443 hujus
1460 407 1550 435 Sancti
1561 417 1574 434 :i
1582 404 1707 435 Theodo·
1715 414 1734 432 o

943 457 1079 486 receptas:
1093 453 1104 482 [
1116 449 1148 476 Et
1160 458 1215 476 uno
1227 447 1262 476 de
1271 447 1410 486 compagis
1422 457 1480 483 e)us
1489 469 1498 480 ‚
1517 446 1586 475 idest
1598 467 1606 479 ‚
1616 445 1712 484 caligis
1722 466 1732 477 ,

945 498 1012 527 quos
1026 488 1114 516 nullus
1124 487 1190 517 alius
1199 510 1206 521 ‚
1227 488 1275 516 nili
1286 490 1425 517 Romanus
1433 487 1562 516 Pontifex
1574 495 1666 525 portat
1679 505 1686 513 .
1713 487 1728 516 ]

946 529 1043 564 :jleui
1053 527 1118 557 solis
1129 528 1254 557 Eccleiiae
1265 527 1434 558 Mess'anenfis
1445 527 1613 557 Diaconibus
1622 525 1735 554 conces-

944 569 964 597 ii
977 568 1082 597 fuerant
1093 591 1100 602 ,
1112 580 1170 597 can.
1181 569 1310 607 pervenit
1320 568 1353 597 :id
1363 580 1412 598 nos
1424 591 1432 602 ,
1441 569 1504 598 dist.
1515 579 1563 606 93.
1574 568 1650 596 Hinc
1660 565 1730 595 Mas-

944 608 1068 637 fanenses
1079 610 1218 638 Canonici
1229 610 1257 637 in
1269 610 1366 638 officio
1377 610 1498 639 Diaconi
1518 609 1570 637 hoc
1583 607 1734 646 privilegio

945 649 1031 678 adhuc
1050 659 1164 678 utuntur
1174 671 1180 677 .
1200 649 1323 679 Processii
1343 650 1444 679 deinde
1463 650 1596 688 temporis
1615 649 1653 677 usi
1669 646 1735 676 sunt

947 690 1088 729 compagis
1098 692 1180 719 ctiam
1193 691 1317 719 Eccleliae
1329 694 1413 721 Rom.
1429 691 1550 720 Diaconi
1563 710 1570 718 .
1583 695 1594 725 [
1606 691 1731 726 Compa-

947 731 974 771 gi
985 731 1161 759 calciamenti
1167 741 1251 770 genus
1262 753 1269 764 ,
1282 741 1338 769 quo
1346 732 1491 760 utebantur
1502 730 1622 759 Diaconi
1632 732 1746 759 Roma-⁷

947 773 994 801 ni.
1007 774 1109 810 Papias.
1121 775 1134 804 ]
1147 774 1222 800 Licet
1232 772 1285 799 hoc
1295 772 1474 810 apostolicum
1485 772 1625 800 indultum
1636 780 1734 799 exten-

946 813 1005 841 sum
1016 813 1117 841 deind:
1129 812 1208 840 suerit
1221 812 1254 840 ad
1264 812 1377 841 aliarum
1389 812 1565 841 Ecclefiaruin
1575 812 1715 840 Diaconos
1727 832 1734 842 ,

948 864 977 882 ut
996 864 1030 882 ex
1040 853 1166 882 Concilii
1184 853 1314 882 Toletani
1325 853 1414 881 verbis
1433 853 1577 892 colligitur
1586 873 1594 884 ,
1614 852 1659 881 ubi
1678 851 1713 880 fic
1726 864 1733 878 :

952 901 963 929 [
974 894 1125 932 Compagis
1137 904 1204 923 vero
1216 893 1328 922 calceati
1341 893 1438 932 absque
1450 893 1611 931 Apostolica
1620 893 1736 921 licentia

951 946 1010 963 non
1020 934 1338 974 permittitutDiaconus
1348 955 1355 962 .
1367 937 1378 966 ]
1392 934 1584 963 Nihilominus
1594 933 1668 962 illius
1681 943 1736 961 ma-

951 975 1082 1003 nutentio
1100 975 1199 1003 nullibi
1218 975 1353 1013 reperitur
1365 997 1371 1007 ,
1394 975 1445 1004 nili
1454 973 1579 1004 Messanae
1598 973 1685 1003 solum
1696 985 1744 1002 re-

952 1026 1026 1045 tenta
1037 1036 1044 1043 .
1066 1017 1123 1044 PR.
1134 1015 1311 1053 corrigendus
1321 1025 1412 1044 tamen
1430 1015 1468 1044 est
1479 1015 1614 1045 Amalarii
1625 1024 1715 1043 textus
1728 1025 1737 1043 ς

949 1057 995 1085 ubi
1003 1066 1143 1095 perperam
1155 1057 1293 1093 Compolns
1307 1066 1355 1094 pro
1367 1059 1520 1094 Compagis,
1531 1056 1579 1084 i.2.
1592 1055 1626 1084 de
1636 1054 1739 1084 Eccles.

951 1097 995 1126 off.
1004 1108 1028 1125 c.
1043 1102 1067 1125 8.
1079 1096 1160 1126 habet
1171 1117 1178 1124 .
1191 1097 1263 1124 Vide
1276 1097 1373 1134 Caliga
1385 1119 1392 1129 ,
1401 1097 1538 1125 Sandalia
1549 1117 1557 1129 ,
1568 1097 1718 1133 Psachm'on
1730 1116 1738 1122 .

911 1139 1059 1168 commeo
1073 1158 1080 1165 .
1092 1140 1148 1167 PR.
1159 1146 1262 1165 nomen
1272 1159 1279 1169 ,
1291 1138 1364 1175 quod
1374 1137 1599 1172 conjunctionem
1612 1137 1738 1168 denotat,

950 1190 964 1207 a
977 1178 1061 1207 verbo
1071 1181 1215 1215 Compingo
1225 1177 1381 1208 deduc‘tum2
1391 1177 1438 1206 sed
1447 1177 1486 1206 est
1498 1177 1615 1205 maxima
1624 1177 1740 1215 quaestio

952 1219 1027 1247 inter
1050 1218 1152 1257 lingua:
1175 1219 1267 1246 latinae
1282 1218 1488 1258 Anteiignanos
1500 1239 1508 1251 ,
1531 1228 1566 1246 an
1574 1218 1671 1246 debeat
1682 1216 1737 1246 hoc

952 1270 1053 1288 nomen
1066 1263 1194 1296 Compago
1205 1262 1390 1296 Compagin155
1403 1259 1448 1287 vel
1458 1263 1604 1296 Compagem
1622 1263 1740 1295 Compa-

945 1305 990 1338 gis
1000 1300 1129 1328 declinari
1144 1310 1149 1327 z
1163 1300 1193 1327 in
1203 1299 1292 1337 primo
1302 1298 1380 1327 sensu
1389 1299 1522 1327 habentur
1533 1299 1653 1331 Manilii,
1663 1299 1706 1327 Ox
1719 1299 1739 1322 ’-

949 1342 991 1370 dii
1003 1362 1010 1374 ‚
1031 1344 1058 1369 δ(
1069 1342 1176 1369 Senecae
1188 1340 1375 1371 austeritates,
1399 1340 1446 1368 ille
1467 1340 1542 1368 enim
1563 1340 1699 1369 cecinent
1715 1349 1739 1368 ι.

951 1381 1114 1412 Astronom.

991 1422 1137 1451 Interdum
1147 1422 1245 1459 aequali
1255 1422 1371 1450 laterum
1390 1422 1555 1461 compagine
1565 1421 1659 1449 duc'his
1668 1442 1674 1448 .

954 1465 1026 1492 Item
1041 1485 1049 1496 ,

993 1507 1110 1533 Aci-eam
1120 1503 1150 1531 in
1158 1503 1283 1533 nebulam
1292 1503 1365 1532 clara
1373 1503 1537 1542 compagine
1548 1501 1638 1532 versus
1650 1522 1657 1530 .

952 1545 1042 1574 Ovid.
1071 1555 1093 1572 i.
1116 1544 1227 1572 Metam.

993 1588 1088 1623 Atque
1109 1585 1147 1612 ita
1165 1583 1315 1623 disparibus
1330 1585 1439 1613 calamis
1457 1583 1622 1621 compagine
1643 1592 1713 1612 cerx

989 1627 1076 1654 ·Inter
1096 1625 1123 1653 se
1142 1625 1241 1663 junc‘tif
1263 1635 1364 1652 nomen
1386 1622 1500 1652 renuifle
1523 1624 1620 1661 puellae
1630 1643 1638 1650 .

954 1669 1048 1705 Atque
1059 1667 1174 1696 Seneca5
1191 1665 1390 1700 [Flammarum
1400 1664 1536 1693 violentia
1547 1663 1742 1702 compaginem

953 1706 1011 1739 soLi
1020 1707 1095 1745 rupit
1105 1729 1113 1740 ,
1134 1706 1190 1734 five
1202 1706 1318 1734 vetustas
1331 1727 1338 1738 ‚
1357 1716 1400 1744 ep.
1419 1716 1461 1740 ¹4-
1474 1705 1507 1732 ad
1518 1705 1653 1733 Lucillum
1662 1725 1669 1731 .
1683 1705 1741 1740 [In

955 1746 1074 1776 secundo
1084 1756 1174 1775 nutem
1185 1745 1264 1774 sensu
1274 1746 1348 1774 fuere
1360 1747 1461 1775 Cicero
1472 1767 1479 1778 ,
1492 1745 1634 1778 Pacuvius,
1647 1745 1744 1783 Virgi-

955 1789 1018 1821 iius,
1029 1789 1136 1820 Livius,
1147 1787 1305 1820 Svetonius‚
1315 1787 1425 1816 Gellius
1436 1808 1443 1819 ‚
1454 1796 1482 1814 ac
1493 1785 1555 1813 alii.
1570 1790 1582 1819 [
1595 1787 1666 1814 Nam
1674 1785 1742 1813 dum

958 1828 1047 1857 sumus
1064 1829 1095 1857 in
1115 1827 1158 1856 his
1167 1828 1342 1866 compagibus
1360 1827 1482 1865 torporis
1501 1836 1613 1854 munere
1622 1825 1742 1864 quodam

956 1869 1121 1898 neceffitatis
1131 1890 1139 1902 ,
1158 1873 1185 1897 &-
1195 1878 1272 1907 gravi
1281 1878 1364 1906 opere
1377 1865 1567 1906 perfungimur
1577 1886 1584 1894 .
1593 1866 1699 1895 Cicero
1708 1866 1744 1894 de

956 1911 1061 1939 Seneci.
1080 1912 1093 1941 ]
1106 1919 1187 1948 quare
1199 1910 1218 1937 ii
1229 1920 1258 1937 in
1267 1909 1397 1948 genitivo
1408 1910 1582 1944 compaginis
1602 1906 1746 1935 declinan-

956 1951 1022 1979 dum
1031 1950 1095 1980 effer
1105 1972 1112 1984 ,
1121 1959 1195 1977 certe
1208 1960 1264 1977 non
1275 1949 1462 1986 Compagibu55
1477 1946 1523 1975 scd
1533 1947 1743 1985 Compaginibus

962 1992 1065 2020 Cicero
1075 1994 1167 2021 dicere
1177 1988 1305 2018 debuiss'et
1317 2010 1323 2016 .
1346 1989 1476 2024 [Salvete
1484 1987 1590 2026 gemini
1600 1988 1654 2017 mei
1668 1997 1743 2016 com-

959 2042 1040 2071 pages
1048 2031 1189 2072 sanguinis
1198 2051 1204 2057 .
1215 2030 1345 2058 Pacuvius
1356 2040 1362 2060 5
1376 2031 1388 2059 ]
1407 2038 1472 2057 nota
1483 2027 1558 2066 quod
1567 2039 1627 2057 non
1636 2027 1744 2057 dixerat

961 2077 1136 2112 Compagi'nes
1154 2072 1302 2109 sanguinis
1314 2090 1321 2097 .
1344 2071 1418 2098 Item
1439 2069 1520 2107 Virg.
1547 2079 1569 2097 i.
1591 2068 1713 2099 AEneid.

1165 2114 1256 2139 Remo
1277 2120 1338 2138 cum
1360 2109 1441 2138 fratre
1463 2109 1595 2145 Quirinus

999 2152 1064 2189 Jura
1074 2151 1191 2179 dabunt:
1214 2151 1282 2179 dirae
1302 2150 1392 2184 ferro,
1414 2150 1628 2189 &compagibus
1645 2149 1724 2179 actis

999 2192 1176 2220 Clauduntur
1197 2191 1262 2220 belli
1282 2201 1369 2230 portae
1379 2210 1388 2219 .

959 2232 1032 2263 Ibid.
1055 2232 1084 2261 in
1106 2233 1194 2271 princ.

1000 2272 1203 2309 Vicitflhyems:
1221 2271 1290 2301 la'xis
1297 2273 1413 2301 laterum
1431 2270 1607 2312 compagibus
1625 2279 1721 2300 omnen

1000 2314 1152 2352 Accipiunt
1163 2312 1306 2342 inimicum
1315 2314 1438 2348 imbrem,
1448 2311 1582 2352 remisque
1591 2310 1718 2341 fatiscunt
1734 2329 1743 2338 .

961 2359 996 2385 Et
1021 2352 1088 2383 ibid.
1110 2353 1156 2385 lib.
1183 2364 1209 2382 2.

1664 2391 1707 2420 Sis
