1866 2526
188 39 238 80 32
521 26 636 67 AG

174 84 311 120 nzstarum
321 85 442 112 errorem
454 81 626 112 interdicunt
635 103 641 112 .
654 79 730 112 Hinc
741 87 861 113 Socrates
875 104 881 116 ‚
892 82 909 110 l.
926 92 950 117 5.

172 133 196 151 c.
210 135 256 153 22.
278 133 425 163 tamquam,
436 134 494 152 rem
504 121 669 163 fingnlarem
689 133 766 153 notat
785 124 816 152 in
825 122 952 153 Eccsesiis

175 167 284 202 AEgypti
293 165 480 194 &Thebaidis
491 187 499 198 ,
522 165 597 203 quod
606 165 696 194 diebus
715 163 814 194 sabbati
835 165 881 193 sub
893 162 951 193 ves-

172 213 267 242 peram
279 226 287 237 ‚
311 205 452 244 postquam
464 206 567 244 epulati
577 206 631 234 sint
641 227 648 238 ‚
671 206 812 235 oblatione
823 205 888 234 facta
899 208 952 233 Eu-

172 244 327 274 charistiam
336 246 475 274 celebrent
486 267 493 274 .
517 246 600 276 Quod
613 247 641 274 in
650 247 785 275 Concilio
796 247 931 275 Trullano
943 267 950 278 ,

172 293 195 313 t.
215 297 262 323 29.
286 286 448 325 prohibetur
457 308 465 320 ,
489 285 545 326 ipsa
574 288 670 325 quinta
690 287 756 317 feria
775 286 952 316 hebdomadis

173 327 286 362 majoris
302 338 361 356 non
370 337 484 365 excepm
493 332 503 356 .’
524 329 626 356 Canon
636 328 670 356 fic
682 328 761 357 habet
772 340 778 356 :
803 328 951 365 Carthagi-

172 367 261 405 nensts
280 369 374 403 synodi
398 379 483 397 canon
506 369 596 402 dicit,
614 378 648 397 ut
658 373 758 398 Sanc'ta
778 370 881 397 altaris
900 379 952 396 non

174 408 229 446 nisi
245 405 369 446 asobriis
388 409 544 438 hominibus
563 416 733 446 peragantur
743 431 750 442 ‚
773 418 881 446 excepto
900 420 953 437 uno

173 450 219 476 die
229 451 259 476 in
271 460 341 478 anno
353 469 361 481 ,
383 452 414 477 in
425 460 476 487 quo
489 454 575 477 Coena
584 453 848 487 Dominiperagitur
860 462 871 482 ,-
885 456 953 477 tunc

168 487 282 527 fhrtaffe
288 497 394 527 propter
403 490 515 528 aliquas
529 491 557 518 in
570 493 606 518 iis
626 491 690 518 locis
701 490 844 527 occasiones
853 491 945 519 Eccle—

168 527 213 565 fia
222 530 307 559 utiles
317 551 325 561 ,
348 533 453 560 Sanctis
463 531 522 558 illis
532 531 663 558 Patribus
688 532 740 559 hac
751 532 952 568 dispensatione

172 579 192 596 u
202 581 227 598 ts
239 590 247 597 .
271 574 343 598 Cum
353 570 427 598 nihil
446 581 503 608 ergo
525 581 570 598 nos
589 572 707 599 inducat
717 593 724 604 ‚
747 580 780 599 ut
789 581 952 600 accuratam

176 610 393 647 observationem
404 610 597 649 relinquamus
613 633 620 643 ‚
636 613 792 647 statuimus
804 634 812 645 ‚
832 613 952 650 apostoli-

174 661 221 685 cas
230 659 400 689 atpaternas
409 651 725 690 traditiones-sequentes
735 674 743 685 ‚
763 664 816 681 non
839 662 953 691 oportere

175 694 207 718 in
214 691 574 731 Quadragefimapzstrema
589 694 750 730 septimana
769 693 965 753 quinta-feria·
976 702 980 704 ’

172 733 433 768 jejuniumsolvere,
444 732 478 765 ὠ*
488 741 576 760 totam
585 734 834 773 Quadragefimam
846 737 954 768 injuria

172 772 277 809 afficere
290 792 296 799 .
310 776 350 800 Ex
363 773 456 810 quibus
465 773 590 802 omnibus
601 783 714 813 apparet
725 796 732 807 ‚
746 776 861 802 Veteres
871 784 954 813 gene-

173 812 256 840 ratim
265 811 433 841 consuevisse
443 812 639 842 Eucharistiam
648 815 782 842 celebrate
789 818 896 852 jejunos
907 826 914 845 5
927 819 954 843 ὅ(

173 852 376 891 consequenter
396 853 443 882 has
463 863 622 883 communes
641 865 749 887 coenas,
773 855 828 883 sive
838 864 953 893 agapas,

175 894 236 932 post
247 915 255 926 ,
278 904 336 922 non
357 904 422 922 ante
443 895 681 923 Communionem
702 896 837 924 institutas
860 894 934 924 fuiss‘e
947 916 954 923 .

176 935 193 968 ΙΙ
219 936 298 963 Hanc
316 934 496 963 innocentem
516 935 689 964 convivandi
712 936 965 969 consuetudiiiein‚1

175 984 316 1013 tamquam
342 974 508 1003 facinoribus
536 977 689 1004 obnoxiam
708 998 716 1010 ,
748 978 878 1006 nonnulli
912 973 966 1029 cmi

175 1015 378 1044 lumniabantur
387 1037 395 1048 ,
428 1026 509 1054 atque
538 1017 705 1045 infamabant
717 1039 724 1045 .
757 1019 832 1052 Celso
861 1017 957 1055 praeci-

174 1065 259 1094 puum
289 1056 493 1085 criminationis
515 1067 596 1097 caput
619 1057 694 1085 fuifi‘e
716 1079 722 1090 ‚
753 1069 766 1087 a
790 1057 955 1086 Christianis

175 1097 355 1125 clancularios
365 1107 519 1126 conventus
529 1099 646 1131 haberis
657 1109 774 1137 esemque
784 1098 955 1127 criminatio-

176 1147 241 1165 nem
259 1147 292 1165 eo
310 1136 435 1176 spestallc·
446 1160 453 1170 ‚
477 1148 505 1166 ut
524 1139 738 1167 calumniaretur
760 1139 807 1167 has
829 1147 929 1177 agapas
949 1161 955 1172 ‚

177 1178 338 1216 Origenes,
361 1187 457 1206 contra
475 1180 584 1216 Celsum
603 1180 621 1207 l.
640 1190 662 1207 ι.
684 1181 776 1207 autlor
793 1180 831 1207 est
843 1200 849 1206 .
874 1180 957 1216 Quod

175 1219 372 1248 Tertullianus
383 1219 466 1247 etiam
477 1220 586 1248 notavit
597 1220 625 1247 in
637 1230 670 1248 eo
680 1221 845 1258 Apologetici
856 1221 956 1258 capite,

175 1268 199 1288 c·
211 1268 260 1296 39.
280 1259 326 1287 ubi
337 1259 478 1297 eleganter
495 1260 673 1290 contrahanc
682 1261 847 1289 calumniam
865 1260 956 1298 hujus-

173 1299 252 1328 modi
263 1300 394 1328 convivia
414 1299 541 1329 describit
553 1322 559 1329 .
584 1301 641 1330 Alii
663 1300 720 1330 haec
729 1301 862 1330 convivia
881 1301 958 1330 dete<

176 1339 279 1368 standae
292 1340 461 1378 impuritatis
473 1341 630 1371 incusabant
644 1362 650 1369 .
670 1342 881 1371 Cuicalumnix
901 1346 958 1371 Mi*

176 1384 276 1409 nucius
294 1382 375 1410 Felix
385 1403 392 1414 ‚
415 1385 513 1411 Ot'tav.
535 1393 560 1421 p.
573 1395 622 1420 92·
643 1382 787 1421 respondit
797 1404 804 1411 .
827 1388 878 1412 Nos
899 1395 958 1412 con-

175 1424 263 1449 vivia
274 1433 326 1450 non
336 1431 451 1450 tantum
463 1425 567 1460 pudica
586 1426 699 1453 colimus
712 1445 718 1456 ,
736 1425 787 1460 sed
798 1424 832 1458 (ῤ’
847 1425 940 1461 sobria
950 1439 957 1453 .-

176 1472 225 1489 net
235 1465 308 1490 enim
319 1463 492 1500 indulgemus
505 1465 589 1502 epulis
601 1487 608 1497 ,
631 1475 682 1492 aut
701 1468 866 1493 convivium
886 1476 958 1493 mero

174 1502 303 1530 ducimus
315 1516 322 1530 .·
339 1504 543 1540 sedgravitate
552 1506 736 1534 lralaritatem
758 1513 940 1542 temperamus
951 1527 958 1537 ,

176 1543 376 1579 castosermone
388 1565 396 1576 ‚
420 1552 520 1581 corpore
531 1547 640 1581 castiore
652 1566 660 1577 ,
681 1546 803 1583 plerique
823 1546 957 1573 inviolati

179 1586 292 1620 corporis
301 1586 471 1621 virginitate
478 1585 753 1623 perpetuafruuntur
762 1590 956 1624 potius‚·quam

172 1623 333 1660 gloriantur
343 1644 349 1651 .
360 1624 420 1653 Alii
432 1625 565 1653 addebant
576 1625 743 1654 horrendam
757 1627 832 1654 illam
845 1626 959 1654 fabulam

176 1662 211 1691 de
223 1668 321 1693 Atreis
332 1668 359 1692 &
369 1667 503 1704 Thyesteis
513 1666 624 1704 dapibus
634 1687 642 1699 ,
665 1666 717 1694 hoc
726 1667 764 1694 est
788 1676 864 1695 more
876 1666 959 1695 eden-

178 1704 208 1731 di
219 1714 328 1732 carnem
344 1705 509 1744 bibendique
520 1706 683 1746 sanguinem
700 1707 848 1736 humanum
860 1728 866 1734 .
891 1708 957 1742 Quae

180 1754 351 1774 memoratur
362 1767 369 1778 ‚
389 1749 416 1774 ὁ(
429 1747 564 1775 refellitur
593 1748 623 1776 ab
634 1749 759 1776 omnibus
772 1748 940 1786 Apologetis
952 1769 959 1779 ‚

176 1786 356 1823 Athenagora
367 1807 374 1818 ‚
397 1787 478 1824 legat.
489 1797 515 1825 p.
529 1799 575 1825 34.
595 1789 740 1826 Theophylo
751 1809 758 1821 ‚
780 1790 818 1816 ad
837 1789 959 1817 Autolic.

176 1825 196 1852 l.
209 1836 234 1862 3.
245 1827 421 1854 Tertulliano
430 1848 438 1859 ,
460 1828 555 1865 apolog.
567 1839 589 1856 c.
602 1840 627 1860 7.
639 1832 762 1857 Minucio
773 1851 779 1861 ,
799 1832 886 1856 oislav.
897 1839 918 1856 c.
931 1840 958 1864 9.

178 1876 206 1892 n.
219 1878 245 1898 7.
256 1869 369 1904 Origene
380 1888 388 1900 ‚
411 1876 506 1896 contra
517 1870 626 1905 Celsum
638 1869 655 1896 l.
668 1877 693 1897 6.
705 1871 806 1905 Iustino
815 1874 940 1908 ll1artyre
953 1889 959 1900 ,

179 1907 274 1943 apolog.
300 1918 321 1934 1.
335 1911 362 1935 ἃ
373 1908 466 1935 multis
478 1908 536 1935 aliis
548 1929 554 1935 .
577 1908 666 1937 Causa
686 1908 763 1944 hujus
782 1910 926 1937 cilumuue
947 1919 959 1935 a

180 1947 272 1973 multis
293 1957 418 1976 veterum
446 1949 559 1986 impuris
578 1954 872 1986 Carpocratianorum,
897 1949 972 1986 Epi-⁴1

177 1985 261 2024 phan.
272 1988 355 2024 heres.
365 1991 480 2025 Gnostic.
493 2000 519 2017 n.
536 1998 559 2024 ς.
579 1989 675 2018 Euseb.
688 1990 704 2016 l.
716 2001 742 2023 4.
763 2000 786 2017 c.
799 2001 824 2021 7.
846 1989 961 2028 August.

178 2027 211 2054 de
222 2027 309 2063 hares.
320 2038 342 2055 c.
353 2036 399 2065 36.
411 2040 424 2065 3
432 2041 456 2061 7.
468 2030 638 2071 aliorumque
649 2030 843 2058 haereticorum
867 2030 960 2058 ritibus

180 2066 327 2099 tribuitur,
350 2070 432 2097 tacite
454 2069 551 2098 saltem
571 2074 598 2099 ἃ
618 2069 749 2098 indite-&e
762 2081 768 2100 3
793 2071 857 2098 dum
886 2071 960 2098 istius

182 2107 308 2135 criminis
319 2118 364 2135 eos
376 2109 498 2138 accustm
509 2132 515 2142 ‚
539 2113 611 2145 cujus
620 2111 721 2150 Pagani
734 2109 907 2139 Christianos
919 2111 960 2139 in-

177 2148 338 2176 simulabant
350 2150 506 2187 generatim
516 2171 522 2177 .
549 2152 680 2188 Eusebius
692 2151 775 2179 aliam
784 2153 838 2185 ejus
850 2151 889 2179 rei
901 2152 962 2180 red-

178 2188 221 2215 dit
232 2188 368 2216 mtionem
382 2209 388 2216 .
413 2193 586 2228 Captisunt,
600 2192 691 2230 inquit
703 2191 721 2219 l.
737 2201 761 2227 5.
771 2202 794 2219 c.
812 2202 834 2218 1.
845 2193 961 2230 quidam

177 2230 410 2266 nostrorumservi
421 2251 429 2261 ,
453 2234 500 2268 qui
519 2233 635 2268 genti&
646 2234 734 2260 'erant
753 2232 868 2268 (Prases
889 2236 961 2260 enim

179 2280 225 2297 nos
235 2280 326 2296 omnes
333 2269 441 2306 publice
452 2282 554 2309 requiri
565 2273 678 2308 Juffl’rat
689 2276 700 2304 )
712 2276 759 2311 qui
771 2272 897 2300 daemonis
909 2284 960 2300 tm-

174 2310 258 2347 pulsu
269 2331 277 2342 2
297 2320 363 2337 cum
377 2318 515 2338 tormenta
527 2310 740 2348 reformidarent
750 2335 758 2346 ,
781 2323 835 2350 qua
853 2315 960 2341 similos

174 2353 275 2388 perpeti
284 2350 430 2384 videbant,
442 2351 580 2380 militibus
588 2354 626 2381 ad
635 2355 681 2382 hec
689 2354 777 2392 ipsum
788 2363 828 2381 eos
839 2356 962 2383 incitan-

1008 79 1084 109 tibus
1094 79 1236 119 Thyesteas
1248 83 1384 120 quasdam
1395 94 1484 114 coenas
1495 105 1503 118 ‚
1527 83 1562 119 (ἐκ
1570 84 1680 120 incestos
1690 84 1791 123 oedipi

1008 123 1167 151 concubitus
1179 144 1187 156 ,
1211 123 1314 156 &alia
1323 143 1332 155 ‚
1354 134 1408 162 qua
1420 136 1469 154 nec
1475 127 1598 165 proloqui
1617 127 1692 155 nohis
1703 147 1712 160 ‚
1743 136 1792 155 nec

1009 165 1125 199 cogitare
1133 163 1180 201 f'as
1190 165 1225 201 est
1235 185 1242 197 ,
1265 175 1298 193 ac
1307 175 1340 192 ne
1351 166 1457 194 credere
1466 168 1578 204 quidem
1594 168 1761 205 sustinemus
1779 187 1787 199 ‚

1008 203 1082 240 apud
1098 204 1218 233 homines
1237 216 1374 244 umquam
1385 208 1459 243 gesta
1471 207 1573 245 fusffe,
1595 207 1729 244 adversus
1746 217 1792 236 nos

1009 247 1123 272 mentiti
1129 246 1217 281 sunt.
1240 247 1308 283 Quae
1328 247 1421 274 onmia
1442 246 1535 285 paffim
1544 248 1701 277 Gentilium
1723 258 1792 276 non-

1008 284 1080 312 nulli
1098 283 1264 316 christianis
1281 287 1470 326 affingebant,
1491 297 1522 316 ut
1544 288 1628 327 magis
1652 286 1793 326 magisque

1007 333 1054 352 eos
1065 325 1206 354 traducere
1215 347 1223 359 ,
1245 327 1424 367 omniumque
1435 328 1500 357 odio
1509 339 1647 367 exponere
1667 327 1772 366 pofl'ent
1784 349 1793 357 .

1009 366 1079 394 Non
1098 366 1213 395 deerant
1232 377 1325 397 tamen
1342 379 1374 397 ex
1396 369 1458 407 ipfis
1477 369 1637 399 Gentilibus
1657 368 1723 403 alii,
1745 369 1793 408 qui
1808 380 1816 388 *

1008 405 1165 442 hujusmodi
1181 408 1378 437 conviviorum
1397 410 1522 439 indolem
1534 432 1542 443 ,
1564 414 1592 438 ὅ(
1606 410 1794 438 innocentiam

1008 446 1223 486 dignoscentes,
1244 449 1312 477 adeo
1323 450 1350 478 sc
1367 450 1440 477 affici
1459 450 1632 483 sentiebant,
1654 460 1683 479 ut
1703 451 1794 479 excla-

1007 497 1116 517 marent
1126 489 1276 527 aliquando
1289 512 1297 523 ,
1320 491 1380 519 Vide
1391 512 1399 523 ‚
1421 499 1456 518 ut
1465 494 1588 521 invicem
1604 493 1635 528 se
1652 492 1790 529 diligant!

1009 530 1249 565 Quemadmodum
1266 531 1459 560 Tertullianus
1477 552 1486 565 ‚
1516 532 1623 570 Apolog.
1642 542 1665 559 c.
1684 543 1696 570 3
1703 543 1731 568 9.
1751 531 1794 559 lo-

1009 580 1095 609 quens
1108 571 1142 599 de
1154 570 1377 600 Christianorum
1389 572 1501 600 caritate
1511 594 1519 605 ‚
1541 577 1569 601 δε
1586 572 1681 610 stipem
1698 572 1794 601 confe-

1009 611 1088 638 rendi
1101 611 1190 639 studio
1211 612 1338 641 observat
1352 633 1358 640 .
1383 612 1478 647 Quid?
1495 613 1631 648 sumnus
1653 612 1728 650 ipse,
1751 614 1794 641 in-

1010 650 1169 681 fenfiffimus
1180 651 1404 682 Christianorum
1414 653 1499 681 hostis
1509 675 1517 687 ,
1541 663 1598 682 non
1618 663 1726 690 poterat
1746 654 1795 682 fibi

1010 702 1162 731 temperare
1174 716 1182 727 ‚
1204 694 1271 732 quin
1282 693 1359 730 hujus
1369 693 1573 722 consuetudinis
1590 693 1704 722 utilitati
1719 695 1796 722 testi-

1010 734 1134 762 monium
1145 733 1300 772 perhiberet
1312 757 1318 767 ,
1340 744 1419 773 quam
1432 734 1479 762 ille
1492 735 1595 763 invidis
1606 734 1691 762 oculis
1704 734 1797 763 intue-

1010 775 1103 805 batum
1128 775 1229 813 quippe
1239 786 1297 815 quae
1308 775 1488 813 Religionem
1498 774 1686 804 Christianam
1708 774 1796 812 potis-

1011 815 1106 843 fimum
1123 815 1285 849 sustentari,
1309 816 1457 855 gentilium
1486 825 1576 844 autem
1585 814 1794 853 superstitiones

1009 854 1098 884 subrui
1109 857 1235 886 credeth
1247 878 1254 885 .
1278 859 1321 886 Ita
1332 857 1407 885 enim
1426 857 1457 884 in
1468 857 1581 894 epistola
1592 856 1706 894 quadam
1726 868 1796 896 gen-

1011 896 1104 924 tilium
1113 895 1265 926 sacerdotes
1276 897 1309 926 aid
1318 897 1511 926 liberalitatem
1520 906 1653 936 provocat
1665 899 1796 937 exemplo

1009 936 1216 966 chi-istmnarum
1228 946 1377 977 agaparum
1390 950 1396 966 :
1420 938 1568 975 Religionis
1582 960 1589 971 ,
1614 939 1704 976 inquit
1719 961 1725 971 ‚
1749 951 1795 967 ar—

1007 987 1172 1014 gumentum
1184 982 1220 1016 est
1230 1001 1238 1012 ‚
1253 980 1445 1017 stpropinquos
1456 989 1546 1007 omnes
1558 980 1593 1007 ad
1609 987 1746 1015 pietatem
1755 991 1797 1007 er-

1005 1029 1042 1055 ga
1054 1023 1122 1046 Deos
1143 1020 1330 1057 capeffendam
1350 1019 1462 1047 alliciat
1482 1019 1673 1051 (Sacerdos)5
1697 1019 1797 1048 huma-

1009 1062 1110 1086 nitatis
1123 1080 1131 1092 ,
1147 1060 1176 1098 sl
1193 1060 1239 1088 vel
1258 1071 1290 1088 ex
1309 1060 1411 1087 modico
1433 1059 1720 1098 libenterpauperibus
1743 1064 1796 1088 im-

1006 1103 1114 1137 pertiat
1125 1122 1131 1132 ,
1140 1102 1299 1139 prolixeque
1310 1103 1493 1129 communicet
1503 1121 1511 1132 ‚
1534 1112 1567 1130 ac
1576 1100 1795 1139 quamplurimos

1005 1141 1062 1176 sua
1071 1141 1206 1177 complec'ii
1216 1141 1507 1176 liberahtatestudoat
1515 1163 1522 1169 .
1545 1147 1583 1170 Et
1594 1142 1632 1169 ad
1651 1141 1722 1170 hanc
1730 1149 1797 1179 par·

1011 1188 1068 1207 tem
1081 1191 1180 1214 majore
1192 1182 1313 1220 quadam
1333 1184 1488 1209 attentione
1506 1190 1567 1219 opus
1589 1184 1641 1219 est,
1664 1182 1736 1210 unde
1756 1193 1796 1209 re-

1012 1221 1098 1248 medii
1111 1221 1223 1259 aliquid
1231 1222 1366 1259 afferatur
1375 1243 1382 1253 ,
1395 1225 1463 1260 quia
1473 1222 1587 1260 nefandi
1599 1222 1706 1250 Galilai
1719 1227 1796 1260 (quo

1013 1260 1126 1288 nomine
1138 1262 1296 1301 plerumque
1308 1271 1388 1290 vocat
1400 1260 1573 1291 Christianos
1585 1266 1597 1295 )
1615 1264 1798 1291 animadver-

1008 1303 1039 1338 so
1051 1322 1058 1333 ‚
1077 1309 1206 1340 pauperes
1217 1303 1405 1332 Sacerdotibus
1415 1303 1547 1340 neglec‘tui
1569 1303 1615 1340 effe
1627 1325 1635 1336 ,
1658 1306 1687 1330 in
1708 1304 1738 1331 id
1747 1304 1799 1331 hu-

1014 1346 1255 1381 manitatisgenus
1266 1344 1453 1372 incubuerunt
1469 1364 1476 1375 ‚
1500 1343 1534 1376 &²
1546 1343 1698 1381 fallionem
1713 1344 1798 1380 suam

1012 1383 1064 1410 hac
1083 1383 1161 1420 officii
1176 1386 1264 1422 specie
1284 1385 1505 1412 corroborarunt.
1527 1390 1599 1413 Nam
1627 1384 1709 1412 velut
1719 1405 1727 1416 ,
1750 1385 1799 1422 qui

1009 1430 1102 1460 pueros
1110 1424 1241 1460 placenta
1249 1424 1347 1462 aliqua
1357 1425 1498 1461 decipiunt
1507 1445 1515 1456 ,
1527 1435 1613 1462 quam
1622 1434 1682 1452 cum
1694 1425 1734 1451 bis
1744 1432 1800 1451 ter-

1014 1474 1049 1490 ve
1067 1464 1124 1491 illis
1135 1465 1261 1493 dederint
1274 1486 1279 1496 ,
1305 1463 1574 1501 &adsesequendos
1593 1464 1645 1492 hac
1663 1471 1722 1491 arte
1739 1464 1796 1500 pel-

1014 1504 1136 1532 lexerint
1145 1526 1153 1537 ‚
1164 1505 1273 1533 demum
1285 1505 1319 1532 ab
1329 1505 1527 1542 adibusprecul
1536 1505 1679 1540 abstraftos
1691 1525 1698 1536 ,
1723 1503 1757 1537 &2
1767 1507 1799 1531 in

1013 1554 1117 1572 navem
1136 1545 1267 1582 impositos
1287 1545 1461 1581 distrahunt,
1484 1553 1517 1572 ut
1538 1545 1608 1582 quod
1627 1545 1738 1572 brevem
1755 1549 1800 1578 ju-

1015 1585 1190 1613 cunditatem
1199 1586 1303 1614 attulit
1313 1606 1320 1616 ,
1343 1586 1374 1612 id
1382 1585 1552 1614 acerbum'in
1570 1588 1645 1613 omni
1655 1587 1721 1612 vita
1734 1585 1798 1621 sen-

1016 1633 1126 1653 tiatur:
1144 1625 1183 1663 sic
1203 1628 1247 1663 isti
1270 1626 1304 1653 ab
1322 1637 1371 1658 ea,
1394 1636 1478 1664 quam
1498 1634 1620 1658 vocant,
1644 1632 1726 1661 agape
1738 1645 1746 1657 ‚
1765 1627 1800 1657 (9²

1016 1669 1163 1699 convivio,
1187 1668 1397 1703 mensarumque
1407 1667 1557 1702 ministerio
1567 1668 1725 1703 incipientes
1739 1685 1746 1697 ‚
1762 1665 1799 1701 fi-

1017 1707 1087 1733 deles
1095 1708 1211 1743 gentiles
1222 1708 1259 1735 ad
1269 1711 1391 1734 Deorum
1403 1715 1597 1744 contemptum,
1610 1708 1801 1742 impietatem-

1016 1747 1229 1784 quoperducunt
1242 1767 1248 1774 .
1273 1748 1341 1774 Haec
1354 1745 1546 1783 persectiffima
1555 1746 1592 1773 est
1609 1745 1722 1773 istorum
1734 1755 1801 1772 con-

1018 1787 1160 1814 viviorum
1171 1787 1324 1815 vindicatio
1338 1787 1368 1815 ab
1380 1787 1504 1814 omnibus
1515 1785 1624 1813 maculis
1636 1807 1643 1817 ‚
1666 1785 1760 1823 quibus
1772 1795 1800 1814 ea

1017 1827 1262 1864 pristiniGentiles
1280 1825 1508 1865 consperserunt,
1533 1836 1582 1854 nec
1604 1836 1661 1854 non
1681 1826 1803 1863 amplum

1016 1877 1110 1895 eorum
1121 1867 1250 1896 utilitatis
1264 1867 1452 1896 testimonium
1461 1878 1494 1895 ex
1505 1877 1553 1895 ore
1563 1865 1711 1895 adversarii
1725 1877 1734 1896 ‚-
1747 1867 1801 1904 -qui

1017 1907 1134 1946 proinde
1154 1919 1183 1936 ea
1203 1909 1232 1935 in
1254 1908 1378 1937 inanium
1396 1909 1510 1937 deorum
1532 1907 1608 1935 suum
1619 1907 1723 1937 cultum
1737 1928 1744 1938 ‚
1767 1907 1801 1934 ad

1015 1948 1168 1980 christianae
1189 1948 1371 1977 institutionis
1394 1949 1579 1977 imitationem
1591 1969 1598 1980 ‚
1626 1946 1801 1975 introducere

1018 1989 1172 2016 nitebatur.
1192 1989 1312 2018 Utinam
1332 1989 1457 2018 laudabili
1469 1988 1532 2017 huic
1542 1993 1568 2017 &-
1582 1987 1725 2016 innocenti
1735 1997 1802 2015 cou-

1017 2028 1155 2057 suetudini
1166 2029 1333 2067 sequioribus
1344 2030 1510 2068 temporibus
1521 2028 1593 2058 nihil
1603 2029 1676 2057 aliud
1685 2029 1802 2064 objefflz—

1019 2069 1040 2096 ri
1067 2069 1213 2107 potuisset,
1237 2081 1316 2108 quarn
1334 2072 1407 2109 quod
1428 2072 1556 2105 Julianus
1569 2092 1576 2103 ‚
1600 2068 1744 2098 acerrimus
1763 2068 1804 2095 rei

1019 2109 1172 2138 christiane
1185 2110 1312 2139 inimicus
1324 2133 1331 2144 ‚
1354 2121 1450 2139 contro„
1470 2122 1528 2139 erun
1547 2110 1647 2139 estutiit
1659 2130 1665 2136 .
1690 2108 1803 2137 Mansis-

1018 2150 1058 2178 set
1071 2151 1116 2178 illa
1127 2151 1222 2189 utique
1233 2173 1240 2183 ,
1261 2155 1288 2179 &
1299 2153 1328 2180 in
1337 2151 1505 2180 hodiernum
1516 2151 1597 2190 usque
1608 2150 1682 2178 diem
1694 2149 1804 2185 utilite}

1017 2194 1044 2219 ἃ
1064 2191 1187 2229 gloriose
1207 2202 1330 2221 maneret
1340 2213 1347 2220 .
1371 2193 1423 2221 Sed
1443 2204 1460 2220 ο
1489 2200 1626 2229 tempora*
1651 2202 1669 2218 0
1691 2199 1780 2218 mores
1795 2198 1802 2232 ¹3

1017 2232 1100 2267 Quod
1119 2231 1209 2260 sam‘le
1228 2232 1427 2272 salubriterque
1455 2243 1487 2261 ex
1507 2232 1704 2270 Apostolorum
1726 2237 1804 2267 praxi

1018 2272 1071 2300 fuit
1084 2273 1240 2301 institutum
1253 2295 1260 2305 ,
1283 2272 1373 2302 sancte
1393 2272 1588 2312 salubriterque
1611 2273 1642 2300 ab
1653 2270 1803 2314 Apostolo-

1019 2323 1078 2340 ium
1092 2312 1280 2342 succelsoribus
1292 2314 1341 2342 suit
1354 2314 1541 2342 interdiftum.
1555 2316 1569 2349 Η
1581 2314 1628 2342 Ut
1638 2323 1679 2340 res
1689 2318 1802 2348 optimi?

1021 2352 1167 2383 hominum
1177 2355 1255 2397 culpa
1267 2353 1342 2395 saepe
1351 2355 1381 2384 in
1391 2355 1463 2385 vitia
1479 2355 1648 2395 degenerant
1659 2374 1667 2386 ,
1688 2352 1728 2422 <lm
1747 2350 1807 2379 law*—

1708 2400 1758 2421 111ae
