1866 2526
85 1006 192 1034 CARAt.
199 1017 330 1036 κοΒυιυς
342 1028 349 1035 .
372 1008 447 1036 Vide
460 1008 653 1036 Ceraunobula
662 1027 669 1034 .

471 19 582 62 CA

124 77 162 107 ‹lo
169 75 309 117 sacrilegia
318 77 366 107 illa
374 87 433 107 non
441 76 622 117 dereliquerit
633 98 641 105 .
660 79 673 109 ]
687 76 770 113 Quod
792 77 906 105 vocabu-

123 119 202 147 luma
209 127 299 157 graeca
306 118 428 147 dictione
437 117 568 155 Κάραγος
578 118 720 147 derivatur
728 139 737 152 ,
759 127 820 156 qux
843 118 905 146 stre-

122 158 212 197 pitum
222 179 231 191 ,
252 162 282 188 &c
298 158 442 188 stridorem
458 159 584 198 sagarum
607 158 741 198 fignificat
750 180 758 191 ‚
781 157 887 187 fortall'e
898 179 906 190 ‚

123 197 185 237 quia
196 198 275 227 verba
283 198 457 237 strepitantia
471 221 479 233 ‚
501 210 583 239 atquc
594 209 666 228 tetra
675 200 704 227 in
715 209 805 227 earum
815 198 902 233 super<

1242 16 1282 57 C
1313 16 1352 57 A
1614 29 1691 70 ¹53

961 79 990 104 δι
1002 72 1174 104 incurabilis:
1199 78 1213 108 [
1225 73 1278 102 His
1289 73 1394 111 igitur,
1417 76 1445 102 ἔ(
1458 71 1587 102 similibus
1597 71 1748 102 rationibus

960 115 1054 145 sanare
1064 114 1215 155 poterimus
1225 114 1275 142 ista
1284 113 1469 142 carcinomata
1479 113 1616 141 contraria
1627 113 1703 142 inter
1710 111 1749 144 se,

963 156 1094 185 nimirum
1108 177 1117 189 ‚
1129 153 1351 193 desperationem
1360 175 1368 187 ‚
1386 157 1413 184 ὅ(
1426 151 1672 186 praesumptionem
1682 172 1690 181 .
1711 153 1748 181 In

962 197 1020 225 vita
1029 198 1056 225 S„
1067 195 1233 230 syncleticae
1245 215 1252 221 .

123 237 280 267 stitionibus
289 238 413 277 proferre
422 239 516 270 solent
525 261 532 269 .
556 240 666 270 Latinus
676 236 801 268 Latinius
811 236 840 264 in
851 237 906 270 ejus
921 234 1098 264 Camicus
1109 232 1215 261 (ἶοιοκ
1225 251 1234 263 ‚
1253 228 1458 274 colorpallidus
1469 239 1502 257 ex
1515 225 1647 257 stomachi
1657 225 1756 254 debili-

121 279 249 308 Correc‘k.
258 279 291 308 ad
300 281 339 309 D.
351 282 425 319 Aug.
435 277 569 308 existimat
579 291 637 309 non
648 279 697 309 ess'e
707 279 769 307 talis
780 275 907 306 Auctoris

123 319 196 348 hunc
206 317 362 349 sermonem
375 341 382 353 ‚
404 323 432 349 ὃ(
442 330 493 358 pro
504 320 588 348 malis
598 341 607 352 ,
630 321 700 357 legit
721 321 819 357 magiis
828 337 836 344 .
859 318 907 344 Ea.-

121 360 186 388 dem
205 360 292 389 diffie
309 361 340 389 in
357 359 613 389 Constitiiiionibus
638 359 739 390 Leonis
767 360 840 396 Imp.
859 355 907 384 sed

122 410 185 429 cum
195 411 306 429 accentu
316 401 345 429 in
353 400 409 429 fine
422 410 558 439 reperitur
569 400 604 429 fic
614 422 622 433 ,
645 395 792 438 Καραγᾶς,
815 401 843 426 ὅ(
861 407 907 424 ex-

122 441 417 475 teriorermunitiones
427 451 478 479 pro
493 441 609 469 militari
626 439 786 469 defensione
807 438 907 467 erestas

959 283 1016 302 tate
1024 272 1144 302 causatus
1155 283 1161 299 :
1183 268 1284 311 καρδῖει
1295 279 1370 298 enim
1379 280 1428 298 cor
1437 291 1444 302 ‚
1464 273 1492 297 δε
1504 266 1673 297 stomachum
1683 264 1754 304 apud

963 317 1077 344 Grzecos
1087 311 1222 353 fignificat
1231 332 1240 345 ,
1258 314 1286 340 δι
1295 311 1368 349 apud
1379 310 1479 340 Arabes
1491 310 1561 338 Calb
1571 308 1675 337 dicitur
1684 315 1732 334 cor
1744 325 1752 336 ‚

962 359 989 384 ὃ(
1001 355 1083 384 etiam
1095 351 1245 383 stomachus
1256 372 1264 379 .
1285 352 1376 391 Igitur
1386 351 1420 380 de
1440 352 1466 379 S.
1476 349 1618 389 Gregorio
1635 349 1755 389 Joannes

962 396 1104 426 Diaconus
1113 395 1143 423 in
1153 395 1208 425 eius
1218 392 1277 422 vita
1286 393 1323 420 ait
1335 404 1341 420 :
1357 399 1369 428 [
1382 392 1490 421 Colore
1500 391 1630 429 aquilino
1640 410 1648 422 ‚
1671 391 1699 417 ὅ(
1721 387 1758 415 li-

963 437 1030 465 vido
1041 458 1049 470 ,
1071 435 1197 464 nondum
1207 455 1215 467 ‚
1237 433 1305 462 sicut
1315 432 1446 471 &postea
1455 432 1577 471 contigit
1589 453 1596 463 ,
1619 428 1754 459 cardiaco.

124 476 259 520 siguificat
269 503 278 515 ,
299 482 344 510 ubi
359 481 394 510 fic
403 481 534 510 habetur:
561 482 707 519 [Caragus
725 478 830 508 dicitur
848 488 907 506 cui‘-
923 478 1116 507 Canmuaus
1128 497 1137 510 ‚
1160 474 1343 505 Ecclefiastica
1352 473 1474 513 dignitas
1486 493 1493 500 .
1519 472 1620 508 [Sicut
1643 469 1757 498 cardine

122 531 202 550 tuum
214 544 222 556 ‚
245 527 273 552 6<
294 522 411 550 alioruin
433 521 722 550 machinamentorum
738 519 891 548 confinium
902 540 908 551 ,

122 565 150 591 ἀ
161 563 280 592 affinitas
292 563 325 591 :id
337 562 487 592 tuitionem
495 562 632 592 exercitus
641 570 807 598 comparata,
817 563 830 592 ]
843 559 909 588 inde

122 602 225 631 difturn
238 603 288 631 fuit
302 607 464 632 Cari-ocium
475 625 484 636 ‚
497 602 572 642 quod
582 602 647 631 vide
656 601 705 630 suo
713 603 777 630 loco
786 622 793 629 .
805 603 862 631 PR.
875 601 910 628 Iii

122 643 264 672 Consiliis
277 645 416 672 Arelaten.
425 654 485 682 cap.
499 654 525 678 ς.
542 647 570 672 ὃ(
589 641 762 673 Narbonens.
782 653 840 681 cap.
866 651 908 675 ¹4.

125 687 263 721 Caragms
275 684 375 722 legitur
385 695 418 712 ex
427 682 620 722 supplemento
629 682 806 712 eruditissimi
817 685 909 712 Anto-

124 723 165 752 nii
175 724 323 762 Augustini
333 725 367 752 ad
377 724 583 762 fignificandum
595 722 911 763 prxlkigiatorem‚quod

124 764 284 792 vocabulum
295 765 368 792 inter
378 766 475 794 Gallos
486 788 494 799 ‚
516 770 543 794 δε
556 764 696 803 Hispanos
704 764 791 793 adhuc
812 765 891 793 durat
903 784 910 795 ‚

123 813 206 842 atque
218 804 376 834 Africanum
389 815 514 834 nomena
523 807 561 834 D.
575 806 733 844 Augustino
743 806 870 834 ufitatum
883 804 910 830 iii

123 843 288 882 Hispaniam
300 868 308 878 ,
327 850 354 874 ὃ(
366 856 398 874 cx
411 845 460 874 hac
471 846 500 874 in
510 846 630 875 Galliam
649 845 809 874 translatum
818 844 911 873 existi-

124 894 181 913 mat
190 884 344 915 Philesacus
353 907 360 914 .
386 885 494 915 Vossius
506 895 600 914 tamen
611 887 741 924 opinatur
763 896 796 913 ex
819 884 912 912 chara-

123 926 195 953 &ere
204 936 334 965 corrupte
346 927 465 955 derivari
479 938 485 957 ς
510 937 572 954 iiam
583 928 658 966 magi
669 926 834 954 charac'teres
857 924 911 952 sor-

125 975 198 993 mare
208 965 408 1004 superstitiosos
418 966 541 996 solebant
553 989 560 996 .

86 1048 215 1075 (Aimxo
229 1067 236 1079 ‚
258 1046 346 1075 scribo
358 1068 365 1074 .
378 1053 390 1083 [
401 1049 462 1076 Nec
473 1058 531 1076 non
543 1047 679 1076 terrificos
688 1047 785 1085 palmae
796 1045 914 1075 coelestis

127 1087 256 1115 articulos
267 1110 275 1120 ,
297 1088 376 1116 flexis
394 1089 552 1117 litterarum
571 1088 691 1127 apicibus
702 1110 710 1121 ‚
731 1089 762 1115 in
784 1087 914 1126 quadi-:ita

126 1127 238 1165 parietis
246 1128 344 1167 pagina
353 1129 486 1157 caraxatis
495 1151 503 1163 ,
514 1129 628 1158 Aldhel.
638 1138 697 1165 cap.
714 1139 755 1156 io.
767 1128 801 1156 de
815 1129 912 1165 Virg.]

127 1169 172 1196 ubi
183 1168 216 1195 de
225 1168 420 1197 characteribus
431 1170 460 1197 in
479 1179 558 1197 muro
578 1178 675 1197 contra
685 1171 792 1206 Regem
802 1167 912 1196 Baitha—

132 1207 220 1236 sarem
229 1207 389 1236 miraculose
407 1208 520 1246 scriptis
537 1209 661 1247 loquitur
670 1229 678 1236 .
698 1213 710 1243 [
721 1207 912 1236 Ecclesiasticus

125 1248 247 1277 liistoriae
259 1249 328 1278 liber
338 1270 346 1282 ,
357 1259 371 1277 a
382 1250 500 1278 Ruil-‘ino
511 1259 649 1278 caraxatus
659 1269 668 1276 .
678 1248 758 1277 Idem
766 1258 824 1286 cap.
843 1253 886 1276 i6.
899 1249 912 1278 ]

126 1289 218 1324 Quart·
229 1298 369 1327 perperam
379 1289 463 1329 aliqui
474 1289 506 1318 in
516 1289 595 1328 epist.
606 1301 654 1325 40.
666 1289 713 1318 lib.
727 1298 751 1324 5.
771 1289 809 1317 D.
827 1291 914 1326 Greg.

127 1332 206 1368 Papae
219 1328 404 1368 excarpsatum
414 1341 465 1369 pro
475 1334 654 1359 Caraxatum
664 1330 773 1368 legurm
786 1329 820 1357 fic
830 1328 913 1357 etiam

127 1372 158 1400 in
166 1371 380 1400 Sacramenrario
389 1369 510 1408 ejusdem
518 1370 633 1400 habetur
645 1380 651 1397 :
664 1376 677 1405 ξ
688 1370 764 1399 Sicut
774 1369 803 1398 in
813 1369 864 1397 illo
873 1368 914 1397 su—

126 1411 232 1450 periori
241 1411 340 1440 ordine
350 1410 535 1450 excarpsatum
544 1411 591 1440 est.
605 1413 618 1442 ]
629 1411 780 1449 legendum
788 1413 916 1439 caraxa—

127 1462 189 1480 tum
201 1453 235 1488 2st
245 1473 251 1479 .
276 1452 436 1490 Aliquando
444 1453 537 1480 delere
544 1451 708 1490 scripturam
718 1473 726 1483 ‚
744 1449 793 1479 seu
808 1452 914 1479 cancel-

129 1491 184 1519 lare
193 1491 338 1529 fignificat‚
349 1494 413 1531 quia
422 1492 526 1521 solebat
536 1491 648 1521 callario
656 1490 707 1520 hac
717 1493 741 1520 X
751 1512 760 1524 ,
772 1490 860 1530 figura
868 1491 915 1521 fie-

128 1542 151 1559 ri
165 1551 172 1558 .
194 1532 268 1560 Vide
279 1533 406 1561 Cancello
448 1536 475 1562 δι
487 1544 502 1562 a
511 1537 660 1561 Caraxare
667 1553 676 1566 ,
699 1531 791 1560 italice
804 1532 915 1569 Caffare

129 1571 230 1599 dicitur
243 1582 248 1598 :
274 1577 286 1606 [
298 1572 369 1607 Quia
379 1573 481 1601 notitia
489 1571 611 1609 ejusdem
623 1572 784 1601 donationis
801 1583 860 1601 non
876 1571 916 1601 es·

128 1611 167 1639 set
179 1612 213 1640 de
223 1612 403 1650 polyptychis
413 1612 555 1642 charaxata
564 1634 571 1641 .
594 1613 675 1642 Idem
696 1614 733 1642 D.
744 1614 864 1652 Gregor.
885 1613 916 1642 in

129 1652 234 1690 Regist.
245 1653 292 1680 lib.
304 1664 330 1686 7.
340 1663 397 1691 cap.
409 1665 456 1689 40.
469 1656 482 1685 ]
495 1654 616 1682 Deberet
627 1653 688 1692 post
700 1653 820 1692 primam
838 1653 916 1682 litte—

128 1702 186 1721 ram
195 1691 389 1731 aspirationem
399 1693 468 1732 poni
478 1703 591 1732 propter
609 1694 688 1722 verbi
708 1693 792 1733 graeci
805 1704 916 1730 etymo—

129 1733 232 1771 logiam
242 1754 248 1760 .
272 1735 344 1762 Item
356 1738 542 1763 Caraxatura
552 1733 640 1772 ipsam
647 1732 812 1773 scripturam
832 1735 918 1774 figni-

131 1774 194 1802 ficat
205 1794 213 1801 .
226 1780 237 1809 [
249 1777 282 1802 Et
292 1784 321 1803 ut
332 1784 432 1814 pagina
442 1774 521 1812 huy'us
531 1775 690 1803 testamenti
703 1785 730 1803 in
740 1774 918 1815 disceptatio-

134 1823 196 1842 nem
207 1824 304 1843 venire
314 1826 371 1844 non
383 1815 465 1854 poffit
475 1838 483 1848 ‚
507 1815 527 1844 fi
536 1825 596 1854 quae
611 1815 712 1845 littera:
724 1838 731 1849 ,
741 1826 917 1850 caraxaturae,

132 1854 296 1891 adjeetiones
307 1877 315 1889 ,
337 1854 592 1895 superdictionesve
603 1855 678 1885 fastae
693 1878 700 1889 ,
723 1867 773 1885 nos
791 1867 832 1886 eas
853 1856 920 1887 seci-

132 1904 191 1922 mus
201 1916 209 1927 ,
232 1899 259 1923 &
272 1895 356 1925 facere
364 1896 484 1933 juffimus
495 1917 502 1924 .
526 1896 651 1926 Marcu'f.
662 1897 791 1926 Moiiach.
811 1898 857 1926 lib.
873 1909 917 1927 12.

129 1935 307 1964 formula-c.
319 1940 386 1970 17-]
400 1938 437 1966 In
447 1937 545 1966 eodem
553 1936 632 1967 sensu
653 1938 712 1967 usus
732 1942 770 1966 eit
790 1939 917 1968 flodoar-

133 1977 180 2004 dus
192 1998 201 2010 ,
221 1976 268 2004 lib.
285 1987 307 2004 i.
317 1987 373 2016 cap.
389 1988 398 2006 ι
407 1982 432 2006 8.
443 1977 549 2007 fortaffe
557 1990 571 2007 a
583 1979 667 2007 verbo
675 1990 769 2019 grseco
778 1978 919 2018 χοι-ρέττω,

131 2017 207 2055 quod
215 2014 331 2046 scribere
342 2038 351 2051 ,
372 2022 483 2048 &arare
493 2019 645 2058 significat,
667 2030 696 2048 :ic
715 2021 786 2059 apud
806 2021 920 2049 Latinos

132 2068 241 2086 exarare
250 2068 302 2096 pro
310 2057 426 2087 scribere
440 2061 522 2088 etiam
535 2059 679 2099 usurpatur
688 2081 696 2088 .

91 2098 310 2127 CAitisoNAiiius
322 2120 329 2131 ‚
351 2099 429 2128 ludus
438 2100 618 2139 gladiatorius
630 2122 638 2133 ,
659 2101 706 2140 qui
726 2101 847 2140 Neapoli
865 2112 922 2131 erat

132 2139 165 2166 in
173 2137 222 2167 usu
231 2161 240 2172 ,
263 2143 290 2167 δε
299 2149 313 2166 a
322 2140 431 2177 Joanne
440 2142 531 2170 ml.
543 2142 577 2170 de
589 2152 665 2171 anno
682 2152 764 2180 ¹3²7·
775 2141 823 2170 sub
840 2153 923 2180 poena

134 2179 432 2208 excommunicationis
444 2181 598 2219 prohibitus
609 2181 660 2211 fuit
671 2205 680 2216 ‚
702 2192 733 2211 ut
743 2182 857 2222 ipsemet
865 2186 923 2212 Ge-

135 2220 216 2248 roldo
226 2221 362 2259 Capuano
372 2219 593 2262 Archiepiscopo
604 2222 702 2252 scribit
712 2243 721 2250 .

91 2260 316 2289 CARBUNCULUS
328 2282 335 2293 ,
357 2271 464 2290 tumor:
476 2262 542 2292 vide
552 2264 689 2293 Anthrax
700 2284 707 2291 .
721 2264 863 2293 Chodchod
873 2286 881 2293 .

91 2301 235 2329 Cniiczii.
258 2300 332 2330 Vide
343 2306 495 2331 Dan-ania.
516 2308 698 2333 Immuratio.
722 2306 898 2341 ergastulum
917 2326 924 2333 .

91 2340 304 2375 Caucinum,
327 2339 498 2383 xxpxirmct,
520 2354 637 2379 cancer,
660 2345 769 2376 morbus
778 2345 926 2380 ulcerosus,

964 528 1054 546 totum
1075 517 1182 556 regitur
1200 515 1300 544 ostium
1310 525 1318 546 ς
1340 513 1379 543 ita
1395 516 1480 544 Petro
1489 536 1498 547 ‚
1520 517 1549 542 δ(
1567 509 1757 541 successbribus

964 561 1019 594 ejus
1029 559 1114 587 totius
1123 556 1248 587 Ecclesiae
1255 555 1410 594 deponitur
1419 555 1640 583 emolumentum
1651 572 1658 579 .
1668 550 1756 594 Unde

963 599 1071 628 Clerici
1081 602 1138 636 ejus
1148 597 1310 626 Cardinales
1319 596 1449 625 dicuntur
1459 617 1468 628 ,
1478 593 1586 623 cai-dini
1595 594 1691 631 utique
1702 591 1756 622 illi,

965 650 1021 678 quo
1042 648 1141 668 caetera
1162 647 1331 670 moventur,
1353 636 1474 667 vicinius
1490 635 1661 664 adhaerentes
1670 653 1678 660 .
1700 634 1757 661 Leo

966 682 1016 710 lx.
1026 680 1057 710 in
1066 680 1144 718 epist.
1153 679 1187 707 ad
1199 677 1472 716 constantinopolit.
1485 678 1689 715 Imperatorem
1699 695 1707 707 ,
1729 682 1754 715 c-

967 732 1015 759 32·
1027 723 1040 753 ]
1054 721 1121 749 vide
1133 719 1221 749 Gioff.
1232 719 1260 747 in
1271 728 1328 756 cap.
1339 718 1522 747 ministerium
1533 740 1540 751 ‚
1551 717 1587 745 de
1596 715 1641 745 off.
1653 713 1755 744 Archi<

967 762 1053 800 presb.
1064 761 1124 790 Alii
1135 770 1227 789 tamen
1238 760 1397 788 existimant
1409 781 1416 792 ,
1439 759 1515 797 quod
1525 768 1581 785 vox
1593 755 1757 785 Cardinalzs

967 801 1104 841 significet
1123 801 1306 839 principalem
1317 821 1324 831 ,
1348 800 1377 827 iii
1399 810 1455 838 quo
1480 797 1558 826 sensu
1585 796 1758 835 appellantur

967 850 1086 880 quatuor
1094 842 1258 880 principales
1269 841 1383 868 virtutes
1395 839 1547 867 cardinales
1557 859 1565 871 ,
1587 841 1615 866 ὅ(
1633 836 1758 864 cardina·

968 883 1007 911 les
1026 883 1110 911 eriam
1125 882 1254 910 dicuntur
1273 891 1392 919 quatuor
1402 880 1569 918 principales
1591 877 1670 907 venti
1679 899 1688 911 ‚
1712 874 1758 904 seu

969 923 1066 952 mundi
1076 922 1165 961 plagae
1180 943 1187 949 .
1207 922 1252 950 De
1262 920 1315 950 hoc
1336 921 1450 950 nomine
1465 919 1630 948 Cardmalis
1641 940 1649 951 ‚
1671 917 1760 960 prima

968 963 1077 992 mentio
1088 963 1160 1001 apud
1171 961 1340 1000 Stephanum
1350 964 1374 991 Ι.
1388 961 1533 990 invenitur
1543 982 1552 993 ,
1572 960 1620 999 qui
1630 967 1761 1000 regnavit

972 1005 1006 1033 de
1015 1014 1089 1032 :inno
1104 1014 1171 1037 257·
1185 1005 1242 1032 PR.
1253 1004 1287 1030 ln
1297 1003 1402 1042 legibus
1416 1011 1553 1031 vocantur
1564 1001 1648 1028 etiam
1670 1001 1761 1029 Patri-

970 1045 1005 1074 tii
1021 1064 1029 1072 .
1052 1044 1127 1072 Vide
1137 1042 1224 1072 Gloss]
1236 1043 1265 1070 in
1275 1046 1390 1071 Exti-av.
1401 1053 1461 1081 cap.
1474 1042 1548 1070 unic.
1571 1041 1605 1070 de
1617 1038 1762 1069 Schismat-

969 1087 1044 1114 Item
1052 1084 1210 1113 cardin-Ais
1220 1083 1293 1111 idem
1301 1083 1340 1111 est
1350 1105 1358 1116 ‚
1381 1094 1408 1111 ac
1432 1082 1582 1121 Episcopus
1592 1102 1598 1108 .
1622 1081 1695 1109 Vide
1715 1085 1761 1108 In-

971 1125 1086 1155 cardina
1098 1145 1104 1151 .
1129 1127 1167 1159 111:
1181 1125 1330 1152 Innocent.
1339 1123 1435 1152 1v.in
1447 1124 1561 1152 Concil.
1573 1121 1700 1160 Lugdun.
1723 1130 1762 1148 eis

969 1166 1074 1205 pileum
1085 1165 1196 1192 rubrum
1204 1175 1278 1192 anno
1295 1175 1303 1191 i
1313 1175 1379 1201 243.
1390 1162 1557 1191 concess‘erat
1567 1182 1574 1190 .
1597 1162 1672 1190 Vide
1682 1162 1764 1190 Gale-

970 1217 1017 1234 rus
1029 1225 1036 1232 .
1060 1207 1117 1233 FR-
1128 1204 1284 1232 Bonifaciu's
1296 1205 1382 1232 vin.
1396 1204 1483 1232 vestes
1492 1204 1530 1231 eis
1550 1212 1696 1242 purpureas
1716 1202 1763 1230 de-

968 1246 1012 1274 dit
1021 1256 1064 1274 an.
1089 1256 1098 1273 i
1107 1256 1174 1280 249.
1195 1246 1229 1273 ad
1247 1245 1436 1274 imitationem
1454 1243 1612 1273 Consulum
1620 1246 1764 1272 Romano-

971 1296 1032 1315 rum
1043 1307 1051 1317 ,
1073 1286 1168 1324 quibus
1179 1285 1210 1313 in
1220 1285 1376 1314 consulatus
1387 1296 1462 1313 anno
1476 1295 1584 1313 tantum
1594 1284 1636 1312 uti
1650 1282 1764 1322 permis-

972 1327 1031 1356 sum
1043 1336 1100 1354 erat
1111 1337 1118 1357 ς
1142 1326 1208 1354 iride
1218 1327 1349 1355 Ennodus
1360 1326 1513 1355 Ticinensis
1526 1324 1654 1363 Episcop.
1666 1326 1696 1353 in
1715 1323 1764 1353 suo

971 1368 1125 1406 Apologet.
1136 1366 1196 1395 haec
1205 1366 1365 1406 scripserit:
1392 1368 1488 1402 [Pene
1508 1377 1564 1403 ,am
1582 1365 1687 1394 terreni
1709 1375 1766 1394 ma-

971 1408 1133 1447 gnificentia
1143 1407 1281 1446 triumphi
1290 1407 1423 1436 divinum
1435 1417 1571 1436 mereatur
1582 1406 1705 1436 affectum
1716 1428 1724 1439 ,
1735 1411 1765 1436 ὃς

968 1449 1023 1477 hoc
1032 1448 1065 1477 ad
1076 1447 1184 1477 Christi
1195 1458 1314 1487 gratiam
1323 1448 1437 1486 proficit
1447 1470 1454 1482 ‚
1473 1448 1549 1487 quod
1559 1448 1665 1476 mundo
1676 1448 1766 1476 stude-

972 1490 1008 1518 tis
1025 1487 1076 1517 effe
1096 1489 1286 1519 venerabiles.
1310 1489 1434 1518 mentior
1447 1512 1454 1521 ,
1477 1490 1528 1518 iiiii
1548 1500 1635 1528 egena
1653 1488 1765 1527 agmina

971 1530 1128 1559 consulatus
1137 1529 1222 1559 vestri
1232 1530 1263 1558 in
1273 1529 1392 1559 subsidio
1409 1529 1580 1559 miseriarum
1603 1528 1766 1569 praestolen-

971 1581 1017 1600 tur
1028 1570 1179 1600 adventum
1191 1582 1198 1598 :
1221 1571 1324 1599 etenim
1334 1581 1453 1609 purpura
1476 1572 1563 1599 vesti-a
1573 1593 1582 1604 ‚
1604 1581 1657 1609 qua
1677 1571 1765 1600 :innui

973 1612 1136 1640 vocabulum
1145 1612 1298 1640 nobilitatis
1306 1634 1314 1645 ,
1337 1611 1534 1650 subripientem
1555 1610 1658 1639 miseris
1680 1611 1764 1639 vcsti-

971 1662 1130 1681 mentorum
1140 1652 1271 1691 largitate
1282 1653 1362 1691 pellit
1371 1653 1494 1691 algorem
1506 1673 1513 1678 -
1536 1654 1547 1682 ]
1561 1654 1657 1690 Itaque
1666 1652 1685 1680 fi
1696 1652 1767 1681 Car-

971 1693 1076 1722 dinales
1087 1701 1120 1721 ex
1131 1703 1226 1721 eorum
1236 1693 1358 1721 vitalitia
1370 1702 1488 1731 purpura
1497 1693 1659 1721 decorantur
1667 1715 1676 1726 ‚
1696 1694 1766 1722 bene

972 1734 1097 1774 arguitur
1105 1755 1115 1767 ,
1137 1734 1212 1772 quod
1221 1732 1358 1762 Consules
1366 1734 1495 1771 perpetui
1507 1734 1559 1762 lint
1571 1754 1577 1760 .
1587 1736 1673 1772 Grcg.
1684 1736 1767 1763 XIV.

972 1786 1017 1804 an.
1034 1785 1119 1810 159¹·
1130 1775 1234 1813 pileum
1246 1774 1354 1802 rubrum
1365 1773 1449 1802 ctiam
1469 1774 1664 1803 Cardinalibus
1685 1785 1766 1814 regu<

972 1815 1072 1845 laribus
1092 1814 1205 1844 indulsit
1216 1835 1222 1842 .
1245 1815 1402 1844 Mendofius
1424 1825 1517 1843 tamen
1537 1816 1567 1843 in
1575 1813 1661 1844 Giossl
1673 1814 1766 1845 facult.

972 1859 1083 1895 Regcii.
1102 1856 1128 1887 ξ.
1138 1855 1354 1884 Considerames
1365 1877 1372 1888 ,
1396 1855 1470 1884 verb.
1491 1855 1653 1885 Cardinales
1663 1877 1671 1889 ‚
1695 1856 1769 1885 vers.

975 1897 1072 1926 Paulus
1081 1896 1184 1925 deinde
1194 1918 1203 1929 ,
1225 1907 1254 1924 ac
1267 1897 1312 1924 alii
1321 1907 1335 1925 a
1346 1899 1431 1925 Ratta
1441 1897 1474 1924 de
1487 1896 1603 1925 Cardin.
1613 1896 1717 1936 dignit.
1737 1901 1766 1927 δε

976 1936 1021 1967 off.
1033 1947 1092 1976 cap.
1103 1949 1130 1976 3.
1141 1938 1175 1965 ad
1185 1937 1234 1966 fin.
1244 1937 1323 1965 relati
1338 1958 1345 1969 ‚
1355 1937 1470 1965 Paulum
1481 1938 1521 1965 11.
1531 1936 1655 1966 habitum
1664 1948 1768 1976 purpu-

977 1989 1051 2018 purae
1064 2000 1071 2012 ‚
1096 1988 1267 2011 mozettaui,
1289 1978 1401 2005 mitram
1409 1975 1523 2006 sericam
1531 1979 1767 2011 albam‚birctuin

977 2020 1088 2048 rubrum
1096 2040 1105 2053 ,
1117 2023 1145 2048 &
1157 2019 1262 2047 clavam
1271 2027 1427 2056 argenteam
1437 2028 1500 2046 ante
1509 2016 1536 2047 se
1547 2019 1708 2048 Cardinales
1717 2020 1768 2049 de-

979 2061 1050 2089 ferre
1060 2082 1068 2093 ‚
1091 2060 1214 2088 referunt
1239 2057 1395 2087 conccffiffe
1407 2079 1415 2086 .
1437 2059 1630 2088 cardinalibus
1650 2060 1770 2089 Colum-

980 2101 1102 2130 iicnsibus
1111 2100 1181 2128 lianc
1193 2099 1359 2138 dignitatem
1369 2121 1377 2131 ‚
1400 2109 1481 2137 quam
1501 2099 1655 2129 Bonifacius
1678 2103 1768 2130 VIII.

977 2143 1160 2180 derogaverat
1172 2162 1180 2174 ,
1203 2140 1364 2169 Benedictus
1376 2140 1555 2169 XLrestiruit
1566 2162 1574 2173 ,
1593 2151 1655 2169 cuni
1671 2141 1769 2170 condi-

978 2193 1057 2211 tione
1068 2205 1076 2215 ,
1098 2192 1128 2210 ut
1140 2191 1189 2220 pet
1196 2181 1309 2219 aliquod
1317 2178 1435 2218 spatium
1445 2182 1579 2221 temporis
1597 2182 1706 2211 rubrum
1724 2182 1769 2220 pi-

978 2225 1052 2252 lenm
1063 2233 1120 2251 non
1131 2222 1233 2250 ferrent
1243 2241 1251 2249 .
1274 2221 1373 2251 Blond.
1384 2221 1443 2249 dec.
1455 2234 1481 2250 ι..
1491 2223 1537 2250 lib.
1548 2233 1577 2258 9.
1588 2223 1674 2251 Card.
1685 2223 1710 2250 S.
1721 2225 1760 2250 R.

980 2269 1010 2293 E.
1021 2266 1053 2292 in
1061 2263 1234 2292 Consiilorio
1243 2271 1368 2300 tempore
1379 2263 1455 2291 Pauli
1472 2264 1513 2291 ΙΙ.
1526 2273 1584 2292 non
1604 2263 1766 2301 tegebantur

979 2306 1068 2334 bireto
1078 2326 1086 2336 ,
1107 2303 1154 2331 scd
1162 2303 1256 2341 galero
1268 2323 1276 2335 ,
1297 2303 1448 2341 eodemque
1459 2303 1566 2341 prorsus
1585 2304 1668 2331 modo
1679 2323 1688 2335 ,
1711 2312 1768 2340 quo

980 2356 1054 2380 nunc
1070 2344 1101 2374 in
1116 2342 1368 2384 equitatusolemni
1386 2354 1521 2377 utuntur,
1542 2353 1576 2373 iit
1590 2343 1768 2382 exvplumbgo

1666 2394 1729 2414 ,nu-
