1866 2526
466 13 582 55 DA

119 72 192 103 inter
200 69 375 111 expolitores
387 80 394 101 ι
419 80 480 99 nam
491 71 603 100 devotae
613 70 810 110 explicationes
821 82 835 100 a
846 72 912 101 San-

117 113 170 143 fiis
178 112 302 143 Patribus
309 111 415 140 traditae
426 133 434 144 ‚
446 112 522 151 quod
533 133 541 146 ‚
552 113 682 142 nimirum
696 135 703 146 ‚
724 114 844 142 Dxmon
853 124 910 142 me-

118 154 237 183 ridianus
247 152 279 181 sit
291 151 406 181 insultus
416 151 545 181 sensualis
557 175 564 186 ,
585 153 631 192 qui
644 153 673 181 in
684 164 716 182 eo
726 155 857 192 temporis
867 155 910 183 in—

117 193 236 224 tervallo
245 192 388 222 hominem
398 194 537 233 exagitare
547 193 655 225 asloleu
675 195 707 223 ad
720 196 848 224 moralem
862 206 908 234 po-

119 237 174 264 tius
191 235 408 274 intelligentiam
426 233 565 273 spectant,
587 245 668 274 quam
691 237 723 264 :tl
742 237 907 265 litteralem.

116 275 208 316 Igitur
229 275 358 304 nonnulli
380 275 546 304 Daemonem
563 276 656 311 Sylvae
675 276 856 305 habitatorem
879 277 906 305 in

116 326 193 355 parte
215 315 393 345 meridionali
409 327 442 345 ex
461 316 589 355 opposito
610 317 816 355 Hierosolymae
833 340 839 351 ‚
862 318 906 345 ubi

115 357 189 386 hunc
200 356 332 396 psalmum
342 356 533 395 composuerat
544 358 646 391 David,
659 368 708 396 per
716 358 789 388 hunc
800 363 902 386 Demo-

115 402 197 427 m'um
208 399 398 426 meridianum
409 398 609 427 intellexerunt
617 418 626 426 .
648 400 764 428 Rabbini
776 408 866 428 autem
877 398 906 427 in

115 439 243 468 versione
253 438 359 467 hebraea
369 437 491 471 fundati,
514 449 573 478 quae
595 439 676 468 habet
684 439 773 478 Ketef
785 443 882 468 mereri
897 461 904 472 ‚

116 480 184 510 idest
196 502 203 512 ,
226 480 362 509 truncatio
375 481 502 508 moeroris
515 501 523 513 ,
545 480 756 508 meridionalem
767 480 904 518 quendam

115 530 234 550 ventum
255 521 398 561 explicant
410 543 417 553 ,
441 521 489 559 qui
507 520 684 549 infirmitates
701 521 854 559 malignas,
877 525 903 549 δ.-

112 561 279 601 perniciosas
298 564 327 590 in
347 563 439 590 dicbus
451 561 587 600 praecipue
604 561 796 590 canicularibus
814 560 904 589 secum

112 603 237 633 trahebat
247 624 254 635 ,
264 613 327 631 cum
338 602 443 643 phrasis
452 601 552 631 Psalmi
564 600 642 639 hujus
653 601 791 630 simillima
800 601 832 630 sit
842 613 905 630 can—

113 645 165 673 tici
176 644 264 672 verbis
276 644 377 679 Moyfis
390 645 419 672 in
430 643 544 671 Denter.
555 652 578 670 c.
589 653 603 681 3
612 655 638 672 2.
648 641 752 670 scilicet
764 663 771 674 ,
797 649 809 678 [
829 643 905 672 Mor-

111 684 141 714 su
152 683 340 715 amarissimo]
352 693 383 712 ut
395 684 424 712 in
434 683 522 712 nostra
534 684 706 712 traduftione
717 683 902 722 habetur.qu:e

112 726 151 755 D.
161 726 367 760 Hieronymus(
380 727 402 754 A
411 722 504 753 morsu
515 723 678 753 insanientis
692 724 903 756 meridieiJver-

111 766 165 795 tit.
186 767 242 794 FR.
255 767 316 794 Imo
325 765 407 794 etiam
430 764 585 794 Christiani
603 765 756 804 antiquitus
777 765 902 802 putabant

110 809 282 835 Damonium
301 807 490 835 meridianum
507 807 558 834 esse
583 816 698 840 ventum
721 806 900 834 meridianum

109 847 270 885 corporibus
291 845 515 885 indispositioncs
523 846 681 876 afferentem
691 870 699 882 ,
721 848 755 876 sic
767 847 797 875 in
807 847 865 875 vita
877 848 901 875 S.

109 887 258 917 Rusticulae
271 887 412 916 Abbatiss‘ae
425 887 557 917 habetur:
580 894 591 923 [
614 889 686 917 Nam
696 888 790 917 unade
801 887 902 917 sorori-

107 929 155 957 bus
166 950 173 961 ,
184 938 244 957 cum
254 929 378 967 graviter
387 929 417 957 ab
428 928 604 957 infestatione
615 929 758 958 meridiani
769 929 903 957 daemonis

111 969 223 997 nimiam
235 969 428 1007 fatigationem
438 969 584 998 sustineret
597 991 605 1002 ,
629 974 656 999 Sc
665 980 782 1009 corpore
801 979 902 998 treme-

108 1008 197 1037 bunda
207 1030 215 1041 ,
239 1009 392 1038 nullatenus
402 1009 431 1038 se
439 1011 546 1050 erigere
555 1008 639 1048 posset
651 1031 657 1038 .
678 1013 691 1042 ]
712 1012 754 1039 Sic
764 1009 847 1038 etiam
869 1010 902 1038 de

108 1048 159 1078 hat
177 1048 338 1078 infirmitate
356 1051 510 1089 Gregorius
530 1051 696 1080 Turonensis
716 1052 749 1079 de
767 1051 902 1079 miraculis

109 1091 136 1119 S.
149 1089 263 1119 Martini
275 1091 305 1119 in
316 1092 439 1120 Serenati
452 1101 546 1124 uxore,
557 1101 618 1129 qux
632 1093 663 1120 in
673 1092 788 1120 meridie
800 1091 902 1121 viribus

108 1130 236 1159 destituta
246 1132 275 1160 in
287 1140 388 1160 terram
406 1131 543 1160 ceciderat
556 1153 564 1164 ‚
589 1131 646 1160 ait:
670 1138 682 1167 [
700 1134 809 1161 Interea
829 1142 902 1160 accc-

108 1171 161 1199 den
168 1171 238 1200 tibus
248 1172 355 1203 accolis,
365 1182 394 1199 ac
406 1172 558 1201 dicentibus
569 1182 627 1201 eam
638 1173 784 1202 meridiani
793 1173 900 1201 daemo-

109 1211 297 1240 nisincursum
307 1213 376 1250 pati,
388 1211 432 1240 lib.
444 1224 470 1248 4.
482 1223 539 1250 cap.
552 1220 599 1250 36.
613 1215 624 1244 ]
637 1213 681 1241 De
690 1213 824 1252 aliquibus
835 1223 899 1251 pue-

107 1253 142 1281 ris
151 1253 181 1280 ab
190 1253 287 1281 eodem
297 1262 383 1281 vento
395 1274 401 1284 ‚
420 1251 465 1281 seu
478 1253 585 1282 turbine
596 1253 746 1283 meridiano
759 1255 787 1283 in
800 1263 900 1283 terram

104 1291 176 1321 elisis
187 1293 218 1321 fit
230 1293 335 1322 mentio
346 1294 374 1322 in
388 1294 445 1322 vita
460 1294 485 1322 S.
496 1294 594 1332 Jovini
606 1295 674 1323 Abb.
688 1302 700 1331 [
715 1297 771 1333 Qui
793 1295 899 1324 vexillo

101 1333 206 1362 Crucis
215 1345 228 1362 a
239 1333 381 1363 Monachis
389 1334 544 1373 consignati
554 1334 657 1364 metitis
667 1337 709 1365 SS.
722 1335 838 1366 Martini
852 1357 859 1367 ‚
872 1341 898 1365 &

103 1374 219 1413 Joviani
230 1375 378 1404 adaemone
390 1375 543 1404 meridiano
555 1374 618 1404 sunt
630 1377 732 1406 liberati
750 1380 780 1408 .]
797 1379 831 1406 In
841 1377 896 1406 ΑΞ-

101 1416 187 1454 gypti
201 1416 358 1458 regionibus
369 1439 377 1450 ‚
401 1425 430 1443 ut
440 1415 510 1444 mihi
530 1416 643 1455 quidam
654 1418 784 1456 Coplitus
806 1428 898 1446 narra-

104 1464 166 1488 vit,
189 1456 336 1495 aliquando
347 1468 379 1485 ex
392 1457 558 1486 meridonali
576 1458 655 1496 plaga
675 1468 773 1487 ventus
793 1459 898 1494 libycus

107 1495 203 1523 inflare
214 1495 293 1527 solet,
307 1498 352 1535 qui
364 1507 450 1526 :ierem
462 1498 491 1526 in
499 1499 600 1525 flavum
610 1500 732 1527 colorem
744 1501 898 1533 convertit,

106 1539 133 1564 ὃ(
145 1544 199 1563 tam
211 1537 400 1574 pestilentialis
417 1539 455 1567 est
466 1559 474 1570 ,
497 1547 526 1566 ut
537 1536 665 1567 homines
676 1543 731 1575 ejus
744 1539 900 1579 respiratio-

277 1580 292 1611 Η
307 1589 312 1605 .·
332 1578 455 1607 Tandem
466 1578 577 1608 daemon
586 1579 727 1609 infernalis
736 1591 899 1610 antonoma-

102 1586 138 1604 πε
150 1586 229 1604 necet
249 1589 255 1605 z

105 1617 172 1645 stice
181 1618 277 1646 Malus
292 1628 405 1648 vocatur
416 1639 422 1646 .
445 1622 502 1656 [In
521 1620 720 1650 tentationibus
742 1620 813 1651 nihil
824 1623 898 1651 Malo

103 1657 201 1690 liceat,
228 1658 278 1687 nifi
291 1660 408 1697 potestas
419 1660 484 1689 inde
496 1661 647 1689 tribuatur.
672 1664 696 1691 S.
707 1663 846 1701 Cyprian.
865 1664 898 1691 dc

101 1708 171 1726 orat.
180 1698 298 1727 Domin.
312 1702 323 1731 J
337 1701 420 1733 Quod
434 1702 591 1731 vocabulnm
605 1701 730 1741 frequens
740 1704 810 1742 apud
823 1704 899 1733 Asi-i·

100 1749 183 1767 canos
195 1742 286 1768 Patres
296 1761 302 1768 .
327 1747 340 1776 [
352 1743 417 1770 Lata
428 1753 508 1781 atque
518 1742 610 1772 diffusa
621 1744 658 1772 est
668 1744 794 1782 operatio
813 1745 879 1773 Mali
891 1766 897 1772 .

102 1781 216 1808 Tertull.
229 1781 272 1809 lib.
285 1781 319 1810 de
332 1792 387 1821 pat.
400 1785 410 1813 ]
422 1785 477 1813 I-R.
490 1785 561 1812 Item
572 1785 697 1823 Aquila:
707 1786 817 1814 daemon
828 1785 898 1814 dici-

101 1828 146 1846 tur
157 1830 165 1849 3
178 1821 302 1859 Aquilus
313 1833 405 1851 tamen
417 1834 473 1852 non
483 1825 513 1853 ab
523 1834 589 1863 aqua
599 1831 611 1860 (
621 1835 651 1853 ut
661 1826 744 1865 aliqui
756 1835 896 1864 perperam

103 1860 263 1888 existimant
273 1862 341 1893 >sed
354 1875 367 1892 a
377 1864 472 1893 colore
483 1865 610 1904 aquilino
619 1888 627 1900 ‚
647 1865 720 1895 fusco
729 1889 738 1900 ‚
760 1866 896 1906 nigroque

102 1900 139 1928 ita
149 1900 269 1934 dicitur,
291 1913 372 1943 atque
392 1903 495 1939 fuscus!
518 1910 545 1935 ὁ(
566 1907 645 1947 niger
663 1907 747 1936 etiam
767 1917 817 1945 pto
826 1909 897 1936 malo

104 1941 284 1978 translative,
305 1947 332 1973 δε
343 1955 392 1983 pro
402 1945 474 1974 bono
494 1947 565 1975 albus
585 1947 718 1977 sumitur.
743 1948 817 1977 Vide
834 1958 894 1988 quae

99 1981 219 2010 diximus
230 1981 260 2011 in
271 1983 336 2012 diet.
346 1986 468 2022 Asprum
480 2008 486 2019 ,
496 1987 563 2016 &in
576 1988 640 2017 dist.
655 1989 796 2018 Calculus.
808 1990 893 2028 Aqui-

102 2022 142 2050 lus
152 2023 237 2062 igitur
246 2024 324 2052 color
334 2025 420 2054 fuscus
431 2027 470 2055 est
481 2048 487 2055 .
511 2027 598 2057 Plaut.
623 2029 654 2058 in
672 2031 752 2058 Poen.
766 2031 895 2065 [Statura

99 2062 171 2091 haud
192 2073 290 2103 magna
300 2086 308 2097 ,
331 2066 425 2094 colore
445 2067 538 2106 aquilo
547 2088 555 2095 .
586 2071 599 2100 ]
618 2071 780 2105 Synonyma
791 2091 798 2098 .
821 2071 894 2099 Vide

102 2105 293 2142 Antespin'tus
306 2128 314 2139 ‚
336 2107 470 2136 Diabolus
481 2129 490 2141 ‚
500 2113 600 2143 Homo,
614 2113 698 2148 Niger
706 2131 716 2144 ,
737 2113 894 2148 Oniropom-

96 2152 148 2181 pus
161 2166 168 2177 ‚
194 2147 333 2175 Paredrus
345 2168 352 2175 .
376 2151 465 2176 Satan
476 2169 484 2176 .
698 2161 700 2165 ’

59 2183 270 2215 Βεηοκῐεοιᾼ
285 2208 292 2218 ,
315 2188 460 2216 Daemonis
469 2190 575 2218 cultor:
599 2189 667 2218 hinc
677 2191 714 2220 D.
729 2193 801 2230 Aug.
814 2191 832 2219 l.
849 2197 891 2220 18.

97 2224 132 2253 de
142 2224 234 2255 Civit.
254 2237 314 2265 cap.
336 2239 382 2264 4¹·
396 2229 620 2259 Daemonicolam
637 2232 794 2261 Civitatem
813 2232 890 2261 illam

96 2266 248 2304 appellavit
263 2289 271 2300 ,
294 2269 324 2296 in
335 2279 386 2307 qua
395 2268 543 2299 Daemonia
550 2272 710 2300 colebantur
720 2293 726 2299 .

53 2304 167 2335 Dis-xa
179 2307 285 2347 ‚pugio
296 2331 303 2341 ,
324 2309 373 2338 sica
384 2331 392 2342 ‚
409 2320 443 2338 ex
455 2311 616 2349 germanico
625 2317 717 2351 Dagge
729 2333 735 2340 .
750 2314 833 2347 [Nec
843 2313 890 2342 da-

79 2351 223 2386 2gua‘s3—nec
234 2349 360 2380 cultellos
373 2350 461 2379 serant
471 2373 479 2385 ‚
488 2351 646 2391 infConcil.
656 2352 747 2384 Pisan.
759 2355 808 2386 2·]
821 2352 888 2383 His-

133 2390 327 2420 Hierolexican
340 2395 448 2420 Marri.

1251 12 1294 57 D
1326 14 1364 56 A
1621 30 1699 68 229

963 72 1049 111 pani,
1073 70 1136 101 Itali
1148 93 1155 104 ,
1178 75 1206 101 δι
1227 71 1386 102 Melitenses
1405 71 1492 101 adhuc
1503 72 1623 102 retinent
1635 77 1751 104 vocabu-

961 113 1018 141 lum
1027 117 1108 150 Dagae
1118 112 1148 140 in
1157 112 1252 141 eadem
1262 112 1463 152 significatione
1473 133 1480 140 .

923 153 1112 183 Dnuuricn
1124 174 1132 185 ,
1156 152 1238 181 vestis
1255 153 1325 182 sacra
1345 151 1472 197 Episcopi
1486 175 1493 186 ,
1515 153 1694 186 &Diaconi;
1718 157 1755 185 ita

962 195 1097 233 appellata
1108 204 1141 222 ex
1153 193 1348 228 Dalmatia‚ubi
1358 203 1449 232 primo
1461 203 1574 222 inventa
1587 194 1678 224 fuerat.
1691 197 1755 225 hid.

962 235 1008 263 lib.
1025 246 1070 271 ¹9·
1086 234 1204 270 etymol.
1214 245 1272 273 cap.
1287 247 1333 264 22.
1359 236 1402 264 vel
1411 235 1473 273 quia
1483 235 1520 263 ibi
1530 238 1588 272 ejus
1599 233 1658 264 usus
1667 237 1753 265 inem

963 276 1023 314 pit¹.
1033 277 1071 305 D.
1082 274 1136 305 Th.
1146 277 1175 305 in
1187 290 1214 314 4.
1225 276 1287 305 dist.
1300 287 1346 312 24.
1356 285 1431 315 qu.3.
1440 285 1492 305 art.
1503 286 1530 314 3.
1542 275 1691 306 Institutor
1703 287 1752 316 pro

962 316 1130 345 Diaconibus
1140 317 1272 347 Romanis
1283 326 1390 345 tantum
1399 316 1529 346 Silvester
1538 319 1608 355 Papa
1620 317 1681 346 fuit.
1692 320 1753 348 Or-

961 357 999 385 do
1021 360 1104 387 Rom.
1117 358 1214 398 Estque
1236 359 1342 387 laetitiae
1353 358 1461 397 signum
1473 379 1480 391 ,
1503 368 1562 386 can.
1585 358 1618 386 de
1629 360 1734 395 jejunio
1746 382 1753 392 .

960 397 1023 426 dist.
1036 405 1083 430 76.
1095 402 1158 427 Erat
1167 400 1257 440 regius
1266 399 1448 437 h..bitus,<quo
1457 399 1589 428 Pertinax
1600 400 1754 439 Imperator

961 439 1123 468 induebatur
1136 462 1143 473 ,
1153 441 1345 479 dicebaturque
1353 440 1521 469 Dalmatica
1531 440 1575 468 chi
1578 442 1675 469 rodata
1686 452 1694 471 ς
1714 441 1755 469 id-

962 479 999 507 est
1010 501 1017 511 ,
1029 481 1163 511 manicata
1172 504 1180 516 ‚
1191 482 1223 511 ad
1233 481 1441 510 distinstionem
1454 481 1566 513 colobii,
1575 482 1650 518 quod
1659 479 1753 521 absque

963 520 1074 548 manicis
1082 531 1142 550 erat
1151 543 1158 551 .
1176 525 1274 553 Baron.
1286 533 1350 550 ann.
1363 528 1429 550 261.
1445 532 1473 549 n.
1484 532 1530 556 40.
1541 525 1569 550 ὃ(
1580 520 1655 560 seqq.
1678 523 1753 551 Item

961 564 1073 589 Tunica
1083 562 1220 592 dicebatur
1230 585 1237 591 .
1247 565 1344 593 Baton.
1355 563 1420 592 ibid.
1433 561 1489 591 FR'.
1502 562 1684 591 Credendum
1694 564 1733 592 est
1744 587 1751 598 ‚

959 602 1035 639 quod
1046 612 1170 641 tempore
1180 604 1380 643 Apostolorum
1388 604 1508 633 Diacoui
1517 604 1659 633 Colobium
1669 625 1677 636 ‚
1699 604 1753 633 sci-

962 642 1026 670 licet
1036 664 1044 676 ,
1055 644 1177 673 tunicam
1186 645 1282 684 absque
1293 645 1406 674 manicis
1416 644 1519 672 ferrent
1528 656 1540 677 ,-
1561 654 1623 673 nam
1634 645 1664 673 in
1672 647 1752 674 Con-

961 682 1015 711 stit.
1028 685 1123 722 Apost.
1134 686 1179 714 lib.
1192 698 1216 715 2.
1229 696 1286 725 cap.
1303 696 1348 722 57.
1360 685 1480 716 habetui·;
1490 691 1508 720 ⁷[
1520 685 1620 714 Asterit
1629 687 1750 717 Diaconi

960 721 1074 752 succinti
1088 746 1096 757 ,
1109 729 1135 754 &
1144 728 1288 765 expediti;
1306 727 1362 755 fine
1373 728 1457 754 multa
1468 726 1541 754 veile
1550 728 1580 757 .]
1600 726 1750 757 colobium

959 764 1042 793 etiam
1055 775 1178 804 tempore
1191 767 1391 807 Apostolorum
1402 769 1431 795 in
1442 765 1488 795 usu
1499 765 1572 795 iisiffe
1583 768 1695 796 testatur
1705 769 1749 798 liic

959 804 1030 833 infra
1045 808 1191 842 Geni-211:
1216 807 1392 843 Symmachus
1410 809 1480 846 Papa
1499 807 1574 835 illam
1585 808 1751 838 Diaconibm

959 845 1112 875 S-Caesarii
1123 849 1287 878 concefl'crat
1298 871 1305 877 .
1316 851 1415 878 Baton.
1427 859 1490 877 aun.
1502 852 1569 876 ⁶08.
1581 860 1608 877 n.
1625 859 1668 883 ις.
1691 852 1751 887 ραι

959 884 1011 915 soli
1023 887 1141 916 Diaconi
1153 891 1274 919 Romani
1286 890 1441 923 utebantur,
1453 889 1526 917 idem
1538 900 1580 918 an.
1596 895 1662 926 598.
1672 903 1751 930 n.3c.

959 927 983 954 S·
992 928 1147 967 Gregorius
1169 931 1376 960 Archidiacono
1388 932 1550 960 Francorum
1567 930 1732 961 concesserat
1745 955 1752 965 ,

956 977 1016 995 can.
1025 971 1178 999 communis
1187 971 1473 1010 filius,dist.23.Cujus
1484 970 1546 1000 usus
1557 973 1656 1001 Abbati
1669 975 1752 1002 Mon-

960 1008 994 1035 tis
1006 1009 1099 1037 Calini
1111 1012 1245 1040 concessus
1255 1013 1336 1040 etiam
1347 1013 1409 1044 fnit,
1421 1015 1520 1041 Baron.
1531 1023 1574 1040 an.
1590 1025 1674 1051 ¹049·
1684 1025 1711 1042 n.
1726 1026 1750 1049 ς.

959 1051 1023 1077 Erat
1033 1059 1124 1078 autem
1134 1053 1289 1081 Dalmatica
1297 1053 1446 1091 antiquitus
1455 1053 1505 1081 albi
1518 1054 1629 1086 coloris,
1639 1065 1711 1088 ante,
1723 1061 1750 1084 ἃ

959 1097 1034 1118 retro
1042 1091 1148 1120 duobus
1159 1093 1239 1121 lineis
1250 1093 1387 1122 coccineis
1398 1094 1504 1133 virgata
1514 1115 1521 1122 .
1546 1095 1726 1129 [Dalmatica
1736 1107 1750 1124 a

958 1129 1078 1158 Domini
1088 1133 1253 1162 inconsutili
1265 1134 1356 1162 tunica
1368 1155 1375 1166 ,
1393 1138 1421 1163 S<
1434 1134 1630 1173 Apostolorum
1641 1137 1750 1165 colobio

957 1170 995 1198 est
1005 1180 1144 1204 mutuatu
1169 1174 1207 1202 est
1217 1175 1299 1203 vestis
1314 1175 1431 1204 candida
1441 1175 1576 1204 manicata
1592 1176 1655 1205 duas
1666 1178 1750 1206 lineas

956 1212 1099 1240 coccineas
1110 1223 1173 1242 ante
1183 1237 1190 1248 ‚
1213 1218 1239 1243 &
1252 1225 1327 1243 retro
1337 1214 1436 1245 habens
1448 1239 1455 1249 ‚
1478 1220 1506 1244 δι
1516 1217 1640 1245 tramites
1649 1227 1752 1257 purpu-

955 1262 1016 1280 reos
1024 1254 1108 1281 Gem.
1119 1265 1176 1293 cap.
1191 1266 1223 1284 21
1236 1267 1257 1284 ι.
1269 1258 1281 1287 ]
1306 1255 1379 1284 Usus
1389 1256 1540 1285 dalmaticae
1557 1256 1602 1286 sub
1611 1259 1750 1296 planetam

955 1294 1026 1321 oli-m
1035 1291 1118 1322 solius
1128 1297 1206 1334 Papae
1218 1307 1225 1327 ς
1236 1307 1296 1335 quae
1308 1296 1368 1326 secu
1374 1297 1458 1326 ndum
1468 1298 1574 1328 Ordin-
1586 1301 1669 1328 Rom.
1693 1310 1750 1328 erat

954 1333 1030 1361 lanea
1042 1355 1050 1366 ‚
1074 1345 1156 1373 atque
1165 1347 1198 1366 ex
1209 1337 1362 1377 privilegio
1384 1339 1413 1366 in
1426 1338 1512 1368 Missis
1534 1338 1701 1368 solemnibus
1712 1342 1750 1369 est

955 1375 1078 1403 omnibus
1087 1375 1172 1405 hodie
1183 1379 1318 1407 concesla.
1343 1381 1368 1408 S.
1381 1380 1567 1414 Eutychianus
1577 1382 1649 1419 Papa
1661 1380 1719 1410 san<
1728 1382 1749 1409 i-

955 1424 1031 1443 verat
1043 1437 1051 1448 ‚
1062 1417 1137 1455 quod
1147 1420 1283 1453 Martyres
1295 1418 1392 1459 absque
1401 1420 1547 1449 dalmatica
1559 1443 1567 1453 ‚
1583 1419 1630 1449 seu
1639 1423 1750 1451 colobio

956 1466 1095 1494 purpureo
1105 1468 1163 1487 non
1172 1458 1366 1498 sepelirentur,
1377 1472 1407 1490 ac
1417 1461 1519 1490 deinde
1529 1472 1563 1490 ex
1573 1461 1653 1490 abusu
1663 1464 1748 1491 etiarn

955 1497 988 1526 ad
1000 1507 1123 1527 mortuos
1134 1500 1274 1529 ministros
1282 1501 1473 1531 ecclesiasticos
1483 1503 1622 1531 transierat
1631 1524 1639 1535 ‚
1650 1504 1724 1541 quod
1736 1515 1748 1532 a

954 1538 991 1565 D.
1003 1540 1146 1578 Gregorio
1160 1551 1270 1570 cautum
1282 1541 1390 1571 sumita
1401 1553 1430 1570 ut
1443 1553 1528 1581 neque
1541 1545 1665 1572 Summos
1676 1546 1748 1572 Pon-

956 1578 1042 1607 tifices
1059 1590 1120 1608 cum
1129 1581 1274 1610 dalmatica
1283 1581 1391 1620 sepeliri
1414 1584 1586 1612 ordinaverit
1598 1584 1628 1611 in
1638 1586 1710 1624 Regi
1716 1585 1746 1613 st.

956 1619 1004 1648 lib.
1015 1631 1041 1654 4.
1053 1631 1110 1660 cap.
1122 1627 1169 1657 48.
1181 1624 1216 1651 In
1225 1624 1424 1652 Caeremonial.
1437 1626 1475 1655 M.
1487 1624 1512 1652 S.
1523 1625 1746 1664 Dax⁷aiitriae,qui

955 1662 1122 1698 temporibus
1131 1664 1175 1700 Jo.
1187 1665 1279 1692 XXII.
1292 1664 1397 1692 vixerat
1408 1686 1416 1697 ,
1428 1663 1550 1696 habetur,
1563 1665 1637 1703 quod
1646 1666 1747 1695 Cardi-

957 1702 1030 1729 nales
1049 1701 1094 1730 sub
1104 1703 1276 1731 dalmaticam
1296 1705 1378 1732 etiam
1401 1705 1531 1733 tunicella
1546 1706 1727 1735 induebantur
1736 1729 1744 1740 ,

954 1742 1047 1779 inquit
1059 1742 1142 1773 enims
1158 1744 1299 1779 [Diaconi
1310 1754 1399 1773 autem
1411 1746 1573 1774 cardinales
1583 1756 1666 1780 cotta,
1677 1748 1745 1775 arni-

954 1782 997 1811 ξίιι
1008 1805 1014 1815 ,
1025 1782 1113 1811 stricta
1124 1785 1252 1812 tunicella
1262 1807 1270 1818 ‚
1280 1789 1307 1814 δε
1316 1785 1461 1815 dalmatica
1472 1807 1478 1814 .
1492 1789 1503 1817 ]
1528 1787 1591 1815 Hoc
1599 1787 1746 1816 indumen-

954 1832 1012 1851 tum
1022 1828 1033 1856 (
1043 1834 1071 1852 ut
1083 1834 1120 1852 ait
1131 1825 1282 1853 Innocent.
1293 1827 1351 1855 ΙΙΙ.
1369 1837 1426 1866 cap.
1440 1833 1484 1862 56.
1497 1831 1508 1858 )
1521 1828 1695 1866 largitionem
1716 1830 1744 1858 in

954 1873 1084 1902 pauperes
1094 1864 1229 1903 significat
1240 1888 1247 1898 ‚
1271 1867 1345 1906 quod
1355 1877 1388 1896 ex
1413 1868 1562 1896 traditione
1585 1869 1745 1907 Apostolica

953 1905 1145 1934 Diaconoruni
1155 1916 1250 1935 munus
1261 1907 1395 1946 est:gr.rci
1408 1918 1474 1937 vero
1484 1908 1623 1937 Diacones
1633 1920 1693 1938 non
1704 1909 1747 1938 in-

950 1945 1072 1974 duuntur
1081 1946 1227 1975 dalmatica
1239 1959 1247 1978 5
1257 1947 1303 1976 sed
1315 1958 1409 1976 eorum
1420 1948 1574 1977 Patriarcha
1584 1972 1591 1983 ‚
1601 1953 1629 1979 ὅ(
1641 1951 1746 1979 Metro-

953 1986 1050 2024 politae
1063 1988 1176 2025 quadam
1187 1988 1268 2016 fimili
1280 1989 1353 2017 veste
1364 1989 1393 2017 in
1403 1990 1529 2018 lateribus
1539 1989 1633 2023 clausa,
1643 1994 1670 2019 δε
1681 1991 1743 2020 lon-

951 2038 985 2066 ga
995 2037 1111 2056 utuntur
1122 2049 1128 2060 ‚
1138 2038 1217 2066 quam
1226 2034 1340 2057 saccum
1351 2039 1452 2058 vocant
1462 2051 1470 2063 ,
1480 2033 1553 2066 cujus
1562 2030 1696 2060 inventor
1706 2034 1742 2061 D.
1754 2059 1756 2061 ,

951 2067 996 2096 ch
1002 2067 1167 2102 rysostomus
1179 2068 1264 2097 suerat
1275 2089 1282 2096 .
1302 2070 1376 2098 Cum
1387 2071 1528 2099 dalmatica
1540 2072 1641 2100 nedum
1651 2073 1742 2101 Sacer-

951 2109 1030 2136 dotes
1041 2109 1131 2136 Sancti
1142 2109 1333 2147 pingebantur,
1346 2120 1375 2138 ut
1388 2111 1482 2143 videre
1492 2111 1532 2140 est
1543 2112 1572 2140 in
1582 2113 1686 2151 pistura
1695 2124 1742 2142 an-

949 2149 1024 2187 tiqua
1033 2159 1048 2176 a
1057 2150 1165 2187 Joanne
1175 2150 1304 2178 Diacono
1313 2151 1396 2180 relata
1408 2151 1439 2180 in·
1446 2151 1632 2190 descriptione
1641 2154 1742 2182 S.Gor-

949 2190 1025 2217 diani
1035 2190 1166 2228 Gregorii
1178 2190 1274 2229 Magni
1285 2191 1513 2231 Genitoris‚:1pud
1522 2195 1740 2230 Baron.an.604.

947 2231 1002 2259 PR.
1013 2230 1065 2259 Sed
1074 2231 1158 2258 etiam
1169 2230 1299 2269 Virgines
1308 2232 1451 2262 dalmatica
1461 2233 1565 2263 indutae
1589 2233 1743 2273 figuraban-

947 2281 1009 2304 tur,
1031 2271 1102 2299 utin
1112 2269 1220 2299 tribuna
1240 2272 1341 2301 SanCtae
1351 2273 1478 2303 Caeciliae
1500 2275 1531 2302 in
1542 2275 1742 2309 transtyberina

944 2310 1070 2344 Ecclesia,
1082 2311 1126 2339 ubi
1138 2310 1198 2339 haec
1207 2312 1283 2341 Diva
1294 2313 1320 2341 S.
1333 2313 1468 2343 Paschalis
1477 2325 1560 2353 opere
1570 2316 1674 2343 mufivo
1684 2315 1742 2343 dal-

944 2352 1041 2382 matica
1051 2361 1102 2383 una
1114 2361 1176 2386 cum
1186 2351 1271 2382 sociis
1279 2353 1378 2384 induta
1387 2354 1475 2385 adhuc
1485 2355 1520 2387 fic
1529 2355 1663 2393 effigiata,
1673 2358 1701 2384 &
1710 2356 1739 2386 in

1385 2397 1406 2425 P
1449 2406 1464 2435 3
1640 2398 1695 2431 eJ'us
