1830 2490
726 0 753 20 s‘
813 8 817 12 ·
1093 16 1109 21 a

151 87 254 120 guam
262 75 362 119 suum
376 99 387 117 ‚
408 72 509 120 hujus
531 83 624 110 vana
635 69 676 114 est
695 71 838 114 Religio:
852 70 866 106 l
876 69 967 118 quod
981 68 1172 118 praesertim
1185 69 1220 106 in
1233 73 1384 111 Ecclesia
1397 74 1466 111 exi.
1510 79 1534 113 ,¹
1561 77 1645 122 [ambi

156 125 248 172 gitur
260 148 274 169 ‚
299 123 333 158 in
345 136 409 170 qua
422 124 520 160 decet
533 119 725 159 sanecitudo
737 146 749 165 ‚
775 124 809 156 ἃ
820 120 963 157 devotio
977 148 990 165 ,
1003 121 1038 157 in
1049 133 1114 169 qua
1127 120 1191 157 erit
1203 124 1318 160 cultus
1334 124 1464 172 justitia
1476 108 1546 139 ἐμω
1556 117 1610 143 ⁶“P'
1625 120 1650 134 ‘⁸

153 175 322 219 silentium
335 200 344 207 .
354 186 385 209 m
398 173 545 220 Ceffent(
558 174 682 210 clamat
694 170 887 218 Gregorius
900 175 989 218 Papa
1003 174 1018 212 )
1031 184 1125 208 vana
1137 197 1149 215 ,
1166 173 1209 208 ⁴&
1223 174 1330 210 multo
1336 175 1465 219 fortius
1477 206 1498 219 m
1511 195 1558 222 rsa.
1569 205 1594 222 e.
1610 205 1647 228 μ,

152 223 238 269 foeda
255 251 268 269 ‚
280 224 470 269 &profana
481 225 651 270 colloquia
665 249 676 266 ,
689 220 815 267 CeJJent
838 221 1122 266 confabulationes
1134 222 1292 267 quaehhet
1305 250 1313 259 .
1327 229 1403 262 Sint
1408 235 1465 270 po.

152 273 270 316 stremo
280 286 495 320 quacumque
505 276 589 317 alia,
601 285 671 319 quae
682 274 834 308 divinum
843 271 971 318 poffunt
984 271 1121 308 turbare
1133 271 1300 318 Officium,
1310 285 1374 311 auc
1388 289 1463 313 ocu-

156 325 200 360 lor
209 326 331 360 divinae
346 323 538 371 Majeslatis
549 324 706 370 offendere
717 348 730 366 ,
754 321 796 358 ab
808 321 882 367 ipfis
893 322 1028 366 prorsus
1040 331 1204 359 extranea
1218 338 1230 358 .-
1258 336 1297 360 ne
1320 325 1379 361 ubi
1384 336 1464 371 pec-

156 383 310 410 catorum
322 373 363 417 est
377 378 481 412 venia
490 374 682 419 postulanda
698 371 763 416 ,ibi
769 374 935 415 peccandi
945 374 1045 408 detur
1057 373 1198 419 occasio,
1209 383 1272 409 aut
1286 376 1465 419 deprehen-

155 426 257 460 datur
266 433 413 469 peccata
426 429 596 461 committi
608 427 682 461 &a
702 435 726 457 n
738 421 872 457 Merito
892 421 998 469 igitur
1024 421 1154 458 sanetus
1167 423 1333 460 Damasus
1348 429 1434 473 Papa
1448 439 1464 462 o
1477 448 1491 462 »ι
1510 440 1574 463 can.
1593 442 1644 463 De.

153 472 194 509 ab
217 474 364 510 Ecclefia
376 473 575 519 hujusmodi
600 472 806 519 vaniloquos
828 473 954 519 expelli
978 472 1121 509 sancivit
1133 499 1141 507 .
1153 473 1216 509 Sed
1240 474 1323 521 quid
1345 475 1386 511 de
1410 474 1464 512 his
1475 473 1643 527 {egufi’ss‘l-”ufe'

153 523 335 560 dicendum
349 550 361 567 ,
380 536 527 570 quorum
546 521 750 570 arrogantia?
771 523 938 558 terminus
958 523 992 558 in
1015 522 1193 559 abutendis
1219 523 1317 559 lactis
1339 524 1464 562 habiti—
1478 534 1587 558 immun·
1614 565 1620 570 ,

151 572 211 609 bus
232 573 268 610 in
291 573 549 611 bacchanalibus
562 601 574 618 ,
594 576 630 609 &
659 571 763 608 scenis
789 573 938 608 excurrit
955 576 967 609 ?
990 577 1097 610 Certe
1117 573 1233 609 eadem
1257 587 1358 622 poena
1369 589 1465 613 com-
1477 565 1596 622 {fiftfffiae
1614 573 1638 590 ¹¹²

151 636 365 660 mererentur
395 624 542 671 puniri,
566 636 630 671 qua
652 622 822 660 Comicus
842 622 926 667 ille,
950 623 1009 670 qui
1042 623 1077 659 in
1109 624 1224 661 eadem
1258 625 1380 670 scena,
1405 626 1485 662 ubio
1502 630 1579 662 Apud
1599 631 1644 654 1³³-

150 674 291 720 pluviali
314 674 698 711 Ecclesiasticoindutus
710 673 896 717 recitabat,
921 672 967 708 ibi
979 685 1119 720 repente
1131 674 1315 722 expiravit.
1339 685 1366 720 p
1477 671 1532 724 ξζξ·
1557 669 1643 717 ῃῗῃζζῗ

195 723 362 761 Tertium
386 724 535 772 denique
553 737 657 772 genus
679 723 994 760 Ecclefiasticorum
1020 723 1092 768 est,
1117 725 1175 771 qui
1199 725 1406 772 negligentia
1419 727 1572 783 la-{ng‘g‘f
1591 728 1642 780 ffij

149 771 329 819 befzuflad,
354 786 471 814 mente
491 775 642 812 distraffi
655 802 667 819 ,
697 773 957 810 &caeremoniis
968 787 1087 821 parum
1101 801 1112 818 ‚
1138 785 1195 810 aut
1212 774 1432 812 nihilintenti
1451 790 1462 816 ς
1478 800 1498 814 1.
1526 789 1598 822 ep=st.
1617 793 1641 812 a.

150 822 184 858 in
208 822 357 869 Chore,
386 825 442 861 vel
469 825 506 861 in
530 825 640 862 Altari
664 825 907 860 inconfiderate
943 836 1067 860 orant:
1090 827 1107 866 (
1131 824 1295 872 quidquid
1328 826 1362 861 in
1392 826 1462 864 hoc
1474 823 1640 881 {ffumffjjge’

149 871 327 922 Theologi
350 874 454 922 aliqui
475 875 683 912 recentiores
705 874 973 917 afferant)certe
984 874 1157 910 dediscere
1173 873 1264 910 haud
1276 875 1462 922 debemus,
1495 874 1499 878 ⁴

148 925 244 971 quod
268 925 464 961 Monachus
501 926 560 962 ille
590 926 770 962 muletatus
797 925 923 969 fuerat,
951 925 1030 971 quia
1065 925 1098 960 in
1127 923 1254 962 choro
1284 926 1324 961 ad
1358 927 1460 965 verba

150 972 341 1012 salutifera:
362 979 430 1012 ET
452 978 667 1012 VERBUM
687 979 832 1014 CARO
853 977 1071 1012 FACTUM
1094 978 1209 1019 EST,
1234 976 1458 1023 genufleetere

149 1024 344 1071 negligens,
372 1038 473 1072 quem
497 1030 646 1062 Daemon
662 1052 674 1068 ,
699 1026 775 1072 post
797 1026 899 1072 alapae
920 1026 1168 1072 percuffionem
1182 1052 1194 1069 ‚
1219 1026 1262 1061 fic
1284 1027 1454 1072 arguerit:

150 1076 187 1107 Si
198 1099 210 1116 ‚
221 1074 363 1110 Verbum
375 1083 504 1110 Daemon
516 1076 642 1117 fastum
654 1074 695 1116 est
712 1101 723 1118 ,
745 1077 912 1110 diceretur
929 1089 937 1111 ;
963 1078 1078 1119 utique
1090 1088 1201 1112 omnes
1214 1088 1266 1110 nos
1275 1076 1454 1120 infernales

144 1123 288 1165 spiritus
302 1124 405 1168 usque
417 1126 458 1159 acl
471 1123 849 1168 terramprollraremur.
862 1125 926 1158 Vel
940 1123 1149 1159 confidet-are
1166 1123 1348 1169 sufficeret,
1361 1127 1455 1172 quod

147 1183 289 1218 propter
315 1173 558 1219 negligentiam
578 1173 810 1210 inclinationis
831 1173 951 1220 capitis
972 1173 1012 1209 ad
1034 1175 1146 1210 Gloria
1161 1178 1292 1219 Patri,
1315 1177 1406 1212 arete
1419 1176 1455 1212 in

148 1223 349 1268 purgatorio
371 1224 507 1270 quidam
530 1224 764 1263 detinebatur5
789 1235 844 1259 aut
867 1224 890 1259 si
912 1223 944 1259 id
960 1251 971 1268 ,
995 1223 1089 1272 quod
1110 1224 1153 1260 de
1167 1222 1280 1260 saneto
1291 1226 1455 1263 Severino

147 1269 261 1308 beatus
291 1277 405 1308 Petrus
432 1274 590 1310 Damiani
619 1275 741 1317 refert,
771 1274 908 1309 credere
935 1285 1144 1320 oporteret,
1171 1287 1326 1322 nempe,
1362 1277 1456 1324 quod

146 1333 291 1369 propter
311 1323 531 1370 anticipatam
551 1324 673 1361 Officii
696 1324 932 1359 recitationem
949 1350 959 1367 ,
978 1336 1016 1359 ut
1039 1324 1229 1371 expeditius
1244 1326 1455 1372 populorum

147 1373 293 1418 negotiis
317 1373 530 1410 incumberet
548 1402 558 1417 ,
586 1375 663 1409 ideo
689 1374 723 1409 in
747 1373 873 1409 eisdem
893 1373 1100 1409 cruciatibus
1122 1374 1286 1410 delictum
1310 1374 1380 1412 hoc
1402 1380 1456 1413 Se-

147 1421 282 1457 verinus
307 1423 490 1470 purgabat.
512 1426 600 1462 Haec
628 1429 661 1460 &
689 1423 807 1459 fimilia
834 1423 1046 1459 formidanda
1068 1425 1227 1470 exempla
1255 1425 1351 1460 novis
1371 1439 1457 1474 quo-

148 1473 305 1508 rumdam
327 1473 492 1509 doctrinis
513 1475 665 1510 omnino
687 1473 923 1508 adversantur.
950 1475 1024 1509 Nec
1038 1473 1082 1508 fas
1093 1474 1167 1509 effet
1180 1473 1337 1519 merere,
1362 1477 1456 1522 quod

149 1520 171 1555 fi
199 1523 289 1557 Deus
315 1523 356 1559 de
382 1523 480 1560 rebus
507 1524 628 1560 leviter
650 1523 810 1570 negleffis
837 1523 997 1569 puniret,
1022 1536 1122 1568 poena
1149 1522 1224 1560 haec
1248 1524 1340 1560 ultra
1361 1525 1456 1561 debi-

149 1580 223 1606 tum
245 1573 343 1608 esset:
363 1587 440 1610 nam
463 1574 544 1610 licet
564 1574 673 1620 culpae
700 1573 786 1608 leves
797 1572 999 1616 videantur,
1025 1573 1112 1608 fiunt
1137 1584 1248 1609 tamen
1272 1587 1388 1621 graves
1409 1575 1455 1612 ob

149 1621 278 1668 reliqua
305 1623 390 1657 mala
405 1649 419 1667 ,
442 1636 516 1670 quae
543 1623 655 1660 secum
684 1620 846 1658 trahunt.
872 1623 1093 1670 Negligentia
1115 1623 1208 1659 enim
1224 1622 1334 1660 sacros
1354 1626 1455 1661 Ritus

147 1669 182 1705 in
206 1670 327 1718 primis
348 1671 529 1716 debilitat,
555 1685 592 1708 ut
615 1674 705 1708 reete
727 1673 962 1708 Tertullianus
984 1685 1006 1717 q
1028 1672 1194 1709 advertit:
1219 1676 1353 1710 Omnino
1375 1675 1451 1716 (in-
1468 1687 1482 1711 q
1524 1682 1636 1708 Tettun.

149 1720 290 1766 quiens)
308 1733 358 1756 res
372 1721 678 1766 Chrzslianasanaila
689 1725 893 1767 antiquatate
901 1722 972 1765 [lat
988 1735 1068 1765 ,nec
1085 1723 1215 1766 ruinosa
1228 1725 1348 1760 reblzus
1361 1733 1454 1768 repa-
1464 1718 1636 1778 {ffifghss'ffs‘

149 1769 300 1806 rabitur.
318 1772 535 1818 Negligentia
555 1771 692 1820 insuper
712 1772 872 1808 ordinem
891 1772 1084 1819 pervertit,
1106 1775 1140 1806 &
1156 1772 1386 1809 confusionem
1402 1787 1456 1820 pa-

147 1819 193 1855 rit
204 1845 212 1854 .
224 1820 338 1863 Atfi(
351 1820 457 1865 ajebat
477 1821 537 1857 ille
557 1835 577 1857 r
595 1824 610 1863 )
635 1837 654 1858 a
679 1822 778 1860 choro
790 1849 802 1866 ‚
823 1837 843 1858 a
855 1825 989 1865 navigio
1003 1821 1068 1865 ,ab
1081 1825 1236 1858 exercitu
1251 1825 1388 1859 ordinem
1397 1824 1455 1867 su-
1469 1843 1480 1870 ,⁷
1506 1835 1636 1861 Ctesolius

144 1866 290 1915 stuleris,
301 1871 520 1916 confufionem
536 1874 707 1908 induxeris
718 1874 1284 1916 inamoenum-remque‘perdideris;
1301 1872 1343 1915 fic
1359 1881 1454 1909 Tem·
1466 1869 1639 1924 2⁰00,³*1⁴‚{',st³'

147 1919 276 1960 plorum
284 1921 388 1964 sacra
400 1921 543 1964 mysteria
559 1948 570 1966 ,
585 1924 643 1967 nifi
657 1924 799 1958 ordinem
811 1925 854 1959 τῇ·
864 1923 1070 1966 ἀιῘεὶρΙὲηανη
1081 1922 1279 1965 habuerint,
1292 1935 1350 1957 nec
1362 1925 1449 1959 deco·
1465 1917 1521 1963 «³:215.
1540 1918 1590 1956 zos
1611 1910 1638 1932 ι’

147 1979 186 2003 ra
198 1970 253 2013 eJJe
263 1970 390 2017 poffunt
402 1998 414 2016 ,
426 1984 483 2007 nec
496 1973 692 2016 utiliasatis
707 1999 718 2016 ,
728 1975 776 2010 (θ’
787 1973 935 2016 religiosa
949 1997 957 2005 .
969 1971 1075 2014 Quafi
1088 1971 1219 2007 diceret
1229 1988 1240 2007 ι
1252 1971 1347 2015 Quid
1360 1973 1381 2007 si
1397 1986 1453 2009 ex-

147 2016 285 2055 cubitor
297 2046 309 2062 ‚
327 2024 361 2056 &
376 2020 566 2068 speculator
579 2048 590 2065 ‚
612 2022 670 2068 qui
693 2021 812 2068 vigilat
826 2022 860 2057 in
871 2021 1025 2057 exercitu
1038 2047 1053 2064 ,
1077 2020 1244 2057 dormiret
1258 2021 1425 2068 tantisper
1440 2026 1453 2060 ?

147 2068 221 2102 Aut
234 2079 330 2104 nauta
340 2096 354 2113 ,
371 2071 432 2118 qui
447 2071 487 2107 ad
509 2071 641 2107 carbasa
653 2098 664 2115 ‚
675 2071 733 2107 seu
747 2070 1012 2118 gubernaculum
1025 2070 1185 2116 invigilat
1198 2098 1208 2114 ‚
1220 2071 1379 2106 ordinem
1396 2085 1450 2119 pa-

146 2128 223 2154 rum
236 2118 444 2166 negligeret?
470 2124 534 2158 Hae
555 2132 669 2157 tamen
692 2120 965 2167 transgress‘iones
988 2120 1067 2156 licet
1079 2132 1194 2156 revera
1219 2120 1307 2155 leves
1327 2121 1450 2161 essentf

146 2166 223 2213 quia
237 2179 320 2203 vero
340 2170 476 2207 modica
500 2171 590 2207 illius
612 2170 818 2219 negligentia
841 2170 1076 2206 confusionem
1097 2183 1138 2205 ex
1165 2169 1304 2206 inimica
1318 2171 1450 2218 aggres-

145 2217 236 2252 fione
248 2243 260 2261 ,
284 2221 317 2254 δε
330 2219 422 2255 navis
440 2221 573 2257 ruinam
592 2221 688 2257 istius
710 2220 846 2256 omiffio
860 2218 1032 2256 causarent
1049 2234 1059 2260 ς
1077 2218 1160 2255 hinc
1180 2219 1277 2255 valde
1288 2221 1449 2267 puniendi

144 2267 245 2303 essent
256 2282 265 2303 ε
277 2268 320 2304 fic
334 2268 462 2306 rituum
474 2270 696 2307 observantiae
712 2297 725 2314 ‚
748 2283 790 2306 ex
802 2269 1017 2318 negligentiis
1030 2268 1150 2305 leviter
1171 2270 1378 2314 commiffis,
1398 2285 1450 2306 re-

147 2316 270 2354 laxatio
281 2318 434 2367 gignitur
448 2319 671 2369 irreparabilis
682 2346 689 2355 .
704 2324 786 2368 Non
799 2332 872 2365 ergo
879 2320 906 2364 s
902 2321 987 2357 olum
991 2319 1180 2365 fragilitati
1196 2320 1380 2365 consulitur
1390 2321 1448 2357 hu-

1336 2382 1403 2406 ma-
