1866 2526
438 46 540 94 SA

99 110 197 142 Solent
206 119 272 142 vero
279 107 372 141 Greci
382 107 456 138 hunc
467 109 556 138 locum
567 106 690 138 asseribus
697 105 853 140 obcludere,
865 115 894 134 ac

100 162 224 192 tempore
231 149 444 180 consecrationis
451 151 516 179 velo
524 154 579 186 ejus
592 159 698 189 portam
708 149 897 188 obtegere.Ec-

946 102 1006 141 lioj
1019 107 1063 135 if.
1073 115 1118 146 qu.
1128 115 1156 146 3.
1165 106 1179 140 'J
1191 106 1251 138 Ubi
1262 118 1312 148 per
1319 108 1494 138 oblationem
1504 106 1580 139 Missa
1590 131 1598 143 ‚
1608 113 1637 140 &

950 147 1086 184 crnfice'um
1094 148 1232 179 Officium
1242 149 1372 180 divinum
1380 148 1526 179 denotatur
1536 169 1543 177 .
1562 152 1669 184 synon.
1679 151 1754 180 Vide

1266 50 1294 93 S
1326 51 1368 94 A
1628 53 1705 105 589

1647 120 1697 151 per
1707 114 1758 139 Sai

101 195 180 223 cleiis
188 201 279 222 tamen
289 194 414 221 Romana
422 190 581 227 hujusmodi
593 191 662 220 velis
670 200 729 218 non
739 190 828 218 utitur
838 209 847 221 ‚
865 186 899 216 ad
949 188 1101 226 Doxologia
1110 208 1118 216 .

104 232 286 262 differentiam
295 230 490 261 haereticorum
502 232 763 261 Valentinianorum
774 251 783 263 ‚
791 227 839 269 qui
849 248 858 260 ‚
869 227 899 256 in
909 228 1070 258 sicunco
1080 248 1088 256 .
1101 229 1174 258 Vide
1184 233 1266 260 Facio
1275 252 1284 264 ,
1295 231 1397 259 Prolito
1409 251 1417 263 ‚
1427 230 1565 268 Thurifico
1575 251 1585 258 ,

102 283 194 303 eorum
203 273 297 301 ritibus
307 272 434 301 eleusinus
445 272 666 302 obnubilationes
678 271 829 302 imitantes,
839 278 899 297 om-
911 268 1205 303 sienisusacrarum
1213 270 1446 309 suppellectilium
1455 271 1563 300 Custos.
1573 271 1658 300 Dicto
1666 272 1754 300 Cont-

102 314 147 342 nia
167 312 347 343 iinobservatn
364 314 478 352 agebant
491 335 500 346 ‚
520 312 669 351 eademque
690 311 724 340 de
741 310 815 340 caus:
840 318 899 337 om-

101 363 166 382 nem
175 352 322 393 ingrestum
333 354 457 383 velabant
466 376 474 387 ,
494 363 524 382 ut
535 353 718 383 Tertullianus
727 350 834 380 advers.
845 351 901 393 Va7

103 394 172 422 lent.
180 405 203 422 c.
215 406 240 423 2.
252 398 288 422 δε.
301 405 328 432 3.
340 394 432 422 refert.
445 396 502 424 PR.
511 395 647 423 rationem
658 402 748 421 tamen
758 390 900 421 dubitandi

954 309 1075 348 pletorio
1085 331 1094 343 ‚
1104 321 1165 340 cum
1175 311 1304 341 clausisset
1313 311 1478 341 Oratorium
1489 334 1497 345 ,
1513 322 1572 340 erat
1582 311 1659 340 enim
1669 311 1754 339 Sacri-

955 350 993 379 sta
1003 371 1011 382 ‚
1022 351 1144 390 apparuit
1153 352 1179 380 ei
1191 352 1315 381 Salvator
1324 352 1354 381 in
1365 352 1456 381 linteo
1467 353 1638 391 praecinstus.
1650 350 1754 381 Caesar.

955 390 1002 419 lib.
1018 401 1041 419 i.
1053 401 1125 430 cap.3
1134 402 1159 428 5.
1170 394 1182 424 ]
1195 396 1257 430 Ejus
1264 392 1430 429 synonyma.
1441 394 1514 422 Vide
1523 394 1674 430 Altarista,
1686 392 1755 430 Affi-

104 435 225 472 ptaebent
237 433 318 467 :ins-e,
328 445 387 473 qua:
400 435 430 463 in
442 435 527 474 vii-gis
537 435 628 463 ferreis
637 432 729 462 infixae
740 433 774 460 ad
782 439 902 471 quatuor
948 430 1008 468 fius
1021 452 1029 463 ‚
1047 433 1229 471 Candelaptis
1240 456 1248 467 ‚
1265 434 1452 463 Cimeliarchn
1464 433 1494 462 in
1504 434 1570 462 di&-
1579 433 1734 465 Cemelmm
1745 455 1755 467 ‚

103 475 292 504 columnarum
302 476 384 503 latera
401 476 511 505 Ciborii
521 476 546 504 S.
557 473 680 513 Caecilgae
692 471 901 508 transtyberim

104 515 192 544 adhuc
202 515 356 553 superstites
364 516 538 549 videntur‚:in
547 515 649 544 scillcet
659 523 784 552 tempore
793 509 902 542 Pascha.

102 557 136 585 lis
147 558 224 594 Papae
236 557 344 585 Liuerit
356 559 452 586 Romae
463 556 508 585 hic
518 555 577 584 usus
587 554 731 584 claudendi
741 553 825 581 altare
835 560 903 580 tem-

105 606 171 635 pore
180 595 306 626 sacrificii
319 618 327 629 ,
337 596 487 634 praesertim
495 606 556 624 cum
565 596 620 624 illis
628 594 793 634 temporibus
801 592 903 622 sacrum

103 635 277 665 Eucharistiae
286 636 480 665 sacramentum
490 637 569 675 super
576 637 661 665 altare
671 635 786 664 minime
795 632 903 662 conser-

102 686 214 706 varetur
225 688 233 707 ς
245 677 330 706 sedin
338 678 481 706 muralibus
491 677 658 715 repositoriis
669 698 677 710 ‚
686 685 803 714 quorum
812 675 898 704 adhuc

102 716 132 745 in
143 717 236 746 eadem
250 717 373 749 Ecclesia,
382 728 412 745 ac
429 718 460 745 in
478 718 539 746 aliis
556 715 744 746 remanserunt
765 715 897 753 vestigiai

956 473 1140 512 Hieropbylax
1150 495 1158 506 ‚
1168 474 1373 512 Manstonarius
1382 497 1391 508 ‚
1399 478 1523 503 Sacrani
1533 475 1616 512 custos
1625 494 1633 501 .

916 513 1072 541 Sicnxsni
1084 535 1091 546 ‚
1102 514 1175 542 Vide
1186 516 1371 552 Aspaticum,
1381 515 1535 544 Cemcltum
1548 536 1556 548 ‚
1576 517 1736 543 Samarium
1745 534 1753 543 .

960 552 1051 588 Quare
1070 554 1099 582 in
1110 554 1287 584 meridionali
1306 554 1430 584 Ecclesiae
1446 556 1532 584 intere
1549 555 1734 584 collocabatur
1744 574 1754 583 .

960 593 1034 621 Vide
1045 596 1267 624 IntroitusNide
1275 596 1358 624 ctiam
1369 596 1500 628 Cimelia,
1509 600 1689 629 Diacomcon,
1698 600 1754 624 Ga-

959 633 1152 673 zophylacium
1161 657 1169 668 ‚
1178 637 1379 673 Pastophorium
1390 657 1398 668 ‚
1408 637 1568 673 Vestianum
1582 657 1588 664 .
1609 636 1756 666 Interdum

954 677 1044 702 Penus
1054 676 1217 704 veneranda
1227 686 1413 714 nuncupatur.
1435 677 1508 706 Vide
1528 677 1753 709 sufflatorium,

954 714 1204 752 Scevophylacium
1216 717 1245 744 in
1253 717 1318 745 dic}-
1327 717 1511 755 Scevopbylax
1521 739 1529 750 ‚
1549 720 1732 746 Secretarium
1745 737 1754 744 .

101 758 161 795 post
170 757 244 785 enim
263 757 459 787 Tridentinum
469 758 630 788 Concilium
650 769 684 786 ex
704 760 760 794 ejus
777 755 899 795 prohibi·
913 754 1088 784 sacrocoii
1099 777 1106 788 ,
1127 756 1204 784 Sacer
1214 757 1343 785 Minister
1356 778 1364 789 ,
1383 757 1439 786 sive
1449 758 1595 785 Sacerdos.
1613 756 1720 793 [Quod
1736 756 1757 785 fi

102 806 180 825 tione
191 807 246 825 non
258 797 309 826 fuit
317 798 432 836 amplius
449 798 761 837 licitum-Eucharistiam
771 798 801 825 in
820 806 899 824 muro

100 835 231 865 asservare
240 859 248 870 ‚
260 839 334 866 unde
344 839 418 877 quod
429 840 565 877 praediftae
576 839 647 868 ansae
660 849 710 878 pro
720 838 900 867 velaminibus

100 876 235 915 iinpofitae
245 877 346 907 fuerint
359 880 393 907 ad
411 880 623 918 cooperiendum
643 879 805 908 reverentiae
825 875 900 907 causa

953 794 987 822 de
996 795 1072 824 labiis
1081 805 1135 824 tam
1152 797 1251 835 ingens
1272 797 1423 835 periculum
1440 796 1585 826 sacrocolis
1607 798 1755 830 imminet,

956 837 1153 876 quantomagis
1164 838 1198 866 de
1216 839 1343 867 renibus?
1359 834 1430 867 Odo
1447 839 1517 868 Abb.
1535 839 1565 867 in
1585 837 1664 867 serm.
1683 836 1718 865 de
1727 838 1754 866 S.

956 877 1124 905 Beneditsto.

101 917 276 947 Eucharistiae
288 919 489 949 tabernaculum
499 942 507 954 ,
524 921 626 956 conjici
638 919 733 958 nequit
745 940 752 952 ‚
771 919 839 948 dum
861 917 898 947 ibi
916 915 1038 945 SAcuum
1049 919 1156 946 Mutuus
1169 939 1175 946 .
1198 919 1271 948 Vide
1280 919 1365 957 Miffa
1375 939 1382 947 .
1399 921 1473 949 Item
1482 921 1592 949 Sacrum
1602 939 1611 953 ‚
1622 919 1698 948 locus
1707 928 1759 957 pro

103 968 159 986 non
172 958 313 988 haberetur
322 980 328 986 .
339 961 377 994 :11³
388 961 432 990 Ad
442 962 534 990 Sancta
544 962 703 990 Samikorum
713 970 847 989 armatum
858 959 900 987 in-

956 957 1061 994 publice
1069 959 1267 997 poenitentibus
1278 960 1419 998 deputatus
1428 981 1435 988 .
1446 961 1518 991 Vide
1529 961 1658 990 Narthex
1668 980 1676 988 .

101 999 178 1036 gredi
191 1009 240 1035 pro
248 1009 349 1038 magno
357 999 503 1040 sacrilegio
513 1012 607 1040 poencs
615 1005 727 1031 Graecos
737 1001 900 1031 habetur-51&
916 996 1144 1032 SADDucffiusssx
1155 999 1289 1038 Sndducea
1296 1010 1451 1039 gente‚quae
1463 1002 1536 1030 inter
1548 1002 1670 1039 Hebreos
1681 1010 1761 1039 pecu-

102 1037 272 1076 pidiffimum
281 1040 410 1077 siquidem
421 1043 546 1071 accidens
555 1043 606 1071 fuit
616 1042 694 1075 illud,
704 1042 779 1080 quod
789 1044 902 1077 Raynu-

103 1079 145 1106 tio
155 1080 290 1108 Parmensi
307 1081 379 1110 Duci
401 1083 500 1111 nostris
518 1083 683 1121 temporibus
700 1083 731 1110 in
743 1083 859 1111 Ecclesia
876 1082 902 1111 S.

104 1118 250 1148 Athanasii
267 1123 426 1151 Graecorum
444 1124 570 1163 Collegii
588 1125 622 1153 de
639 1124 717 1152 Urbe
730 1134 747 1152 o
755 1132 901 1152 ·currer2t5

106 1160 171 1201 dum
183 1161 296 1197 cupidus
307 1162 355 1191 ille
363 1164 493 1193 audiendi
502 1163 603 1193 sacrum
613 1164 695 1202 greci
707 1163 773 1192 ritus
784 1186 791 1197 ‚
803 1173 864 1192 cum
876 1163 904 1190 in

104 1209 198 1228 eorum
210 1199 353 1231 sacrarium
365 1225 372 1236 ‚
382 1205 427 1233 ubi
439 1215 504 1234 tunc
517 1205 713 1244 praeparabatur
721 1205 796 1243 panis
806 1226 813 1238 ,
824 1208 851 1233 ὅ(
862 1203 902 1232 vi—

105 1249 171 1268 num
182 1251 232 1279 pro
240 1243 434 1277 celebratione,
446 1246 638 1285 ingrederetur
647 1266 654 1277 ‚
667 1245 756 1274 statim
767 1246 791 1273 ei
799 1253 903 1284 graecus

101 1283 326 1311 caeremoniarum
337 1284 455 1314 direc'tor
464 1287 574 1314 obviam
586 1295 697 1315 venerat
708 1286 837 1324 inquiens
847 1306 854 1317 ‚
874 1284 903 1312 in

102 1331 164 1349 cum
175 1322 264 1350 locum
277 1345 287 1356 ,
297 1324 348 1353 nisi
363 1326 460 1354 relicto
469 1327 562 1365 gladio
574 1348 581 1359 ,
594 1337 650 1354 non
661 1325 733 1363 poste
743 1325 903 1365 ingredim-

104 1361 211 1390 tonitus
227 1373 318 1395 autem
337 1365 385 1394 ille
405 1366 525 1396 strenuus
545 1367 611 1395 Dux
658 1376 686 1394 ac
705 1366 904 1405 aliquantulum

101 1411 194 1431 mente
203 1404 346 1442 perplexus
362 1431 366 1436 ,
385 1408 497 1436 tandem
506 1408 610 1446 pietate
630 1407 715 1436 νὶὲὶιις
726 1428 734 1440 ,
757 1406 784 1435 se
793 1407 855 1446 cogi
872 1406 904 1434 ad

106 1444 193 1471 astum
203 1443 249 1472 sibi
262 1444 368 1483 semper
377 1447 496 1476 alienum
508 1448 581 1476 faffiis
594 1447 645 1475 fuit
657 1470 664 1480 ,
682 1456 710 1476 :ic
721 1448 844 1485 deposito
856 1457 902 1475 en-

103 1482 173 1515 sc‚in
185 1484 326 1521 praefatum
338 1484 440 1515 sacrum
453 1488 542 1516 lotum
555 1486 686 1526 nigrellus
697 1487 904 1517 eil-Sacrarium

104 1532 173 1550 vero
192 1533 287 1560 poenes
297 1526 410 1554 Latinos
422 1526 506 1556 hodie
525 1528 708 1556 communiter
719 1526 843 1556 ‘sacristia
861 1528 905 1555 in-

105 1563 253 1601 telligitur,
264 1564 294 1592 in
303 1575 354 1603 qua
365 1565 437 1595 sacra
445 1567 641 1606 suppellectilia
650 1567 901 1599 conservanturscu*

103 1605 143 1636 jus
151 1601 319 1638 synonyma.
329 1606 401 1634 Vide
409 1610 548 1645 sacristia.
559 1609 626 1646 Quae
638 1607 786 1637 secundum
797 1610 905 1638 Duran—

107 1642 173 1671 dum
184 1642 339 1680 symbolum
349 1646 385 1674 est
397 1646 542 1686 virginalis
551 1649 643 1678 Μαι-ἦε
653 1649 723 1678 uteri
734 1670 741 1681 ,
754 1648 784 1678 in
793 1660 848 1687 quo
860 1659 905 1677 ve-

105 1683 146 1712 ste
155 1686 278 1715 mortalis
287 1687 374 1714 carnis
385 1687 537 1717 AEternum
547 1690 670 1717 Verbum
689 1690 815 1718 indutum
834 1689 884 1718 suit
895 1711 903 1722 ‚

106 1724 173 1753 dum
182 1725 228 1754 air:
242 1727 422 1762 [S2cr2rium,
434 1729 462 1757 in
472 1739 526 1768 quo
536 1730 661 1759 Sacerdos
670 1728 756 1758 sacras
766 1730 853 1759 vestes
863 1729 905 1757 in-

107 1764 188 1800 duit,
209 1777 316 1797 uterum
323 1767 442 1796 Sanftissss
457 1770 550 1798 Maria:
561 1770 694 1809 significat
709 1791 717 1798 .
732 1773 744 1802 ]
759 1772 816 1800 PR.
831 1771 904 1798 Item

105 1803 248 1837 sacrarium
259 1807 341 1836 etiam
352 1809 442 1837 locum
452 1811 628 1843 denotat,ubi
637 1821 677 1838 res
685 1810 839 1849 sacrae,qu.e
849 1809 904 1838 usui

107 1847 222 1884 amplius
235 1859 292 1877 non
302 1849 478 1885 inserviunt,
498 1851 698 1890 projiciuntur.
717 1852 823 1887 Synon.
834 1851 906 1880 Vide

103 1888 217 1924 Piscina
225 1910 232 1916 .

64 1925 207 1957 SAcuAiui
220 1931 281 1962 Cus
287 1940 338 1960 τος
352 1950 360 1962 ,
371 1931 438 1960 'dest
448 1953 457 1965 ,
467 1931 573 1962 sacrista
582 1952 590 1960 .
603 1937 615 1968 [
626 1933 734 1962 Omnes
743 1932 851 1962 codices
860 1942 903 1961 cu.

107 1967 161 1997 stos
171 1970 274 1999 sacrarii
285 1970 380 2003 habeat
391 1972 534 2011 deputatos
544 1995 553 2006 ‚
578 1983 592 2002 a
603 1983 658 2014 quo
667 1974 787 2013 singulos
807 1972 907 2012 singuli

108 2008 206 2038 fratres
215 2011 348 2049 accipiant
359 2037 368 2048 ‚
385 2024 452 2052 quos
461 2015 612 2052 prudenter
624 2015 706 2043 lectos
717 2036 724 2046 ‚
746 2012 907 2051 vel-habitos

105 2047 213 2089 semper
224 2052 283 2091 post
293 2051 432 2093 vesperam
442 2055 558 2084 reddent
567 2077 575 2084 .
585 2055 650 2085 1s1d.
663 2055 694 2084 in
702 2054 789 2093 regul.
799 2056 903 2092 cap.8.]

107 2091 183 2120 Vide
193 2094 313 2129 Sacrtsta
320 2115 329 2122 .

65 2129 230 2169 Seciucocn
243 2154 250 2160 .
261 2134 335 2164 Vide
342 2136 479 2165 Sacrocala
487 2156 496 2164 .

65 2171 262 2203 Sticumcssi
275 2195 283 2203 .
295 2177 368 2206 Vide
378 2177 554 2206 libellatici.

62 2212 267 2244 SAcitificnm
277 2235 284 2242 .
307 2218 363 2247 FR.
372 2217 520 2255 aliquando
530 2216 659 2247 divinum
669 2216 793 2246 officium
805 2216 895 2247 intelli

107 2254 185 2293 gitur
197 2269 205 2284 .·
219 2262 230 2291 [
242 2257 306 2285 Sive
316 2257 465 2296 Episcopus
477 2259 524 2287 ille
533 2279 542 2291 ‚
553 2268 596 2287 aut
606 2258 750 2293 Presbyter
759 2279 767 2291 ,
786 2267 831 2286 aut
841 2258 907 2287 Dia-

106 2304 191 2324 conus
202 2296 302 2325 [iceret
310 2298 488 2332 oblationem,
499 2299 545 2327 vel
555 2299 731 2331 matutinum,
743 2299 787 2327 vel
800 2298 909 2335 vesper-

106 2337 247 2373 pertinum
257 2336 419 2368 sacrificium
431 2360 440 2372 ‚
461 2339 534 2378 quasi
546 2340 575 2368 iu
585 2340 680 2368 officio
691 2337 739 2367 suo
758 2349 836 2378 agere
845 2339 911 2369 sicut

106 2376 181 2414 prius
192 2389 249 2408 non
260 2379 342 2408 liceat
352 2380 378 2409 ei
387 2401 396 2415 ,
415 2390 474 2409 can.
485 2380 504 2410 fi
524 2381 583 2419 quis
593 2378 744 2419 Episcopus
764 2381 794 2409 in
803 2380 911 2409 Conci-

957 1037 1052 1066 liarem
1064 1037 1161 1068 sectam
1173 1040 1366 1077 profitebatur5
1387 1042 1524 1080 significat
1533 1042 1608 1070 enim
1615 1041 1716 1078 justum
1725 1049 1759 1068 ex

957 1077 1081 1107 hebraica
1092 1090 1160 1109 voce
1169 1081 1252 1110 sadoc
1265 1092 1273 1113 5
1286 1091 1347 1109 nam
1360 1081 1639 1117 Sadducaeijustitiam
1650 1082 1740 1110 colere
1750 1101 1758 1113 ‚

959 1122 987 1147 ὃς
1000 1120 1088 1158 legem
1100 1119 1248 1150 Mosnicam
1257 1120 1399 1150 observare
1409 1122 1759 1161 gloriabantuneodemque

959 1158 1015 1188 fine
1024 1160 1222 1198 Prophetarum
1236 1183 1242 1195 ‚
1260 1162 1416 1201 &reliquos
1433 1164 1490 1192 Sic.
1508 1163 1654 1203 Scripturae
1676 1162 1760 1190 libros

961 1209 1060 1238 praeter
1070 1203 1266 1231 Pentateucum
1279 1213 1338 1231 non
1348 1203 1573 1235 admittebant5ac
1586 1203 1761 1241 Angelorum

960 1250 1176 1281 caetororumque
1186 1243 1334 1281 spirituum
1343 1243 1638 1283 existentiam,insuper
1648 1247 1676 1272 ὅ(
1688 1252 1762 1271 mor-

960 1291 1070 1310 tuorum
1081 1282 1308 1313 resurrectionem
1317 1285 1453 1323 negabant
1464 1296 1476 1319 ,-
1487 1285 1550 1314 ideo
1558 1283 1762 1314 Pharis-eorum

959 1321 1107 1351 adversarii
1118 1325 1430 1361 reputabantur-Hebraei
1441 1323 1656 1354 tamenass‘erunt
1667 1325 1703 1353 ita
1712 1324 1761 1352 de-

964 1363 1103 1392 nominari
1114 1375 1127 1392 a
1137 1365 1255 1402 quodam
1265 1365 1355 1394 Sadok
1363 1365 1541 1395 haeresiarcha
1552 1388 1560 1400 ,
1581 1367 1628 1404 qui
1638 1365 1762 1403 Antigo—

963 1403 991 1430 ni
1005 1403 1238 1444 Pharisaeimagni
1250 1406 1372 1435 nominis
1380 1407 1503 1446 magistri
1524 1405 1670 1444 discipulus
1689 1404 1762 1433 exti-

962 1453 1033 1472 terat
1042 1465 1049 1471 .
1071 1447 1174 1474 Verum
1186 1447 1272 1484 prima
1281 1448 1472 1485 etymologica
1482 1448 1581 1485 opinio
1593 1446 1761 1484 probabilior

961 1484 1073 1513 videtur
1082 1507 1089 1518 ‚
1112 1496 1192 1524 quam
1205 1497 1282 1515 tenet
1295 1487 1461 1525 Epiphanius
1471 1509 1478 1520 ,
1491 1485 1587 1516 haeres.
1604 1498 1646 1522 ¹4·
1658 1486 1763 1515 Hiero-

962 1534 1061 1560 nymus
1071 1525 1099 1554 in
1112 1548 1119 1559 ,
1139 1538 1196 1565 cap.
1209 1540 1254 1556 η.
1268 1528 1368 1556 Martii.
1380 1532 1407 1556 ὃ(
1422 1528 1562 1556 Abulcnsis
1574 1549 1580 1559 ‚
1591 1537 1636 1565 qu.
1652 1536 1716 1562 ¹²5·
1733 1527 1764 1556 in

960 1566 1022 1594 eod.
1034 1566 1136 1594 Matth.
1145 1578 1202 1606 capi
1210 1578 1235 1596 te
1244 1589 1250 1596 .
1275 1570 1368 1597 Multae
1379 1566 1463 1596 adhuc
1475 1567 1554 1603 hujus
1563 1566 1640 1595 sectae
1651 1567 1762 1596 familiae

962 1605 992 1634 in
1001 1607 1163 1640 Onerum&
1174 1608 1328 1646 praesertim
1340 1609 1368 1637 in
1378 1607 1693 1646 constantinopolitana
1703 1608 1764 1638 Ur-

959 1646 991 1674 be
1002 1647 1111 1685 vigent,
1123 1659 1182 1686 qux
1194 1650 1224 1677 ab
1235 1649 1359 1677 Hebraeis
1370 1652 1501 1678 Carraim
1513 1648 1694 1687 appellantur.
1705 1649 1766 1678 FR.

960 1687 994 1715 de
1004 1686 1046 1715 his
1057 1688 1093 1716 ita
1104 1690 1175 1717 Elias
1184 1690 1305 1718 Tesbites
1314 1688 1434 1724 scribit:[
1446 1690 1591 1728 Negabant
1603 1689 1694 1727 legem
1703 1699 1766 1717 orc-

961 1738 1038 1756 tcnus
1050 1729 1179 1757 traditam
1192 1750 1200 1762 ‚
1219 1733 1247 1758 ὃ(
1259 1741 1314 1758 uon
1325 1730 1470 1758 credebant
1479 1752 1487 1763 ,
1506 1730 1558 1758 nisi
1567 1730 1641 1768 quod
1651 1739 1726 1758 extat
1737 1730 1767 1758 in

960 1769 1022 1806 lege
1031 1767 1150 1808 scripta,
1173 1769 1235 1799 ideo
1248 1770 1339 1799 vocati
1360 1770 1423 1800 sunt
1435 1770 1702 1808 Carraim.]Opinio
1719 1780 1767 1798 :iu-

962 1818 1018 1837 tem
1037 1810 1222 1839 Hebraeorum
1242 1810 1415 1840 asserentium
1424 1833 1431 1844 ‚
1448 1811 1537 1840 Sadok
1555 1810 1767 1840 Sadducaeorum

963 1849 1036 1878 fuisse
1048 1849 1281 1885 haeresiarcham‚a
1291 1853 1360 1890 Juda
1370 1851 1468 1881 Levita
1477 1852 1631 1890 excogitata.
1642 1850 1765 1890 fuit‚qui‚

959 1889 990 1918 in
1001 1890 1070 1918 libi-o
1080 1894 1154 1927 cujus
1165 1893 1258 1920 titulus
1268 1893 1304 1920 est
1315 1893 1445 1929 Alcosder
1456 1914 1465 1926 ‚
1485 1892 1520 1921 sic
1541 1893 1580 1920 ait
1596 1890 1713 1926 [esdras
1724 1902 1768 1920 ca-

969 1931 1054 1959 balam
1066 1932 1179 1961 tradidit
1189 1933 1311 1961 Simeon}
1321 1933 1399 1969 Justo
1411 1954 1419 1966 ,
1432 1932 1453 1960 is
1463 1932 1616 1971 Antigono
1627 1953 1634 1964 ,
1647 1936 1674 1962 ὅ(
1685 1931 1767 1961 sociis

962 1971 1042 2010 ipsius
1054 1994 1060 2004 ,
1071 1982 1085 1999 e
1095 1973 1189 2010 quibus
1200 1973 1299 2006 Sadok,
1309 1977 1337 2001 δε
1347 1972 1472 2008 Bijathos
1482 1977 1522 2002 hae
1528 1972 1767 2004 resisrchae.]1deo

962 2022 1044 2040 etiam
1058 2013 1206 2050 Baithosai
1216 2013 1283 2042 disti
1300 2013 1363 2041 sunt
1383 2013 1539 2042 Sadducaei.
1558 2017 1599 2043 Ex
1619 2024 1675 2053 quo
1686 2014 1766 2052 Judae

963 2054 1068 2081 Levitx
1080 2051 1189 2082 somnio
1200 2052 1322 2083 hauserat
1341 2055 1385 2092 Jo:
1396 2056 1472 2084 Picus
1482 2054 1513 2082 in
1531 2057 1586 2090 ejus
1607 2054 1747 2093 Apologia
1758 2075 1767 2087 ‚

964 2092 1008 2121 tit.
1019 2094 1052 2121 dc
1064 2094 1164 2122 Cabala
1177 2116 1185 2128 ‚
1197 2098 1224 2123 ὃς
1234 2096 1322 2134 magia
1333 2095 1463 2128 naturali,
1475 2105 1504 2123 ac
1514 2095 1632 2133 priondc
1643 2105 1676 2123 ex
1689 2107 1716 2130 4.
1730 2096 1766 2123 li-

963 2135 1011 2163 bro
1021 2133 1111 2162 esdr-e
1120 2134 1350 2174 apocryph0,cap.
1368 2147 1410 2173 ¹4-
1420 2135 1494 2165 suam
1504 2136 1692 2164 intentionem
1702 2145 1766 2173 pro-

963 2177 1024 2205 bare
1035 2175 1146 2208 nititur,
1157 2176 1200 2205 ubi
1212 2176 1246 2210 sic
1255 2174 1396 2213 habetur:[
1405 2180 1438 2205 Et
1449 2176 1550 2205 faffum
1559 2177 1608 2209 est,
1617 2186 1678 2204 cum
1690 2186 1766 2204 com-

965 2216 1115 2255 plevissent
1127 2216 1307 2255 quadraginta
1317 2217 1384 2251 dies,
1396 2218 1502 2246 locutus
1510 2217 1547 2245 est
1559 2215 1766 2250 Altiffimus‚di-

965 2268 1043 2286 cens:
1056 2256 1162 2290 Priora,
1176 2267 1236 2296 quae
1248 2257 1385 2296 scripsisti,
1394 2262 1421 2288 ὃς
1432 2258 1520 2297 palam
1531 2267 1603 2295 pone
1612 2278 1620 2290 ,
1632 2260 1659 2285 ὅ(
1670 2257 1766 2295 legant

965 2297 1044 2337 digni
1057 2319 1065 2329 ,
1075 2300 1101 2324 ὃ(
1112 2296 1234 2337 indigni:
1246 2297 1406 2327 novissimos
1415 2308 1506 2327 autem
1515 2297 1688 2336 septuaginta
1697 2308 1766 2326 con-

963 2337 1082 2367 servabis
1091 2358 1100 2369 ,
1111 2347 1141 2366 ut
1152 2338 1238 2367 tradas
1246 2349 1291 2367 eos
1304 2338 1466 2377 sapientibus
1476 2361 1483 2372 ‚
1494 2342 1521 2368 δι
1532 2340 1634 2377 populo
1644 2347 1692 2366 tuo
1703 2358 1709 2365 -
1730 2341 1766 2369 In

967 2377 1012 2408 his
1021 2379 1097 2408 enim
1109 2379 1147 2407 est
1159 2389 1229 2409 vena
1239 2379 1408 2415 intellectus,
1430 2384 1458 2410 δε
1476 2378 1615 2418 sapientiae
1635 2378 1696 2447 spus
1708 2400 1716 2412 ‚
1738 2383 1767 2409 δι

1658 2428 1732 2448 cien-
