1866 2526
0 428 9 471 i

458 33 566 76 VA

104 94 220 128 nomine
230 101 309 132 vagas
319 100 442 120 vocamus
453 111 461 119 .
483 89 567 120 Dixit
577 88 668 129 imque
680 87 820 128 discipulis
829 88 899 120 suis.-

104 148 148 168 tot
159 143 257 174 vangas
275 133 305 161 in
321 131 407 161 horto
425 131 572 171 projicite,
595 135 624 161 δε
642 131 724 160 citius
743 130 832 160 redite
844 152 851 159 .
873 132 899 161 S.

103 174 274 217 Gregordib.
287 173 427 212 3.dialog.
437 183 494 211 cap.
510 183 553 208 ¹4·

65 221 166 250 viimo
175 237 184 250 ,
206 215 318 244 verbum
331 235 338 247 ‚
351 214 441 243 deliro
451 235 459 247 ‚
469 212 576 252 delipio
585 234 595 247 ‚
607 222 679 242 vane
689 213 788 252 loquor
799 233 806 241 .
823 214 901 248 [Re-

102 257 180 298 pnusa
198 266 266 295 ergo
283 265 354 283 tuem
374 264 515 287 mentem,
539 264 572 283 ne
593 254 674 283 vadss
686 253 843 282 vaniando.
866 255 900 283 In

106 298 170 328 Vita
181 299 206 327 S.
220 294 365 325 francisca:
379 298 463 326 Rom.
476 307 504 332 9.
518 297 600 324 Mart.
612 294 683 333 apud
691 294 799 323 Surium
811 315 818 322 .

63 342 182 369 VANizo
193 360 202 372 ‚
224 337 296 366 idem
325 347 354 365 ac
374 342 470 365 Vama.
495 335 562 372 [De
590 335 678 364 vestra
706 335 902 365 benevolentia

100 380 161 418 plus
174 378 244 414 justo
262 376 455 415 pr.usu111eiites
475 377 633 405 vanizando
653 375 750 403 dicunt
770 379 823 405 δα.
846 377 901 404 Ivo

100 422 216 449 Cui-not.
227 419 303 457 epist.
316 425 364 448 66.
377 421 388 450 ]
402 417 505 446 Eodem
516 417 598 446 verbo
608 415 667 445 usus
679 416 716 444 est
727 416 752 444 S.
763 416 895 444 Bernard.

99 472 113 490 e
136 461 176 489 ist.
209 465 233 488 8.

60 471 206 534 Vinion:
230 510 334 540 vagans
344 520 351 531 ,
375 500 437 528 exul
447 520 454 527 .
479 498 530 535 [Si
541 498 601 537 quis
610 507 708 536 corpus
722 495 822 535 sepulti
834 495 900 525 effo-

99 543 169 571 derit
182 564 189 575 ,
212 551 257 570 aut
268 540 432 580 spoliaverit
443 561 450 573 ,
475 549 558 578 vagus
575 538 610 568 {it
620 559 629 571 ,
652 538 751 576 inlege
771 538 855 566 Salica
867 557 873 564 .
887 539 898 569 ]

102 583 181 611 Idem
201 583 361 612 vocabulum
381 581 452 620 apud
469 580 632 613 Sidonium,
654 579 704 607 lib.
721 585 748 607 6.
771 577 849 617 epist.
872 564 908 607 6.l

1247 35 1288 78 V
1319 37 1360 77 A
1617 42 1694 89 695

957 89 1000 120 tio
1011 111 1018 123 ,
1040 89 1188 121 Suabilium
1199 91 1361 121 Gastaldum
1369 92 1524 123 Marsorum
1534 103 1596 124 cum
1604 93 1664 125 aliis
1674 93 1756 125 sociis

953 130 1030 161 baffis
1043 157 1049 165 ,
1071 133 1144 171 quasi
1153 133 1186 161 ad
1206 142 1346 162 trecentos
1354 143 1471 164 armatos
1488 134 1576 164 secum
1596 136 1710 166 advexi:
1721 158 1728 164 .
1740 139 1756 169 1

952 173 1080 210 Valvaser
1091 195 1098 206 ,
1122 183 1214 202 tamen
1225 195 1233 208 ,
1245 173 1300 202 sive
1311 175 1462 215 γυμνήν
1474 176 1582 205 videtur
1591 176 1732 206 diversum
1742 187 1755 206 a

956 212 1076 243 Vass’allo
1088 236 1096 248 ‚
1121 214 1224 243 namin
1234 215 1334 243 Bullsr.
1344 216 1438 246 Calin.
1447 226 1516 246 tom.
1529 228 1554 245 ι.
1565 218 1675 246 const-it.
1687 229 1700 246 ι.
1711 229 1718 246 1
1729 223 1754 246 ε.

956 255 992 284 ita
1001 254 1197 294 distinguitur:
1224 258 1282 291 [Et
1292 256 1353 284 :iliis
1369 257 1434 286 viris
1454 257 1600 286 Nobilibus
1612 277 1621 292 ‚
1642 260 1754 296 Capita.

955 297 1030 329 neis,
1053 295 1264 326 Vvalvasoribus
1277 317 1284 329 ‚
1306 301 1333 326 &t
1346 298 1403 326 aliis
1414 297 1536 327 Vass'allis
1555 298 1652 327 nostris
1669 297 1755 334 cujus-

954 347 1070 376 cumque
1079 335 1188 367 servitii
1199 340 1252 366 διε.
1264 338 1276 369 ]
1301 338 1348 377 qui
1361 338 1527 368 Valvasores
1546 349 1559 368 a
1578 339 1707 368 federico
1727 340 1758 368 11

956 379 1028 416 Imp.
1051 378 1086 407 {ic
1095 378 1287 407 denominatos
1306 378 1380 408 fuiss'e
1401 379 1439 409 ait
1451 380 1574 409 Blondus
1595 379 1638 409 his
1650 379 1737 409 verbis
1749 399 1757 407 .

957 424 969 454 [
981 421 1155 458 Puerumque
1169 418 1339 459 proditionis
1348 420 1466 450 auctores
1475 421 1635 459 Capfflnei,
1648 425 1676 450 Sc
1689 422 1757 450 val-

956 459 1078 494 vasores,
1102 471 1168 499 quos
1187 461 1332 491 Federicus
1342 463 1384 490 ΙΙ.
1406 472 1439 491 eo
1448 461 1616 501 cognomine
1634 470 1752 491 notatos:

955 501 1064 540 potius,
1087 512 1165 540 quam
1177 500 1335 532 honestatos
1353 501 1459 531 suarum
1471 503 1589 542 partium
1610 502 1753 541 primiores

955 542 1078 570 voluertit
1098 542 1258 582 recognosci
1276 546 1329 572 δεε-
1351 543 1444 572 decad.
1467 556 1493 573 2.
1511 540 1556 573 lib.
1583 548 1607 572 S.
1629 546 1641 575 ]
1665 543 1754 572 Unde

955 584 1084 620 tffaelvasor
1101 584 1252 623 appellatus
1262 607 1270 618 ‚
1293 583 1355 623 quia
1366 583 1453 613 Vallis
1464 606 1472 618 ‚
1495 588 1522 614 ὅ(
1536 584 1611 614 Plebi
1624 584 1752 623 praepoli-

955 634 994 651 ως
1014 633 1070 652 erat
1085 646 1092 656 ,
1115 625 1161 663 qui
1173 624 1256 654 etiarn
1267 624 1429 662 Valvastmcs
1442 626 1596 654 dicebatur:
1622 625 1752 664 Sigonius

955 665 988 692 de
1015 675 1104 703 regno
1114 666 1204 694 Italiae
1215 687 1222 698 ‚
1243 670 1271 695 δε
1294 667 1312 695 l.
1323 677 1350 704 3.
1367 667 1400 694 de
1411 666 1548 695 beneficiis
1561 687 1568 694 .
1591 665 1752 705 Aliquando

953 714 1044 733 tamen
1055 705 1112 733 haec
1130 706 1251 745 dignitas
1261 707 1591 745 postponiturssaronali‚
1615 717 1684 736 utin
1704 707 1753 736 de-

953 755 1029 774 creto
1041 746 1161 774 Federici
1174 749 1244 786 Imp.
1255 749 1325 787 apud
1338 747 1507 777 Rodericum
1524 747 1674 788 Frilingen.
1696 749 1754 777 Ca-

955 786 1089 815 nomicum
1099 787 1133 815 de
1141 788 1222 826 gestis
1242 787 1361 824 ejusdem
1371 788 1549 827 Imperatoris
1559 811 1567 823 ,
1590 789 1636 818 lib.
1648 800 1674 828 3.
1691 798 1752 827 cap.

955 838 968 865 3
981 838 1002 855 ι.
1016 827 1051 856 fic
1062 827 1192 858 habetur.-
1218 836 1229 865 [
1243 831 1303 859 Nos
1315 830 1344 858 in
1363 829 1509 868 praescntia
1519 850 1527 862 ,
1549 834 1576 859 ὃ(
1588 830 1753 859 testimonio

954 868 1080 897 omnium
1089 868 1329 899 'theutonicorum
1341 892 1349 904 ,
1372 871 1619 910 Longobardorum
1631 893 1639 905 ‚
1649 875 1677 901 δ(
1689 870 1754 909 Epi-

953 908 1098 948 scoporum
1111 932 1118 943 ,
1139 914 1166 939 δε
1177 911 1320 940 Laicorum
1331 911 1490 951 Principum
1500 934 1508 946 ,
1519 916 1547 942 ὅ(
1559 914 1712 949 Barouum,
1724 915 1751 940 ὅ(

956 950 1140 979 valvasorum
1150 962 1261 980 omnem
1270 953 1403 988 justitiam
1415 975 1422 986 ,
1445 957 1473 982 8<
1486 953 1633 982 confilium
1649 954 1753 982 obtuli·

955 994 1037 1023 mus.]
1045 992 1204 1030 Aliquando
1214 993 1342 1022 Baronali
1353 993 1488 1033 dignitati
1501 995 1675 1033 preponitur
1685 994 1752 1023 Val-

956 1031 1094 1072 x'asor‚qui
1104 1037 1131 1062 &
1142 1035 1205 1071 Vasa
1215 1034 1365 1063 dicebatur.
1379 1037 1483 1071 [Hujus
1492 1035 1530 1064 rei
1541 1035 1620 1064 testes
1629 1039 1680 1064 &c-
1692 1036 1751 1065 Or-

954 1073 1044 1102 nulfus
1054 1075 1209 1113 Imperialis
1220 1075 1297 1104 Aulae
1310 1075 1489 1106 Mai-escalcus
1499 1098 1506 1110 ,
1528 1076 1648 1106 Riserius
1660 1079 1753 1115 Impe—

101 623 230 652 habetur.

59 665 121 694 VAs
142 667 298 696 isumus,
320 661 409 695 idest,
436 660 557 691 imbellis
585 659 681 689 sexus.
707 659 799 696 [Vasa
822 659 898 687 infir-

99 705 185 734 miora
216 714 276 733 cum
294 703 332 732 eis
351 713 408 731 non
435 702 625 742 navigabunt,
649 701 698 730 nisi
727 700 800 729 forte
818 703 897 729 Pater

97 745 254 774 monasterii
267 739 446 782 ssraecepcrit.
468 745 503 772 In
515 744 608 782 regula
624 741 716 771 Sancti
730 741 850 773 pacomii
864 762 870 769 .
884 744 895 773 ]

98 787 181 823 Quod
198 795 288 813 autem
316 795 365 822 per
384 795 428 813 vtis
457 783 593 812 infirmius
620 783 746 811 foeminas
766 781 812 810 hic
833 784 899 810 San-

95 828 151 855 &us
170 826 362 858 intellexerit,
385 826 459 854 idem
476 825 507 852 in
527 823 631 853 eisdem
651 822 752 862 regulis
761 823 898 857 declarat,

95 867 240 905 inquiens:
267 866 319 902 [Si
336 866 475 895 saecularcs
485 864 613 893 homines
624 887 632 898 ,
654 873 699 893 aut
711 863 830 896 debiles,
853 873 898 892 aut

96 908 155 936 vasa
173 907 326 936 infirmiora
338 928 346 940 ,
370 906 438 935 idest
451 927 459 938 ‚
482 906 648 935 mulierculae
669 904 795 935 venerint
815 904 849 933 ad
867 915 898 933 0-

99 949 179 977 stium
190 969 196 976 .

57 991 229 1019 VASCELLUS
241 1011 248 1022 ,
272 989 350 1018 navis
362 988 515 1027 vulgariter
533 998 600 1018 nota
616 1009 623 1016 .
646 988 745 1017 Bullar.
768 986 897 1016 Cafinen.

98 1041 166 1058 tom.
180 1043 206 1060 2.
218 1031 317 1060 Const.
330 1042 339 1058 ι
350 1035 395 1063 87.
409 1039 482 1058 num.
493 1041 520 1062 7.

57 1073 203 1100 VAsiLrus
216 1092 226 1105 ,
248 1068 404 1106 amm-sce,
427 1073 506 1100 Rex:
533 1072 630 1105 [Cum
646 1067 846 1108 christophori
867 1069 899 1097 fi-

98 1113 164 1141 liam
187 1114 280 1141 Petrus
302 1112 484 1151 Bulgsrorum
507 1111 629 1140 Vasileus
649 1115 797 1149 conjugem
817 1109 898 1138 duce-

94 1164 135 1182 re:
149 1175 155 1181 .
178 1153 341 1191 Luitprand.
361 1154 390 1181 in
410 1153 492 1191 legat.

52 1195 136 1222 Vaso
150 1215 156 1222 .
180 1194 252 1222 Vide
273 1194 361 1231 Vaffus
373 1214 380 1221 .

53 1235 292 1264 VASSALAoluM.
314 1236 369 1263 PR.
393 1233 466 1262 idem
484 1244 514 1262 ac
542 1232 717 1262 hominium.
745 1233 841 1272 Sigon.
863 1232 897 1261 de

93 1279 195 1314 Regno
213 1276 300 1304 Italiae
313 1297 320 1308 ‚
343 1275 425 1306 lib.7.
447 1276 465 1303 l.
483 1285 513 1302 ut
534 1276 686 1307 Latrones,
709 1274 743 1303 de
764 1284 895 1304 reveren-

92 1317 129 1345 tia
149 1316 272 1345 Eccleliae
288 1336 295 1343 .
319 1313 392 1343 Vide
414 1317 579 1344 Hotmnium
588 1336 595 1342 .
615 1316 746 1352 Plvffallus
756 1336 764 1342 .

53 1357 225 1386 Vissiuus
236 1376 242 1383 .
265 1358 321 1385 FR.
341 1355 461 1384 subditus
472 1377 478 1382 .
503 1355 599 1394 Sigon.
612 1357 646 1384 de
659 1358 760 1395 Regno
772 1354 834 1384 Ital.
845 1355 892 1383 lib.

92 1409 119 1430 7.
139 1399 225 1436 Leges
237 1397 394 1435 Longobsr.
407 1397 484 1425 Bulla
496 1397 589 1425 Calin.
601 1406 669 1425 tom.
685 1409 710 1425 2.
721 1397 832 1425 constit.
846 1407 892 1434 33.

954 1114 1028 1143 rialis
1041 1115 1112 1144 Vaso
1122 1139 1128 1148 ,
1140 1115 1286 1145 Roscullus
1296 1117 1330 1144 de
1339 1117 1471 1150 Oliveto,
1480 1121 1508 1146 δε
1519 1117 1566 1147 alii
1577 1119 1659 1146 multi
1668 1120 1749 1147 Prin-

953 1156 1044 1193 cipes,
1066 1160 1095 1185 &
1114 1156 1256 1186 Comites.
1280 1157 1380 1186 Bullar.
1398 1159 1526 1187 Cafiuen.
1546 1168 1614 1188 tom.
1627 1171 1653 1188 2.
1672 1160 1751 1188 Con-

955 1196 1008 1224 stir.
1024 1199 1090 1232 58.]
1114 1199 1174 1226 Nec
1184 1197 1221 1226 est
1233 1198 1332 1226 mirum
1345 1220 1353 1232 ,
1376 1209 1438 1227 nam
1455 1199 1572 1238 triplicis
1580 1200 1690 1238 generis
1709 1212 1751 1229 re-

953 1237 1129 1276 periebantur
1149 1237 1329 1272 valvasores,
1350 1245 1488 1275 Majores,
1510 1239 1636 1274 scilicet,
1659 1245 1752 1271 Mino-

954 1289 994 1306 res
1004 1292 1019 1310 ‚-
1036 1282 1156 1308 Minimi
1170 1301 1178 1312 ‚
1201 1279 1248 1317 qui
1275 1280 1416 1318 Valvnsini
1442 1281 1615 1316 diminutivo
1634 1283 1750 1311 vocabu-

952 1318 980 1347 lo
1008 1320 1190 1348 vocabantur.
1213 1321 1257 1348 De
1277 1321 1390 1349 nomine
1415 1331 1506 1351 autem
1525 1321 1682 1351 Valvasoris
1704 1322 1750 1351 sae.

952 1369 985 1397 pe
1004 1359 1034 1388 in
1062 1362 1118 1396 ejus
1140 1361 1341 1391 Mediolanenli
1359 1360 1424 1391 hist.
1447 1362 1552 1393 Corius
1575 1364 1750 1393 mentionem

952 1405 1015 1429 lacit
1027 1421 1034 1428 .

94 1437 247 1466 Vass‘allusa
257 1438 392 1466 Vexillo;
416 1437 480 1464 ideo
490 1437 622 1465 Vax-‚allus
633 1437 788 1465 dicebatur:
811 1444 822 1473 [
835 1438 893 1465 De-
911 1444 1065 1470 VAS-mose
1077 1464 1084 1475 ,
1106 1446 1134 1472 δ(
1153 1445 1276 1480 ιζιβιιζιζε
1286 1464 1293 1470 .
1313 1441 1387 1473 Vide
1406 1445 1539 1482 Bastagia
1549 1465 1558 1473 .

92 1487 235 1506 cernentes
255 1487 322 1509 cos,
345 1477 391 1515 qui
414 1475 605 1515 polleffiones,
626 1481 653 1506 ὅ(
673 1477 809 1506 libertates
825 1476 893 1512 ejus-
911 1485 1082 1512 Vni-Ainus
1094 1503 1101 1511 ,
1126 1485 1199 1512 Vide
1214 1485 1379 1520 *Bastayjuh

92 1518 154 1547 dcm
165 1517 317 1550 Coenobii,
340 1521 366 1545 a&
379 1517 558 1546 V2xa110rum
568 1516 676 1546 suorum
694 1520 752 1553 jura
764 1540 772 1552 ‚
794 1518 840 1547 seu
851 1529 892 1546 re-
910 1525 1091 1552 VAS-summ
1105 1546 1111 1556 ,
1129 1524 1235 1553 stallum
1248 1546 1256 1557 ‚
1280 1523 1334 1553 sela
1346 1546 1354 1557 ‚
1376 1536 1390 1554 a
1407 1535 1476 1555 voce
1493 1527 1552 1562 1:2st
1563 1526 1726 1557 Germanica
1741 1534 1752 1559 .’

91 1559 163 1587 ditus
173 1559 302 1587 detinent
313 1568 459 1596 occupatos
469 1561 520 1587 ἃς.
545 1559 704 1587 Alexander
714 1561 782 1598 Papa
793 1561 851 1588 111.
864 1560 892 1588 in

92 1600 192 1628 Bullar.
212 1600 342 1629 calinen.
355 1608 421 1627 tom.
434 1611 459 1628 τ..
478 1598 590 1627 constit.
605 1604 667 1628 182.
680 1610 753 1628 num.
764 1602 816 1631 6.]
842 1601 891 1629 Vi-

90 1640 124 1668 de
134 1641 255 1677 Casatus
268 1661 275 1668 .
296 1641 413 1669 Drudus
423 1661 430 1668 .
452 1641 540 1677 Vaffus
551 1661 558 1668 .

54 1680 167 1709 vissus
181 1702 188 1713 ,
213 1680 359 1713 Vassixlffls,
380 1681 467 1714 idest,
492 1681 607 1717 ruffus,
629 1687 670 1716 B,
693 1692 744 1720 pro
758 1687 793 1715 V,
815 1682 889 1720 quod

90 1721 225 1759 significat
243 1721 395 1754 subditum,
420 1721 596 1754 inferiorem,
618 1725 646 1751 ὁ(
667 1721 871 1753 subordinatum
883 1743 889 1750 .

91 1767 105 1795 [
118 1763 190 1790 Nam
202 1762 303 1801 reipub.
316 1761 384 1790 statu
400 1761 480 1790 nimis
493 1762 599 1790 turbato
609 1784 617 1796 ‚
640 1765 744 1803 regales
755 1762 839 1792 vassbs
850 1764 890 1791 in-

88 1799 206 1830 solentia
222 1802 423 1831 Marchionum
443 1802 490 1831 fibi
511 1803 715 1842 subjugaverat.
738 1806 774 1832 In
786 1804 842 1833 vita
864 1805 888 1833 S.

91 1842 225 1875 Geraldi,
247 1843 294 1871 lib.
318 1854 340 1870 1.
361 1845 502 1881 cap.32.]
526 1845 582 1872 FR.
602 1844 680 1872 Idem
701 1845 813 1873 habetur
831 1845 888 1873 inl.

91 1882 196 1920 placuit
216 1883 314 1916 nobis,
336 1893 365 1912 ut
386 1883 532 1923 Episcopi,
554 1888 583 1913 δε
604 1885 732 1914 Comites
749 1885 796 1914 fibi
814 1885 889 1914 invi-

89 1933 149 1951 cem
160 1923 291 1952 auxilium
301 1925 431 1962 prestent
442 1945 450 1952 .
472 1925 524 1953 Sed
535 1924 606 1964 apud
615 1926 779 1955 Marculsum
797 1936 891 1955 mona-

948 1573 1007 1602 quae
1020 1564 1138 1593 stabilem
1150 1587 1157 1598 ,
1179 1568 1207 1594 ὃ(
1219 1565 1327 1593 firmum
1338 1564 1474 1604 fignificat
1486 1589 1494 1600 ‚
1515 1566 1560 1595 seu
1571 1569 1661 1606 potius
1679 1569 1750 1607 poli-

949 1614 978 1633 to
997 1606 1024 1633 V
1035 1626 1043 1637 ‚
1067 1616 1116 1643 pro
1137 1609 1158 1635 B
1169 1627 1176 1638 ‚
1197 1607 1332 1642 Bastellus
1342 1619 1353 1639 ‚-
1372 1617 1434 1635 nam
1454 1609 1552 1643 Baſsus
1564 1629 1571 1640 ,
1592 1608 1688 1638 italice
1707 1610 1749 1638 vi-

950 1647 1004 1674 lem
1017 1647 1152 1675 mulorum
1163 1646 1255 1675 sellim
1266 1647 1420 1685 significan
1443 1647 1585 1686 usurpatur
1594 1650 1678 1678 etiam
1698 1660 1749 1688 pro

949 1685 1076 1715 cathedra
1086 1687 1226 1725 suprema:
1245 1687 1344 1722 [Solus
1353 1688 1383 1716 in
1393 1687 1540 1717 refectorio
1549 1690 1694 1728 prandebit
1706 1690 1749 1719 su-

949 1737 1058 1765 premus
1068 1727 1167 1757 habens
1180 1728 1333 1758 vastelium
1344 1749 1352 1762 ‚
1375 1729 1404 1757 in
1417 1730 1473 1758 vita
1482 1731 1508 1758 S.
1519 1732 1564 1768 Jo:
1577 1731 1669 1763 Abb.]
1694 1731 1749 1760 for-

949 1767 1013 1796 tass'e
1025 1770 1062 1796 V.
1072 1779 1122 1807 pro
1133 1772 1170 1798 G.
1191 1769 1237 1798 hic
1248 1768 1393 1803 scribitur,
1410 1780 1439 1798 ut
1450 1771 1590 1800 interdum
1601 1771 1661 1801 fieri
1671 1770 1749 1811 supr-2

947 1809 1069 1837 diximus
1081 1810 1112 1838 in
1122 1810 1260 1849 principio
1271 1808 1349 1846 hujus
1358 1810 1446 1840 literae
1455 1833 1464 1844 ‚
1487 1815 1516 1841 ὃ(
1527 1812 1561 1841 sic
1573 1813 1724 1849 Castellum
1735 1834 1745 1846 ‚

947 1849 993 1878 seu
1002 1851 1093 1888 potius
1103 1852 1253 1887 Castellum
1263 1863 1275 1884 ,ς
1299 1861 1362 1879 nam
1371 1850 1499 1882 cathedra
1515 1857 1616 1882 Turris
1627 1875 1635 1886 ,
1657 1862 1686 1882 ut
1697 1852 1747 1882 sno

948 1891 1012 1919 loco
1034 1890 1173 1919 ostensum
1189 1891 1228 1920 est
1239 1912 1248 1925 ,
1271 1891 1426 1926 dicebatur,
1444 1893 1501 1922 five
1522 1904 1537 1921 a
1554 1893 1631 1922 Fastu
1648 1895 1751 1931 Fastel-

947 1931 1007 1960 lum
1027 1952 1034 1959 .

90 1963 173 2007 chum
195 1964 224 1992 in
235 1966 288 1999 ejus
300 1964 479 1998 formulario,
505 1966 552 1995 lib.
563 1977 590 2001 4-
602 1976 660 2004 cap.
670 1978 700 2003 9.
723 1967 829 2005 regium
839 1968 890 1996 mi·
906 1972 1008 2000 Vsus
1021 1991 1029 2000 .
1053 1973 1111 2001 FR.
1133 1983 1146 2001 a
1159 1971 1293 2001 vimentis
1312 1973 1349 2001 ita
1359 1974 1526 2012 appellatus,
1543 1977 1620 2012 cujus
1640 1975 1747 2016 fignifi-

91 2004 205 2032 nistrum
216 2004 350 2043 significat
361 2017 368 2034 :
392 2012 404 2042 [
415 2005 488 2035 Vaffi
500 2017 567 2035 vero
578 2007 662 2036 nostri
674 2029 682 2040 ,
706 2011 734 2037 δε
753 2008 889 2037 ministra-
944 2013 1016 2040 catio
1036 2013 1183 2051 multiplex
1192 2014 1230 2042 est
1241 2024 1247 2043 ς
1272 2024 1334 2042 nam
1348 2015 1432 2043 modo
1444 2015 1618 2046 Sacerdotem
1628 2037 1637 2050 ‚
1659 2018 1747 2047 modo

89 2046 128 2073 les
138 2066 146 2077 ,
159 2046 205 2083 qui
217 2045 288 2074 miffi
299 2045 362 2075 sunt
374 2067 383 2079 ,
393 2047 554 2086 ubicumque
566 2049 694 2076 venerint
705 2070 714 2081 ,
735 2050 887 2083 comestum
944 2052 1111 2091 Prophetam
1121 2075 1128 2085 ‚
1151 2057 1179 2082 δ(
1198 2057 1340 2093 Augurem
1351 2077 1359 2088 ‚
1381 2059 1410 2084 &
1420 2055 1504 2085 modo
1523 2059 1638 2086 Poetam
1656 2058 1745 2087 deno-

88 2085 225 2124 accipiant
235 2087 266 2117 .]
287 2090 323 2115 Et
335 2087 364 2115 in
375 2088 513 2126 Capitulis
523 2110 531 2121 ‚
545 2099 606 2126 quae
618 2088 747 2128 Episcopi
760 2089 888 2119 Rhemo-
944 2102 984 2122 tat
993 2114 1000 2120 .
1024 2094 1089 2122 Ilid.
1103 2095 1226 2129 Etymol.
1237 2095 1282 2124 lib.
1294 2108 1319 2125 z.
1331 2095 1401 2125 &in
1410 2107 1469 2126 cau.
1479 2097 1580 2127 Cleros
1590 2119 1598 2131 ,
1620 2098 1683 2127 dist.
1695 2111 1709 2128 τ.
1719 2110 1744 2128 ι.

88 2135 148 2154 rum
158 2147 166 2159 ι
189 2130 217 2156 ὅ(
236 2127 409 2166 Rothomag.
426 2127 558 2157 miserunt
579 2130 724 2158 Ludovico
733 2131 806 2169 Regi
820 2152 827 2164 ‚
849 2131 884 2160 fic
902 2136 1070 2164 vincam
1083 2138 1227 2166 BAsxucA
1237 2156 1245 2163 .
1270 2137 1326 2166 FR-
1335 2137 1444 2167 aLucio
1454 2140 1526 2177 Papa
1534 2140 1593 2168 111.
1605 2140 1742 2178 appellata

86 2167 201 2195 liabetur
212 2178 219 2195 ε
245 2173 256 2203 [
267 2168 385 2205 Quando
405 2169 494 2198 anima
515 2169 602 2198 vestra
620 2170 654 2199 de
675 2180 791 2209 corpore
813 2171 888 2201 exie·
943 2175 995 2203 fuit
1023 2179 1157 2204 Omnium
1178 2176 1361 2214 Ecclefiarum
1378 2187 1462 2217 caput
1486 2179 1517 2208 in
1534 2182 1590 2216 ejus
1607 2179 1742 2218 epistola,

85 2208 122 2236 rit
131 2211 184 2236 &c-
203 2211 232 2237 «Sc
244 2208 298 2237 line
315 2207 431 2243 solatio,
454 2211 628 2239 &comitatu
645 2212 808 2241 Drudorum
819 2234 827 2246 ‚
845 2223 888 2242 at·
940 2226 1001 2254 quae
1014 2215 1060 2244 hic
1082 2215 1236 2246 habeturin
1258 2217 1323 2246 diet.
1334 2221 1494 2257 lncastello.
1517 2221 1561 2249 Ab
1570 2221 1741 2249 Innocentio

84 2259 137 2286 que
150 2248 292 2292 Yassorum
300 2250 372 2279 nuda
382 2272 391 2284 ,
412 2254 439 2280 ὅ(
450 2249 568 2280 desolata
576 2251 661 2281 exibit
674 2254 686 2284 ]
707 2254 782 2281 Item
791 2253 887 2290 Baffus
943 2258 1001 2286 111.
1014 2267 1070 2296 prae
1080 2258 1206 2286 omnibus
1215 2258 1302 2288 Urbis
1312 2259 1432 2290 Basilicis
1440 2260 1483 2289 illi
1491 2261 1629 2297 majoritas
1641 2261 1740 2291 tribui-

84 2299 198 2333 proprie
207 2290 366 2322 dicebatum
382 2291 456 2320 unde
466 2291 497 2320 in
508 2292 698 2331 Erchemperti
708 2292 804 2323 histor.
817 2295 889 2333 apud
943 2307 988 2325 tur
1000 2318 1006 2329 ,
1030 2297 1064 2326 fic
1072 2301 1178 2334 ajente:
1204 2303 1218 2334 [
1230 2302 1254 2328 A
1265 2309 1364 2339 quarto
1381 2301 1466 2330 latere
1477 2311 1517 2330 res
1533 2302 1598 2337 juris
1617 2302 1740 2331 Basilice

84 2331 269 2368 Peregrinum
287 2332 322 2361 de
340 2332 465 2371 Princip.
487 2334 643 2372 Longobar.
663 2344 739 2362 num.
761 2342 808 2364 62.
829 2335 887 2364 haec
945 2338 1055 2374 majoris
1067 2339 1158 2368 Sanffi
1169 2340 1244 2369 Petri
1256 2341 1383 2379 Apostoli
1395 2362 1403 2370 .
1419 2342 1741 2372 Bullar.C:tlinen.t0m.

84 2379 250 2400 narrantur:
265 2372 437 2408 [Atenulfus
447 2374 590 2414 Spoletum
600 2384 716 2414 pergens
725 2397 734 2410 ,
751 2375 816 2405 dato
826 2386 887 2416 pre·
950 2391 976 2408 2.
990 2379 1114 2409 Constit.
1126 2391 1140 2410 2
1144 2390 1158 2419 3
1165 2391 1192 2416 4.
1203 2383 1216 2414 ]
1237 2381 1322 2411 Multi
1333 2383 1461 2422 1mpp-ac
1481 2385 1572 2423 Reges
1579 2384 1744 2452 canonitlt-atu

1349 2425 1374 2454 X
1395 2434 1414 2453 x
1456 2435 1476 2459 4
1638 2427 1681 2461 eju
1694 2442 1706 2447 —
