1866 2526
455 48 561 92 AB

107 108 282 142 nadaver,
301 109 346 137 vel
357 108 494 138 tumulum
507 129 514 141 ,
535 108 565 136 in
576 115 628 145 qua
638 115 652 133 a
671 106 736 134 Deo
755 102 904 134 infernalis·

108 160 199 190 poenae
210 148 397 182 absolutiones
408 159 459 189 pro
469 148 605 178 desunffis
614 156 768 186 precantur.
778 147 896 176 Dubita-

97 192 187 219 batur
197 191 266 219 olim
276 191 306 219 in
317 190 368 220 hac
381 190 523 221 functione
533 211 542 223 ,
566 189 677 228 quando
699 188 893 217 incensandum

107 240 168 260 erat
179 232 295 261 cadaver
306 254 315 266 ,
337 233 384 261 vel
393 231 512 261 tumulus
522 253 530 264 ,
553 241 588 260 an
598 229 661 258 rhus
672 229 802 259 debuifl'er
817 238 894 258 more

107 270 194 302 solito
203 273 276 310 prius
285 273 410 302 benedici
421 285 428 305 3
447 271 494 301 sed
503 283 539 300 nu
544 283 575 300 nc
586 281 635 310 pcr
645 271 792 300 Rubi-icam
803 269 895 299 Mista—

110 312 143 340 lis
163 313 196 341 ab
215 313 330 342 Urbano
340 315 453 343 octavo
472 314 643 352 necognitsim
663 312 817 340 declaratur
835 309 896 339 fieri

107 355 185 388 juxta
195 363 300 382 morem
311 365 371 382 cum
383 354 586 386 benedifflone,
598 354 644 381 Ab
653 354 702 381 illo
712 354 894 383 benedicaris,

108 394 167 428 (ἑοῖ.
177 396 251 424 Nam
262 395 310 423 illa
321 395 409 424 thuris
434 394 579 433 fumigatio
599 393 632 422 ad
642 393 822 432 depellendos
838 392 895 420 dae-

108 445 203 463 mones
213 435 338 464 adhiberi
349 437 410 465 vult
422 436 569 465 Durandus
580 456 587 467 ‚
600 435 647 462 lib.
664 445 686 462 i.
697 443 757 471 cap.
767 445 796 470 9.
818 433 894 468 Quin

108 476 142 504 :id
151 475 350 515 designandum
360 478 517 516 rogationes
529 498 537 509 ‚
551 484 610 514 quae
623 475 653 502 in
664 475 745 502 thure
759 475 894 503 denotan-

106 526 152 545 tur
163 538 171 549 ‚
184 526 234 554 pro
245 516 380 546 defunctis
390 516 440 546 effe
451 517 582 556 proficua5
593 525 641 545 §ac
650 515 763 543 tandem
772 525 832 544 cum
844 517 893 543 Ba-

108 558 200 590 i-onio,
212 559 285 586 anni.
297 569 310 595 3
319 563 343 586 S.
356 568 421 586 num
432 570 445 597 3
456 569 500 586 iz.
509 557 625 585 dicimus
635 577 643 588 ‚
653 556 728 594 quod
737 556 766 584 in
776 554 892 584 honori-

106 598 227 667 1licentiae
240 598 364 628 debitum
374 599 429 628 illis
438 598 480 632 fir,
491 597 538 636 qui
549 597 578 626 in
588 597 694 635 lignum
705 596 769 625 fidei
779 596 893 635 praecel-

121 647 200 667 erunt
210 659 217 666 .

66 683 179 709 Ami-s
191 701 199 712 ‚
210 678 306 718 absque
315 678 362 718 spe
374 701 382 714 ‚
393 678 549 718 desperatus
560 701 567 712 ,
576 678 624 717 spe
632 677 778 708 destitutus
788 697 795 705 .
811 683 824 712 [
836 676 891 706 Ab·

106 720 165 758 spes
176 721 259 749 etiam
270 721 347 753 vine,
356 731 387 749 ut
396 721 444 749 vix
455 720 579 749 habitum
591 721 621 748 in
632 729 749 757 corpore
760 718 892 747 sentirem

108 771 249 789 remanere
261 781 268 788 .
280 763 316 789 In
327 762 387 790 vita
399 763 424 790 S.
438 760 584 799 Onuphrii
597 783 605 794 ‚
615 771 673 800 cap.
689 771 731 789 10.

67 804 251 831 Ammius
262 824 270 834 ‚
283 812 339 830 vox
351 803 388 831 D.
400 803 546 841 Cypriane
557 801 696 830 familiaris
707 823 715 834 ‚
736 810 795 839 quae
815 802 891 836 juxta

51 1369 78 1401 γὸ

106 842 221 870 ΡιιιτιεΙίι
232 842 436 881 expositionem
448 866 454 876 ,
467 843 737 872 excommunicatum
748 840 891 879 fignificat.

104 882 159 911 Sed
170 882 346 912 verifimilius
353 885 454 913 Latino
465 884 577 913 Latinio
586 884 618 912 ab
628 881 819 913 Ecclefiasticis
832 880 891 909 fun-

103 923 240 967 &ionibus
261 922 418 962 suspensum
429 925 646 965 intelligendum
660 925 772 954 videtur
783 943 789 950 .
810 927 826 956 {
840 924 893 951 Ac-

105 965 189 1002 cipiat
203 964 373 994 sententiam
384 988 392 999 ‚
413 977 492 1005 quain
504 967 581 1005 prior
590 966 658 994 dicit
670 987 678 999 ‚
700 975 729 994 ut
741 963 892 992 abstentum

105 1015 119 1032 :i
131 1005 206 1032 nobis
218 1004 284 1033 sciat
297 1029 304 1039 ‚
315 1017 357 1044 ep.
371 1010 440 1044 38.]
455 1008 583 1043 Abstmeo
592 1007 667 1034 enim
679 1028 686 1039 ,
701 1010 729 1034 &
748 1005 893 1040 Abstineor

108 1055 158 1083 pro
173 1044 336 1082 suspendere
349 1068 357 1079 ,
376 1050 403 1074 ὃ(
413 1046 542 1084 suspendi
563 1059 576 1075 a
586 1047 672 1075 Sacris
682 1068 689 1079 ,
707 1049 734 1074 ὃ(
754 1043 892 1080 Abstenfio

105 1084 250 1123 ipsammet
260 1084 445 1124 suspensionis
456 1086 598 1115 censuram
608 1086 680 1125 sepe
693 1084 765 1124 apud
775 1084 892 1113 eundem

106 1127 257 1155 Aue-‘torem
267 1126 382 1155 denotat
391 1147 398 1154 .
409 1130 451 1156 Ac
464 1127 493 1155 in
503 1128 604 1165 regulis
612 1130 725 1156 Parrum
737 1147 744 1158 ‚
755 1135 813 1163 cap.
830 1135 854 1159 5.
866 1125 891 1155 §-

108 1178 134 1194 2.
148 1166 280 1195 liabetur:
304 1174 314 1202 [
328 1167 424 1205 Digne
437 1177 579 1205 correptus
589 1167 686 1196 tandiu
707 1165 874 1195 abstineatur
883 1186 891 1197 ‚

105 1207 230 1251 quandiu.
239 1229 247 1240 ,
267 1207 310 1235 vel
320 1209 406 1246 culpae
418 1209 532 1246 qualitas
543 1207 701 1246 poposcerit
710 1229 719 1240 ,
739 1207 786 1234 vel
795 1205 822 1234 se
832 1215 893 1244 poe-

106 1248 225 1276 nitendo
235 1246 426 1276 humiliaverit
437 1270 444 1276 .
455 1251 467 1280 ]
481 1251 538 1278 PR.
549 1249 579 1276 in
588 1249 725 1277 codicibus
736 1247 891 1275 Floriacen-

103 1288 132 1316 se
142 1310 151 1321 ‚
162 1291 188 1316 ὃ(
201 1288 343 1318 Corbcnse
352 1290 480 1318 coi-restis
492 1311 500 1323 ,
518 1291 549 1317 in
561 1290 658 1318 eodem
668 1287 823 1328 significatu
833 1288 892 1317 Ab·

101 1331 201 1366 stinere
211 1340 262 1368 pro
271 1329 435 1369 suspendere
445 1331 549 1370 legitur
559 1351 566 1358 .

101 1373 313 1400 ΑΒςτικεκτιΛ
326 1392 332 1399 .
356 1372 457 1410 Magna
474 1370 582 1409 semper
599 1370 634 1399 de
645 1369 739 1399 esca&
752 1378 820 1407 potu
839 1367 892 1396 fuit

105 1412 229 1441 Ecclesiae
240 1422 304 1440 cuin
315 1412 428 1441 diversis
439 1412 522 1441 Scfiis
543 1412 690 1440 contentio
700 1431 707 1438 .
727 1410 812 1439 Multi
824 1411 890 1438 ΗΞἡ

101 1452 184 1480 retici
193 1474 204 1486 ,
214 1463 244 1481 ut
255 1454 404 1482 Manichaei
418 1475 426 1486 ,
439 1454 657 1488 Priscillianiste
669 1474 676 1484 ,
687 1455 714 1480 δε
726 1451 774 1479 alii
785 1473 792 1484 ,
805 1450 892 1489 magis

100 1492 256 1536 spirituales
264 1498 292 1523 δι
303 1495 428 1533 puriores
446 1492 474 1521 se
484 1493 536 1522 ess'c
547 1493 731 1531 opinabantur
742 1514 749 1525 ,
768 1502 801 1520 eo
811 1491 885 1530 quod

103 1543 200 1576 :tv-ino
211 1538 238 1563 ὃ(
248 1545 329 1563 carne
339 1557 348 1569 ,
368 1545 508 1574 tamquam
518 1535 596 1563 rebus
607 1533 755 1562 immundis
767 1554 775 1565 ‚
797 1536 824 1560 ὅ(
834 1531 892 1559 illi-

100 1582 168 1600 cms
178 1594 187 1606 ‚
203 1575 373 1618 'abstinerent
385 1588 392 1608 5
415 1580 442 1605 ἃ,
453 1587 488 1604 ex
499 1575 552 1604 hoc
561 1576 652 1613 capite
663 1574 811 1603 Ecclesiam
820 1582 888 1600 tam-

101 1623 186 1658 quam
201 1623 336 1653 impuram
353 1621 381 1645 &
392 1617 530 1645 carnalem
549 1616 746 1654 increpabant,
765 1613 830 1652 quia
839 1613 891 1641 ho-

103 1655 224 1685 minibus
233 1657 334 1690 justum
344 1660 371 1685 ὃς
382 1658 553 1686 moderatum
564 1666 660 1685 eorum
671 1655 747 1684 usum
757 1655 890 1682 concede-

102 1696 148 1723 bat
159 1716 165 1722 .
187 1698 214 1724 Si
226 1697 286 1735 quis
295 1697 382 1735 igitur
391 1698 521 1726 Clericus
542 1698 587 1726 vcl
595 1696 701 1733 judicio
719 1695 769 1724 suo
780 1695 892 1723 haereti-

102 1746 198 1764 corum
217 1748 322 1765 errores
332 1737 382 1766 hac
393 1739 424 1766 in
435 1748 464 1766 re
476 1739 637 1776 ‘ppt-obstet
648 1759 656 1770 ,
675 1737 720 1765 vel
733 1736 810 1775 praxi
828 1735 872 1764 sua
883 1758 891 1769 ‚

101 1777 168 1805 dum
177 1777 362 1806 universalem
372 1780 570 1815 abstinentiam
582 1776 892 1815 exerceret,suspicione

100 1818 175 1855 apud
187 1819 334 1847 Eccleliam
343 1820 478 1848 laboraret
488 1842 496 1853 ,
507 1819 582 1858 quod
593 1820 623 1848 ab
634 1829 730 1848 eorum
739 1818 822 1847 staret
830 1824 891 1856 pai·-

103 1859 175 1887 tibus
185 1870 193 1889 ς
204 1858 371 1898 graviffimis
380 1860 500 1888 censui-is
510 1859 566 1889 sese
576 1861 708 1889 reddebat
717 1859 869 1888 obnoxium
881 1879 888 1886 .

103 1900 236 1928 canones
247 1901 404 1939 Apostolici
415 1901 486 1930 hanc
498 1912 528 1930 in
538 1912 596 1930 rem
607 1903 646 1930 ita
657 1902 777 1930 statuunt
788 1922 796 1933 ,
818 1899 897 1929 Can.¹

106 1949 119 1975 5
129 1950 138 1967 i
145 1941 212 1975 .al.4
214 1951 227 1978 3
234 1961 241 1968 .
248 1945 277 1970 si
291 1945 354 1980 quis
364 1943 518 1980 Episcopus,
529 1952 582 1971 aut
590 1943 742 1983 Presbyter,
752 1950 806 1970 aut
814 1944 888 1969 Dia-

1399 0 1412 15 Ι

955 101 1022 131 lium
1033 106 1217 141 Ancyranum
1231 128 1236 134 ,
1253 108 1284 129 c.>
1292 111 1300 128 i
1309 111 1336 135 4.
1346 98 1474 128 eumdem
1482 107 1604 127 eri-orem
1614 55 1738 134 dariam,

953 143 1124 181 similemque
1134 151 1246 180 poenam
1255 140 1418 170 denuntiat:
1438 141 1500 180 ‚Qui
1524 142 1554 167 in
1566 141 1719 178 Clerosunt
1728 162 1737 174 ,

949 185 1115 223 presbyteros
1126 205 1135 216 ‚
1155 184 1203 212 vel
1224 183 1350 212 diaconos
1372 193 1390 210 a
1402 181 1533 210 carnibus
1552 181 1717 216 abstinenter
1727 202 1736 214 ‚

952 224 1043 254 visum
1051 224 1091 254 est
1102 234 1144 252 eas
1154 228 1293 261 attingere
1302 244 1310 256 ‚
1322 221 1402 259 &fic
1411 244 1419 255 ‚
1430 232 1463 248 ur
1474 221 1568 250 velint
1577 242 1585 254 ‚
1595 222 1630 249 ab
1639 225 1676 249 eis
1690 222 1738 250 ab·

944 268 1048 303 stenere
1058 286 1065 293 .
1087 269 1113 295 si
1123 273 1220 294 autem
1239 265 1331 292 nolint
1339 264 1413 291 olera
1424 283 1432 295 ‚
1453 273 1507 300 qua
1530 272 1593 290 cum
1603 262 1731 290 carnibus

951 314 1126 345 apponuntur
1137 327 1144 339 ,
1163 306 1298 334 comedere
1312 326 1320 338 ‚
1340 303 1374 337 &a
1385 306 1482 332 canoni
1492 313 1546 330 non
1559 302 1659 330 cedant
1670 322 1678 335 ,
1701 302 1737 330 ab

952 349 1046 377 ordine
1066 347 1162 384 ceffare
1173 367 1180 374 .
1202 350 1236 374 Et
1258 345 1287 373 in
1299 343 1434 374 Concilio
1452 342 1544 381 primo
1554 341 1718 379 Bracarensi
1726 363 1735 375 ,

951 398 974 416 c.
986 400 999 427 3
1008 399 1033 417 2.
1044 387 1168 426 regulam
1178 386 1336 415 invenimus
1355 383 1513 420 hujusmodi
1524 395 1530 410 ι
1550 383 1665 412 Placuit
1675 404 1683 415 ,
1702 390 1736 411 ut

951 434 1119 468 quicumque
1130 431 1159 456 in
1171 428 1249 456 Clera
1259 427 1315 455 cibo
1327 436 1456 454 carnium
1468 436 1519 453 non
1530 432 1652 453 utuntur
1662 445 1672 456 ‚
1687 431 1736 461 pro

949 470 1284 508 amputandasuspicione
1295 466 1474 504 Priscilliana
1485 465 1596 502 heresis,
1606 464 1654 493 vel
1663 464 1737 492 olem

950 513 1022 539 coffa
1039 521 1102 540 cum
1122 509 1252 538 carnibus
1268 508 1427 546 pragustare
1447 515 1578 544 cogantur
1588 525 1596 533 .
1614 505 1699 546 Quod
1709 503 1739 541 fi

949 552 1158 589 contempserint
1168 571 1176 582 ,
1184 549 1340 587 secundum
1349 549 1421 587 quod
1429 548 1461 575 de
1469 548 1513 575 his
1523 547 1630 575 talibus
1640 547 1734 574 Sanc'h'

949 598 1047 621 Patres
1057 591 1388 630 antiquitusstatuerunt
1398 611 1407 622 ‚
1425 589 1524 625 necesse
1534 589 1570 625 est
1581 609 1590 621 ‚
1611 597 1651 615 eos
1666 608 1673 620 ‚
1688 593 1735 623 pro

944 634 1098 670 suspicione
1127 632 1161 660 ha
1167 630 1227 668 rests
1257 631 1339 666 hujus
1349 650 1356 661 ‚
1384 629 1465 667 officio
1483 630 1734 657 excommunicatos

949 674 1074 701 omnibus
1086 673 1171 701 modis
1183 673 1318 699 removeri
1327 690 1334 696 .
1348 670 1364 703 ΙΙ
1375 670 1592 706 Abstinentia&
1603 667 1713 705 jejuniis
1724 687 1732 699 ,

949 723 1088 752 tamquam
1099 711 1303 741 accommodata
1321 709 1356 739 :id
1364 708 1533 748 baptismum
1543 708 1734 747 recipiendum

949 755 1152 794 praeparatione
1164 775 1172 786 ‚
1193 763 1241 791 per
1253 751 1358 790 viginti
1369 751 1428 779 dics
1438 749 1642 779 catechumeni
1654 759 1734 777 exer-

949 797 1088 825 cebantur.
1099 793 1274 832 Baptizandi
1286 798 1299 827 (
1310 792 1347 820 ita
1359 791 1522 821 Concilium
1531 791 1734 828 Carthaginen-

944 839 975 876 se
986 846 1115 876 quartum
1124 857 1132 868 ‚
1144 846 1167 863 c.
1180 838 1249 870 84.)
1269 834 1457 870 nomensuurn
1469 833 1536 860 dent
1546 852 1554 864 ‚
1580 830 1614 864 &a
1623 830 1734 867 diusub

947 879 1119 916 abstinentia
1133 879 1196 904 vini
1208 874 1242 908 όν
1253 877 1381 904 carnium
1394 895 1402 906 ,
1412 885 1447 902 ac
1457 883 1556 901 manus
1569 874 1638 909 impo
1648 874 1734 899 itione

949 920 1044 949 crebra
1052 920 1214 947 examinati
1231 917 1404 953 baptismum
1423 917 1560 952 recipiant
1571 932 1578 939 .
1597 911 1734 940 Similiter

948 961 1123 998 Augustinus
1134 979 1141 990 ,
1155 960 1187 985 de
1196 956 1248 991 fide
1262 955 1296 989 ό·
1308 964 1375 994 0per.
1385 966 1408 982 c.
1422 961 1449 984 6.
1460 952 1654 983 abstinentiam
1665 974 1673 986 ‚
1691 954 1734 989 je-

947 1002 1055 1038 junium
1068 1021 1076 1032 ,
1096 1003 1123 1027 ἃ
1134 997 1301 1026 exorcismos
1313 996 1459 1035 conjungit
1469 1017 1476 1028 ,
1495 993 1638 1033 speciatim
1649 994 1733 1030 absti-

948 1045 1044 1070 nentia
1057 1041 1089 1070 ab
1099 1037 1146 1067 usu
1156 1037 1299 1076 conjugii,
1319 1038 1437 1065 durante
1458 1035 1510 1063 hoc
1521 1033 1733 1074 praeparationis

948 1082 983 1110 ad
999 1080 1164 1120 baptismum
1184 1088 1310 1117 tempore
1321 1098 1329 1111 ‚
1359 1077 1460 1105 faciens
1478 1076 1650 1104 mentionem
1662 1094 1670 1101 .
1687 1075 1734 1102 Ita

948 1129 1080 1154 socrates,
1091 1121 1109 1148 l.
1121 1132 1149 1154 7.
1160 1131 1183 1148 c.
1195 1131 1241 1157 30.
1254 1118 1462 1156 Burgundiones
1472 1117 1503 1145 ab
1513 1115 1653 1155 Episcopo
1663 1124 1733 1154 quo-

948 1163 1012 1191 dam
1028 1161 1175 1190 Gallicano
1193 1158 1357 1198 baptismum
1375 1166 1501 1196 petentes
1513 1179 1521 1190 ‚
1548 1155 1656 1195 sepiem
1673 1155 1735 1184 dies

947 1203 1150 1242 priusjejunare
1160 1199 1240 1238 jussos
1251 1221 1259 1234 ,
1279 1203 1306 1229 ὅ(
1316 1199 1350 1228 fic
1370 1197 1507 1237 baptismo
1524 1197 1642 1226 donatos
1660 1195 1713 1225 ess'e
1723 1217 1733 1230 ‚

948 1243 1088 1273 memorise
1100 1241 1243 1282 prodidit.
1262 1245 1296 1270 Et
1308 1250 1392 1279 quum
1411 1239 1546 1277 impostor
1562 1238 1735 1277 quidamJua

947 1286 1017 1314 daus
1029 1307 1037 1318 ,
1057 1284 1105 1322 qui
1116 1287 1290 1312 Arianorum
1307 1281 1611 1310 &Macedonianorum
1631 1277 1733 1317 baptis-

948 1336 1022 1354 mum
1032 1324 1183 1362 susceperat
1194 1345 1202 1356 ,
1213 1323 1325 1351 tandem
1337 1322 1369 1350 ad
1381 1321 1500 1350 Paulum
1510 1323 1734 1350 Novatianorum

949 1365 1118 1405 Episcopum
1128 1363 1273 1393 accessisset
1284 1385 1292 1396 ‚
1313 1372 1429 1401 eumque
1439 1384 1447 1395 ,
1469 1371 1499 1389 ut
1521 1359 1548 1389 se
1559 1361 1714 1399 baptizaret
1724 1381 1733 1393 ‚

947 1405 1106 1436 obsecrasset
1117 1427 1125 1438 ,
1137 1406 1212 1433 idem
1222 1405 1337 1436 Austor,
1352 1403 1369 1431 l.
1380 1414 1407 1435 7.
1418 1413 1441 1430 c.
1457 1413 1498 1434 ¹7-
1510 1401 1647 1434 observat,
1658 1407 1734 1430 Pau-

948 1449 1007 1477 lum
1020 1449 1045 1476 ei
1062 1447 1089 1476 se
1100 1444 1265 1484 baptismum
1282 1444 1410 1473 daturum
1430 1441 1535 1482 negasle
1546 1464 1555 1476 ‚
1574 1441 1735 1482 priusquam

952 1489 1116 1518 ,udimentis
1126 1486 1191 1515 fidei
1199 1484 1263 1515 ess‘ct
1273 1486 1454 1518 institutus,&
1465 1483 1619 1522 complures
1630 1484 1664 1512 ad
1674 1482 1735 1512 hcec

951 1531 1009 1559 dies
1028 1532 1143 1566 Jejum'is
1163 1525 1279 1566 vacasset
1290 1547 1297 1554 .
1320 1527 1388 1554 Haec
1405 1525 1508 1563 jejunia
1527 1525 1611 1553 etiam
1624 1525 1734 1561 ‚Iustino

947 1573 1072 1606 Martyri
1082 1591 1090 1603 ,
1104 1569 1213 1606 Apolog.
1225 1580 1251 1597 z.
1261 1571 1289 1596 ὅ(
1298 1566 1475 1595 Tertulliano
1486 1587 1493 1598 ,
1505 1566 1537 1593 de
1548 1566 1646 1602 bapttjl
1657 1575 1733 1593 c-zo.

947 1612 982 1641 de
992 1608 1140 1640 hominum
1150 1608 1354 1647 praeparatione
1372 1606 1405 1635 ad
1415 1605 1579 1645 baptismum
1591 1605 1735 1644 loquenti—

950 1653 996 1681 bus
1007 1674 1014 1685 ,
1035 1660 1222 1680 memorantur
1233 1670 1240 1677 .
1261 1649 1316 1685 Qui
1329 1649 1408 1688 plui-a
1419 1646 1470 1675 hac
1480 1647 1513 1675 de
1524 1657 1553 1674 re
1562 1646 1638 1685 cupit
1649 1667 1658 1679 ,
1680 1650 1733 1685 Cy-

949 1694 1007 1721 rilli
1018 1690 1310 1722 Catecheses,Catech.
1328 1700 1348 1716 i.
1362 1699 1389 1716 n.
1403 1691 1464 1723 5.&
1474 1691 1594 1724 Gregorii
1603 1690 1733 1716 Nazian-

949 1737 1014 1763 aeem'
1034 1732 1206 1762 Orationem
1226 1731 1259 1758 de
1270 1728 1411 1767 Baptismo
1422 1749 1430 1761 ,
1451 1733 1530 1756 Orat.
1541 1739 1588 1763 40.
1607 1728 1639 1755 de
1658 1728 1733 1766 bapt.

949 1773 1074 1802 consulat
1084 1795 1092 1806 ‚
1103 1772 1149 1811 qui
1162 1771 1367 1810 precationibus
1377 1772 1529 1805 &jejuniis
1539 1768 1713 1796 chameunias
1722 1789 1734 1801 ‚

948 1816 1069 1854 gemitus
1086 1817 1113 1842 δε
1124 1814 1256 1847 lacrymas
1277 1811 1383 1840 addunt
1393 1832 1401 1843 ‚
1423 1819 1562 1847 tamquam
1574 1818 1637 1837 vera
1647 1808 1734 1836 animi

947 1855 1112 1894 poenitentis
1125 1854 1198 1893 ligna
1209 1875 1217 1886 ‚
1237 1861 1385 1890 antequam
1395 1850 1455 1888 quis
1464 1851 1497 1878 ad
1509 1850 1630 1889 sigillum
1639 1848 1734 1877 remis-

945 1897 1028 1926 sionis
1045 1904 1219 1934 peccatorum
1230 1915 1237 1926 ‚
1261 1904 1275 1921 a
1295 1894 1360 1922 Deo
1380 1901 1429 1930 per
1439 1891 1564 1919 Eccleiiae
1581 1889 1634 1918 suae
1646 1890 1733 1918 Mini-

948 1938 1035 1966 strum
1057 1938 1087 1965 in
1109 1933 1251 1974 Baptismo
1274 1931 1464 1971 recipiendum
1473 1953 1482 1965 ,
1504 1931 1615 1959 accedat
1624 1951 1631 1958 .

103 1990 250 2014 conanum
259 1987 367 2012 omnino
379 1994 413 2011 ex
423 1993 535 2012 numero
546 1984 748 2016 clericorum‚a
759 1993 840 2011 carne
851 1981 886 2014 (ῥ’
902 1982 1086 2009 ΑΒςτυιτυς
1097 1999 1105 2010 ‚
1128 1976 1270 2014 usurpatus
1280 1997 1288 2008 ‚
1307 1984 1336 2001 ac
1349 1972 1472 2000 indebite
1482 1971 1585 2000 ablatus
1596 1994 1604 2004 ,
1626 1970 1673 1999 seu
1685 1971 1734 2000 de-

105 2024 181 2054 vino,
193 2030 357 2060 nonpropter
367 2027 607 2057 emanationem,
619 2031 831 2061 verumpropter
841 2024 886 2051 dc-

101 2063 277 2091 testationem
288 2064 464 2100 abstinuerit,
475 2065 587 2097 oblitus,
600 2065 670 2103 quod
678 2063 834 2101 omniafint
843 2064 885 2092 bo-

101 2113 140 2130 na
141 2114 152 2135 ,-
167 2102 214 2130 vel
223 2105 341 2140 corrigat
343 2105 375 2142 se
386 2125 394 2137 ‚
404 2105 452 2132 vel
463 2106 711 2143 deponatur‚atque
721 2116 755 2132 ex
765 2104 886 2141 Ecclesia

941 2029 1033 2048 tentus
1046 2040 1052 2046 .
1073 2021 1138 2047 Vox
1158 2016 1271 2056 quidem
1291 2014 1416 2042 barbara:
1440 2018 1452 2047 [
1476 2016 1601 2051 Excepm
1622 2012 1734 2042 Ducatu

941 2059 1098 2089 Dentelcni
1109 2081 1117 2092 ‚
1129 2058 1177 2096 qui
1188 2057 1219 2085 ab
1232 2054 1377 2085 Austrafiis
1386 2053 1522 2092 iniquiter
1533 2054 1665 2082 abstultus
1675 2053 1735 2087 fue-v

941 2110 984 2129 rat
995 2121 1002 2128 .
1023 2102 1060 2128 In
1081 2100 1141 2127 vim
1152 2099 1176 2127 S.
1188 2096 1324 2135 Sigebcrti
1335 2096 1430 2139 Frfinc.
1441 2096 1514 2133 Reg.
1528 2096 1540 2125 ]

101 2146 236 2176 ejiciatur
247 2162 254 2169 .
267 2144 368 2171 Itidem
378 2144 526 2178 &lanan
540 2146 618 2173 Alius
629 2147 732 2174 Canon
743 2145 821 2173 simul
832 2144 884 2173 hu-
899 2144 1108 2171 ABUNDANTM
1122 2160 1129 2167 .
1152 2141 1208 2167 PR.
1222 2147 1272 2175 pro
1283 2136 1385 2164 exccssu
1397 2158 1406 2169 ‚
1426 2145 1488 2163 nam
1498 2135 1544 2163 ubi
1555 2144 1605 2162 iios
1615 2132 1734 2173 legimus

103 2194 144 2218 jus
154 2182 273 2211 censurae
291 2184 428 2212 rationem
446 2185 538 2213 reddit
549 2206 557 2218 ‚
577 2191 646 2215 Can.
661 2196 705 2221 53.
727 2186 765 2213 al.
779 2195 827 2220 45.
843 2186 883 2214 ita

101 2224 268 2253 decernens:
289 2229 314 2252 Sl
330 2228 391 2262 quis
401 2227 542 2263 Episcopus
555 2247 564 2259 ‚
582 2236 635 2255 aut
652 2220 810 2262 Pieshyter,
831 2235 885 2254 aut

101 2268 246 2293 Diaconus
264 2267 295 2292 in
316 2265 411 2294 diebus
430 2266 509 2304 festis
526 2277 580 2295 non
595 2268 688 2305 sumit
707 2261 816 2295 carnem
830 2274 892 2295 aut*

101 2308 204 2333 vinum
214 2305 378 2335 abominans
388 2327 396 2339 ,
419 2307 454 2339 ό·
464 2317 516 2335 non
520 2315 628 2345 propter
638 2310 866 2336 exercitationem
875 2328 883 2340 ‚
899 2307 1041 2337 Anni-on,
1052 2313 1068 2341 Ρ

99 2346 254 2383 deponatur
265 2358 276 2379 ,-
298 2355 331 2375 ut
345 2350 393 2385 qui
405 2350 596 2376 cauteriatam
612 2349 715 2376 habeat
729 2349 816 2385 suam
825 2359 893 2376 con-·

92 2387 250 2428 scientiam
259 2407 269 2421 ‚
288 2388 443 2428 multisque
454 2387 496 2426 stt
506 2389 592 2427 causa
606 2389 759 2427 scandali.
778 2389 886 2420 Conci-

938 2182 971 2210 in
979 2180 1078 2210 Psalm.
1101 2186 1114 2215 [
1127 2183 1188 2218 Ego
1198 2177 1258 2206 dixi
1271 2177 1301 2204 in
1311 2176 1416 2205 excelsu
1434 2185 1496 2204 meo
1506 2197 1514 2208 ,
1535 2174 1628 2203 omnis
1645 2179 1733 2203 homo

939 2222 1058 2251 mendax
1070 2243 1079 2254 ,
1092 2223 1104 2253 ]
1116 2220 1185 2258 legit
1197 2220 1234 2248 D.
1246 2216 1375 2247 Ambros.
1390 2223 1402 2252 [
1416 2220 1476 2255 Ego
1486 2215 1546 2244 dixi
1558 2216 1589 2244 in
1597 2215 1735 2244 abundan-

940 2264 979 2292 tia
989 2273 1065 2295 mea,
1076 2272 1134 2290 can.
1148 2259 1262 2288 Imitare
1273 2280 1282 2292 ,
1294 2265 1322 2288 6.
1333 2257 1477 2304 quaestion.
1494 2268 1517 2285 i.
1530 2258 1543 2288 ]

1071 2313 1102 2330 ro
1111 2312 1168 2329 nori
1177 2298 1219 2328 uti
1231 2321 1239 2333 ,
1249 2303 1278 2328 δε
1289 2298 1417 2328 abstineri
1429 2319 1436 2326 .
1450 2301 1462 2329 ]
1478 2297 1522 2326 Est
1533 2305 1624 2325 autem
1633 2299 1660 2325 ὅ(
1670 2293 1731 2323 sari-

941 2346 982 2373 ἂα
991 2342 1129 2382 superbia,
1139 2345 1167 2371 ὃ(
1176 2340 1319 2369 humilitas
1329 2339 1424 2378 iniqua
1435 2350 1442 2369 3
1454 2348 1517 2366 mm
1528 2341 1556 2366 ὃ(
1564 2335 1731 2373 justificatur

941 2383 1138 2426 superbia,quae
1148 2381 1213 2411 huic
1224 2381 1330 2412 mundo
1338 2379 1503 2420 superbit,&
1510 2375 1667 2445 contemnlif
1676 2375 1732 2405 hoc

1655 2426 1692 2446 κ-
