<?xml version="1.0" encoding="UTF-8"?>
<!DOCTYPE html PUBLIC "-//W3C//DTD XHTML 1.0 Transitional//EN"
    "http://www.w3.org/TR/xhtml1/DTD/xhtml1-transitional.dtd">
<html xmlns="http://www.w3.org/1999/xhtml" xml:lang="en" lang="en">
 <head>
  <title>
</title>
<meta http-equiv="Content-Type" content="text/html;charset=utf-8" />
  <meta name='ocr-system' content='tesseract 3.04.00' />
  <meta name='ocr-capabilities' content='ocr_page ocr_carea ocr_par ocr_line ocrx_word'/>
</head>
<body>
  <div class='ocr_page' id='page_1' title='image "./dominicimacrimel00magr/dominicimacrimel00magr_0143.png"; bbox 0 0 1866 2526; ppageno 0'>
   <div class='ocr_carea' id='block_1_1' title="bbox 487 64 578 108">
    <p class='ocr_par' dir='ltr' id='par_1_1' title="bbox 487 64 578 108">
     <span class='ocr_line' id='line_1_1' title="bbox 487 64 578 108; baseline 0.011 -1"><span class='ocrx_word' id='word_1_1' title='bbox 487 64 578 108; x_wconf 79' lang='lat'>131</span> 
     </span>
    </p>
   </div>
   <div class='ocr_carea' id='block_1_2' title="bbox 1274 63 1708 118">
    <p class='ocr_par' dir='ltr' id='par_1_2' title="bbox 1274 63 1708 118">
     <span class='ocr_line' id='line_1_2' title="bbox 1274 63 1708 118; baseline 0.009 -13"><span class='ocrx_word' id='word_1_2' title='bbox 1274 63 1310 105; x_wconf 90' lang='grc' dir='ltr'><strong>Β</strong></span> <span class='ocrx_word' id='word_1_3' title='bbox 1339 63 1378 105; x_wconf 86' lang='lat' dir='ltr'>L</span> <span class='ocrx_word' id='word_1_4' title='bbox 1637 80 1708 118; x_wconf 77' lang='lat'>115</span> 
     </span>
    </p>
   </div>
   <div class='ocr_carea' id='block_1_3' title="bbox 137 119 1766 161">
    <p class='ocr_par' dir='ltr' id='par_1_3' title="bbox 137 119 1766 161">
     <span class='ocr_line' id='line_1_3' title="bbox 137 119 1766 161; baseline -0.001 -7"><span class='ocrx_word' id='word_1_5' title='bbox 137 125 240 155; x_wconf 76' lang='lat' dir='ltr'>adeam</span> <span class='ocrx_word' id='word_1_6' title='bbox 249 122 428 154; x_wconf 75' lang='lat' dir='ltr'>deferendam</span> <span class='ocrx_word' id='word_1_7' title='bbox 438 122 582 155; x_wconf 46' lang='lat' dir='ltr'>mitterem·</span> <span class='ocrx_word' id='word_1_8' title='bbox 603 131 675 152; x_wconf 71' lang='lat' dir='ltr'>acea</span> <span class='ocrx_word' id='word_1_9' title='bbox 692 121 783 152; x_wconf 74' lang='lat' dir='ltr'>delata</span> <span class='ocrx_word' id='word_1_10' title='bbox 794 121 847 152; x_wconf 78' lang='lat' dir='ltr'>suis</span> <span class='ocrx_word' id='word_1_11' title='bbox 869 130 925 150; x_wconf 80' lang='lat' dir='ltr'>ma·</span> <span class='ocrx_word' id='word_1_12' title='bbox 939 121 1105 152; x_wconf 63' lang='lat' dir='ltr'>Bisssxnvs</span> <span class='ocrx_word' id='word_1_13' title='bbox 1117 141 1126 155; x_wconf 89' lang='lat'><em>,</em></span> <span class='ocrx_word' id='word_1_14' title='bbox 1148 123 1247 151; x_wconf 77' lang='lat' dir='ltr'>Annus</span> <span class='ocrx_word' id='word_1_15' title='bbox 1256 119 1418 154; x_wconf 64' lang='lat' dir='ltr'>biffarius,</span> <span class='ocrx_word' id='word_1_16' title='bbox 1441 119 1471 150; x_wconf 90' lang='lat' dir='ltr'>in</span> <span class='ocrx_word' id='word_1_17' title='bbox 1480 132 1535 161; x_wconf 84' lang='lat' dir='ltr'>quo</span> <span class='ocrx_word' id='word_1_18' title='bbox 1544 123 1639 152; x_wconf 80' lang='lat' dir='ltr'>unicus</span> <span class='ocrx_word' id='word_1_19' title='bbox 1655 124 1714 153; x_wconf 82' lang='lat' dir='ltr'>dies</span> <span class='ocrx_word' id='word_1_20' title='bbox 1736 123 1766 152; x_wconf 87' lang='lat' dir='ltr'>in</span> 
     </span>
    </p>
   </div>
   <div class='ocr_carea' id='block_1_4' title="bbox 133 163 924 852">
    <p class='ocr_par' dir='ltr' id='par_1_4' title="bbox 133 163 924 852">
     <span class='ocr_line' id='line_1_4' title="bbox 136 163 924 204; baseline -0.004 -10"><span class='ocrx_word' id='word_1_21' title='bbox 136 166 213 194; x_wconf 80' lang='lat' dir='ltr'>nibus</span> <span class='ocrx_word' id='word_1_22' title='bbox 223 165 362 194; x_wconf 81' lang='lat' dir='ltr'>urbaniter</span> <span class='ocrx_word' id='word_1_23' title='bbox 372 164 540 204; x_wconf 84' lang='lat' dir='ltr'>Episcopum</span> <span class='ocrx_word' id='word_1_24' title='bbox 559 163 651 192; x_wconf 85' lang='lat' dir='ltr'>induit</span> <span class='ocrx_word' id='word_1_25' title='bbox 663 185 670 196; x_wconf 93' lang='lat'><em>,</em></span> <span class='ocrx_word' id='word_1_26' title='bbox 693 174 754 193; x_wconf 86' lang='lat' dir='ltr'>cum</span> <span class='ocrx_word' id='word_1_27' title='bbox 764 174 816 203; x_wconf 77' lang='lat' dir='ltr'>qua</span> <span class='ocrx_word' id='word_1_28' title='bbox 832 163 924 202; x_wconf 75' lang='lat' dir='ltr'>postea</span> 
     </span>
     <span class='ocr_line' id='line_1_5' title="bbox 133 203 923 245; baseline -0.003 -11"><span class='ocrx_word' id='word_1_29' title='bbox 133 203 242 245; x_wconf 78' lang='lat' dir='ltr'>semper</span> <span class='ocrx_word' id='word_1_30' title='bbox 253 205 284 234; x_wconf 90' lang='lat' dir='ltr'>in</span> <span class='ocrx_word' id='word_1_31' title='bbox 294 204 512 235; x_wconf 82' lang='lat' dir='ltr'>Eminentiffimi</span> <span class='ocrx_word' id='word_1_32' title='bbox 528 203 675 243; x_wconf 77' lang='lat' dir='ltr'>praescntia</span> <span class='ocrx_word' id='word_1_33' title='bbox 689 205 876 235; x_wconf 69' lang='lat' dir='ltr'>continuavirs</span> <span class='ocrx_word' id='word_1_34' title='bbox 890 212 923 232; x_wconf 82' lang='lat' dir='ltr'>eit</span> 
     </span>
     <span class='ocr_line' id='line_1_6' title="bbox 135 243 922 285; baseline -0.003 -10"><span class='ocrx_word' id='word_1_35' title='bbox 135 256 191 285; x_wconf 89' lang='lat' dir='ltr'>quo</span> <span class='ocrx_word' id='word_1_36' title='bbox 202 245 286 275; x_wconf 79' lang='lat' dir='ltr'>etiam</span> <span class='ocrx_word' id='word_1_37' title='bbox 295 246 440 285; x_wconf 82' lang='lat' dir='ltr'>colligitur</span> <span class='ocrx_word' id='word_1_38' title='bbox 450 245 570 275; x_wconf 84' lang='lat' dir='ltr'>secundo</span> <span class='ocrx_word' id='word_1_39' title='bbox 578 243 663 284; x_wconf 76' lang='lat' dir='ltr'>,quod</span> <span class='ocrx_word' id='word_1_40' title='bbox 674 246 836 274; x_wconf 75' lang='lat' dir='ltr'>continuata</span> <span class='ocrx_word' id='word_1_41' title='bbox 847 254 922 274; x_wconf 88' lang='lat' dir='ltr'>com-</span> 
     </span>
     <span class='ocr_line' id='line_1_7' title="bbox 135 285 924 326; baseline -0.003 -11"><span class='ocrx_word' id='word_1_42' title='bbox 135 287 238 326; x_wconf 87' lang='lat' dir='ltr'>paritio</span> <span class='ocrx_word' id='word_1_43' title='bbox 248 286 392 316; x_wconf 80' lang='lat' dir='ltr'>inferioris</span> <span class='ocrx_word' id='word_1_44' title='bbox 403 286 532 325; x_wconf 81' lang='lat' dir='ltr'><strong>Episcopi</strong></span> <span class='ocrx_word' id='word_1_45' title='bbox 543 295 634 315; x_wconf 79' lang='lat' dir='ltr'>coram</span> <span class='ocrx_word' id='word_1_46' title='bbox 647 285 786 324; x_wconf 76' lang='lat' dir='ltr'>superiore</span> <span class='ocrx_word' id='word_1_47' title='bbox 797 285 855 325; x_wconf 86' lang='lat' dir='ltr'>post</span> <span class='ocrx_word' id='word_1_48' title='bbox 868 287 924 320; x_wconf 80' lang='lat' dir='ltr'>ejus</span> 
     </span>
     <span class='ocr_line' id='line_1_8' title="bbox 137 325 922 366; baseline -0.003 -11"><span class='ocrx_word' id='word_1_49' title='bbox 137 326 346 366; x_wconf 76' lang='lat' dir='ltr'>permistionem</span> <span class='ocrx_word' id='word_1_50' title='bbox 366 327 455 361; x_wconf 81' lang='lat' dir='ltr'>(ficut</span> <span class='ocrx_word' id='word_1_51' title='bbox 469 328 520 356; x_wconf 82' lang='lat' dir='ltr'>fuit</span> <span class='ocrx_word' id='word_1_52' title='bbox 537 326 596 356; x_wconf 78' lang='lat' dir='ltr'>haec</span> <span class='ocrx_word' id='word_1_53' title='bbox 607 337 670 355; x_wconf 85' lang='lat' dir='ltr'>mox</span> <span class='ocrx_word' id='word_1_54' title='bbox 693 327 795 360; x_wconf 83' lang='lat' dir='ltr'>relata,</span> <span class='ocrx_word' id='word_1_55' title='bbox 817 331 844 355; x_wconf 77' lang='grc' dir='ltr'>ὁ(</span> <span class='ocrx_word' id='word_1_56' title='bbox 868 325 922 353; x_wconf 72' lang='lat' dir='ltr'>illx</span> 
     </span>
     <span class='ocr_line' id='line_1_9' title="bbox 134 365 923 406; baseline -0.004 -10"><span class='ocrx_word' id='word_1_57' title='bbox 134 367 194 397; x_wconf 76' lang='lat' dir='ltr'>aliae</span> <span class='ocrx_word' id='word_1_58' title='bbox 207 377 297 396; x_wconf 80' lang='lat' dir='ltr'>coram</span> <span class='ocrx_word' id='word_1_59' title='bbox 309 367 385 406; x_wconf 82' lang='lat' dir='ltr'>Julio</span> <span class='ocrx_word' id='word_1_60' title='bbox 395 369 436 397; x_wconf 86' lang='lat'>11.</span> <span class='ocrx_word' id='word_1_61' title='bbox 447 368 498 397; x_wconf 87' lang='lat' dir='ltr'>Pio</span> <span class='ocrx_word' id='word_1_62' title='bbox 510 369 550 397; x_wconf 89' lang='lat'>11.</span> <span class='ocrx_word' id='word_1_63' title='bbox 561 371 588 396; x_wconf 71' lang='grc' dir='ltr'>ὅ(</span> <span class='ocrx_word' id='word_1_64' title='bbox 601 368 699 396; x_wconf 66' lang='grc'>8311610</span> <span class='ocrx_word' id='word_1_65' title='bbox 719 367 824 396; x_wconf 83' lang='lat' dir='ltr'>Carolo</span> <span class='ocrx_word' id='word_1_66' title='bbox 846 365 923 404; x_wconf 82' lang='lat' dir='ltr'>supra</span> 
     </span>
     <span class='ocr_line' id='line_1_10' title="bbox 137 407 919 446; baseline -0.005 -9"><span class='ocrx_word' id='word_1_67' title='bbox 137 419 171 436; x_wconf 86' lang='lat' dir='ltr'>cx</span> <span class='ocrx_word' id='word_1_68' title='bbox 189 409 275 437; x_wconf 83' lang='lat' dir='ltr'>citato</span> <span class='ocrx_word' id='word_1_69' title='bbox 295 411 388 437; x_wconf 68' lang='lat' dir='ltr'>Rocca</span> <span class='ocrx_word' id='word_1_70' title='bbox 406 409 528 437; x_wconf 64' lang='lat' dir='ltr'>adduflae</span> <span class='ocrx_word' id='word_1_71' title='bbox 541 412 553 440; x_wconf 86' lang='lat'>)</span> <span class='ocrx_word' id='word_1_72' title='bbox 576 419 632 436; x_wconf 89' lang='lat' dir='ltr'>non</span> <span class='ocrx_word' id='word_1_73' title='bbox 644 408 707 436; x_wconf 91' lang='lat' dir='ltr'>idco</span> <span class='ocrx_word' id='word_1_74' title='bbox 717 407 903 446; x_wconf 70' lang='lat' dir='ltr'>praescribitur</span> <span class='ocrx_word' id='word_1_75' title='bbox 913 427 919 437; x_wconf 83' lang='lat'><em>,</em></span> 
     </span>
     <span class='ocr_line' id='line_1_11' title="bbox 133 446 920 488; baseline -0.004 -11"><span class='ocrx_word' id='word_1_76' title='bbox 133 449 208 487; x_wconf 86' lang='lat' dir='ltr'>quod</span> <span class='ocrx_word' id='word_1_77' title='bbox 217 450 289 478; x_wconf 69' lang='lat' dir='ltr'>astus</span> <span class='ocrx_word' id='word_1_78' title='bbox 299 459 464 478; x_wconf 73' lang='lat' dir='ltr'>reverentiae</span> <span class='ocrx_word' id='word_1_79' title='bbox 474 459 566 477; x_wconf 79' lang='lat' dir='ltr'>coram</span> <span class='ocrx_word' id='word_1_80' title='bbox 578 448 702 488; x_wconf 86' lang='lat' dir='ltr'>digniori</span> <span class='ocrx_word' id='word_1_81' title='bbox 724 457 780 476; x_wconf 88' lang='lat' dir='ltr'>non</span> <span class='ocrx_word' id='word_1_82' title='bbox 799 448 830 476; x_wconf 84' lang='lat' dir='ltr'>lit</span> <span class='ocrx_word' id='word_1_83' title='bbox 849 446 920 475; x_wconf 86' lang='lat' dir='ltr'>sem-</span> 
     </span>
     <span class='ocr_line' id='line_1_12' title="bbox 134 487 918 528; baseline -0.004 -10"><span class='ocrx_word' id='word_1_84' title='bbox 134 499 184 528; x_wconf 88' lang='lat' dir='ltr'>per</span> <span class='ocrx_word' id='word_1_85' title='bbox 195 489 366 518; x_wconf 83' lang='lat' dir='ltr'>exhibendus</span> <span class='ocrx_word' id='word_1_86' title='bbox 378 511 384 522; x_wconf 93' lang='lat'><em>,</em></span> <span class='ocrx_word' id='word_1_87' title='bbox 407 490 516 528; x_wconf 83' lang='lat' dir='ltr'>quoties</span> <span class='ocrx_word' id='word_1_88' title='bbox 528 499 615 517; x_wconf 65' lang='lat' dir='ltr'>noxus</span> <span class='ocrx_word' id='word_1_89' title='bbox 635 487 708 516; x_wconf 84' lang='lat' dir='ltr'>casus</span> <span class='ocrx_word' id='word_1_90' title='bbox 718 488 860 516; x_wconf 85' lang='lat' dir='ltr'>evenerit:</span> <span class='ocrx_word' id='word_1_91' title='bbox 885 487 918 515; x_wconf 79' lang='lat' dir='ltr'>fi-</span> 
     </span>
     <span class='ocr_line' id='line_1_13' title="bbox 133 526 921 569; baseline -0.004 -11"><span class='ocrx_word' id='word_1_92' title='bbox 133 539 180 558; x_wconf 91' lang='lat' dir='ltr'>cut</span> <span class='ocrx_word' id='word_1_93' title='bbox 191 539 334 568; x_wconf 77' lang='lat' dir='ltr'>perperam</span> <span class='ocrx_word' id='word_1_94' title='bbox 356 532 480 569; x_wconf 78' lang='lat' dir='ltr'>Angelus</span> <span class='ocrx_word' id='word_1_95' title='bbox 501 533 594 559; x_wconf 79' lang='lat' dir='ltr'>Rotca</span> <span class='ocrx_word' id='word_1_96' title='bbox 603 527 680 568; x_wconf 83' lang='lat' dir='ltr'>supra</span> <span class='ocrx_word' id='word_1_97' title='bbox 697 526 803 556; x_wconf 76' lang='lat' dir='ltr'>ass&#39;eruit</span> <span class='ocrx_word' id='word_1_98' title='bbox 816 549 824 561; x_wconf 97' lang='lat'><em>‚</em></span> <span class='ocrx_word' id='word_1_99' title='bbox 846 527 921 566; x_wconf 84' lang='lat' dir='ltr'>quod</span> 
     </span>
     <span class='ocr_line' id='line_1_14' title="bbox 136 567 920 610; baseline -0.006 -10"><span class='ocrx_word' id='word_1_100' title='bbox 136 569 265 610; x_wconf 82' lang='lat' dir='ltr'>Episcopi</span> <span class='ocrx_word' id='word_1_101' title='bbox 275 581 370 604; x_wconf 75' lang='lat' dir='ltr'>omnes</span> <span class='ocrx_word' id='word_1_102' title='bbox 382 570 483 610; x_wconf 76' lang='lat' dir='ltr'>possint</span> <span class='ocrx_word' id='word_1_103' title='bbox 490 569 598 608; x_wconf 82' lang='lat' dir='ltr'>semper</span> <span class='ocrx_word' id='word_1_104' title='bbox 607 579 684 598; x_wconf 84' lang='lat' dir='ltr'>extra</span> <span class='ocrx_word' id='word_1_105' title='bbox 694 578 789 598; x_wconf 88' lang='lat' dir='ltr'>eorum</span> <span class='ocrx_word' id='word_1_106' title='bbox 808 567 920 605; x_wconf 81' lang='lat' dir='ltr'>jurisdi—</span> 
     </span>
     <span class='ocr_line' id='line_1_15' title="bbox 134 608 918 650; baseline -0.005 -10"><span class='ocrx_word' id='word_1_107' title='bbox 134 612 240 640; x_wconf 69' lang='lat' dir='ltr'>stiones</span> <span class='ocrx_word' id='word_1_108' title='bbox 250 633 257 643; x_wconf 88' lang='lat'><em>,</em></span> <span class='ocrx_word' id='word_1_109' title='bbox 280 616 307 640; x_wconf 62' lang='grc' dir='ltr'>ἃ</span> <span class='ocrx_word' id='word_1_110' title='bbox 319 612 348 639; x_wconf 88' lang='lat' dir='ltr'>in</span> <span class='ocrx_word' id='word_1_111' title='bbox 356 610 527 650; x_wconf 81' lang='lat' dir='ltr'>superiorum</span> <span class='ocrx_word' id='word_1_112' title='bbox 538 609 682 649; x_wconf 62' lang='lat' dir='ltr'>presentia</span> <span class='ocrx_word' id='word_1_113' title='bbox 691 608 799 638; x_wconf 83' lang='lat' dir='ltr'>deferre</span> <span class='ocrx_word' id='word_1_114' title='bbox 812 619 918 637; x_wconf 79' lang='lat' dir='ltr'>mozer-</span> 
     </span>
     <span class='ocr_line' id='line_1_16' title="bbox 135 649 920 690; baseline -0.004 -10"><span class='ocrx_word' id='word_1_115' title='bbox 135 661 190 680; x_wconf 86' lang='lat' dir='ltr'>ram</span> <span class='ocrx_word' id='word_1_116' title='bbox 203 673 210 684; x_wconf 85' lang='lat'>‚</span> <span class='ocrx_word' id='word_1_117' title='bbox 234 663 267 680; x_wconf 82' lang='lat' dir='ltr'>ex</span> <span class='ocrx_word' id='word_1_118' title='bbox 278 662 312 680; x_wconf 86' lang='lat' dir='ltr'>eo</span> <span class='ocrx_word' id='word_1_119' title='bbox 321 653 385 690; x_wconf 83' lang='lat' dir='ltr'>quia</span> <span class='ocrx_word' id='word_1_120' title='bbox 394 651 475 680; x_wconf 86' lang='lat' dir='ltr'>semel</span> <span class='ocrx_word' id='word_1_121' title='bbox 486 673 495 684; x_wconf 90' lang='lat'><em>‚</em></span> <span class='ocrx_word' id='word_1_122' title='bbox 518 651 562 680; x_wconf 85' lang='lat' dir='ltr'>vel</span> <span class='ocrx_word' id='word_1_123' title='bbox 573 651 613 680; x_wconf 83' lang='lat' dir='ltr'>bis</span> <span class='ocrx_word' id='word_1_124' title='bbox 623 661 655 680; x_wconf 89' lang='lat' dir='ltr'>ex</span> <span class='ocrx_word' id='word_1_125' title='bbox 670 649 846 689; x_wconf 83' lang='lat' dir='ltr'>permiffione</span> <span class='ocrx_word' id='word_1_126' title='bbox 870 659 920 687; x_wconf 87' lang='lat' dir='ltr'>pro</span> 
     </span>
     <span class='ocr_line' id='line_1_17' title="bbox 134 689 920 730; baseline -0.004 -10"><span class='ocrx_word' id='word_1_127' title='bbox 134 692 190 720; x_wconf 82' lang='lat' dir='ltr'>illis</span> <span class='ocrx_word' id='word_1_128' title='bbox 201 701 307 720; x_wconf 75' lang='lat' dir='ltr'>tantum</span> <span class='ocrx_word' id='word_1_129' title='bbox 318 693 422 720; x_wconf 82' lang='lat' dir='ltr'>vicibus</span> <span class='ocrx_word' id='word_1_130' title='bbox 431 714 440 726; x_wconf 92' lang='lat'><em>,</em></span> <span class='ocrx_word' id='word_1_131' title='bbox 450 692 582 730; x_wconf 78' lang='lat' dir='ltr'>aliquibus</span> <span class='ocrx_word' id='word_1_132' title='bbox 591 691 797 730; x_wconf 72' lang='lat' dir='ltr'>particularibus</span> <span class='ocrx_word' id='word_1_133' title='bbox 807 689 920 730; x_wconf 86' lang='lat' dir='ltr'>Episco-</span> 
     </span>
     <span class='ocr_line' id='line_1_18' title="bbox 133 731 917 770; baseline -0.001 -10"><span class='ocrx_word' id='word_1_134' title='bbox 133 732 175 770; x_wconf 88' lang='lat' dir='ltr'>pis</span> <span class='ocrx_word' id='word_1_135' title='bbox 185 731 335 760; x_wconf 82' lang='lat' dir='ltr'>concessiim</span> <span class='ocrx_word' id='word_1_136' title='bbox 345 732 431 760; x_wconf 72' lang='lat' dir='ltr'>fiierat</span> <span class='ocrx_word' id='word_1_137' title='bbox 442 744 450 763; x_wconf 55' lang='grc' dir='ltr'><strong><em>ἦ</em></strong></span> <span class='ocrx_word' id='word_1_138' title='bbox 473 733 638 761; x_wconf 70' lang='lat' dir='ltr'>reverenti:</span> <span class='ocrx_word' id='word_1_139' title='bbox 663 733 738 760; x_wconf 85' lang='lat' dir='ltr'>enim</span> <span class='ocrx_word' id='word_1_140' title='bbox 755 734 825 762; x_wconf 58' lang='lat' dir='ltr'>aetus</span> <span class='ocrx_word' id='word_1_141' title='bbox 846 731 917 760; x_wconf 83' lang='lat' dir='ltr'>sem-</span> 
     </span>
     <span class='ocr_line' id='line_1_19' title="bbox 133 771 918 810; baseline 0 -10"><span class='ocrx_word' id='word_1_142' title='bbox 133 781 183 810; x_wconf 84' lang='lat' dir='ltr'>per</span> <span class='ocrx_word' id='word_1_143' title='bbox 191 772 324 810; x_wconf 78' lang='lat' dir='ltr'>superiori</span> <span class='ocrx_word' id='word_1_144' title='bbox 336 771 506 802; x_wconf 82' lang='lat' dir='ltr'>exhibendus</span> <span class='ocrx_word' id='word_1_145' title='bbox 516 774 554 802; x_wconf 83' lang='lat' dir='ltr'>est</span> <span class='ocrx_word' id='word_1_146' title='bbox 563 795 572 807; x_wconf 85' lang='lat'><em>,</em></span> <span class='ocrx_word' id='word_1_147' title='bbox 594 783 689 801; x_wconf 81' lang='lat' dir='ltr'>eomm</span> <span class='ocrx_word' id='word_1_148' title='bbox 700 773 860 802; x_wconf 75' lang='lat' dir='ltr'>urbanitatis</span> <span class='ocrx_word' id='word_1_149' title='bbox 871 783 918 800; x_wconf 86' lang='lat' dir='ltr'>ex-</span> 
     </span>
     <span class='ocr_line' id='line_1_20' title="bbox 133 812 918 852; baseline 0.001 -12"><span class='ocrx_word' id='word_1_150' title='bbox 133 812 202 841; x_wconf 82' lang='lat' dir='ltr'>cessii</span> <span class='ocrx_word' id='word_1_151' title='bbox 222 823 279 840; x_wconf 90' lang='lat' dir='ltr'>non</span> <span class='ocrx_word' id='word_1_152' title='bbox 297 812 421 841; x_wconf 74' lang='lat' dir='ltr'>obstante</span> <span class='ocrx_word' id='word_1_153' title='bbox 433 835 441 847; x_wconf 94' lang='lat'>,</span> <span class='ocrx_word' id='word_1_154' title='bbox 463 818 490 843; x_wconf 73' lang='grc' dir='ltr'>ὃς</span> <span class='ocrx_word' id='word_1_155' title='bbox 509 825 523 842; x_wconf 88' lang='lat' dir='ltr'>a</span> <span class='ocrx_word' id='word_1_156' title='bbox 542 813 698 852; x_wconf 78' lang='lat' dir='ltr'>particulari</span> <span class='ocrx_word' id='word_1_157' title='bbox 720 815 754 843; x_wconf 86' lang='lat' dir='ltr'>ad</span> <span class='ocrx_word' id='word_1_158' title='bbox 761 812 918 842; x_wconf 80' lang='lat' dir='ltr'>universale</span> 
     </span>
    </p>
   </div>
   <div class='ocr_carea' id='block_1_5' title="bbox 973 160 1766 845">
    <p class='ocr_par' dir='ltr' id='par_1_5' title="bbox 973 160 1766 845">
     <span class='ocr_line' id='line_1_21' title="bbox 981 160 1762 202; baseline 0.004 -11"><span class='ocrx_word' id='word_1_159' title='bbox 981 162 1116 192; x_wconf 83' lang='lat' dir='ltr'>Februarii</span> <span class='ocrx_word' id='word_1_160' title='bbox 1126 160 1221 191; x_wconf 86' lang='lat' dir='ltr'>mense</span> <span class='ocrx_word' id='word_1_161' title='bbox 1241 161 1434 194; x_wconf 58' lang='lat' dir='ltr'>intercalatum</span> <span class='ocrx_word' id='word_1_162' title='bbox 1457 161 1521 192; x_wconf 88' lang='lat' dir='ltr'>ideo</span> <span class='ocrx_word' id='word_1_163' title='bbox 1540 163 1575 192; x_wconf 79' lang='lat' dir='ltr'>fic</span> <span class='ocrx_word' id='word_1_164' title='bbox 1594 165 1762 202; x_wconf 73' lang='lat' dir='ltr'>appellarurs</span> 
     </span>
     <span class='ocr_line' id='line_1_22' title="bbox 979 201 1762 238; baseline 0 -6"><span class='ocrx_word' id='word_1_165' title='bbox 979 204 1080 232; x_wconf 83' lang='lat' dir='ltr'>namin</span> <span class='ocrx_word' id='word_1_166' title='bbox 1089 213 1122 232; x_wconf 88' lang='lat' dir='ltr'>eo</span> <span class='ocrx_word' id='word_1_167' title='bbox 1134 201 1227 232; x_wconf 84' lang='lat' dir='ltr'>mense</span> <span class='ocrx_word' id='word_1_168' title='bbox 1238 212 1306 231; x_wconf 88' lang='lat' dir='ltr'>tunc</span> <span class='ocrx_word' id='word_1_169' title='bbox 1315 203 1420 232; x_wconf 88' lang='lat' dir='ltr'>dicitur</span> <span class='ocrx_word' id='word_1_170' title='bbox 1441 207 1489 232; x_wconf 77' lang='lat' dir='ltr'>Bis</span> <span class='ocrx_word' id='word_1_171' title='bbox 1511 210 1592 233; x_wconf 78' lang='lat' dir='ltr'>Sexto</span> <span class='ocrx_word' id='word_1_172' title='bbox 1601 205 1741 233; x_wconf 71' lang='lat' dir='ltr'>Kalendas</span> <span class='ocrx_word' id='word_1_173' title='bbox 1754 225 1762 238; x_wconf 93' lang='lat'><em>,</em></span> 
     </span>
     <span class='ocr_line' id='line_1_23' title="bbox 977 243 1762 284; baseline 0.003 -12"><span class='ocrx_word' id='word_1_174' title='bbox 977 254 1037 283; x_wconf 83' lang='lat' dir='ltr'>quae</span> <span class='ocrx_word' id='word_1_175' title='bbox 1049 243 1156 273; x_wconf 86' lang='lat' dir='ltr'>additio</span> <span class='ocrx_word' id='word_1_176' title='bbox 1166 244 1195 272; x_wconf 88' lang='lat' dir='ltr'>in</span> <span class='ocrx_word' id='word_1_177' title='bbox 1203 244 1328 284; x_wconf 85' lang='lat' dir='ltr'>quolibet</span> <span class='ocrx_word' id='word_1_178' title='bbox 1349 243 1537 282; x_wconf 78' lang='lat' dir='ltr'>quadriennio</span> <span class='ocrx_word' id='word_1_179' title='bbox 1556 243 1690 272; x_wconf 71' lang='lat' dir='ltr'>inclusive</span> <span class='ocrx_word' id='word_1_180' title='bbox 1713 245 1741 273; x_wconf 70' lang='lat' dir='ltr'>fii</span> <span class='ocrx_word' id='word_1_181' title='bbox 1755 256 1762 274; x_wconf 67' lang='lat'>5</span> 
     </span>
     <span class='ocr_line' id='line_1_24' title="bbox 979 283 1764 321; baseline -0.003 -7"><span class='ocrx_word' id='word_1_182' title='bbox 979 285 1180 321; x_wconf 71' lang='lat' dir='ltr'>namJulianus</span> <span class='ocrx_word' id='word_1_183' title='bbox 1191 295 1284 314; x_wconf 82' lang='lat' dir='ltr'>annus</span> <span class='ocrx_word' id='word_1_184' title='bbox 1295 286 1465 314; x_wconf 72' lang='lat' dir='ltr'>CCCLXV.</span> <span class='ocrx_word' id='word_1_185' title='bbox 1479 285 1596 318; x_wconf 88' lang='lat' dir='ltr'>dicrum,</span> <span class='ocrx_word' id='word_1_186' title='bbox 1609 288 1636 314; x_wconf 72' lang='grc' dir='ltr'>ὃ(</span> <span class='ocrx_word' id='word_1_187' title='bbox 1648 286 1700 314; x_wconf 84' lang='lat' dir='ltr'>VI.</span> <span class='ocrx_word' id='word_1_188' title='bbox 1712 283 1764 312; x_wconf 85' lang='lat' dir='ltr'>ho-</span> 
     </span>
     <span class='ocr_line' id='line_1_25' title="bbox 978 323 1763 364; baseline -0.003 -9"><span class='ocrx_word' id='word_1_189' title='bbox 978 324 1165 363; x_wconf 74' lang='lat' dir='ltr'>rarumspario</span> <span class='ocrx_word' id='word_1_190' title='bbox 1174 325 1280 353; x_wconf 81' lang='lat' dir='ltr'>constat</span> <span class='ocrx_word' id='word_1_191' title='bbox 1293 346 1301 358; x_wconf 95' lang='lat'><em>‚</em></span> <span class='ocrx_word' id='word_1_192' title='bbox 1324 335 1383 364; x_wconf 72' lang='lat' dir='ltr'>quae</span> <span class='ocrx_word' id='word_1_193' title='bbox 1407 323 1484 353; x_wconf 59' lang='lat' dir='ltr'>hora?</span> <span class='ocrx_word' id='word_1_194' title='bbox 1504 325 1532 354; x_wconf 87' lang='lat' dir='ltr'>in</span> <span class='ocrx_word' id='word_1_195' title='bbox 1551 325 1675 364; x_wconf 82' lang='lat' dir='ltr'>quolibet</span> <span class='ocrx_word' id='word_1_196' title='bbox 1696 335 1763 364; x_wconf 81' lang='lat' dir='ltr'>qua-</span> 
     </span>
     <span class='ocr_line' id='line_1_26' title="bbox 977 364 1762 405; baseline -0.003 -10"><span class='ocrx_word' id='word_1_197' title='bbox 977 366 1109 395; x_wconf 89' lang='lat' dir='ltr'>driennio</span> <span class='ocrx_word' id='word_1_198' title='bbox 1119 366 1260 405; x_wconf 83' lang='lat' dir='ltr'>integrum</span> <span class='ocrx_word' id='word_1_199' title='bbox 1269 365 1343 395; x_wconf 89' lang='lat' dir='ltr'>diem</span> <span class='ocrx_word' id='word_1_200' title='bbox 1352 375 1523 404; x_wconf 83' lang='lat' dir='ltr'>componunt</span> <span class='ocrx_word' id='word_1_201' title='bbox 1534 376 1542 396; x_wconf 71' lang='grc' dir='ltr'><strong><em>ς</em></strong></span> <span class='ocrx_word' id='word_1_202' title='bbox 1564 364 1612 395; x_wconf 83' lang='lat' dir='ltr'>sed</span> <span class='ocrx_word' id='word_1_203' title='bbox 1631 365 1694 404; x_wconf 78' lang='lat' dir='ltr'>quia</span> <span class='ocrx_word' id='word_1_204' title='bbox 1705 365 1762 394; x_wconf 65' lang='lat' dir='ltr'>iiiae</span> 
     </span>
     <span class='ocr_line' id='line_1_27' title="bbox 977 404 1764 445; baseline -0.001 -10"><span class='ocrx_word' id='word_1_205' title='bbox 977 406 1022 435; x_wconf 86' lang='lat' dir='ltr'>sex</span> <span class='ocrx_word' id='word_1_206' title='bbox 1034 406 1109 435; x_wconf 73' lang='lat' dir='ltr'>horae</span> <span class='ocrx_word' id='word_1_207' title='bbox 1120 406 1237 445; x_wconf 60' lang='lat' dir='ltr'>integr-e</span> <span class='ocrx_word' id='word_1_208' title='bbox 1250 417 1309 435; x_wconf 90' lang='lat' dir='ltr'>non</span> <span class='ocrx_word' id='word_1_209' title='bbox 1318 404 1382 435; x_wconf 87' lang='lat' dir='ltr'>sunt</span> <span class='ocrx_word' id='word_1_210' title='bbox 1392 428 1400 439; x_wconf 90' lang='lat'><em>,</em></span> <span class='ocrx_word' id='word_1_211' title='bbox 1423 406 1557 435; x_wconf 83' lang='lat' dir='ltr'>deficiunt</span> <span class='ocrx_word' id='word_1_212' title='bbox 1570 407 1645 435; x_wconf 89' lang='lat' dir='ltr'>enim</span> <span class='ocrx_word' id='word_1_213' title='bbox 1657 407 1764 434; x_wconf 86' lang='lat' dir='ltr'>minuta</span> 
     </span>
     <span class='ocr_line' id='line_1_28' title="bbox 976 444 1766 486; baseline -0.003 -10"><span class='ocrx_word' id='word_1_214' title='bbox 976 446 1106 476; x_wconf 82' lang='lat' dir='ltr'>undecim</span> <span class='ocrx_word' id='word_1_215' title='bbox 1119 468 1126 480; x_wconf 88' lang='lat'><em>,</em></span> <span class='ocrx_word' id='word_1_216' title='bbox 1149 444 1352 486; x_wconf 87' lang='lat' dir='ltr'>consequenter</span> <span class='ocrx_word' id='word_1_217' title='bbox 1373 446 1462 485; x_wconf 80' lang='lat' dir='ltr'>spatio</span> <span class='ocrx_word' id='word_1_218' title='bbox 1480 448 1609 476; x_wconf 84' lang='lat' dir='ltr'>CXXXI.</span> <span class='ocrx_word' id='word_1_219' title='bbox 1627 457 1766 475; x_wconf 76' lang='lat' dir='ltr'>annorum</span> 
     </span>
     <span class='ocr_line' id='line_1_29' title="bbox 978 485 1765 527; baseline -0.001 -11"><span class='ocrx_word' id='word_1_220' title='bbox 978 487 1081 517; x_wconf 81' lang='lat' dir='ltr'>faciunt</span> <span class='ocrx_word' id='word_1_221' title='bbox 1100 485 1233 516; x_wconf 82' lang='lat' dir='ltr'>summam</span> <span class='ocrx_word' id='word_1_222' title='bbox 1255 487 1358 527; x_wconf 80' lang='lat' dir='ltr'>integri</span> <span class='ocrx_word' id='word_1_223' title='bbox 1377 488 1454 519; x_wconf 68' lang='lat' dir='ltr'>diei4</span> <span class='ocrx_word' id='word_1_224' title='bbox 1477 487 1541 516; x_wconf 85' lang='lat' dir='ltr'>ideo</span> <span class='ocrx_word' id='word_1_225' title='bbox 1559 487 1588 516; x_wconf 91' lang='lat' dir='ltr'>in</span> <span class='ocrx_word' id='word_1_226' title='bbox 1599 487 1765 516; x_wconf 74' lang='lat' dir='ltr'>Kalendar&#39;io</span> 
     </span>
     <span class='ocr_line' id='line_1_30' title="bbox 977 527 1763 568; baseline -0.003 -11"><span class='ocrx_word' id='word_1_227' title='bbox 977 528 1155 567; x_wconf 87' lang='lat' dir='ltr'>Gregoriano</span> <span class='ocrx_word' id='word_1_228' title='bbox 1165 528 1309 557; x_wconf 72' lang='lat' dir='ltr'>ordinatur</span> <span class='ocrx_word' id='word_1_229' title='bbox 1318 550 1326 561; x_wconf 83' lang='lat'><em>,</em></span> <span class='ocrx_word' id='word_1_230' title='bbox 1349 529 1424 568; x_wconf 88' lang='lat' dir='ltr'>quod</span> <span class='ocrx_word' id='word_1_231' title='bbox 1434 529 1464 557; x_wconf 89' lang='lat' dir='ltr'>in</span> <span class='ocrx_word' id='word_1_232' title='bbox 1474 538 1591 566; x_wconf 86' lang='lat' dir='ltr'>quatuor</span> <span class='ocrx_word' id='word_1_233' title='bbox 1599 527 1763 557; x_wconf 81' lang='lat' dir='ltr'>saeculorum</span> 
     </span>
     <span class='ocr_line' id='line_1_31' title="bbox 975 567 1763 608; baseline -0.001 -11"><span class='ocrx_word' id='word_1_234' title='bbox 975 567 1051 597; x_wconf 79' lang='lat' dir='ltr'>cui-su</span> <span class='ocrx_word' id='word_1_235' title='bbox 1063 578 1106 597; x_wconf 89' lang='lat' dir='ltr'>ter</span> <span class='ocrx_word' id='word_1_236' title='bbox 1116 568 1242 599; x_wconf 80' lang='lat' dir='ltr'>biss&#39;extus</span> <span class='ocrx_word' id='word_1_237' title='bbox 1251 569 1422 608; x_wconf 67' lang='lat' dir='ltr'>relinquatur</span> <span class='ocrx_word' id='word_1_238' title='bbox 1431 589 1438 596; x_wconf 92' lang='lat'>.</span> <span class='ocrx_word' id='word_1_239' title='bbox 1461 571 1558 607; x_wconf 83' lang='lat' dir='ltr'>Itaque</span> <span class='ocrx_word' id='word_1_240' title='bbox 1568 578 1631 598; x_wconf 82' lang='lat' dir='ltr'>cum</span> <span class='ocrx_word' id='word_1_241' title='bbox 1647 569 1679 598; x_wconf 87' lang='lat' dir='ltr'>in</span> <span class='ocrx_word' id='word_1_242' title='bbox 1688 579 1763 597; x_wconf 82' lang='lat' dir='ltr'>anno</span> 
     </span>
     <span class='ocr_line' id='line_1_32' title="bbox 974 609 1762 642; baseline -0.003 -4"><span class='ocrx_word' id='word_1_243' title='bbox 974 610 1072 638; x_wconf 77' lang='lat' dir='ltr'>MDC.</span> <span class='ocrx_word' id='word_1_244' title='bbox 1093 610 1246 638; x_wconf 87' lang='lat' dir='ltr'>occurrerit</span> <span class='ocrx_word' id='word_1_245' title='bbox 1265 609 1440 639; x_wconf 79' lang='lat' dir='ltr'>intercalatio</span> <span class='ocrx_word' id='word_1_246' title='bbox 1460 609 1586 642; x_wconf 75' lang='lat' dir='ltr'>bissexti,</span> <span class='ocrx_word' id='word_1_247' title='bbox 1617 609 1684 638; x_wconf 85' lang='lat' dir='ltr'>hinc</span> <span class='ocrx_word' id='word_1_248' title='bbox 1707 610 1762 637; x_wconf 77' lang='lat' dir='ltr'>tria</span> 
     </span>
     <span class='ocr_line' id='line_1_33' title="bbox 973 648 1760 688; baseline 0 -10"><span class='ocrx_word' id='word_1_249' title='bbox 973 648 1116 688; x_wconf 76' lang='lat' dir='ltr'>sequentia</span> <span class='ocrx_word' id='word_1_250' title='bbox 1126 649 1223 679; x_wconf 68' lang='lat' dir='ltr'>saecula</span> <span class='ocrx_word' id='word_1_251' title='bbox 1233 671 1241 682; x_wconf 87' lang='lat'><em>,</em></span> <span class='ocrx_word' id='word_1_252' title='bbox 1265 651 1397 679; x_wconf 76' lang='lat' dir='ltr'>nimirum</span> <span class='ocrx_word' id='word_1_253' title='bbox 1405 651 1533 680; x_wconf 84' lang='lat' dir='ltr'><strong>MDCC.</strong></span> <span class='ocrx_word' id='word_1_254' title='bbox 1552 650 1708 680; x_wconf 80' lang='lat' dir='ltr'>MDCCC.</span> <span class='ocrx_word' id='word_1_255' title='bbox 1732 655 1760 678; x_wconf 63' lang='grc' dir='ltr'>ὅ(</span> 
     </span>
     <span class='ocr_line' id='line_1_34' title="bbox 975 687 1761 724; baseline -0.003 -5"><span class='ocrx_word' id='word_1_256' title='bbox 975 692 1074 720; x_wconf 83' lang='lat' dir='ltr'><strong>MCM.</strong></span> <span class='ocrx_word' id='word_1_257' title='bbox 1086 691 1115 719; x_wconf 86' lang='lat' dir='ltr'>in</span> <span class='ocrx_word' id='word_1_258' title='bbox 1125 691 1163 718; x_wconf 84' lang='lat' dir='ltr'>eis</span> <span class='ocrx_word' id='word_1_259' title='bbox 1172 690 1280 719; x_wconf 74' lang='lat' dir='ltr'>bissexti</span> <span class='ocrx_word' id='word_1_260' title='bbox 1293 701 1350 720; x_wconf 87' lang='lat' dir='ltr'>non</span> <span class='ocrx_word' id='word_1_261' title='bbox 1361 699 1440 720; x_wconf 81' lang='lat' dir='ltr'>erunt</span> <span class='ocrx_word' id='word_1_262' title='bbox 1451 712 1459 724; x_wconf 87' lang='lat'><em>,</em></span> <span class='ocrx_word' id='word_1_263' title='bbox 1481 691 1550 720; x_wconf 83' lang='lat' dir='ltr'>bene</span> <span class='ocrx_word' id='word_1_264' title='bbox 1559 691 1689 719; x_wconf 81' lang='lat' dir='ltr'>tamenin</span> <span class='ocrx_word' id='word_1_265' title='bbox 1710 687 1761 718; x_wconf 54' lang='lat' dir='ltr'>sxa</span> 
     </span>
     <span class='ocr_line' id='line_1_35' title="bbox 973 729 1760 761; baseline -0.004 -1"><span class='ocrx_word' id='word_1_266' title='bbox 973 731 1038 760; x_wconf 86' lang='lat' dir='ltr'>culo</span> <span class='ocrx_word' id='word_1_267' title='bbox 1048 732 1118 759; x_wconf 79' lang='lat' dir='ltr'>MM.</span> <span class='ocrx_word' id='word_1_268' title='bbox 1130 733 1187 760; x_wconf 71' lang='lat' dir='ltr'>PR.</span> <span class='ocrx_word' id='word_1_269' title='bbox 1199 731 1233 760; x_wconf 85' lang='lat' dir='ltr'>de</span> <span class='ocrx_word' id='word_1_270' title='bbox 1244 731 1355 761; x_wconf 83' lang='lat' dir='ltr'>Biss&#39;exti</span> <span class='ocrx_word' id='word_1_271' title='bbox 1368 732 1546 761; x_wconf 82' lang='lat' dir='ltr'>institutione</span> <span class='ocrx_word' id='word_1_272' title='bbox 1556 752 1563 759; x_wconf 89' lang='lat'>.</span> <span class='ocrx_word' id='word_1_273' title='bbox 1586 730 1660 760; x_wconf 89' lang='lat' dir='ltr'>Vide</span> <span class='ocrx_word' id='word_1_274' title='bbox 1671 729 1760 760; x_wconf 73' lang='lat' dir='ltr'>GlossL</span> 
     </span>
     <span class='ocr_line' id='line_1_36' title="bbox 974 771 1759 811; baseline -0.001 -11"><span class='ocrx_word' id='word_1_275' title='bbox 974 771 1004 800; x_wconf 87' lang='lat' dir='ltr'>in</span> <span class='ocrx_word' id='word_1_276' title='bbox 1014 772 1155 801; x_wconf 86' lang='lat' dir='ltr'>Clement.</span> <span class='ocrx_word' id='word_1_277' title='bbox 1179 771 1214 800; x_wconf 88' lang='lat' dir='ltr'>dc</span> <span class='ocrx_word' id='word_1_278' title='bbox 1231 772 1388 811; x_wconf 86' lang='lat' dir='ltr'>Reliquiis,</span> <span class='ocrx_word' id='word_1_279' title='bbox 1408 772 1627 802; x_wconf 80' lang='lat' dir='ltr'>&amp;veneratione</span> <span class='ocrx_word' id='word_1_280' title='bbox 1645 771 1759 801; x_wconf 63' lang='lat' dir='ltr'>Sancto-</span> 
     </span>
     <span class='ocr_line' id='line_1_37' title="bbox 973 812 1326 845; baseline 0 -5"><span class='ocrx_word' id='word_1_281' title='bbox 973 823 1033 841; x_wconf 90' lang='lat' dir='ltr'>rum</span> <span class='ocrx_word' id='word_1_282' title='bbox 1043 834 1050 845; x_wconf 91' lang='lat'>‚</span> <span class='ocrx_word' id='word_1_283' title='bbox 1072 813 1098 844; x_wconf 80' lang='lat'>§.</span> <span class='ocrx_word' id='word_1_284' title='bbox 1109 814 1223 841; x_wconf 78' lang='lat' dir='ltr'>Cei-tam</span> <span class='ocrx_word' id='word_1_285' title='bbox 1232 812 1306 841; x_wconf 85' lang='lat' dir='ltr'>diem</span> <span class='ocrx_word' id='word_1_286' title='bbox 1318 832 1326 840; x_wconf 90' lang='lat'>.</span> 
     </span>
    </p>
   </div>
   <div class='ocr_carea' id='block_1_6' title="bbox 132 853 1762 933">
    <p class='ocr_par' dir='ltr' id='par_1_6' title="bbox 132 853 1762 933">
     <span class='ocr_line' id='line_1_38' title="bbox 134 853 1313 890; baseline 0.001 -10"><span class='ocrx_word' id='word_1_287' title='bbox 134 863 193 881; x_wconf 88' lang='lat' dir='ltr'>non</span> <span class='ocrx_word' id='word_1_288' title='bbox 212 854 287 881; x_wconf 76' lang='lat' dir='ltr'>vaiet</span> <span class='ocrx_word' id='word_1_289' title='bbox 298 853 388 882; x_wconf 81' lang='lat' dir='ltr'>illatio</span> <span class='ocrx_word' id='word_1_290' title='bbox 398 874 405 881; x_wconf 85' lang='lat'>.</span> <span class='ocrx_word' id='word_1_291' title='bbox 431 856 468 889; x_wconf 71' lang='lat' dir='ltr'>-llt</span> <span class='ocrx_word' id='word_1_292' title='bbox 478 855 570 884; x_wconf 88' lang='lat' dir='ltr'>Color</span> <span class='ocrx_word' id='word_1_293' title='bbox 580 855 719 883; x_wconf 80' lang='lat' dir='ltr'>violaceus</span> <span class='ocrx_word' id='word_1_294' title='bbox 738 855 917 884; x_wconf 84' lang='lat' dir='ltr'>vestimento—</span> <span class='ocrx_word' id='word_1_295' title='bbox 933 856 1061 883; x_wconf 67' lang='lat' dir='ltr'>BisULcA</span> <span class='ocrx_word' id='word_1_296' title='bbox 1073 873 1080 880; x_wconf 93' lang='lat'>.</span> <span class='ocrx_word' id='word_1_297' title='bbox 1104 853 1177 882; x_wconf 88' lang='lat' dir='ltr'>Vide</span> <span class='ocrx_word' id='word_1_298' title='bbox 1185 854 1296 890; x_wconf 78' lang='lat' dir='ltr'>Ungula</span> <span class='ocrx_word' id='word_1_299' title='bbox 1307 874 1313 881; x_wconf 93' lang='lat'><strong><em>.</em></strong></span> 
     </span>
     <span class='ocr_line' id='line_1_39' title="bbox 132 891 1762 933; baseline -0.001 -12"><span class='ocrx_word' id='word_1_300' title='bbox 132 902 193 922; x_wconf 85' lang='lat' dir='ltr'>rum</span> <span class='ocrx_word' id='word_1_301' title='bbox 204 893 233 921; x_wconf 84' lang='lat' dir='ltr'>in</span> <span class='ocrx_word' id='word_1_302' title='bbox 242 895 366 923; x_wconf 77' lang='lat' dir='ltr'>Praelatis</span> <span class='ocrx_word' id='word_1_303' title='bbox 375 894 576 933; x_wconf 74' lang='lat' dir='ltr'>antiqiiiffimus</span> <span class='ocrx_word' id='word_1_304' title='bbox 585 896 625 924; x_wconf 85' lang='lat' dir='ltr'>est</span> <span class='ocrx_word' id='word_1_305' title='bbox 635 917 644 929; x_wconf 93' lang='lat'><em>,</em></span> <span class='ocrx_word' id='word_1_306' title='bbox 665 897 724 924; x_wconf 84' lang='lat' dir='ltr'>imo</span> <span class='ocrx_word' id='word_1_307' title='bbox 732 896 831 924; x_wconf 89' lang='lat' dir='ltr'>eodem</span> <span class='ocrx_word' id='word_1_308' title='bbox 841 895 917 924; x_wconf 84' lang='lat' dir='ltr'>colo·</span> <span class='ocrx_word' id='word_1_309' title='bbox 932 896 1094 923; x_wconf 74' lang='grc' dir='ltr'><strong>ΒιτεκνυΜ</strong></span> <span class='ocrx_word' id='word_1_310' title='bbox 1103 914 1110 921; x_wconf 91' lang='grc'>.</span> <span class='ocrx_word' id='word_1_311' title='bbox 1134 895 1191 923; x_wconf 84' lang='lat' dir='ltr'>FR.</span> <span class='ocrx_word' id='word_1_312' title='bbox 1204 894 1360 923; x_wconf 81' lang='lat' dir='ltr'>Viterbium</span> <span class='ocrx_word' id='word_1_313' title='bbox 1371 893 1488 922; x_wconf 76' lang='lat' dir='ltr'>Etmriae</span> <span class='ocrx_word' id='word_1_314' title='bbox 1508 891 1620 923; x_wconf 80' lang='lat' dir='ltr'>Civitas·</span> <span class='ocrx_word' id='word_1_315' title='bbox 1630 912 1639 921; x_wconf 84' lang='lat'><strong>.</strong></span> <span class='ocrx_word' id='word_1_316' title='bbox 1651 895 1665 928; x_wconf 77' lang='lat' dir='ltr'>t</span> <span class='ocrx_word' id='word_1_317' title='bbox 1676 892 1762 931; x_wconf 72' lang='lat' dir='ltr'>Apud</span> 
     </span>
    </p>
   </div>
   <div class='ocr_carea' id='block_1_7' title="bbox 133 935 918 1015">
    <p class='ocr_par' dir='ltr' id='par_1_7' title="bbox 133 935 918 1015">
     <span class='ocr_line' id='line_1_40' title="bbox 133 935 918 969; baseline 0.005 -8"><span class='ocrx_word' id='word_1_318' title='bbox 133 943 162 962; x_wconf 89' lang='lat' dir='ltr'>re</span> <span class='ocrx_word' id='word_1_319' title='bbox 172 935 350 963; x_wconf 80' lang='lat' dir='ltr'>Ecclefiastici</span> <span class='ocrx_word' id='word_1_320' title='bbox 360 945 456 964; x_wconf 88' lang='lat' dir='ltr'>omnes</span> <span class='ocrx_word' id='word_1_321' title='bbox 466 937 612 965; x_wconf 83' lang='lat' dir='ltr'>utebantur</span> <span class='ocrx_word' id='word_1_322' title='bbox 624 957 631 969; x_wconf 83' lang='lat'><em>‚</em></span> <span class='ocrx_word' id='word_1_323' title='bbox 653 937 686 964; x_wconf 87' lang='lat' dir='ltr'>ad</span> <span class='ocrx_word' id='word_1_324' title='bbox 709 937 791 965; x_wconf 81' lang='lat' dir='ltr'>instar</span> <span class='ocrx_word' id='word_1_325' title='bbox 799 936 918 965; x_wconf 86' lang='lat' dir='ltr'>Pontifi-</span> 
     </span>
     <span class='ocr_line' id='line_1_41' title="bbox 133 974 916 1015; baseline 0.005 -14"><span class='ocrx_word' id='word_1_326' title='bbox 133 975 172 1002; x_wconf 88' lang='lat' dir='ltr'>cis</span> <span class='ocrx_word' id='word_1_327' title='bbox 183 974 398 1004; x_wconf 76' lang='lat' dir='ltr'>familiariumin</span> <span class='ocrx_word' id='word_1_328' title='bbox 410 976 539 1015; x_wconf 73' lang='lat' dir='ltr'>praescnti</span> <span class='ocrx_word' id='word_1_329' title='bbox 551 999 558 1010; x_wconf 92' lang='lat'><em>‚</em></span> <span class='ocrx_word' id='word_1_330' title='bbox 582 977 800 1005; x_wconf 78' lang='lat' dir='ltr'>caudatariorum</span> <span class='ocrx_word' id='word_1_331' title='bbox 819 977 916 1006; x_wconf 54' lang='lat' dir='ltr'>Can-di&gt;</span> 
     </span>
    </p>
   </div>
   <div class='ocr_carea' id='block_1_8' title="bbox 972 933 1762 1013">
    <p class='ocr_par' dir='ltr' id='par_1_8' title="bbox 972 933 1762 1013">
     <span class='ocr_line' id='line_1_42' title="bbox 972 933 1762 964; baseline -0.003 -1"><span class='ocrx_word' id='word_1_332' title='bbox 972 935 1128 964; x_wconf 78' lang='lat' dir='ltr'>Civitatem</span> <span class='ocrx_word' id='word_1_333' title='bbox 1140 934 1281 963; x_wconf 84' lang='lat' dir='ltr'>Bitervum</span> <span class='ocrx_word' id='word_1_334' title='bbox 1292 934 1406 963; x_wconf 77' lang='lat' dir='ltr'>advenit</span> <span class='ocrx_word' id='word_1_335' title='bbox 1417 954 1425 962; x_wconf 83' lang='grc'><strong>.</strong></span> <span class='ocrx_word' id='word_1_336' title='bbox 1449 935 1528 963; x_wconf 83' lang='lat' dir='ltr'>Falco</span> <span class='ocrx_word' id='word_1_337' title='bbox 1553 937 1709 964; x_wconf 86' lang='lat' dir='ltr'>Benevent.</span> <span class='ocrx_word' id='word_1_338' title='bbox 1731 933 1762 962; x_wconf 78' lang='lat' dir='ltr'>in</span> 
     </span>
     <span class='ocr_line' id='line_1_43' title="bbox 973 974 1305 1013; baseline -0.006 -8"><span class='ocrx_word' id='word_1_339' title='bbox 973 974 1086 1005; x_wconf 84' lang='lat' dir='ltr'>Chron.</span> <span class='ocrx_word' id='word_1_340' title='bbox 1095 975 1129 1003; x_wconf 79' lang='lat' dir='ltr'>ad</span> <span class='ocrx_word' id='word_1_341' title='bbox 1138 985 1203 1003; x_wconf 82' lang='lat' dir='ltr'>ann.</span> <span class='ocrx_word' id='word_1_342' title='bbox 1221 986 1305 1013; x_wconf 89' lang='lat'>¹137·</span> 
     </span>
    </p>
   </div>
   <div class='ocr_carea' id='block_1_9' title="bbox 132 1013 1761 1056">
    <p class='ocr_par' dir='ltr' id='par_1_9' title="bbox 132 1013 1761 1056">
     <span class='ocr_line' id='line_1_44' title="bbox 132 1013 1761 1056; baseline 0.006 -15"><span class='ocrx_word' id='word_1_343' title='bbox 132 1015 255 1048; x_wconf 79' lang='lat' dir='ltr'>nalium,</span> <span class='ocrx_word' id='word_1_344' title='bbox 277 1020 305 1044; x_wconf 73' lang='grc' dir='ltr'>ὅ(</span> <span class='ocrx_word' id='word_1_345' title='bbox 324 1017 501 1045; x_wconf 50' lang='lat' dir='ltr'>elerii-onim</span> <span class='ocrx_word' id='word_1_346' title='bbox 521 1018 549 1045; x_wconf 91' lang='lat' dir='ltr'>in</span> <span class='ocrx_word' id='word_1_347' title='bbox 569 1017 771 1056; x_wconf 81' lang='lat' dir='ltr'>Episcopalibus</span> <span class='ocrx_word' id='word_1_348' title='bbox 793 1018 915 1046; x_wconf 72' lang='lat' dir='ltr'>Semina·</span> <span class='ocrx_word' id='word_1_349' title='bbox 930 1018 1153 1047; x_wconf 54' lang='lat' dir='ltr'>Bnnmassxm</span> <span class='ocrx_word' id='word_1_350' title='bbox 1175 1016 1396 1055; x_wconf 55' lang='lat' dir='ltr'>latino-gruum</span> <span class='ocrx_word' id='word_1_351' title='bbox 1409 1037 1417 1048; x_wconf 83' lang='lat'><em>‚</em></span> <span class='ocrx_word' id='word_1_352' title='bbox 1440 1025 1502 1044; x_wconf 76' lang='lat' dir='ltr'>mm</span> <span class='ocrx_word' id='word_1_353' title='bbox 1534 1024 1624 1054; x_wconf 60' lang='lat' dir='ltr'><strong>gfaece</strong></span> <span class='ocrx_word' id='word_1_354' title='bbox 1646 1013 1761 1053; x_wconf 61' lang='lat' dir='ltr'>Proprie</span> 
     </span>
    </p>
   </div>
   <div class='ocr_carea' id='block_1_10' title="bbox 133 1054 915 1257">
    <p class='ocr_par' dir='ltr' id='par_1_10' title="bbox 133 1054 915 1257">
     <span class='ocr_line' id='line_1_45' title="bbox 133 1054 914 1094; baseline 0.006 -13"><span class='ocrx_word' id='word_1_355' title='bbox 133 1054 180 1082; x_wconf 83' lang='lat' dir='ltr'>riis</span> <span class='ocrx_word' id='word_1_356' title='bbox 190 1076 197 1087; x_wconf 90' lang='lat'><em>,</em></span> <span class='ocrx_word' id='word_1_357' title='bbox 221 1055 267 1094; x_wconf 81' lang='lat' dir='ltr'>qui</span> <span class='ocrx_word' id='word_1_358' title='bbox 278 1057 356 1084; x_wconf 52' lang='lat' dir='ltr'>color</span> <span class='ocrx_word' id='word_1_359' title='bbox 367 1056 453 1085; x_wconf 78' lang='lat' dir='ltr'>fertur</span> <span class='ocrx_word' id='word_1_360' title='bbox 462 1058 497 1085; x_wconf 89' lang='lat' dir='ltr'>ob</span> <span class='ocrx_word' id='word_1_361' title='bbox 510 1058 722 1086; x_wconf 78' lang='lat' dir='ltr'>reverentialem</span> <span class='ocrx_word' id='word_1_362' title='bbox 733 1058 914 1087; x_wconf 73' lang='lat' dir='ltr'>consimilitu-</span> 
     </span>
     <span class='ocr_line' id='line_1_46' title="bbox 134 1095 915 1137; baseline 0.006 -16"><span class='ocrx_word' id='word_1_363' title='bbox 134 1095 228 1123; x_wconf 83' lang='lat' dir='ltr'>dinem</span> <span class='ocrx_word' id='word_1_364' title='bbox 240 1096 322 1123; x_wconf 82' lang='lat' dir='ltr'>vestis</span> <span class='ocrx_word' id='word_1_365' title='bbox 332 1097 449 1125; x_wconf 77' lang='lat' dir='ltr'>Domini</span> <span class='ocrx_word' id='word_1_366' title='bbox 462 1098 560 1127; x_wconf 88' lang='lat' dir='ltr'>Nostri</span> <span class='ocrx_word' id='word_1_367' title='bbox 572 1097 636 1136; x_wconf 82' lang='lat' dir='ltr'>Jesu</span> <span class='ocrx_word' id='word_1_368' title='bbox 646 1098 753 1128; x_wconf 77' lang='lat' dir='ltr'>Christi</span> <span class='ocrx_word' id='word_1_369' title='bbox 763 1120 771 1132; x_wconf 89' lang='lat'><em>,</em></span> <span class='ocrx_word' id='word_1_370' title='bbox 783 1109 842 1137; x_wconf 60' lang='lat' dir='ltr'>qux</span> <span class='ocrx_word' id='word_1_371' title='bbox 855 1121 862 1131; x_wconf 93' lang='lat'><em>,</em></span> <span class='ocrx_word' id='word_1_372' title='bbox 886 1109 915 1126; x_wconf 89' lang='lat' dir='ltr'>ut</span> 
     </span>
     <span class='ocr_line' id='line_1_47' title="bbox 133 1135 914 1176; baseline 0.006 -14"><span class='ocrx_word' id='word_1_373' title='bbox 133 1136 254 1164; x_wconf 80' lang='lat' dir='ltr'>Nonnus</span> <span class='ocrx_word' id='word_1_374' title='bbox 263 1135 458 1174; x_wconf 80' lang='lat' dir='ltr'>supet-textum</span> <span class='ocrx_word' id='word_1_375' title='bbox 475 1139 511 1166; x_wconf 85' lang='lat' dir='ltr'>D.</span> <span class='ocrx_word' id='word_1_376' title='bbox 531 1138 647 1176; x_wconf 74' lang='lat' dir='ltr'>Joannis</span> <span class='ocrx_word' id='word_1_377' title='bbox 665 1148 722 1176; x_wconf 75' lang='lat' dir='ltr'>cap.</span> <span class='ocrx_word' id='word_1_378' title='bbox 739 1149 782 1175; x_wconf 89' lang='lat'>¹9·</span> <span class='ocrx_word' id='word_1_379' title='bbox 805 1139 888 1167; x_wconf 79' lang='lat' dir='ltr'>refert</span> <span class='ocrx_word' id='word_1_380' title='bbox 907 1161 914 1171; x_wconf 92' lang='lat'><em>,</em></span> 
     </span>
     <span class='ocr_line' id='line_1_48' title="bbox 133 1174 915 1213; baseline 0.004 -9"><span class='ocrx_word' id='word_1_381' title='bbox 133 1174 232 1206; x_wconf 69' lang='lat' dir='ltr'>o&#39;i&#39;vo772</span> <span class='ocrx_word' id='word_1_382' title='bbox 242 1185 299 1204; x_wconf 82' lang='lat' dir='ltr'>erat</span> <span class='ocrx_word' id='word_1_383' title='bbox 308 1198 316 1208; x_wconf 91' lang='grc'><em>,</em></span> <span class='ocrx_word' id='word_1_384' title='bbox 338 1177 426 1210; x_wconf 86' lang='lat' dir='ltr'>idest,</span> <span class='ocrx_word' id='word_1_385' title='bbox 439 1182 551 1206; x_wconf 75' lang='lat' dir='ltr'>vinacei</span> <span class='ocrx_word' id='word_1_386' title='bbox 562 1179 654 1207; x_wconf 80' lang='lat' dir='ltr'>coloris</span> <span class='ocrx_word' id='word_1_387' title='bbox 666 1198 674 1210; x_wconf 84' lang='lat'>‚</span> <span class='ocrx_word' id='word_1_388' title='bbox 697 1180 769 1207; x_wconf 83' lang='lat' dir='ltr'>inter</span> <span class='ocrx_word' id='word_1_389' title='bbox 779 1179 915 1213; x_wconf 78' lang='lat' dir='ltr'>rubidum,</span> 
     </span>
     <span class='ocr_line' id='line_1_49' title="bbox 133 1217 913 1257; baseline 0.005 -14"><span class='ocrx_word' id='word_1_390' title='bbox 133 1218 160 1244; x_wconf 68' lang='lat' dir='ltr'>r&amp;</span> <span class='ocrx_word' id='word_1_391' title='bbox 181 1217 332 1244; x_wconf 69' lang='lat' dir='ltr'>Violaceum</span> <span class='ocrx_word' id='word_1_392' title='bbox 351 1218 486 1245; x_wconf 84' lang='lat' dir='ltr'>trahentis</span> <span class='ocrx_word' id='word_1_393' title='bbox 497 1229 505 1248; x_wconf 67' lang='grc' dir='ltr'><strong><em>ς</em></strong></span> <span class='ocrx_word' id='word_1_394' title='bbox 528 1218 563 1246; x_wconf 80' lang='lat' dir='ltr'>fic</span> <span class='ocrx_word' id='word_1_395' title='bbox 584 1219 691 1247; x_wconf 76' lang='lat' dir='ltr'>Plinius</span> <span class='ocrx_word' id='word_1_396' title='bbox 711 1219 758 1247; x_wconf 90' lang='lat' dir='ltr'>lib.</span> <span class='ocrx_word' id='word_1_397' title='bbox 773 1229 797 1254; x_wconf 82' lang='grc' dir='ltr'>ς.</span> <span class='ocrx_word' id='word_1_398' title='bbox 814 1230 873 1257; x_wconf 80' lang='lat' dir='ltr'>cap.</span> <span class='ocrx_word' id='word_1_399' title='bbox 887 1227 913 1248; x_wconf 84' lang='lat'>6.</span> 
     </span>
    </p>
   </div>
   <div class='ocr_carea' id='block_1_11' title="bbox 970 1054 1763 1099">
    <p class='ocr_par' dir='ltr' id='par_1_11' title="bbox 970 1054 1763 1099">
     <span class='ocr_line' id='line_1_50' title="bbox 970 1054 1763 1099; baseline -0.005 -13"><span class='ocrx_word' id='word_1_400' title='bbox 970 1054 1126 1090; x_wconf 66' lang='grc' dir='ltr'>δὶθεὲλαωος</span> <span class='ocrx_word' id='word_1_401' title='bbox 1136 1055 1240 1084; x_wconf 89' lang='lat' dir='ltr'>dicitur</span> <span class='ocrx_word' id='word_1_402' title='bbox 1250 1077 1258 1088; x_wconf 88' lang='lat'><em>,</em></span> <span class='ocrx_word' id='word_1_403' title='bbox 1281 1060 1308 1085; x_wconf 74' lang='grc' dir='ltr'>δε</span> <span class='ocrx_word' id='word_1_404' title='bbox 1330 1056 1414 1084; x_wconf 82' lang='lat' dir='ltr'>latine</span> <span class='ocrx_word' id='word_1_405' title='bbox 1425 1059 1550 1084; x_wconf 70' lang='lat' dir='ltr'>Rimari:</span> <span class='ocrx_word' id='word_1_406' title='bbox 1562 1076 1569 1084; x_wconf 89' lang='lat'>.</span> <span class='ocrx_word' id='word_1_407' title='bbox 1589 1054 1763 1099; x_wconf 36' lang='lat' dir='ltr'>Meta-plion·-</span> 
     </span>
    </p>
   </div>
   <div class='ocr_carea' id='block_1_12' title="bbox 969 1096 1762 1135">
    <p class='ocr_par' dir='ltr' id='par_1_12' title="bbox 969 1096 1762 1135">
     <span class='ocr_line' id='line_1_51' title="bbox 969 1096 1762 1135; baseline -0.003 -11"><span class='ocrx_word' id='word_1_408' title='bbox 969 1107 1000 1125; x_wconf 88' lang='lat' dir='ltr'>ce</span> <span class='ocrx_word' id='word_1_409' title='bbox 1019 1105 1112 1124; x_wconf 85' lang='lat' dir='ltr'>tamen</span> <span class='ocrx_word' id='word_1_410' title='bbox 1131 1106 1183 1134; x_wconf 89' lang='lat' dir='ltr'>pro</span> <span class='ocrx_word' id='word_1_411' title='bbox 1202 1106 1296 1125; x_wconf 84' lang='lat' dir='ltr'>mente</span> <span class='ocrx_word' id='word_1_412' title='bbox 1316 1096 1381 1125; x_wconf 83' lang='lat' dir='ltr'>hinc</span> <span class='ocrx_word' id='word_1_413' title='bbox 1401 1096 1466 1124; x_wconf 88' lang='lat' dir='ltr'>inde</span> <span class='ocrx_word' id='word_1_414' title='bbox 1485 1096 1589 1135; x_wconf 81' lang='lat' dir='ltr'>agitata</span> <span class='ocrx_word' id='word_1_415' title='bbox 1610 1104 1741 1133; x_wconf 76' lang='lat' dir='ltr'>accipitur</span> <span class='ocrx_word' id='word_1_416' title='bbox 1753 1115 1762 1122; x_wconf 84' lang='lat'><strong>.</strong></span> 
     </span>
    </p>
   </div>
   <div class='ocr_carea' id='block_1_13' title="bbox 975 1134 1762 1215">
    <p class='ocr_par' dir='ltr' id='par_1_13' title="bbox 975 1134 1762 1215">
     <span class='ocr_line' id='line_1_52' title="bbox 978 1134 1762 1175; baseline -0.005 -9"><span class='ocrx_word' id='word_1_417' title='bbox 978 1144 989 1172; x_wconf 91' lang='lat'>[</span> <span class='ocrx_word' id='word_1_418' title='bbox 1001 1136 1070 1166; x_wconf 89' lang='lat' dir='ltr'>Noli</span> <span class='ocrx_word' id='word_1_419' title='bbox 1080 1146 1148 1175; x_wconf 89' lang='lat' dir='ltr'>ergo</span> <span class='ocrx_word' id='word_1_420' title='bbox 1160 1146 1189 1165; x_wconf 88' lang='lat' dir='ltr'>tu</span> <span class='ocrx_word' id='word_1_421' title='bbox 1198 1146 1225 1164; x_wconf 83' lang='lat' dir='ltr'>te</span> <span class='ocrx_word' id='word_1_422' title='bbox 1237 1134 1294 1174; x_wconf 82' lang='lat' dir='ltr'>ipse</span> <span class='ocrx_word' id='word_1_423' title='bbox 1305 1137 1355 1165; x_wconf 90' lang='lat' dir='ltr'>tibi</span> <span class='ocrx_word' id='word_1_424' title='bbox 1366 1135 1536 1165; x_wconf 81' lang='lat' dir='ltr'>bithalassiim</span> <span class='ocrx_word' id='word_1_425' title='bbox 1544 1136 1690 1164; x_wconf 86' lang='lat' dir='ltr'>dubietatis</span> <span class='ocrx_word' id='word_1_426' title='bbox 1701 1157 1708 1168; x_wconf 91' lang='lat'>‚</span> <span class='ocrx_word' id='word_1_427' title='bbox 1733 1145 1762 1162; x_wconf 80' lang='lat' dir='ltr'>:ic</span> 
     </span>
     <span class='ocr_line' id='line_1_53' title="bbox 975 1176 1761 1215; baseline -0.005 -9"><span class='ocrx_word' id='word_1_428' title='bbox 975 1177 1146 1215; x_wconf 79' lang='lat' dir='ltr'>duplicitatis</span> <span class='ocrx_word' id='word_1_429' title='bbox 1155 1176 1185 1205; x_wconf 89' lang='lat' dir='ltr'>in</span> <span class='ocrx_word' id='word_1_430' title='bbox 1194 1177 1277 1206; x_wconf 89' lang='lat' dir='ltr'>corde</span> <span class='ocrx_word' id='word_1_431' title='bbox 1287 1188 1336 1206; x_wconf 84' lang='lat' dir='ltr'>tuo</span> <span class='ocrx_word' id='word_1_432' title='bbox 1346 1176 1458 1206; x_wconf 82' lang='lat' dir='ltr'>miscere</span> <span class='ocrx_word' id='word_1_433' title='bbox 1469 1195 1478 1204; x_wconf 72' lang='grc'><strong>.</strong></span> <span class='ocrx_word' id='word_1_434' title='bbox 1502 1177 1621 1206; x_wconf 78' lang='lat' dir='ltr'>Fulbert.</span> <span class='ocrx_word' id='word_1_435' title='bbox 1641 1177 1761 1206; x_wconf 61' lang='lat' dir='ltr'>Carnos.</span> 
     </span>
    </p>
   </div>
   <div class='ocr_carea' id='block_1_14' title="bbox 969 1217 1426 1256">
    <p class='ocr_par' dir='ltr' id='par_1_14' title="bbox 969 1217 1426 1256">
     <span class='ocr_line' id='line_1_54' title="bbox 969 1217 1426 1256; baseline 0 -11"><span class='ocrx_word' id='word_1_436' title='bbox 969 1217 1047 1256; x_wconf 84' lang='lat' dir='ltr'>epist.</span> <span class='ocrx_word' id='word_1_437' title='bbox 1060 1228 1105 1249; x_wconf 84' lang='lat'>27.</span> <span class='ocrx_word' id='word_1_438' title='bbox 1118 1219 1129 1248; x_wconf 92' lang='lat'>]</span> <span class='ocrx_word' id='word_1_439' title='bbox 1145 1218 1219 1246; x_wconf 87' lang='lat' dir='ltr'>Vide</span> <span class='ocrx_word' id='word_1_440' title='bbox 1230 1218 1407 1255; x_wconf 78' lang='lat' dir='ltr'>Ditbalaffus</span> <span class='ocrx_word' id='word_1_441' title='bbox 1419 1238 1426 1245; x_wconf 92' lang='lat'><em>.</em></span> 
     </span>
    </p>
   </div>
   <div class='ocr_carea' id='block_1_15' title="bbox 130 1255 1435 1340">
    <p class='ocr_par' dir='ltr' id='par_1_15' title="bbox 130 1255 1435 1340">
     <span class='ocr_line' id='line_1_55' title="bbox 133 1255 1435 1298; baseline 0.002 -16"><span class='ocrx_word' id='word_1_442' title='bbox 133 1255 286 1284; x_wconf 84' lang='lat' dir='ltr'>violaceum</span> <span class='ocrx_word' id='word_1_443' title='bbox 296 1258 392 1286; x_wconf 79' lang='lat' dir='ltr'>vinum</span> <span class='ocrx_word' id='word_1_444' title='bbox 403 1258 430 1285; x_wconf 90' lang='lat' dir='ltr'>in</span> <span class='ocrx_word' id='word_1_445' title='bbox 438 1257 529 1297; x_wconf 84' lang='lat' dir='ltr'>specie</span> <span class='ocrx_word' id='word_1_446' title='bbox 540 1259 659 1298; x_wconf 77' lang='lat' dir='ltr'>appellat</span> <span class='ocrx_word' id='word_1_447' title='bbox 669 1280 676 1286; x_wconf 95' lang='lat'>.</span> <span class='ocrx_word' id='word_1_448' title='bbox 699 1261 735 1288; x_wconf 87' lang='lat' dir='ltr'>In</span> <span class='ocrx_word' id='word_1_449' title='bbox 747 1261 916 1289; x_wconf 80' lang='lat' dir='ltr'>Monasterio</span> <span class='ocrx_word' id='word_1_450' title='bbox 929 1261 1124 1287; x_wconf 59' lang='lat' dir='ltr'>Bizismzus</span> <span class='ocrx_word' id='word_1_451' title='bbox 1139 1278 1146 1285; x_wconf 91' lang='lat'><strong>.</strong></span> <span class='ocrx_word' id='word_1_452' title='bbox 1169 1259 1242 1286; x_wconf 83' lang='lat' dir='ltr'>Vide</span> <span class='ocrx_word' id='word_1_453' title='bbox 1259 1259 1416 1294; x_wconf 68' lang='lat' dir='ltr'>Janthinus</span> <span class='ocrx_word' id='word_1_454' title='bbox 1428 1278 1435 1285; x_wconf 92' lang='lat'><em>.</em></span> 
     </span>
     <span class='ocr_line' id='line_1_56' title="bbox 130 1295 1349 1340; baseline 0.002 -17"><span class='ocrx_word' id='word_1_455' title='bbox 130 1295 379 1326; x_wconf 68' lang='lat' dir='ltr'>carthusianorum</span> <span class='ocrx_word' id='word_1_456' title='bbox 396 1298 442 1327; x_wconf 90' lang='lat' dir='ltr'>sub</span> <span class='ocrx_word' id='word_1_457' title='bbox 463 1299 547 1328; x_wconf 82' lang='lat' dir='ltr'>ritulo</span> <span class='ocrx_word' id='word_1_458' title='bbox 568 1301 594 1329; x_wconf 91' lang='lat' dir='ltr'>S.</span> <span class='ocrx_word' id='word_1_459' title='bbox 612 1299 707 1328; x_wconf 78' lang='lat' dir='ltr'>Mat-iae</span> <span class='ocrx_word' id='word_1_460' title='bbox 729 1300 764 1328; x_wconf 89' lang='lat' dir='ltr'>de</span> <span class='ocrx_word' id='word_1_461' title='bbox 795 1301 916 1340; x_wconf 77' lang='lat' dir='ltr'>Arriago</span> <span class='ocrx_word' id='word_1_462' title='bbox 931 1302 1062 1328; x_wconf 72' lang='lat' dir='ltr'>Bizocni</span> <span class='ocrx_word' id='word_1_463' title='bbox 1076 1319 1083 1326; x_wconf 91' lang='lat'><strong><em>.</em></strong></span> <span class='ocrx_word' id='word_1_464' title='bbox 1107 1299 1182 1327; x_wconf 83' lang='lat' dir='ltr'>Vide</span> <span class='ocrx_word' id='word_1_465' title='bbox 1193 1300 1349 1336; x_wconf 78' lang='lat' dir='ltr'>Beguardi.</span> 
     </span>
    </p>
   </div>
   <div class='ocr_carea' id='block_1_16' title="bbox 130 1337 1353 1379">
    <p class='ocr_par' dir='ltr' id='par_1_16' title="bbox 130 1337 1353 1379">
     <span class='ocr_line' id='line_1_57' title="bbox 130 1337 1353 1379; baseline 0.002 -15"><span class='ocrx_word' id='word_1_466' title='bbox 130 1337 265 1366; x_wconf 76' lang='lat' dir='ltr'>Dioecciis</span> <span class='ocrx_word' id='word_1_467' title='bbox 277 1339 434 1367; x_wconf 83' lang='lat' dir='ltr'>vallisoleti</span> <span class='ocrx_word' id='word_1_468' title='bbox 448 1340 642 1369; x_wconf 80' lang='lat' dir='ltr'>venerabiliter</span> <span class='ocrx_word' id='word_1_469' title='bbox 652 1341 785 1379; x_wconf 78' lang='lat' dir='ltr'>particula</span> <span class='ocrx_word' id='word_1_470' title='bbox 796 1340 916 1376; x_wconf 85' lang='lat' dir='ltr'>ejusdem</span> <span class='ocrx_word' id='word_1_471' title='bbox 929 1343 1126 1369; x_wconf 56' lang='grc' dir='ltr'>ΒιΑςΗεκπΑε</span> <span class='ocrx_word' id='word_1_472' title='bbox 1138 1361 1146 1372; x_wconf 84' lang='grc'>,</span> <span class='ocrx_word' id='word_1_473' title='bbox 1170 1339 1328 1378; x_wconf 68' lang='grc' dir='ltr'>βλαχὲρνια</span> <span class='ocrx_word' id='word_1_474' title='bbox 1345 1359 1353 1367; x_wconf 87' lang='grc'><em>.</em></span> 
     </span>
    </p>
   </div>
   <div class='ocr_carea' id='block_1_17' title="bbox 129 1375 918 1500">
    <p class='ocr_par' dir='ltr' id='par_1_17' title="bbox 129 1375 918 1500">
     <span class='ocr_line' id='line_1_58' title="bbox 130 1375 913 1421; baseline 0.006 -17"><span class='ocrx_word' id='word_1_475' title='bbox 130 1375 212 1406; x_wconf 59' lang='lat' dir='ltr'>sacrae</span> <span class='ocrx_word' id='word_1_476' title='bbox 224 1379 305 1406; x_wconf 71' lang='lat' dir='ltr'>vestis</span> <span class='ocrx_word' id='word_1_477' title='bbox 315 1380 496 1408; x_wconf 79' lang='lat' dir='ltr'>conservatur</span> <span class='ocrx_word' id='word_1_478' title='bbox 507 1403 514 1413; x_wconf 92' lang='lat'><em>,</em></span> <span class='ocrx_word' id='word_1_479' title='bbox 540 1382 667 1410; x_wconf 82' lang='lat' dir='ltr'>Henrico</span> <span class='ocrx_word' id='word_1_480' title='bbox 687 1381 817 1411; x_wconf 71' lang='lat' dir='ltr'>Castellae</span> <span class='ocrx_word' id='word_1_481' title='bbox 840 1383 913 1421; x_wconf 83' lang='lat' dir='ltr'>Regi</span> 
     </span>
     <span class='ocr_line' id='line_1_59' title="bbox 129 1418 918 1460; baseline 0.008 -15"><span class='ocrx_word' id='word_1_482' title='bbox 129 1418 161 1445; x_wconf 84' lang='lat' dir='ltr'>ab</span> <span class='ocrx_word' id='word_1_483' title='bbox 173 1420 322 1448; x_wconf 78' lang='lat' dir='ltr'>Emanuele</span> <span class='ocrx_word' id='word_1_484' title='bbox 331 1421 482 1460; x_wconf 79' lang='lat' dir='ltr'>Palcologo</span> <span class='ocrx_word' id='word_1_485' title='bbox 492 1424 655 1450; x_wconf 69' lang='lat' dir='ltr'>Graecorum</span> <span class='ocrx_word' id='word_1_486' title='bbox 676 1424 846 1460; x_wconf 85' lang='lat' dir='ltr'>Imperatore</span> <span class='ocrx_word' id='word_1_487' title='bbox 867 1424 918 1451; x_wconf 92' lang='lat' dir='ltr'>do-</span> 
     </span>
     <span class='ocr_line' id='line_1_60' title="bbox 133 1458 918 1500; baseline 0.008 -14"><span class='ocrx_word' id='word_1_488' title='bbox 133 1468 169 1486; x_wconf 87' lang='lat' dir='ltr'>no</span> <span class='ocrx_word' id='word_1_489' title='bbox 187 1458 259 1488; x_wconf 71' lang='lat' dir='ltr'>missa</span> <span class='ocrx_word' id='word_1_490' title='bbox 275 1471 339 1488; x_wconf 82' lang='lat' dir='ltr'>cum</span> <span class='ocrx_word' id='word_1_491' title='bbox 358 1463 486 1499; x_wconf 69' lang='lat' dir='ltr'>praeclara</span> <span class='ocrx_word' id='word_1_492' title='bbox 496 1472 588 1500; x_wconf 70' lang='lat' dir='ltr'>graeco</span> <span class='ocrx_word' id='word_1_493' title='bbox 607 1463 743 1491; x_wconf 77' lang='lat' dir='ltr'>idiomate</span> <span class='ocrx_word' id='word_1_494' title='bbox 761 1463 918 1492; x_wconf 84' lang='lat' dir='ltr'>authentica</span> 
     </span>
    </p>
   </div>
   <div class='ocr_carea' id='block_1_18' title="bbox 970 1337 1763 1499">
    <p class='ocr_par' dir='ltr' id='par_1_18' title="bbox 970 1337 1763 1499">
     <span class='ocr_line' id='line_1_61' title="bbox 1384 1337 1763 1377; baseline -0.005 -9"><span class='ocrx_word' id='word_1_495' title='bbox 1384 1337 1643 1377; x_wconf 82' lang='lat' dir='ltr'>Constantinopolis</span> <span class='ocrx_word' id='word_1_496' title='bbox 1671 1338 1763 1368; x_wconf 60' lang='lat' dir='ltr'>subur⁴</span> 
     </span>
     <span class='ocr_line' id='line_1_62' title="bbox 970 1378 1762 1418; baseline -0.001 -10"><span class='ocrx_word' id='word_1_497' title='bbox 970 1381 1056 1412; x_wconf 88' lang='lat' dir='ltr'>bium,</span> <span class='ocrx_word' id='word_1_498' title='bbox 1068 1380 1112 1408; x_wconf 85' lang='lat' dir='ltr'>ubi</span> <span class='ocrx_word' id='word_1_499' title='bbox 1121 1378 1382 1418; x_wconf 76' lang='lat' dir='ltr'>sumptuofiffimum</span> <span class='ocrx_word' id='word_1_500' title='bbox 1394 1382 1423 1408; x_wconf 83' lang='lat' dir='ltr'>B.</span> <span class='ocrx_word' id='word_1_501' title='bbox 1435 1381 1473 1408; x_wconf 89' lang='lat' dir='ltr'>M.</span> <span class='ocrx_word' id='word_1_502' title='bbox 1485 1381 1521 1407; x_wconf 89' lang='lat' dir='ltr'>V.</span> <span class='ocrx_word' id='word_1_503' title='bbox 1535 1380 1682 1417; x_wconf 85' lang='lat' dir='ltr'>Templum</span> <span class='ocrx_word' id='word_1_504' title='bbox 1691 1390 1762 1411; x_wconf 80' lang='lat' dir='ltr'>erat,</span> 
     </span>
     <span class='ocr_line' id='line_1_63' title="bbox 974 1417 1761 1459; baseline 0.001 -10"><span class='ocrx_word' id='word_1_505' title='bbox 974 1432 988 1449; x_wconf 89' lang='lat' dir='ltr'>a</span> <span class='ocrx_word' id='word_1_506' title='bbox 1000 1423 1094 1450; x_wconf 85' lang='lat' dir='ltr'>Leone</span> <span class='ocrx_word' id='word_1_507' title='bbox 1104 1422 1206 1459; x_wconf 80' lang='lat' dir='ltr'>Imper.</span> <span class='ocrx_word' id='word_1_508' title='bbox 1219 1420 1386 1449; x_wconf 69' lang='lat' dir='ltr'>aedificatum</span> <span class='ocrx_word' id='word_1_509' title='bbox 1397 1443 1405 1453; x_wconf 92' lang='lat'><em>,</em></span> <span class='ocrx_word' id='word_1_510' title='bbox 1427 1420 1570 1449; x_wconf 86' lang='lat' dir='ltr'>dicebatur</span> <span class='ocrx_word' id='word_1_511' title='bbox 1579 1421 1610 1450; x_wconf 74' lang='grc' dir='ltr'>ω’</span> <span class='ocrx_word' id='word_1_512' title='bbox 1629 1417 1761 1459; x_wconf 57' lang='lat' dir='ltr'>auxi?-</span> 
     </span>
     <span class='ocr_line' id='line_1_64' title="bbox 973 1461 1413 1499; baseline -0.002 -8"><span class='ocrx_word' id='word_1_513' title='bbox 973 1474 1028 1496; x_wconf 65' lang='grc' dir='ltr'>ναις</span> <span class='ocrx_word' id='word_1_514' title='bbox 1041 1481 1047 1488; x_wconf 93' lang='grc'><em>.</em></span> <span class='ocrx_word' id='word_1_515' title='bbox 1073 1461 1148 1489; x_wconf 89' lang='lat' dir='ltr'>Vide</span> <span class='ocrx_word' id='word_1_516' title='bbox 1159 1462 1282 1499; x_wconf 57' lang='lat' dir='ltr'>nsitatio</span> <span class='ocrx_word' id='word_1_517' title='bbox 1292 1467 1324 1490; x_wconf 90' lang='grc' dir='ltr'>Β.</span> <span class='ocrx_word' id='word_1_518' title='bbox 1336 1467 1377 1490; x_wconf 89' lang='lat' dir='ltr'>M.</span> <span class='ocrx_word' id='word_1_519' title='bbox 1389 1467 1413 1490; x_wconf 84' lang='lat' dir='ltr'>V.</span> 
     </span>
    </p>
   </div>
   <div class='ocr_carea' id='block_1_19' title="bbox 91 1498 1760 1543">
    <p class='ocr_par' dir='ltr' id='par_1_19' title="bbox 91 1498 1760 1543">
     <span class='ocr_line' id='line_1_65' title="bbox 91 1498 1760 1543; baseline 0.002 -17"><span class='ocrx_word' id='word_1_520' title='bbox 91 1512 94 1514; x_wconf 37' lang='lat' dir='ltr'>v</span> <span class='ocrx_word' id='word_1_521' title='bbox 132 1498 222 1531; x_wconf 83' lang='lat' dir='ltr'>bulla,</span> <span class='ocrx_word' id='word_1_522' title='bbox 245 1501 442 1530; x_wconf 84' lang='lat' dir='ltr'>:icinlatinum</span> <span class='ocrx_word' id='word_1_523' title='bbox 455 1503 591 1535; x_wconf 61' lang='lat' dir='ltr'>traducta,</span> <span class='ocrx_word' id='word_1_524' title='bbox 614 1504 661 1532; x_wconf 83' lang='lat' dir='ltr'>ubi.</span> <span class='ocrx_word' id='word_1_525' title='bbox 682 1505 826 1541; x_wconf 83' lang='lat' dir='ltr'>Interpres</span> <span class='ocrx_word' id='word_1_526' title='bbox 836 1514 918 1543; x_wconf 76' lang='lat' dir='ltr'>agens</span> <span class='ocrx_word' id='word_1_527' title='bbox 933 1504 1074 1535; x_wconf 64' lang='lat' dir='ltr'>Burnum,</span> <span class='ocrx_word' id='word_1_528' title='bbox 1095 1500 1188 1541; x_wconf 64' lang='lat' dir='ltr'>segm,</span> <span class='ocrx_word' id='word_1_529' title='bbox 1211 1502 1305 1530; x_wconf 81' lang='lat' dir='ltr'>italice</span> <span class='ocrx_word' id='word_1_530' title='bbox 1325 1503 1428 1531; x_wconf 70' lang='lat' dir='ltr'>biada-</span> <span class='ocrx_word' id='word_1_531' title='bbox 1451 1500 1717 1537; x_wconf 80' lang='lat' dir='ltr'>[Quemadmodum</span> <span class='ocrx_word' id='word_1_532' title='bbox 1739 1500 1760 1529; x_wconf 78' lang='lat' dir='ltr'>fi</span> 
     </span>
    </p>
   </div>
   <div class='ocr_carea' id='block_1_20' title="bbox 92 1538 922 2017">
    <p class='ocr_par' dir='ltr' id='par_1_20' title="bbox 132 1538 918 1701">
     <span class='ocr_line' id='line_1_66' title="bbox 133 1538 918 1576; baseline 0.011 -11"><span class='ocrx_word' id='word_1_533' title='bbox 133 1538 169 1566; x_wconf 92' lang='lat' dir='ltr'>de</span> <span class='ocrx_word' id='word_1_534' title='bbox 178 1541 233 1573; x_wconf 77' lang='lat' dir='ltr'>ejus</span> <span class='ocrx_word' id='word_1_535' title='bbox 242 1541 337 1569; x_wconf 88' lang='lat' dir='ltr'>colore</span> <span class='ocrx_word' id='word_1_536' title='bbox 356 1543 443 1571; x_wconf 90' lang='lat' dir='ltr'>vertit</span> <span class='ocrx_word' id='word_1_537' title='bbox 456 1565 464 1576; x_wconf 94' lang='lat'><em>‚</em></span> <span class='ocrx_word' id='word_1_538' title='bbox 486 1543 564 1571; x_wconf 89' lang='lat' dir='ltr'>color</span> <span class='ocrx_word' id='word_1_539' title='bbox 585 1544 697 1576; x_wconf 81' lang='lat' dir='ltr'>blavus,</span> <span class='ocrx_word' id='word_1_540' title='bbox 721 1544 809 1576; x_wconf 75' lang='lat' dir='ltr'>idest,</span> <span class='ocrx_word' id='word_1_541' title='bbox 833 1555 918 1574; x_wconf 72' lang='lat' dir='ltr'>caeru-</span> 
     </span>
     <span class='ocr_line' id='line_1_67' title="bbox 133 1578 917 1624; baseline 0.011 -18"><span class='ocrx_word' id='word_1_542' title='bbox 133 1578 190 1607; x_wconf 76' lang='lat' dir='ltr'>leus</span> <span class='ocrx_word' id='word_1_543' title='bbox 199 1591 220 1623; x_wconf 39' lang='lat' dir='ltr'>,j</span> <span class='ocrx_word' id='word_1_544' title='bbox 236 1581 374 1624; x_wconf 68' lang='lat' dir='ltr'>Valentiae</span> <span class='ocrx_word' id='word_1_545' title='bbox 384 1593 493 1622; x_wconf 87' lang='lat' dir='ltr'>quoque</span> <span class='ocrx_word' id='word_1_546' title='bbox 504 1584 638 1622; x_wconf 79' lang='lat' dir='ltr'>particula</span> <span class='ocrx_word' id='word_1_547' title='bbox 649 1584 769 1623; x_wconf 71' lang='lat' dir='ltr'>praefatae</span> <span class='ocrx_word' id='word_1_548' title='bbox 783 1585 864 1613; x_wconf 80' lang='lat' dir='ltr'>vestis</span> <span class='ocrx_word' id='word_1_549' title='bbox 874 1607 881 1618; x_wconf 92' lang='lat'><em>‚</em></span> <span class='ocrx_word' id='word_1_550' title='bbox 891 1590 917 1615; x_wconf 75' lang='grc' dir='ltr'>δε</span> 
     </span>
     <span class='ocr_line' id='line_1_68' title="bbox 133 1620 918 1664; baseline 0.011 -18"><span class='ocrx_word' id='word_1_551' title='bbox 133 1620 235 1662; x_wconf 77' lang='lat' dir='ltr'>coloris</span> <span class='ocrx_word' id='word_1_552' title='bbox 245 1630 396 1660; x_wconf 84' lang='lat' dir='ltr'>reperitur.</span> <span class='ocrx_word' id='word_1_553' title='bbox 415 1623 558 1663; x_wconf 83' lang='lat' dir='ltr'>Scherlog.</span> <span class='ocrx_word' id='word_1_554' title='bbox 569 1632 638 1653; x_wconf 85' lang='lat' dir='ltr'>tom.</span> <span class='ocrx_word' id='word_1_555' title='bbox 651 1636 677 1664; x_wconf 85' lang='lat'>3.</span> <span class='ocrx_word' id='word_1_556' title='bbox 689 1625 718 1653; x_wconf 82' lang='lat' dir='ltr'>in</span> <span class='ocrx_word' id='word_1_557' title='bbox 734 1635 793 1663; x_wconf 83' lang='lat' dir='ltr'>cap.</span> <span class='ocrx_word' id='word_1_558' title='bbox 807 1635 832 1660; x_wconf 82' lang='grc' dir='ltr'>ς.</span> <span class='ocrx_word' id='word_1_559' title='bbox 842 1627 918 1655; x_wconf 64' lang='lat' dir='ltr'>Can&lt;</span> 
     </span>
     <span class='ocr_line' id='line_1_69' title="bbox 132 1663 477 1701; baseline 0.014 -15"><span class='ocrx_word' id='word_1_560' title='bbox 132 1668 192 1688; x_wconf 85' lang='lat' dir='ltr'>ticae</span> <span class='ocrx_word' id='word_1_561' title='bbox 202 1679 210 1687; x_wconf 93' lang='lat'>.</span> <span class='ocrx_word' id='word_1_562' title='bbox 233 1663 306 1690; x_wconf 87' lang='lat' dir='ltr'>Vide</span> <span class='ocrx_word' id='word_1_563' title='bbox 317 1667 460 1701; x_wconf 77' lang='lat' dir='ltr'>Bigerrigu</span> <span class='ocrx_word' id='word_1_564' title='bbox 470 1684 477 1691; x_wconf 90' lang='lat'><strong><em>.</em></strong></span> 
     </span>
    </p>

    <p class='ocr_par' dir='ltr' id='par_1_21' title="bbox 92 1701 922 2017">
     <span class='ocr_line' id='line_1_70' title="bbox 92 1701 917 1745; baseline 0.01 -17"><span class='ocrx_word' id='word_1_565' title='bbox 92 1701 275 1730; x_wconf 70' lang='lat' dir='ltr'>BISACUTUM</span> <span class='ocrx_word' id='word_1_566' title='bbox 288 1724 296 1736; x_wconf 91' lang='lat'><em>,</em></span> <span class='ocrx_word' id='word_1_567' title='bbox 307 1702 434 1740; x_wconf 84' lang='lat' dir='ltr'>bipennis</span> <span class='ocrx_word' id='word_1_568' title='bbox 444 1726 452 1736; x_wconf 90' lang='lat'><em>‚</em></span> <span class='ocrx_word' id='word_1_569' title='bbox 465 1703 563 1733; x_wconf 86' lang='lat' dir='ltr'>securis</span> <span class='ocrx_word' id='word_1_570' title='bbox 572 1705 702 1745; x_wconf 84' lang='lat' dir='ltr'>utrinque</span> <span class='ocrx_word' id='word_1_571' title='bbox 713 1705 812 1734; x_wconf 84' lang='lat' dir='ltr'>habens</span> <span class='ocrx_word' id='word_1_572' title='bbox 821 1707 917 1739; x_wconf 73' lang='lat' dir='ltr'>aciem:</span> 
     </span>
     <span class='ocr_line' id='line_1_71' title="bbox 133 1739 907 1779; baseline 0.008 -9"><span class='ocrx_word' id='word_1_573' title='bbox 133 1741 201 1775; x_wconf 81' lang='lat' dir='ltr'>[Ut</span> <span class='ocrx_word' id='word_1_574' title='bbox 210 1739 342 1772; x_wconf 73' lang='lat' dir='ltr'>sarculum</span> <span class='ocrx_word' id='word_1_575' title='bbox 363 1744 411 1772; x_wconf 81' lang='lat' dir='ltr'>sibi</span> <span class='ocrx_word' id='word_1_576' title='bbox 431 1754 492 1773; x_wconf 91' lang='lat' dir='ltr'>cum</span> <span class='ocrx_word' id='word_1_577' title='bbox 502 1744 624 1774; x_wconf 84' lang='lat' dir='ltr'>bisacuto</span> <span class='ocrx_word' id='word_1_578' title='bbox 637 1768 644 1779; x_wconf 93' lang='lat'><em>,</em></span> <span class='ocrx_word' id='word_1_579' title='bbox 667 1751 695 1775; x_wconf 69' lang='grc' dir='ltr'>ὃ(</span> <span class='ocrx_word' id='word_1_580' title='bbox 714 1745 852 1776; x_wconf 84' lang='lat' dir='ltr'>frumento</span> <span class='ocrx_word' id='word_1_581' title='bbox 872 1749 907 1777; x_wconf 90' lang='lat' dir='ltr'>de</span> 
     </span>
     <span class='ocr_line' id='line_1_72' title="bbox 134 1780 889 1825; baseline 0.011 -17"><span class='ocrx_word' id='word_1_582' title='bbox 134 1780 217 1810; x_wconf 84' lang='lat' dir='ltr'>ferret</span> <span class='ocrx_word' id='word_1_583' title='bbox 227 1803 236 1810; x_wconf 87' lang='lat'>.</span> <span class='ocrx_word' id='word_1_584' title='bbox 257 1784 292 1812; x_wconf 90' lang='lat' dir='ltr'>In</span> <span class='ocrx_word' id='word_1_585' title='bbox 305 1784 362 1812; x_wconf 74' lang='lat' dir='ltr'>vita</span> <span class='ocrx_word' id='word_1_586' title='bbox 372 1786 398 1813; x_wconf 83' lang='lat' dir='ltr'>S.</span> <span class='ocrx_word' id='word_1_587' title='bbox 409 1787 516 1814; x_wconf 84' lang='lat' dir='ltr'>Anton.</span> <span class='ocrx_word' id='word_1_588' title='bbox 529 1787 596 1814; x_wconf 80' lang='lat' dir='ltr'>Abb.</span> <span class='ocrx_word' id='word_1_589' title='bbox 608 1789 619 1818; x_wconf 95' lang='lat'>]</span> <span class='ocrx_word' id='word_1_590' title='bbox 634 1787 707 1815; x_wconf 88' lang='lat' dir='ltr'>Vide</span> <span class='ocrx_word' id='word_1_591' title='bbox 720 1789 871 1825; x_wconf 79' lang='lat' dir='ltr'>Francisca</span> <span class='ocrx_word' id='word_1_592' title='bbox 882 1809 889 1817; x_wconf 89' lang='lat'><strong><em>.</em></strong></span> 
     </span>
     <span class='ocr_line' id='line_1_73' title="bbox 96 1822 920 1865; baseline 0.011 -16"><span class='ocrx_word' id='word_1_593' title='bbox 96 1822 281 1865; x_wconf 56' lang='lat' dir='ltr'>Bisaurixvs</span> <span class='ocrx_word' id='word_1_594' title='bbox 293 1845 301 1852; x_wconf 92' lang='lat'>.</span> <span class='ocrx_word' id='word_1_595' title='bbox 326 1826 384 1854; x_wconf 77' lang='lat' dir='ltr'>FR.</span> <span class='ocrx_word' id='word_1_596' title='bbox 393 1835 506 1855; x_wconf 81' lang='lat' dir='ltr'>moneta</span> <span class='ocrx_word' id='word_1_597' title='bbox 518 1847 525 1854; x_wconf 90' lang='lat'><strong>.</strong></span> <span class='ocrx_word' id='word_1_598' title='bbox 538 1827 643 1862; x_wconf 89' lang='lat' dir='ltr'>[Quod</span> <span class='ocrx_word' id='word_1_599' title='bbox 654 1837 714 1856; x_wconf 88' lang='lat' dir='ltr'>cum</span> <span class='ocrx_word' id='word_1_600' title='bbox 737 1830 774 1856; x_wconf 84' lang='lat' dir='ltr'>G.</span> <span class='ocrx_word' id='word_1_601' title='bbox 794 1829 920 1858; x_wconf 89' lang='lat' dir='ltr'>Clericus</span> 
     </span>
     <span class='ocr_line' id='line_1_74' title="bbox 134 1862 918 1906; baseline 0.011 -17"><span class='ocrx_word' id='word_1_602' title='bbox 134 1871 160 1890; x_wconf 93' lang='lat' dir='ltr'>ei</span> <span class='ocrx_word' id='word_1_603' title='bbox 170 1862 238 1906; x_wconf 82' lang='lat' dir='ltr'>duos</span> <span class='ocrx_word' id='word_1_604' title='bbox 247 1863 398 1894; x_wconf 79' lang='lat' dir='ltr'>bisantinos</span> <span class='ocrx_word' id='word_1_605' title='bbox 409 1867 523 1896; x_wconf 85' lang='lat' dir='ltr'>nomine</span> <span class='ocrx_word' id='word_1_606' title='bbox 534 1868 658 1897; x_wconf 74' lang='lat' dir='ltr'>Eccleiiae</span> <span class='ocrx_word' id='word_1_607' title='bbox 671 1869 705 1896; x_wconf 92' lang='lat' dir='ltr'>de</span> <span class='ocrx_word' id='word_1_608' title='bbox 716 1869 811 1897; x_wconf 83' lang='lat' dir='ltr'>statera</span> <span class='ocrx_word' id='word_1_609' title='bbox 822 1867 849 1898; x_wconf 85' lang='lat' dir='ltr'>sc</span> <span class='ocrx_word' id='word_1_610' title='bbox 871 1881 918 1899; x_wconf 82' lang='lat' dir='ltr'>an-</span> 
     </span>
     <span class='ocr_line' id='line_1_75' title="bbox 133 1903 919 1948; baseline 0.01 -18"><span class='ocrx_word' id='word_1_611' title='bbox 133 1912 241 1932; x_wconf 79' lang='lat' dir='ltr'>nuatim</span> <span class='ocrx_word' id='word_1_612' title='bbox 250 1903 402 1948; x_wconf 71' lang='lat' dir='ltr'>soluturum</span> <span class='ocrx_word' id='word_1_613' title='bbox 412 1926 420 1935; x_wconf 80' lang='lat'><em>.</em></span> <span class='ocrx_word' id='word_1_614' title='bbox 442 1908 488 1936; x_wconf 90' lang='lat' dir='ltr'>De</span> <span class='ocrx_word' id='word_1_615' title='bbox 498 1909 684 1946; x_wconf 74' lang='lat' dir='ltr'>jurejurando</span> <span class='ocrx_word' id='word_1_616' title='bbox 693 1931 701 1942; x_wconf 91' lang='lat'><em>‚</em></span> <span class='ocrx_word' id='word_1_617' title='bbox 723 1918 781 1947; x_wconf 79' lang='lat' dir='ltr'>cap.</span> <span class='ocrx_word' id='word_1_618' title='bbox 798 1920 840 1937; x_wconf 86' lang='lat' dir='ltr'>io.</span> <span class='ocrx_word' id='word_1_619' title='bbox 853 1913 865 1942; x_wconf 81' lang='lat' dir='ltr'>J</span> <span class='ocrx_word' id='word_1_620' title='bbox 878 1916 919 1940; x_wconf 78' lang='lat' dir='ltr'>De</span> 
     </span>
     <span class='ocr_line' id='line_1_76' title="bbox 128 1945 922 1990; baseline 0.01 -19"><span class='ocrx_word' id='word_1_621' title='bbox 128 1945 256 1980; x_wconf 76' lang='lat' dir='ltr'>statera,</span> <span class='ocrx_word' id='word_1_622' title='bbox 278 1945 307 1974; x_wconf 86' lang='lat' dir='ltr'>id</span> <span class='ocrx_word' id='word_1_623' title='bbox 315 1945 371 1979; x_wconf 85' lang='lat' dir='ltr'>est,</span> <span class='ocrx_word' id='word_1_624' title='bbox 392 1948 456 1983; x_wconf 82' lang='lat' dir='ltr'>justi</span> <span class='ocrx_word' id='word_1_625' title='bbox 467 1949 599 1986; x_wconf 85' lang='lat' dir='ltr'>ponderis</span> <span class='ocrx_word' id='word_1_626' title='bbox 610 1969 618 1977; x_wconf 94' lang='lat'>.</span> <span class='ocrx_word' id='word_1_627' title='bbox 640 1953 682 1978; x_wconf 82' lang='lat' dir='ltr'>Ex</span> <span class='ocrx_word' id='word_1_628' title='bbox 700 1960 758 1989; x_wconf 87' lang='lat' dir='ltr'>quo</span> <span class='ocrx_word' id='word_1_629' title='bbox 773 1950 922 1990; x_wconf 84' lang='lat' dir='ltr'>colligitur</span> 
     </span>
     <span class='ocr_line' id='line_1_77' title="bbox 135 1987 495 2017; baseline 0.017 -6"><span class='ocrx_word' id='word_1_630' title='bbox 135 1993 278 2014; x_wconf 85' lang='lat' dir='ltr'>monetam</span> <span class='ocrx_word' id='word_1_631' title='bbox 287 1995 394 2015; x_wconf 80' lang='lat' dir='ltr'>auream</span> <span class='ocrx_word' id='word_1_632' title='bbox 404 1987 479 2016; x_wconf 72' lang='lat' dir='ltr'>fuifle</span> <span class='ocrx_word' id='word_1_633' title='bbox 487 2009 495 2017; x_wconf 89' lang='lat'><strong><em>.</em></strong></span> 
     </span>
    </p>
   </div>
   <div class='ocr_carea' id='block_1_21' title="bbox 919 1561 932 2003">
    <p class='ocr_par' dir='ltr' id='par_1_22' title="bbox 919 1561 932 2003">
     <span class='ocr_line' id='line_1_78' title="bbox 919 1561 932 1921; baseline 0 -39"><span class='ocrx_word' id='word_1_634' title='bbox 919 1561 932 1921; x_wconf 95' lang='lat' dir='ltr'>   </span> 
     </span>
     <span class='ocr_line' id='line_1_79' title="bbox 922 1921 932 2003; baseline 0 0"><span class='ocrx_word' id='word_1_635' title='bbox 922 1921 932 2003; x_wconf 95' lang='lat' dir='ltr'>  </span> 
     </span>
    </p>
   </div>
   <div class='ocr_carea' id='block_1_22' title="bbox 972 1541 1763 1742">
    <p class='ocr_par' dir='ltr' id='par_1_23' title="bbox 972 1541 1763 1742">
     <span class='ocr_line' id='line_1_80' title="bbox 972 1541 1763 1581; baseline -0.003 -11"><span class='ocrx_word' id='word_1_636' title='bbox 972 1543 1095 1570; x_wconf 84' lang='lat' dir='ltr'>triticum</span> <span class='ocrx_word' id='word_1_637' title='bbox 1106 1564 1113 1575; x_wconf 91' lang='lat'><em>‚</em></span> <span class='ocrx_word' id='word_1_638' title='bbox 1136 1552 1182 1571; x_wconf 81' lang='lat' dir='ltr'>aut</span> <span class='ocrx_word' id='word_1_639' title='bbox 1192 1543 1310 1581; x_wconf 81' lang='lat' dir='ltr'>aliquam</span> <span class='ocrx_word' id='word_1_640' title='bbox 1321 1543 1391 1571; x_wconf 74' lang='lat' dir='ltr'>bladi</span> <span class='ocrx_word' id='word_1_641' title='bbox 1411 1541 1533 1581; x_wconf 79' lang='lat' dir='ltr'>speciem</span> <span class='ocrx_word' id='word_1_642' title='bbox 1555 1552 1648 1570; x_wconf 81' lang='lat' dir='ltr'>cernas</span> <span class='ocrx_word' id='word_1_643' title='bbox 1658 1542 1687 1569; x_wconf 90' lang='lat' dir='ltr'>in</span> <span class='ocrx_word' id='word_1_644' title='bbox 1709 1551 1763 1569; x_wconf 80' lang='lat' dir='ltr'>cri—</span> 
     </span>
     <span class='ocr_line' id='line_1_81' title="bbox 973 1581 1762 1621; baseline -0.003 -10"><span class='ocrx_word' id='word_1_645' title='bbox 973 1584 1022 1611; x_wconf 88' lang='lat' dir='ltr'>bro</span> <span class='ocrx_word' id='word_1_646' title='bbox 1031 1603 1038 1610; x_wconf 88' lang='lat'><em>.</em></span> <span class='ocrx_word' id='word_1_647' title='bbox 1049 1581 1196 1618; x_wconf 77' lang='lat' dir='ltr'>Chrysost.</span> <span class='ocrx_word' id='word_1_648' title='bbox 1207 1582 1283 1612; x_wconf 85' lang='lat' dir='ltr'>honi.</span> <span class='ocrx_word' id='word_1_649' title='bbox 1295 1594 1308 1621; x_wconf 89' lang='lat'><em>3</em></span> <span class='ocrx_word' id='word_1_650' title='bbox 1317 1588 1343 1612; x_wconf 80' lang='lat'>8.</span> <span class='ocrx_word' id='word_1_651' title='bbox 1355 1584 1384 1611; x_wconf 88' lang='lat' dir='ltr'>in</span> <span class='ocrx_word' id='word_1_652' title='bbox 1395 1593 1453 1620; x_wconf 84' lang='lat' dir='ltr'>cap.</span> <span class='ocrx_word' id='word_1_653' title='bbox 1466 1593 1512 1611; x_wconf 80' lang='lat'>21.</span> <span class='ocrx_word' id='word_1_654' title='bbox 1525 1582 1617 1610; x_wconf 67' lang='lat' dir='ltr'>Mafth</span> <span class='ocrx_word' id='word_1_655' title='bbox 1643 1584 1654 1613; x_wconf 96' lang='lat'><strong>]</strong></span> <span class='ocrx_word' id='word_1_656' title='bbox 1668 1584 1762 1619; x_wconf 84' lang='lat' dir='ltr'>Repe-</span> 
     </span>
     <span class='ocr_line' id='line_1_82' title="bbox 974 1621 1763 1661; baseline -0.001 -10"><span class='ocrx_word' id='word_1_657' title='bbox 974 1624 1042 1652; x_wconf 88' lang='lat' dir='ltr'>ritur</span> <span class='ocrx_word' id='word_1_658' title='bbox 1054 1624 1136 1652; x_wconf 77' lang='lat' dir='ltr'>etiarn</span> <span class='ocrx_word' id='word_1_659' title='bbox 1147 1624 1260 1652; x_wconf 85' lang='lat' dir='ltr'>verbum</span> <span class='ocrx_word' id='word_1_660' title='bbox 1278 1624 1401 1652; x_wconf 78' lang='lat' dir='ltr'>Imblada</span> <span class='ocrx_word' id='word_1_661' title='bbox 1413 1644 1420 1654; x_wconf 93' lang='lat'><em>,</em></span> <span class='ocrx_word' id='word_1_662' title='bbox 1447 1623 1534 1655; x_wconf 86' lang='lat' dir='ltr'>idest,</span> <span class='ocrx_word' id='word_1_663' title='bbox 1557 1621 1662 1661; x_wconf 75' lang='lat' dir='ltr'>segetes</span> <span class='ocrx_word' id='word_1_664' title='bbox 1684 1621 1744 1650; x_wconf 88' lang='lat' dir='ltr'>sero</span> <span class='ocrx_word' id='word_1_665' title='bbox 1754 1643 1763 1650; x_wconf 84' lang='grc'><strong>.</strong></span> 
     </span>
     <span class='ocr_line' id='line_1_83' title="bbox 975 1661 1763 1702; baseline -0.004 -9"><span class='ocrx_word' id='word_1_666' title='bbox 975 1668 1008 1693; x_wconf 86' lang='lat' dir='ltr'>Et</span> <span class='ocrx_word' id='word_1_667' title='bbox 1021 1665 1195 1693; x_wconf 74' lang='lat' dir='ltr'>Imbladatus</span> <span class='ocrx_word' id='word_1_668' title='bbox 1211 1674 1262 1702; x_wconf 90' lang='lat' dir='ltr'>pro</span> <span class='ocrx_word' id='word_1_669' title='bbox 1280 1661 1515 1702; x_wconf 81' lang='lat' dir='ltr'>seminatasegete</span> <span class='ocrx_word' id='word_1_670' title='bbox 1527 1683 1534 1690; x_wconf 89' lang='lat'>.</span> <span class='ocrx_word' id='word_1_671' title='bbox 1560 1665 1617 1692; x_wconf 72' lang='lat' dir='ltr'>PR.</span> <span class='ocrx_word' id='word_1_672' title='bbox 1630 1664 1665 1691; x_wconf 90' lang='lat' dir='ltr'>In</span> <span class='ocrx_word' id='word_1_673' title='bbox 1684 1663 1763 1692; x_wconf 79' lang='grc' dir='ltr'>Αξὶίς</span> 
     </span>
     <span class='ocr_line' id='line_1_84' title="bbox 977 1702 1762 1742; baseline -0.003 -9"><span class='ocrx_word' id='word_1_674' title='bbox 977 1705 1138 1734; x_wconf 72' lang='lat' dir='ltr'>innocentii</span> <span class='ocrx_word' id='word_1_675' title='bbox 1150 1706 1207 1733; x_wconf 86' lang='lat'>111.</span> <span class='ocrx_word' id='word_1_676' title='bbox 1219 1706 1343 1733; x_wconf 75' lang='lat' dir='ltr'>Bladum</span> <span class='ocrx_word' id='word_1_677' title='bbox 1355 1703 1532 1732; x_wconf 78' lang='lat' dir='ltr'>frumentaria</span> <span class='ocrx_word' id='word_1_678' title='bbox 1545 1702 1668 1731; x_wconf 80' lang='lat' dir='ltr'>mensura</span> <span class='ocrx_word' id='word_1_679' title='bbox 1678 1703 1762 1742; x_wconf 82' lang='lat' dir='ltr'>figni-</span> 
     </span>
    </p>
   </div>
   <div class='ocr_carea' id='block_1_23' title="bbox 973 1744 1764 1783">
    <p class='ocr_par' dir='ltr' id='par_1_24' title="bbox 973 1744 1764 1783">
     <span class='ocr_line' id='line_1_85' title="bbox 973 1744 1764 1783; baseline 0 -10"><span class='ocrx_word' id='word_1_680' title='bbox 973 1746 1035 1774; x_wconf 82' lang='lat' dir='ltr'>ficat</span> <span class='ocrx_word' id='word_1_681' title='bbox 1047 1767 1055 1778; x_wconf 91' lang='lat'>‚</span> <span class='ocrx_word' id='word_1_682' title='bbox 1078 1745 1115 1773; x_wconf 82' lang='lat' dir='ltr'>ibi</span> <span class='ocrx_word' id='word_1_683' title='bbox 1127 1746 1202 1773; x_wconf 83' lang='lat' dir='ltr'>enim</span> <span class='ocrx_word' id='word_1_684' title='bbox 1212 1755 1336 1773; x_wconf 72' lang='lat' dir='ltr'>nari-atur</span> <span class='ocrx_word' id='word_1_685' title='bbox 1349 1766 1356 1777; x_wconf 91' lang='lat'><em>‚</em></span> <span class='ocrx_word' id='word_1_686' title='bbox 1376 1744 1451 1783; x_wconf 76' lang='lat' dir='ltr'>quod</span> <span class='ocrx_word' id='word_1_687' title='bbox 1460 1745 1490 1772; x_wconf 83' lang='lat' dir='ltr'>in</span> <span class='ocrx_word' id='word_1_688' title='bbox 1502 1745 1624 1782; x_wconf 70' lang='lat' dir='ltr'>penariae</span> <span class='ocrx_word' id='word_1_689' title='bbox 1635 1754 1764 1782; x_wconf 86' lang='lat' dir='ltr'>tempore</span> 
     </span>
    </p>
   </div>
   <div class='ocr_carea' id='block_1_24' title="bbox 973 1784 1764 2025">
    <p class='ocr_par' dir='ltr' id='par_1_25' title="bbox 973 1784 1764 2025">
     <span class='ocr_line' id='line_1_86' title="bbox 973 1784 1764 1823; baseline -0.003 -9"><span class='ocrx_word' id='word_1_690' title='bbox 973 1787 1008 1814; x_wconf 90' lang='lat' dir='ltr'>de</span> <span class='ocrx_word' id='word_1_691' title='bbox 1018 1797 1092 1815; x_wconf 77' lang='lat' dir='ltr'>:inno</span> <span class='ocrx_word' id='word_1_692' title='bbox 1106 1796 1189 1815; x_wconf 75' lang='lat'>1202.</span> <span class='ocrx_word' id='word_1_693' title='bbox 1201 1786 1368 1815; x_wconf 81' lang='lat' dir='ltr'>vendebatur</span> <span class='ocrx_word' id='word_1_694' title='bbox 1381 1785 1511 1813; x_wconf 81' lang='lat' dir='ltr'>frumenti</span> <span class='ocrx_word' id='word_1_695' title='bbox 1525 1784 1636 1813; x_wconf 82' lang='lat' dir='ltr'>bladum</span> <span class='ocrx_word' id='word_1_696' title='bbox 1648 1785 1764 1823; x_wconf 86' lang='lat' dir='ltr'>viginti,</span> 
     </span>
     <span class='ocr_line' id='line_1_87' title="bbox 975 1824 1763 1865; baseline -0.003 -10"><span class='ocrx_word' id='word_1_697' title='bbox 975 1838 1003 1855; x_wconf 86' lang='lat' dir='ltr'>ac</span> <span class='ocrx_word' id='word_1_698' title='bbox 1014 1827 1096 1856; x_wconf 83' lang='lat' dir='ltr'>etiam</span> <span class='ocrx_word' id='word_1_699' title='bbox 1108 1827 1226 1865; x_wconf 82' lang='lat' dir='ltr'>triginta</span> <span class='ocrx_word' id='word_1_700' title='bbox 1236 1825 1333 1855; x_wconf 89' lang='lat' dir='ltr'>solidis</span> <span class='ocrx_word' id='word_1_701' title='bbox 1345 1846 1352 1853; x_wconf 91' lang='lat'><strong>.</strong></span> <span class='ocrx_word' id='word_1_702' title='bbox 1363 1828 1437 1854; x_wconf 83' lang='lat' dir='ltr'>Item</span> <span class='ocrx_word' id='word_1_703' title='bbox 1447 1825 1579 1864; x_wconf 60' lang='lat' dir='ltr'>significat</span> <span class='ocrx_word' id='word_1_704' title='bbox 1595 1824 1763 1854; x_wconf 70' lang='lat' dir='ltr'>immeritum</span> 
     </span>
     <span class='ocr_line' id='line_1_88' title="bbox 974 1865 1760 1907; baseline -0.003 -11"><span class='ocrx_word' id='word_1_705' title='bbox 974 1878 1008 1896; x_wconf 82' lang='lat' dir='ltr'>cx</span> <span class='ocrx_word' id='word_1_706' title='bbox 1017 1868 1117 1907; x_wconf 78' lang='lat' dir='ltr'>gallica</span> <span class='ocrx_word' id='word_1_707' title='bbox 1129 1878 1197 1896; x_wconf 83' lang='lat' dir='ltr'>voce</span> <span class='ocrx_word' id='word_1_708' title='bbox 1210 1868 1293 1896; x_wconf 82' lang='lat' dir='ltr'>Blad.</span> <span class='ocrx_word' id='word_1_709' title='bbox 1315 1868 1383 1902; x_wconf 90' lang='lat' dir='ltr'>[Ne</span> <span class='ocrx_word' id='word_1_710' title='bbox 1394 1867 1515 1895; x_wconf 70' lang='lat' dir='ltr'>Praeians</span> <span class='ocrx_word' id='word_1_711' title='bbox 1527 1887 1533 1898; x_wconf 92' lang='lat'><em>,</em></span> <span class='ocrx_word' id='word_1_712' title='bbox 1556 1876 1602 1894; x_wconf 82' lang='lat' dir='ltr'>aut</span> <span class='ocrx_word' id='word_1_713' title='bbox 1621 1865 1741 1895; x_wconf 72' lang='lat' dir='ltr'>Clericis</span> <span class='ocrx_word' id='word_1_714' title='bbox 1751 1888 1760 1899; x_wconf 83' lang='lat'><em>,</em></span> 
     </span>
     <span class='ocr_line' id='line_1_89' title="bbox 973 1905 1762 1946; baseline -0.001 -10"><span class='ocrx_word' id='word_1_715' title='bbox 973 1907 1021 1937; x_wconf 91' lang='lat' dir='ltr'>seu</span> <span class='ocrx_word' id='word_1_716' title='bbox 1042 1907 1168 1937; x_wconf 84' lang='lat' dir='ltr'>Personis</span> <span class='ocrx_word' id='word_1_717' title='bbox 1187 1908 1378 1937; x_wconf 75' lang='lat' dir='ltr'>Eccleiiasticis</span> <span class='ocrx_word' id='word_1_718' title='bbox 1395 1911 1447 1935; x_wconf 76' lang='grc' dir='ltr'>ὕες.</span> <span class='ocrx_word' id='word_1_719' title='bbox 1467 1915 1554 1944; x_wconf 82' lang='lat' dir='ltr'>neque</span> <span class='ocrx_word' id='word_1_720' title='bbox 1575 1905 1638 1946; x_wconf 82' lang='lat' dir='ltr'>ipfis</span> <span class='ocrx_word' id='word_1_721' title='bbox 1651 1906 1762 1936; x_wconf 73' lang='lat' dir='ltr'>bladum</span> 
     </span>
     <span class='ocr_line' id='line_1_90' title="bbox 975 1946 1762 1988; baseline -0.001 -11"><span class='ocrx_word' id='word_1_722' title='bbox 975 1949 1081 1977; x_wconf 80' lang='lat' dir='ltr'>molant</span> <span class='ocrx_word' id='word_1_723' title='bbox 1092 1970 1100 1982; x_wconf 92' lang='lat'>‚</span> <span class='ocrx_word' id='word_1_724' title='bbox 1122 1959 1242 1987; x_wconf 87' lang='lat' dir='ltr'>coquant</span> <span class='ocrx_word' id='word_1_725' title='bbox 1253 1958 1350 1988; x_wconf 76' lang='lat' dir='ltr'>panem</span> <span class='ocrx_word' id='word_1_726' title='bbox 1363 1969 1371 1981; x_wconf 91' lang='lat'><em>‚</em></span> <span class='ocrx_word' id='word_1_727' title='bbox 1393 1948 1428 1975; x_wconf 89' lang='lat' dir='ltr'>de</span> <span class='ocrx_word' id='word_1_728' title='bbox 1439 1949 1559 1976; x_wconf 71' lang='lat' dir='ltr'>immun.</span> <span class='ocrx_word' id='word_1_729' title='bbox 1570 1947 1601 1975; x_wconf 84' lang='lat' dir='ltr'>in</span> <span class='ocrx_word' id='word_1_730' title='bbox 1611 1946 1762 1986; x_wconf 69' lang='lat' dir='ltr'>sextocap.</span> 
     </span>
     <span class='ocr_line' id='line_1_91' title="bbox 978 1990 1238 2025; baseline 0.004 -7"><span class='ocrx_word' id='word_1_731' title='bbox 978 1999 1002 2025; x_wconf 84' lang='lat'>5.</span> <span class='ocrx_word' id='word_1_732' title='bbox 1014 1991 1027 2021; x_wconf 75' lang='grc'>1</span> <span class='ocrx_word' id='word_1_733' title='bbox 1040 1991 1114 2019; x_wconf 88' lang='lat' dir='ltr'>Vide</span> <span class='ocrx_word' id='word_1_734' title='bbox 1124 1990 1220 2018; x_wconf 77' lang='lat' dir='ltr'><em>Blava</em></span> <span class='ocrx_word' id='word_1_735' title='bbox 1231 2011 1238 2019; x_wconf 83' lang='grc'><strong><em>.</em></strong></span> 
     </span>
    </p>
   </div>
   <div class='ocr_carea' id='block_1_25' title="bbox 93 2025 1762 2070">
    <p class='ocr_par' dir='ltr' id='par_1_26' title="bbox 93 2025 1762 2070">
     <span class='ocr_line' id='line_1_92' title="bbox 93 2025 1762 2070; baseline 0.002 -16"><span class='ocrx_word' id='word_1_736' title='bbox 93 2025 265 2054; x_wconf 69' lang='grc' dir='ltr'>Β1ςοΜΑτος</span> <span class='ocrx_word' id='word_1_737' title='bbox 278 2047 286 2058; x_wconf 87' lang='grc'>,</span> <span class='ocrx_word' id='word_1_738' title='bbox 310 2028 575 2068; x_wconf 75' lang='lat' dir='ltr'>voxlatino-greca,</span> <span class='ocrx_word' id='word_1_739' title='bbox 598 2040 658 2070; x_wconf 78' lang='lat' dir='ltr'>quae</span> <span class='ocrx_word' id='word_1_740' title='bbox 679 2029 768 2059; x_wconf 80' lang='lat' dir='ltr'>adhuc</span> <span class='ocrx_word' id='word_1_741' title='bbox 787 2031 816 2058; x_wconf 85' lang='lat' dir='ltr'>in</span> <span class='ocrx_word' id='word_1_742' title='bbox 826 2032 919 2060; x_wconf 77' lang='lat' dir='ltr'>multis</span> <span class='ocrx_word' id='word_1_743' title='bbox 932 2034 1121 2061; x_wconf 55' lang='lat' dir='ltr'>&amp;aspi-imm</span> <span class='ocrx_word' id='word_1_744' title='bbox 1134 2052 1142 2063; x_wconf 94' lang='lat'><em>‚</em></span> <span class='ocrx_word' id='word_1_745' title='bbox 1164 2026 1355 2067; x_wconf 58' lang='grc' dir='ltr'>Βλκσᾳπμῖα,</span> <span class='ocrx_word' id='word_1_746' title='bbox 1377 2026 1515 2056; x_wconf 71' lang='grc' dir='ltr'>ἀεπτιέὶίο</span> <span class='ocrx_word' id='word_1_747' title='bbox 1542 2027 1638 2058; x_wconf 58' lang='lat' dir='ltr'>samm</span> <span class='ocrx_word' id='word_1_748' title='bbox 1671 2028 1762 2058; x_wconf 89' lang='lat' dir='ltr'>hodie</span> 
     </span>
    </p>
   </div>
   <div class='ocr_carea' id='block_1_26' title="bbox 90 2065 918 2310">
    <p class='ocr_par' dir='ltr' id='par_1_27' title="bbox 90 2065 918 2266">
     <span class='ocr_line' id='line_1_93' title="bbox 133 2065 918 2111; baseline 0.01 -18"><span class='ocrx_word' id='word_1_749' title='bbox 133 2065 602 2110; x_wconf 68' lang='lat' dir='ltr'>sepulchtalibus-lapidibuslegitur</span> <span class='ocrx_word' id='word_1_750' title='bbox 614 2093 622 2104; x_wconf 94' lang='lat'>,</span> <span class='ocrx_word' id='word_1_751' title='bbox 646 2080 674 2099; x_wconf 83' lang='lat' dir='ltr'>ac</span> <span class='ocrx_word' id='word_1_752' title='bbox 692 2071 823 2104; x_wconf 81' lang='lat' dir='ltr'>denotat,</span> <span class='ocrx_word' id='word_1_753' title='bbox 844 2074 918 2111; x_wconf 89' lang='lat' dir='ltr'>quod</span> 
     </span>
     <span class='ocr_line' id='line_1_94' title="bbox 90 2107 918 2149; baseline 0.011 -15"><span class='ocrx_word' id='word_1_754' title='bbox 90 2117 93 2120; x_wconf 96' lang='lat'>·</span> <span class='ocrx_word' id='word_1_755' title='bbox 132 2115 164 2135; x_wconf 81' lang='lat' dir='ltr'>m</span> <span class='ocrx_word' id='word_1_756' title='bbox 174 2108 280 2136; x_wconf 83' lang='lat' dir='ltr'>tumulo</span> <span class='ocrx_word' id='word_1_757' title='bbox 289 2108 340 2136; x_wconf 89' lang='lat' dir='ltr'>illo</span> <span class='ocrx_word' id='word_1_758' title='bbox 350 2107 406 2137; x_wconf 78' lang='lat' dir='ltr'>duo</span> <span class='ocrx_word' id='word_1_759' title='bbox 413 2119 528 2149; x_wconf 83' lang='lat' dir='ltr'>corpora</span> <span class='ocrx_word' id='word_1_760' title='bbox 538 2112 721 2141; x_wconf 81' lang='lat' dir='ltr'>continentur</span> <span class='ocrx_word' id='word_1_761' title='bbox 730 2134 738 2144; x_wconf 90' lang='lat'><em>,</em></span> <span class='ocrx_word' id='word_1_762' title='bbox 761 2122 823 2141; x_wconf 87' lang='lat' dir='ltr'>uam</span> <span class='ocrx_word' id='word_1_763' title='bbox 835 2116 918 2149; x_wconf 70' lang='grc' dir='ltr'>σῶμα</span> 
     </span>
     <span class='ocr_line' id='line_1_95' title="bbox 132 2148 917 2190; baseline 0.009 -15"><span class='ocrx_word' id='word_1_764' title='bbox 132 2155 223 2190; x_wconf 62' lang='lat' dir='ltr'>graece</span> <span class='ocrx_word' id='word_1_765' title='bbox 241 2158 339 2187; x_wconf 80' lang='lat' dir='ltr'>corpus</span> <span class='ocrx_word' id='word_1_766' title='bbox 358 2148 510 2188; x_wconf 52' lang='lat' dir='ltr'>significan</span> <span class='ocrx_word' id='word_1_767' title='bbox 533 2152 568 2180; x_wconf 82' lang='lat' dir='ltr'>fic</span> <span class='ocrx_word' id='word_1_768' title='bbox 588 2153 672 2180; x_wconf 87' lang='lat' dir='ltr'>eriam</span> <span class='ocrx_word' id='word_1_769' title='bbox 693 2154 864 2189; x_wconf 75' lang='lat' dir='ltr'>Trisomatos</span> <span class='ocrx_word' id='word_1_770' title='bbox 887 2154 917 2182; x_wconf 90' lang='lat' dir='ltr'>in</span> 
     </span>
     <span class='ocr_line' id='line_1_96' title="bbox 133 2188 915 2232; baseline 0.009 -16"><span class='ocrx_word' id='word_1_771' title='bbox 133 2188 194 2231; x_wconf 71' lang='lat' dir='ltr'>aliis</span> <span class='ocrx_word' id='word_1_772' title='bbox 211 2189 359 2228; x_wconf 82' lang='lat' dir='ltr'>epitaphiis</span> <span class='ocrx_word' id='word_1_773' title='bbox 375 2190 498 2229; x_wconf 76' lang='lat' dir='ltr'>legitur,</span> <span class='ocrx_word' id='word_1_774' title='bbox 519 2191 588 2221; x_wconf 86' lang='lat' dir='ltr'>idest</span> <span class='ocrx_word' id='word_1_775' title='bbox 599 2213 608 2226; x_wconf 89' lang='lat'>‚</span> <span class='ocrx_word' id='word_1_776' title='bbox 631 2194 717 2222; x_wconf 89' lang='lat' dir='ltr'>trium</span> <span class='ocrx_word' id='word_1_777' title='bbox 733 2203 884 2232; x_wconf 87' lang='lat' dir='ltr'>corporum</span> <span class='ocrx_word' id='word_1_778' title='bbox 908 2215 915 2222; x_wconf 93' lang='lat'><strong><em>.</em></strong></span> 
     </span>
     <span class='ocr_line' id='line_1_97' title="bbox 134 2228 385 2266; baseline 0.004 -10"><span class='ocrx_word' id='word_1_779' title='bbox 134 2228 210 2257; x_wconf 75' lang='lat' dir='ltr'>Vide</span> <span class='ocrx_word' id='word_1_780' title='bbox 218 2231 364 2266; x_wconf 70' lang='lat' dir='ltr'>Disbmum</span> <span class='ocrx_word' id='word_1_781' title='bbox 377 2250 385 2257; x_wconf 95' lang='lat'>.</span> 
     </span>
    </p>

    <p class='ocr_par' dir='ltr' id='par_1_28' title="bbox 92 2268 917 2310">
     <span class='ocr_line' id='line_1_98' title="bbox 92 2268 917 2310; baseline 0.008 -14"><span class='ocrx_word' id='word_1_782' title='bbox 92 2268 250 2298; x_wconf 56' lang='lat' dir='ltr'>Bissacxus</span> <span class='ocrx_word' id='word_1_783' title='bbox 261 2291 271 2303; x_wconf 82' lang='lat'>,</span> <span class='ocrx_word' id='word_1_784' title='bbox 294 2271 382 2310; x_wconf 78' lang='lat' dir='ltr'>bulgae</span> <span class='ocrx_word' id='word_1_785' title='bbox 394 2292 402 2303; x_wconf 90' lang='lat'><em>,</em></span> <span class='ocrx_word' id='word_1_786' title='bbox 425 2270 513 2306; x_wconf 83' lang='lat' dir='ltr'>idest,</span> <span class='ocrx_word' id='word_1_787' title='bbox 535 2273 575 2306; x_wconf 69' lang='lat' dir='ltr'>bis</span> <span class='ocrx_word' id='word_1_788' title='bbox 583 2272 690 2303; x_wconf 75' lang='lat' dir='ltr'>saccus.</span> <span class='ocrx_word' id='word_1_789' title='bbox 715 2274 808 2309; x_wconf 69' lang='lat' dir='ltr'>[Quce</span> <span class='ocrx_word' id='word_1_790' title='bbox 819 2273 917 2303; x_wconf 84' lang='lat' dir='ltr'>scrinia</span> 
     </span>
    </p>
   </div>
   <div class='ocr_carea' id='block_1_27' title="bbox 919 2092 932 2289">
    <p class='ocr_par' dir='ltr' id='par_1_29' title="bbox 919 2092 932 2289">
     <span class='ocr_line' id='line_1_99' title="bbox 919 2092 932 2289; baseline 0 237"><span class='ocrx_word' id='word_1_791' title='bbox 919 2092 932 2289; x_wconf 95' lang='lat' dir='ltr'> </span> 
     </span>
    </p>
   </div>
   <div class='ocr_carea' id='block_1_28' title="bbox 972 2068 1762 2273">
    <p class='ocr_par' dir='ltr' id='par_1_30' title="bbox 972 2068 1762 2273">
     <span class='ocr_line' id='line_1_100' title="bbox 973 2068 1761 2110; baseline -0.001 -11"><span class='ocrx_word' id='word_1_792' title='bbox 973 2080 1065 2099; x_wconf 78' lang='lat' dir='ltr'>tamen</span> <span class='ocrx_word' id='word_1_793' title='bbox 1075 2071 1145 2110; x_wconf 83' lang='lat' dir='ltr'>apud</span> <span class='ocrx_word' id='word_1_794' title='bbox 1154 2070 1329 2100; x_wconf 76' lang='lat' dir='ltr'>Christianos</span> <span class='ocrx_word' id='word_1_795' title='bbox 1340 2069 1422 2107; x_wconf 85' lang='lat' dir='ltr'>impia</span> <span class='ocrx_word' id='word_1_796' title='bbox 1430 2068 1538 2106; x_wconf 64' lang='lat' dir='ltr'>loquela</span> <span class='ocrx_word' id='word_1_797' title='bbox 1548 2079 1644 2098; x_wconf 83' lang='lat' dir='ltr'>contra</span> <span class='ocrx_word' id='word_1_798' title='bbox 1655 2071 1761 2103; x_wconf 86' lang='lat' dir='ltr'>Deum,</span> 
     </span>
     <span class='ocr_line' id='line_1_101' title="bbox 972 2108 1760 2149; baseline -0.003 -9"><span class='ocrx_word' id='word_1_799' title='bbox 972 2115 1000 2140; x_wconf 79' lang='grc' dir='ltr'>δε</span> <span class='ocrx_word' id='word_1_800' title='bbox 1012 2113 1125 2140; x_wconf 61' lang='lat' dir='ltr'>Sanctus</span> <span class='ocrx_word' id='word_1_801' title='bbox 1134 2115 1192 2147; x_wconf 83' lang='lat' dir='ltr'>ejus</span> <span class='ocrx_word' id='word_1_802' title='bbox 1203 2110 1346 2149; x_wconf 72' lang='lat' dir='ltr'>ligntficat.</span> <span class='ocrx_word' id='word_1_803' title='bbox 1361 2111 1416 2138; x_wconf 81' lang='lat' dir='ltr'>FR.</span> <span class='ocrx_word' id='word_1_804' title='bbox 1429 2108 1548 2147; x_wconf 80' lang='lat' dir='ltr'>[Siquis</span> <span class='ocrx_word' id='word_1_805' title='bbox 1559 2120 1607 2148; x_wconf 90' lang='lat' dir='ltr'>per</span> <span class='ocrx_word' id='word_1_806' title='bbox 1618 2111 1760 2148; x_wconf 80' lang='lat' dir='ltr'>capillum,</span> 
     </span>
     <span class='ocr_line' id='line_1_102' title="bbox 974 2149 1761 2191; baseline -0.003 -10"><span class='ocrx_word' id='word_1_807' title='bbox 974 2153 1018 2181; x_wconf 92' lang='lat' dir='ltr'>vel</span> <span class='ocrx_word' id='word_1_808' title='bbox 1029 2163 1108 2191; x_wconf 77' lang='lat' dir='ltr'>caput</span> <span class='ocrx_word' id='word_1_809' title='bbox 1120 2153 1173 2180; x_wconf 90' lang='lat' dir='ltr'>Dei</span> <span class='ocrx_word' id='word_1_810' title='bbox 1184 2155 1316 2187; x_wconf 73' lang='lat' dir='ltr'>juraverit</span> <span class='ocrx_word' id='word_1_811' title='bbox 1327 2172 1334 2182; x_wconf 95' lang='lat'><em>,</em></span> <span class='ocrx_word' id='word_1_812' title='bbox 1359 2150 1403 2178; x_wconf 76' lang='lat' dir='ltr'>vel</span> <span class='ocrx_word' id='word_1_813' title='bbox 1414 2151 1472 2178; x_wconf 89' lang='lat' dir='ltr'>alio</span> <span class='ocrx_word' id='word_1_814' title='bbox 1489 2151 1574 2179; x_wconf 89' lang='lat' dir='ltr'>modo</span> <span class='ocrx_word' id='word_1_815' title='bbox 1590 2149 1761 2189; x_wconf 82' lang='lat' dir='ltr'>blasphemia</span> 
     </span>
     <span class='ocr_line' id='line_1_103' title="bbox 972 2190 1762 2230; baseline -0.003 -9"><span class='ocrx_word' id='word_1_816' title='bbox 972 2203 1069 2222; x_wconf 81' lang='lat' dir='ltr'>contra</span> <span class='ocrx_word' id='word_1_817' title='bbox 1079 2195 1171 2222; x_wconf 88' lang='lat' dir='ltr'>Deum</span> <span class='ocrx_word' id='word_1_818' title='bbox 1183 2190 1241 2220; x_wconf 84' lang='lat' dir='ltr'>usus</span> <span class='ocrx_word' id='word_1_819' title='bbox 1255 2192 1334 2219; x_wconf 74' lang='lat' dir='ltr'>tuerit</span> <span class='ocrx_word' id='word_1_820' title='bbox 1344 2213 1352 2224; x_wconf 91' lang='lat'><em>‚</em></span> <span class='ocrx_word' id='word_1_821' title='bbox 1374 2201 1432 2219; x_wconf 80' lang='lat' dir='ltr'>can.</span> <span class='ocrx_word' id='word_1_822' title='bbox 1445 2190 1463 2219; x_wconf 87' lang='lat' dir='ltr'>si</span> <span class='ocrx_word' id='word_1_823' title='bbox 1474 2191 1534 2229; x_wconf 92' lang='lat' dir='ltr'>quis</span> <span class='ocrx_word' id='word_1_824' title='bbox 1554 2198 1602 2230; x_wconf 82' lang='lat' dir='ltr'>pei·</span> <span class='ocrx_word' id='word_1_825' title='bbox 1611 2191 1741 2229; x_wconf 88' lang='lat' dir='ltr'>capillum</span> <span class='ocrx_word' id='word_1_826' title='bbox 1751 2213 1762 2224; x_wconf 92' lang='lat'><em>‚</em></span> 
     </span>
     <span class='ocr_line' id='line_1_104' title="bbox 975 2231 1761 2273; baseline -0.004 -10"><span class='ocrx_word' id='word_1_827' title='bbox 975 2246 1021 2263; x_wconf 82' lang='lat'>22.</span> <span class='ocrx_word' id='word_1_828' title='bbox 1032 2234 1126 2273; x_wconf 77' lang='lat' dir='ltr'>quaest.</span> <span class='ocrx_word' id='word_1_829' title='bbox 1142 2245 1163 2261; x_wconf 92' lang='lat'>1.</span> <span class='ocrx_word' id='word_1_830' title='bbox 1175 2235 1187 2265; x_wconf 86' lang='lat'>]</span> <span class='ocrx_word' id='word_1_831' title='bbox 1200 2235 1349 2270; x_wconf 80' lang='lat' dir='ltr'>Repeririir</span> <span class='ocrx_word' id='word_1_832' title='bbox 1357 2232 1441 2260; x_wconf 78' lang='lat' dir='ltr'>etiam</span> <span class='ocrx_word' id='word_1_833' title='bbox 1450 2232 1659 2270; x_wconf 67' lang='lat' dir='ltr'>Blasphemium</span> <span class='ocrx_word' id='word_1_834' title='bbox 1671 2231 1701 2260; x_wconf 90' lang='lat' dir='ltr'>in</span> <span class='ocrx_word' id='word_1_835' title='bbox 1713 2242 1761 2260; x_wconf 80' lang='lat' dir='ltr'>eo-</span> 
     </span>
    </p>
   </div>
   <div class='ocr_carea' id='block_1_29' title="bbox 973 2273 1143 2303">
    <p class='ocr_par' dir='ltr' id='par_1_31' title="bbox 973 2273 1143 2303">
     <span class='ocr_line' id='line_1_105' title="bbox 973 2273 1143 2303; baseline -0.012 0"><span class='ocrx_word' id='word_1_836' title='bbox 973 2274 1035 2303; x_wconf 87' lang='lat' dir='ltr'>dem</span> <span class='ocrx_word' id='word_1_837' title='bbox 1044 2273 1124 2303; x_wconf 82' lang='lat' dir='ltr'>sensu</span> <span class='ocrx_word' id='word_1_838' title='bbox 1136 2294 1143 2301; x_wconf 92' lang='lat'>.</span> 
     </span>
    </p>
   </div>
   <div class='ocr_carea' id='block_1_30' title="bbox 132 2309 1761 2395">
    <p class='ocr_par' dir='ltr' id='par_1_32' title="bbox 132 2309 1761 2395">
     <span class='ocr_line' id='line_1_106' title="bbox 133 2309 1335 2349; baseline 0.002 -12"><span class='ocrx_word' id='word_1_839' title='bbox 133 2309 163 2337; x_wconf 85' lang='lat' dir='ltr'>in</span> <span class='ocrx_word' id='word_1_840' title='bbox 175 2310 289 2348; x_wconf 75' lang='lat' dir='ltr'>quadam</span> <span class='ocrx_word' id='word_1_841' title='bbox 301 2311 402 2349; x_wconf 74' lang='lat' dir='ltr'>pochia</span> <span class='ocrx_word' id='word_1_842' title='bbox 417 2333 425 2345; x_wconf 92' lang='lat'><em>‚</em></span> <span class='ocrx_word' id='word_1_843' title='bbox 444 2311 492 2340; x_wconf 82' lang='lat' dir='ltr'>seu</span> <span class='ocrx_word' id='word_1_844' title='bbox 502 2312 628 2343; x_wconf 79' lang='lat' dir='ltr'>bifficio.</span> <span class='ocrx_word' id='word_1_845' title='bbox 649 2316 684 2344; x_wconf 90' lang='lat' dir='ltr'>In</span> <span class='ocrx_word' id='word_1_846' title='bbox 704 2315 761 2343; x_wconf 77' lang='lat' dir='ltr'>vita</span> <span class='ocrx_word' id='word_1_847' title='bbox 782 2316 918 2344; x_wconf 87' lang='lat' dir='ltr'>Venerab.</span> <span class='ocrx_word' id='word_1_848' title='bbox 934 2319 1050 2345; x_wconf 66' lang='lat' dir='ltr'>BLATIN</span> <span class='ocrx_word' id='word_1_849' title='bbox 1062 2336 1069 2343; x_wconf 91' lang='lat'><strong><em>.</em></strong></span> <span class='ocrx_word' id='word_1_850' title='bbox 1093 2314 1166 2342; x_wconf 89' lang='lat' dir='ltr'>Vide</span> <span class='ocrx_word' id='word_1_851' title='bbox 1187 2314 1335 2341; x_wconf 70' lang='lat' dir='ltr'>Blattum.</span> 
     </span>
     <span class='ocr_line' id='line_1_107' title="bbox 132 2349 1761 2395; baseline 0.002 -17"><span class='ocrx_word' id='word_1_852' title='bbox 132 2351 227 2379; x_wconf 70' lang='lat' dir='ltr'>Maria·</span> <span class='ocrx_word' id='word_1_853' title='bbox 239 2351 274 2380; x_wconf 85' lang='lat' dir='ltr'>de</span> <span class='ocrx_word' id='word_1_854' title='bbox 283 2351 398 2381; x_wconf 81' lang='lat' dir='ltr'>Miliaco</span> <span class='ocrx_word' id='word_1_855' title='bbox 408 2357 454 2382; x_wconf 84' lang='lat'>28.</span> <span class='ocrx_word' id='word_1_856' title='bbox 466 2354 548 2383; x_wconf 81' lang='lat' dir='ltr'>Mart.</span> <span class='ocrx_word' id='word_1_857' title='bbox 562 2356 576 2387; x_wconf 92' lang='grc'><strong>]</strong></span> <span class='ocrx_word' id='word_1_858' title='bbox 594 2355 670 2386; x_wconf 87' lang='lat' dir='ltr'>Vide</span> <span class='ocrx_word' id='word_1_859' title='bbox 685 2357 788 2387; x_wconf 75' lang='lat' dir='ltr'>Pochia</span> <span class='ocrx_word' id='word_1_860' title='bbox 799 2376 807 2384; x_wconf 86' lang='lat'><strong>.</strong></span> <span class='ocrx_word' id='word_1_861' title='bbox 832 2361 918 2395; x_wconf 74' lang='lat' dir='ltr'>scrip·</span> <span class='ocrx_word' id='word_1_862' title='bbox 933 2359 1054 2389; x_wconf 62' lang='lat' dir='ltr'>Burro,</span> <span class='ocrx_word' id='word_1_863' title='bbox 1075 2359 1099 2383; x_wconf 71' lang='lat' dir='ltr'>is</span> <span class='ocrx_word' id='word_1_864' title='bbox 1111 2377 1119 2387; x_wconf 90' lang='lat'><em>,</em></span> <span class='ocrx_word' id='word_1_865' title='bbox 1142 2354 1321 2393; x_wconf 81' lang='lat' dir='ltr'>infipienter‚</span> <span class='ocrx_word' id='word_1_866' title='bbox 1342 2356 1372 2384; x_wconf 74' lang='grc' dir='ltr'>ὃς</span> <span class='ocrx_word' id='word_1_867' title='bbox 1399 2352 1476 2383; x_wconf 82' lang='lat' dir='ltr'>varie</span> <span class='ocrx_word' id='word_1_868' title='bbox 1501 2353 1602 2392; x_wconf 84' lang='lat' dir='ltr'>loquor</span> <span class='ocrx_word' id='word_1_869' title='bbox 1612 2371 1620 2380; x_wconf 89' lang='lat'><em>.</em></span> <span class='ocrx_word' id='word_1_870' title='bbox 1641 2349 1761 2382; x_wconf 69' lang='lat' dir='ltr'>Terriillv</span> 
     </span>
    </p>
   </div>
   <div class='ocr_carea' id='block_1_31' title="bbox 129 2393 397 2433">
    <p class='ocr_par' dir='ltr' id='par_1_33' title="bbox 129 2393 397 2433">
     <span class='ocr_line' id='line_1_108' title="bbox 129 2393 397 2433; baseline 0.007 -12"><span class='ocrx_word' id='word_1_871' title='bbox 129 2398 197 2428; x_wconf 57' lang='lat' dir='ltr'>pam</span> <span class='ocrx_word' id='word_1_872' title='bbox 208 2412 216 2432; x_wconf 71' lang='lat'><strong>3</strong></span> <span class='ocrx_word' id='word_1_873' title='bbox 236 2393 377 2433; x_wconf 62' lang='lat' dir='ltr'>sitarchia</span> <span class='ocrx_word' id='word_1_874' title='bbox 388 2413 397 2423; x_wconf 80' lang='grc'><strong><em>.</em></strong></span> 
     </span>
    </p>
   </div>
   <div class='ocr_carea' id='block_1_32' title="bbox 919 2418 932 2481">
    <p class='ocr_par' dir='ltr' id='par_1_34' title="bbox 919 2418 932 2481">
     <span class='ocr_line' id='line_1_109' title="bbox 919 2418 932 2481; baseline 0 45"><span class='ocrx_word' id='word_1_875' title='bbox 919 2418 932 2481; x_wconf 95' lang='lat' dir='ltr'> </span> 
     </span>
    </p>
   </div>
   <div class='ocr_carea' id='block_1_33' title="bbox 975 2396 1724 2464">
    <p class='ocr_par' dir='ltr' id='par_1_35' title="bbox 975 2396 1724 2464">
     <span class='ocr_line' id='line_1_110' title="bbox 975 2396 1126 2427; baseline -0.013 -1"><span class='ocrx_word' id='word_1_876' title='bbox 975 2396 1009 2426; x_wconf 88' lang='lat' dir='ltr'>de</span> <span class='ocrx_word' id='word_1_877' title='bbox 1019 2396 1109 2427; x_wconf 81' lang='lat' dir='ltr'>Pallio</span> <span class='ocrx_word' id='word_1_878' title='bbox 1118 2414 1126 2424; x_wconf 86' lang='lat'>.</span> 
     </span>
     <span class='ocr_line' id='line_1_111' title="bbox 1625 2433 1724 2464; baseline 0.01 -3"><span class='ocrx_word' id='word_1_879' title='bbox 1625 2433 1724 2464; x_wconf 66' lang='lat' dir='ltr'>Bim-</span> 
     </span>
    </p>
   </div>
  </div>
 </body>
</html>
