1866 2526
134 78 214 131 648
503 75 531 117 S
563 75 606 118 U

116 146 151 164 na
162 157 170 168 ,
181 146 238 164 non
248 133 483 172 manducetur5qui
493 131 701 163 manducaverit
712 153 719 164 ,
737 133 840 169 jejunet
851 129 915 158 lieb—

118 175 245 204 domadas
256 177 308 204 IV.
319 175 346 204 Si
356 185 451 213 porcus
465 196 472 207 ,
492 176 538 202 vel
546 173 650 212 gallina
670 170 873 200 manducaverit
885 170 917 197 de

117 226 232 255 corpore
242 214 390 244 hominum
402 238 408 249 ,
421 226 477 243 non
486 214 664 242 manducetur
673 234 681 246 ,
693 222 781 250 neque
792 210 915 239 servetur

121 257 155 285 ad
164 255 256 285 semen
266 266 274 287 ς
285 255 331 284 sed
341 255 482 284 occidatur
493 275 501 286 ,
511 258 539 282 δε
549 253 657 281 canibus
667 253 787 280 tradatur
796 272 803 278 .
822 250 848 279 Si
861 250 920 288 quis

117 299 196 335 lupus
214 296 365 334 plagaverit
374 294 492 327 animal,
511 297 540 323 δε
551 303 690 322 mortuum
713 292 793 320 suerit
806 312 814 324 ,
837 301 920 318 nemo

118 337 263 365 manducet
275 357 282 368 ,
293 340 320 364 ὃ(
332 336 351 364 fi
362 335 464 363 vixerit
475 356 484 367 ‚
505 338 531 363 δε
541 334 632 372 postea
643 344 704 361 eum
716 332 800 360 homo
813 331 919 359 occide-

120 377 158 406 rit
168 398 176 409 ,
195 376 372 404 manducetur
381 395 388 402 .
406 375 471 404 Sive
481 385 543 403 cum
551 385 629 412 capra
641 395 647 406 ,
667 373 723 401 stve
733 383 793 400 cum
804 381 901 410 pecore
911 392 918 402 2

121 427 165 446 aut
175 426 235 444 cum
245 417 300 444 alio
309 415 421 444 animali
430 415 450 444 fi
460 415 614 454 peccaverit
623 414 710 442 homo
720 423 781 442 cuin
791 421 919 445 eo,nemo

121 457 268 486 manducet
276 467 387 485 carnem
396 459 451 492 ejus
463 467 469 487 3
483 456 529 484 sed
544 455 683 483 occidatur
693 476 700 487 ‚
714 458 741 483 ὅ(
751 453 860 482 canibus
871 462 922 480 tra-

120 499 225 528 datum]
238 497 289 525 Sed
298 496 358 525 haec
370 496 672 535 minimefrcperiuntur
685 495 713 522 in
723 493 922 523 Poenitentiale

120 537 296 575 Halithgarii
307 538 377 575 apud
388 537 643 571 Canii'ium‚tom.5.
653 545 710 564 ant.
720 535 782 563 1661.
794 536 853 564 Nec
865 535 923 562 Me-

120 578 201 609 nardi
210 576 316 606 assertio
330 578 412 609 valet,
423 578 497 616 quod
507 577 578 616 apud
590 577 731 606 Cannium
740 585 846 603 tantum
857 573 919 602 libri

121 619 242 659 quinque
252 617 424 657 Halitligarii
435 619 621 657 reperiantur,
642 621 668 646 &
683 626 764 655 quem
779 615 924 644 sitien-ardus

122 659 199 689 affert
208 680 215 691 ‚
228 658 315 687 ass'erit
326 658 375 686 ess'e
386 658 493 689 sextum
507 657 680 696 Halithgarii
690 658 799 686 libi-iim5
812 665 874 683 narn
884 665 922 684 er-

123 710 164 729 rat
174 699 281 738 prorsus
293 721 301 732 ‚
313 710 368 727 tum
380 700 441 738 quia
452 699 550 728 nullibi
559 698 663 727 constat
673 697 746 725 hunc
757 696 925 734 Scriptorem

121 740 230 769 sextum
241 740 337 768 librum
347 739 596 778 composuifl'e,tum
605 739 686 766 etiam
697 748 730 765 ex
742 737 814 771 stylo
824 736 854 764 fit
864 737 925 764 evi-

124 781 191 810 dens
202 780 280 816 hujus
291 780 363 808 sexti
374 781 436 809 libri
448 780 612 819 suppolititii
624 793 630 807 .-
642 778 764 816 quinque
776 777 851 805 enim
864 777 926 805 libri

122 820 297 859 Halithgarii
306 822 376 859 apud
385 822 526 850 Cannium
537 819 601 849 sunt
614 821 749 857 elegantes
759 839 768 850 ,
785 826 812 845 at
831 817 877 844 hic
889 816 926 844 as-

126 861 211 890 sertus
225 861 318 889 sextus
328 861 365 889 est
379 862 457 890 valde
468 861 540 890 rudis
550 883 557 895 ,
577 865 604 890 ὃ(
617 861 724 896 ineptus
735 881 742 887 .
752 857 867 895 Insuper
877 868 927 885 uo—

126 902 247 930 tabilitei·
257 911 326 930 errat
338 902 439 931 ibidem
450 902 595 930 Mensirdus
605 923 613 933 ,
633 899 744 928 asserens
764 898 938 935 supi-adieras

124 942 241 980 ineptias
251 952 283 970 ex
296 944 483 980 poenitentiali
495 945 623 971 Romano
635 940 787 979 desumptas
799 937 882 970 fuill'e,
894 938 927 966 de

125 985 220 1021 quibus
231 983 272 1011 nil
283 981 391 1020 prorsus
404 994 433 1012 in
446 986 573 1012 Romano
585 982 770 1021 poenitentiali
782 1002 788 1012 ,
802 980 875 1017 quod
888 979 927 1006 vi-

126 1025 191 1052 dere
202 1023 239 1051 est
249 1023 319 1060 apud
331 1024 487 1052 Antonium
496 1025 680 1062 Augustinum
691 1019 929 1058 Arcliiepisc.Tai·-

126 1063 254 1093 racon.in
265 1064 340 1091 tract.
353 1075 425 1100 cujus
438 1065 533 1092 titulus
542 1064 578 1092 est
592 1074 597 1091 :
612 1065 739 1091 Canones
751 1060 928 1101 poenitentiii-

128 1106 168 1132 les
179 1126 187 1137 ,
207 1103 316 1133 seorsim
335 1105 425 1133 editus
446 1106 574 1133 Venetiis
595 1104 664 1143 apud
682 1104 748 1132 Foei.
766 1102 929 1140 Valgnsmm

134 1154 219 1180 1584-
231 1146 302 1172 Item
311 1147 382 1183 apud
392 1146 491 1174 Hedam
510 1146 538 1174 in
550 1145 603 1173 fine
615 1155 682 1172 tom.
697 1149 720 1172 8.
733 1145 778 1172 lib.
797 1143 831 1170 de
843 1152 928 1170 reme-

128 1186 180 1213 diis
192 1196 362 1223 peccatorum
373 1208 380 1219 ,
401 1197 458 1225 cap.
469 1186 503 1214 de
515 1186 655 1213 immunda
674 1195 753 1213 carne
763 1184 820 1212 litet
832 1183 932 1210 haben-

127 1235 172 1254 tur
184 1237 190 1252 :
214 1231 225 1260 [
237 1226 291 1261 Qui
305 1228 445 1256 manducat
455 1237 562 1254 carnem
571 1226 739 1254 immundam
749 1247 756 1258 ‚
777 1233 821 1253 aut
833 1223 930 1252 dilace-

130 1276 236 1295 ratama
246 1266 337 1294 bestiis
350 1289 357 1299 ‚
368 1279 412 1297 xi..
425 1268 483 1296 dies
493 1268 636 1306 poeniteat.
648 1266 675 1297 Si
686 1265 842 1294 necessitate
855 1264 932 1292 famis

130 1315 250 1344 cogente
261 1328 269 1339 ‚
288 1309 376 1335 inulto
387 1310 482 1336 levuis.
494 1308 553 1335 Mus
565 1308 583 1335 si
594 1308 724 1337 ceciderit
734 1308 764 1335 in
774 1307 910 1344 liquorem
922 1327 929 1338 ,

133 1348 248 1376 tollatur
258 1347 362 1379 inde,&
372 1348 527 1387 aspergatur
537 1348 628 1386 liquor
638 1351 684 1377 ille
696 1358 762 1387 aqua
771 1346 910 1375 beneilista
921 1367 930 1373 .

131 1389 159 1416 Si
171 1397 238 1416 vero
249 1396 356 1417 mortua
367 1389 409 1421 sit,
420 1390 560 1424 abjiciatur
571 1398 643 1417 totus
653 1390 746 1427 liquor
758 1409 765 1420 ‚
778 1397 827 1415 uec
839 1387 868 1414 ab
878 1386 930 1413 ho-

133 1428 251 1456 minibus
262 1427 389 1461 sumatur,
400 1429 455 1457 live
464 1430 503 1457 lac
514 1429 556 1461 sit,
569 1430 623 1458 live
634 1429 759 1462 cervilia;
771 1428 816 1456 vel
826 1427 929 1465 aliquid

132 1467 304 1504 hujusmodi:
325 1469 399 1507 quod
411 1470 430 1498 si
441 1479 562 1498 mortuus
572 1470 603 1498 fit
614 1492 622 1502 ‚
641 1471 732 1509 liquor
750 1469 797 1496 ille
807 1490 814 1501 ‚
834 1467 864 1496 in
877 1478 931 1505 quo

137 1519 194 1537 mus
205 1530 212 1541 ‚
224 1509 269 1537 vel
279 1510 396 1538 muscula
406 1510 532 1538 incidens
542 1512 672 1543 moritur,
687 1518 818 1548 purgetur
830 1529 838 1540 ,
857 1511 884 1536 ὅ(
896 1506 933 1535 as-

132 1559 263 1589 pergatur
270 1560 337 1587 aqua
347 1550 434 1579 saneta
446 1572 452 1583 ,
464 1556 491 1580 ὃ(
503 1551 622 1580 sumatur
634 1573 642 1585 ,
655 1552 673 1580 fi
685 1549 824 1579 neccffitas
836 1549 867 1577 lit
876 1568 885 1575 .
904 1548 931 1576 Si

133 1600 191 1620 avis
201 1589 392 1619 stercoraverit
404 1591 431 1619 in
442 1601 637 1631 quemcumque
648 1589 934 1630 liqu01·eni‚liujusmo-

136 1632 165 1660 di
173 1631 287 1659 tollatur
297 1632 394 1660 stercus
404 1653 412 1664 ‚
424 1637 450 1661 ὃ(
463 1634 610 1662 mundetur
620 1634 692 1661 cibus
705 1642 771 1670 aqua
780 1630 931 1661 benedista,

134 1670 292 1700 &sumatur
303 1692 310 1699 .
332 1671 556 1712 Quisangninein
577 1673 681 1702 nescius
700 1682 760 1701 cum
772 1671 856 1700 saliva
874 1669 931 1697 sor-

136 1714 262 1755 betinon
271 1713 296 1740 ei
307 1713 415 1741 nocebit
426 1735 433 1742 .
443 1715 499 1749 Qui
512 1715 674 1742 mmducans
686 1735 693 1746 ‚
706 1712 818 1750 proprio
831 1710 929 1748 pollui-

137 1761 182 1796 tur
191 1752 291 1781 inscius
307 1775 312 1787 ,
333 1765 391 1782 non
402 1755 427 1782 ei
440 1764 538 1783 nocet.
566 1755 592 1783 Si
602 1763 692 1782 autem
701 1753 750 1781 scit
762 1775 769 1785 ,
792 1752 932 1790 poeuiten-

135 1803 201 1822 tiam
213 1803 272 1832 agat
293 1797 366 1827 juxta
375 1795 487 1823 modum
499 1795 679 1834 pollutionis.
693 1797 704 1825 ]
728 1797 762 1821 Et
775 1803 832 1830 cap.
844 1792 876 1819 de
888 1792 931 1819 di-

138 1833 220 1862 versis
241 1835 321 1863 causis
332 1856 338 1867 ,
360 1836 461 1864 ibidem
479 1835 537 1864 haec
556 1835 652 1863 habet:
675 1834 730 1869 Qui
744 1831 931 1861 morticinium

139 1872 237 1917 inscius
250 1896 256 1907 ,
267 1877 324 1904 XL.
334 1875 394 1904 dies
405 1877 538 1915 poeniteat
549 1898 556 1909 ‚
569 1876 587 1904 fi
599 1885 690 1904 autem
701 1874 785 1902 sciens
797 1895 805 1906 ‚
827 1874 862 1901 C.
875 1873 931 1900 dies

138 1924 275 1953 poeniteat
286 1937 293 1943 .
306 1917 361 1950 Qui
372 1917 520 1946 fraudatum
532 1918 653 1945 comedit
664 1938 672 1949 ,
692 1919 718 1944 ὅ(
728 1916 765 1943 est
777 1914 856 1951 inops
867 1934 874 1946 ‚
886 1914 930 1941 vel

140 1955 222 1984 hebes
231 1976 239 1988 s
260 1958 314 1985 lv.
326 1958 382 1987 dies
391 1968 525 1996 poeniteat
536 1979 543 1985 .
565 1959 628 1986 Sani
639 1966 729 1985 autem
741 1978 749 1989 ‚
761 1959 787 1983 δε
798 1954 902 1982 infirmi
913 1954 931 1981 si

138 1996 228 2024 sciunt
241 2017 249 2029 ‚
260 1999 317 2027 XL.
326 2000 384 2027 dies
395 2000 552 2036 poeniteant
563 2018 570 2025 .
590 1998 646 2034 Qui
658 1997 730 2035 saepe
742 1996 844 2023 faciunt
853 2015 861 2027 ,
873 1995 930 2022 111.

140 2036 354 2080 quadragesimas
363 2062 370 2072 ‚
384 2040 429 2068 vel
441 2049 542 2068 annum
553 2059 560 2066 .
582 2040 637 2074 Qui
647 2037 769 2066 comedit
779 2059 787 2070 ,
809 2035 853 2063 vcl
863 2035 929 2062 bibit

141 2088 154 2106 a
166 2079 293 2105 famllmri
303 2081 384 2108 bestia
397 2101 404 2113 ‚
416 2080 484 2108 idest
496 2102 504 2112 ,
515 2089 581 2108 cane
590 2100 598 2112 ‚
610 2079 654 2108 vel
665 2088 738 2107 catto
749 2098 756 2109 ,
769 2081 796 2106 δι
807 2075 857 2103 scit
868 2096 876 2107 ‚
898 2076 932 2102 C·

143 2116 259 2160 psalmos
270 2130 362 2148 cantet
373 2143 380 2154 ‚
400 2121 443 2150 vel
455 2131 538 2149 unum
549 2120 623 2148 diem
633 2122 738 2155 jejunet
750 2138 757 2145 .
782 2117 877 2154 Siquis
887 2116 933 2142 de-

143 2159 216 2201 derit
225 2158 303 2187 alicui
315 2162 450 2199 liquorem
462 2182 468 2193 ‚
490 2162 518 2189 in
531 2171 584 2198 quo
595 2170 651 2188 mus
660 2182 667 2193 ‚
684 2160 728 2188 vel
739 2157 851 2186 mustela
862 2166 933 2183 moi·-

143 2208 189 2228 tua
199 2200 392 2234 inveniuntur,
405 2202 425 2230 si
433 2201 578 2233 secularis,
589 2202 643 2229 IV.
652 2201 709 2228 dies
723 2198 856 2237 poeniteat
867 2200 905 2225 &t
913 2198 934 2226 .]

141 2242 216 2270 Item
226 2240 392 2269 Burchardus
403 2241 627 2270 Uvormatienfis
647 2240 794 2278 Episcopus
817 2238 851 2265 de
871 2238 935 2265 locis

144 2282 330 2311 communibus
341 2283 524 2310 Decretorusn
543 2286 594 2310 ἃς.
617 2282 662 2309 lib.
679 2292 724 2317 19·
742 2289 801 2317 cap.
817 2286 880 2307 106.
903 2288 935 2304 ex

143 2322 383 2361 poenitententiali
393 2325 521 2351 Romano
533 2320 627 2351 aflerto
639 2343 647 2354 ‚
666 2321 726 2349 liaec
738 2320 834 2348 habet:
856 2324 867 2352 [
881 2319 935 2354 Qui

144 2363 267 2391 comedit
276 2383 284 2394 ,
296 2363 340 2391 vel
349 2364 416 2392 bibit
426 2362 574 2392 intinftum
585 2373 618 2390 ex
631 2361 759 2390 familiari
768 2358 937 2390 bestia‚ide1t‚

145 2413 210 2433 cane
218 2424 226 2437 ,
240 2403 364 2436 velcatto
374 2425 383 2438 ,,
394 2408 420 2433 ὃς
429 2403 480 2433 scit
488 2425 497 2439 ‚
508 2405 543 2435 C.
553 2402 670 2442 psalmos
681 2411 772 2431 cantet
781 2411 791 2432 i
801 2400 821 2429 si
830 2397 917 2428 nescit
929 2419 936 2430 ‚

974 130 1042 160 duos
1051 131 1107 160 dies
1117 132 1239 167 jejunet,
1259 133 1304 161 vel
1324 129 1488 160 firedimere
1501 130 1637 165 voluerit,
1659 131 1689 162 L
1708 132 1777 172 psalss

975 181 1033 200 mos
1042 181 1140 200 cantet.
1153 171 1180 199 Si
1192 171 1222 199 in
1231 168 1374 200 Goenbbiis
1384 173 1545 211 contigerit,
1556 174 1647 202 CCC.
1659 173 1776 213 psalmos

976 221 1068 241 cantet
1079 233 1086 240 .
1099 215 1112 244 ]
1124 211 1195 240 Beda
1207 221 1273 240 vero
1282 211 1310 239 in
1320 212 1396 240 dicto
1405 213 1450 241 lib.
1459 213 1492 241 de
1502 214 1602 243 remed.
1615 224 1777 253 peccancap.

977 253 1012 282 de
1021 252 1135 281 diversis
1145 252 1225 280 causis
1244 250 1339 280 habet:
1362 251 1412 287 [Si
1423 252 1556 283 saecularis
1567 255 1605 284 est
1615 277 1624 288 ‚
1643 257 1656 284 I
1664 258 1695 284 V.
1716 255 1774 283 dies

979 294 1114 333 poeniteat
1126 313 1134 325 ,
1145 292 1175 320 111
1185 291 1327 325 coenobfis,
1335 293 1428 321 CCC.
1438 293 1553 330 psalmos
1562 296 1713 334 cantet,qui
1724 305 1740 333 p
1747 306 1778 324 0-

979 335 1033 363 stea
1043 332 1155 362 noverit
1165 354 1173 365 ‚
1193 333 1268 371 quod
1280 333 1362 360 talem
1376 341 1470 370 potum
1480 335 1579 364 biberit
1588 358 1596 370 ‚
1616 336 1778 375 psalterium

978 378 1081 403 cantet.
1095 377 1108 406 ]
1120 373 1288 402 Burchardus
1298 372 1386 401 habet:
1400 372 1469 407 [Qui
1479 374 1568 411 postea
1578 376 1776 415 noverit,quod

979 417 1060 444 talem
1074 424 1168 453 potum
1179 414 1275 442 biberit
1285 435 1292 447 ,
1311 414 1370 443 CL.
1381 412 1495 451 psalmos
1503 422 1594 444 mmet
1605 437 1611 444 .
1630 418 1657 446 Si
1667 417 1726 456 quis
1736 416 1777 446 se-

979 456 1126 484 micoctum
1135 454 1287 483 comederit
1299 454 1397 482 inscius
1407 475 1414 487 ‚
1426 463 1479 481 tres
1489 454 1545 483 dies
1555 457 1685 493 poeniteat
1697 479 1705 490 ‚
1731 456 1776 486 ve!

979 496 1136 535 psalterium
1146 503 1236 523 cantet
1248 517 1255 528 ‚
1265 493 1353 523 sciens
1361 504 1451 523 autem
1469 496 1532 523 VII.
1544 495 1603 524 dies
1613 499 1750 534 poeniteat.
1762 500 1775 528 3

980 537 1067 566 Beda:
1081 536 1195 571 [Sciens
1205 545 1296 564 autem
1307 557 1314 568 ,
1335 537 1388 564 IV.
1401 536 1458 565 dies
1470 536 1606 573 poeniteat
1616 540 1668 564 Sec.
1677 540 1689 568 ]
1699 538 1774 566 Cum

980 577 1137 607 Burchardo
1148 576 1296 605 concordat
1305 578 1358 605 Ivo
1368 577 1484 605 Carnor.
1494 576 1524 604 in
1535 576 1635 605 decret.
1647 584 1716 615 pai-t.
1732 586 1777 612 ¹5-

980 618 1013 647 de
1025 618 1123 656 poenit.
1146 628 1205 655 cap.
1231 622 1293 646 118.
1304 617 1356 646 Sed
1377 617 1474 645 similia
1492 617 1695 654 poenitentialia
1715 617 1779 644 licet

979 659 1048 697 apud
1058 657 1168 686 eosdem
1181 658 1313 686 Auffores
1333 660 1458 687 Roman-J
1477 658 1638 690 afferantur,
1655 668 1711 685 non
1730 656 1780 685 effe

981 700 1044 728 talia
1055 721 1062 732 ,
1073 709 1106 726 ex
1118 698 1275 736 supmdistis
1285 700 1339 734 jam
1350 697 1487 726 ostensum
1497 699 1535 727 est
1551 720 1558 732 ,
1573 703 1600 727 δε
1610 708 1692 726 omne
1703 696 1785 732 hujus

981 739 1117 778 aequivoci
1128 740 1227 767 malum
1246 740 1275 767 ab
1287 740 1427 777 Aquilone
1437 739 1555 777 pendere
1573 738 1636 766 satis
1651 738 1761 766 videtur
1773 757 1783 769 ,

981 781 1046 809 duni
1055 779 1124 817 apud
1144 782 1296 808 Germanos
1308 780 1437 808 Auctores
1449 801 1457 812 ‚
1480 780 1535 807 five
1554 779 1786 808 Ultramontanos·

981 821 1038 849 haec
1056 830 1210 848 commenta
1229 819 1400 857 reperiuntur
1412 841 1419 852 ,
1438 823 1465 848 &
1477 831 1536 847 non
1556 830 1639 857 penes
1652 820 1785 848 Austores

983 862 1068 890 Italos
1078 884 1086 895 ,
1106 871 1154 888 nec
1169 860 1196 888 in
1205 860 1319 888 Ecclelia
1330 862 1454 888 Romana
1465 861 1548 888 talem
1559 860 1720 898 opinionem
1731 869 1784 887 un<

983 912 1062 940 quam
1082 899 1201 928 extitille
1217 901 1351 938 reperitur
1362 921 1368 927 .
1392 900 1467 928 Hinc
1477 901 1705 929 Ultrainontzinus
1717 900 1787 928 Dit-

985 952 1072 970 marus
1083 941 1311 980 lvlersepurgensis
1322 940 1413 978 Episc.
1427 940 1472 978 qui
1483 941 1511 968 in
1521 941 1685 980 ignorantiae
1699 939 1783 968 saesu-

983 985 1012 1011 lo
1025 983 1137 1015 vixerat,
1149 982 1219 1010 lianc
1230 982 1394 1020 opinionem
1406 981 1439 1010 sic
1453 980 1572 1010 futiliter
1581 981 1785 1009 defendit:Ter-

984 1024 1021 1051 tia
1032 1022 1130 1061 species
1140 1023 1176 1051 est
1187 1024 1285 1051 aniinae
1297 1022 1472 1059 pecudun1‚ac
1485 1022 1711 1059 volatiliuimquae
1723 1030 1785 1048 cum

983 1073 1097 1101 corpore
1110 1073 1199 1101 parem
1211 1063 1304 1095 initii,
1325 1062 1442 1100 finisque
1452 1062 1568 1091 sortitur
1577 1062 1761 1100 :equalitatem
1773 1080 1781 1088 .

981 1105 1069 1134 Unde
1080 1104 1145 1132 ficut
1157 1104 1186 1132 in
1199 1104 1256 1142 lege
1268 1104 1385 1138 Moysm,
1396 1103 1520 1131 Domino
1534 1104 1604 1135 data,
1615 1101 1784 1141 pi·.ecipitur;

984 1146 1022 1174 ita
1035 1154 1115 1173 verus
1126 1144 1295 1174 Christicola
1313 1145 1342 1172 :ib
1362 1154 1455 1172 eorum
1465 1143 1596 1181 sanguine
1615 1151 1784 1181 nequaquam

984 1186 1086 1225 pollui,
1100 1185 1232 1214 canonica
1243 1186 1400 1213 aud-oritate
1421 1183 1596 1223 prohibetur.
1616 1183 1699 1211 Multi
1713 1182 1787 1210 enim

984 1227 1047 1255 sunt
1058 1237 1185 1265 pauperes
1196 1248 1203 1258 ‚
1216 1226 1263 1264 qui
1275 1225 1327 1253 hoc
1339 1226 1366 1253 in
1379 1224 1611 1254 usucomestionis
1621 1224 1722 1252 liabent
1735 1244 1743 1255 ‚
1759 1226 1786 1250 &

984 1266 1012 1295 se
1023 1268 1052 1295 in
1061 1267 1113 1295 hoc
1124 1266 1228 1305 aliquid
1239 1276 1348 1304 peccare
1358 1266 1527 1305 ignorantem
1539 1265 1587 1293 fibi
1598 1265 1626 1292 in
1637 1263 1686 1292 hac
1700 1285 1707 1296 ,
1719 1273 1787 1291 con-

985 1307 1179 1335 tradicentibus
1189 1308 1302 1338 cunctis,
1314 1306 1448 1334 resistunt.
1459 1309 1532 1343 Ergo
1543 1315 1570 1333 tu
1581 1304 1668 1332 homo
1677 1303 1765 1342 gloria
1777 1323 1787 1335 2,

984 1352 1011 1376 ἃ
1022 1358 1123 1386 magno
1133 1346 1241 1375 honore
1251 1358 1263 1374 a
1276 1346 1401 1375 Domino
1412 1355 1542 1373 coronate
1553 1366 1560 1377 ‚
1570 1349 1598 1372 ἃ
1607 1344 1685 1382 super
1693 1343 1788 1371 omnia

984 1388 1104 1424 ejusdem
1114 1397 1195 1425 opera
1204 1387 1350 1415 constitute
1363 1409 1370 1419 ,
1391 1386 1423 1413 da
1433 1396 1482 1423 pro
1493 1385 1616 1413 omnibus
1626 1384 1724 1422 gratias
1735 1385 1786 1412 Al-

988 1428 1091 1457 tiffimo
1103 1450 1109 1460 ,
1129 1429 1278 1456 retribuens
1289 1428 1314 1456 ei
1325 1437 1374 1464 pro
1384 1425 1560 1464 polsibilitate
1579 1435 1623 1452 tua
1635 1446 1643 1457 ‚
1665 1435 1724 1463 qux
1736 1423 1787 1452 tibi

989 1469 1054 1498 fecit
1064 1467 1239 1497 miseratione
1250 1466 1304 1500 sua,
1320 1468 1382 1497 l.1.]
1396 1467 1488 1501 Quare
1497 1465 1625 1493 credibile
1635 1466 1671 1493 est
1684 1465 1712 1492 in
1721 1474 1789 1502 ope-

991 1510 1061 1538 ribus
1071 1509 1152 1538 Bedae
1165 1530 1172 1541 ,
1193 1511 1219 1537 ὅ(
1233 1508 1349 1536 aliorum
1358 1506 1433 1544 supra
1443 1516 1456 1534 a
1467 1505 1583 1537 Graecis,
1593 1504 1648 1532 five
1668 1505 1697 1532 ab
1707 1505 1788 1532 indo-

985 1551 1034 1578 ctis
1044 1549 1147 1577 additas
1166 1548 1265 1578 fimiles
1278 1548 1395 1586 ineptias
1414 1544 1506 1574 1111116.
1525 1545 1596 1573 Satis
1612 1544 1688 1573 enim
1703 1544 1792 1583 liquet

989 1591 1018 1619 in
1030 1591 1109 1619 nullo
1119 1589 1246 1628 legitimo
1257 1611 1264 1622 ,
1276 1599 1303 1617 ac
1315 1587 1447 1617 Generali
1460 1586 1592 1615 Concilio
1605 1607 1611 1618 ,
1631 1596 1680 1614 nec
1689 1585 1719 1613 ab
1730 1585 1791 1613 ullo

987 1634 1025 1660 Po
1031 1631 1122 1659 ntifice
1133 1633 1263 1659 Romano
1274 1629 1336 1657 talia
1347 1626 1513 1666 supposititia
1523 1627 1630 1654 decreta
1643 1624 1717 1654 fuiffe
1728 1635 1792 1663 pro-

986 1674 1040 1701 lata
1052 1683 1059 1702 3
1072 1672 1128 1699 imo
1139 1681 1171 1698 ex
1184 1670 1288 1699 Rabani
1299 1671 1387 1698 Meum
1399 1666 1592 1697 Poenitentiale
1603 1688 1610 1698 ‚
1623 1666 1791 1694 contrarium

987 1713 1092 1740 constat
1103 1733 1111 1743 ‚
1131 1710 1237 1739 scilicet
1251 1733 1257 1742 ,
1278 1720 1325 1748 per
1336 1709 1492 1737 suffocatum
1505 1718 1562 1735 non
1574 1706 1769 1744 strangulatum
1782 1727 1791 1738 2

986 1752 1033 1781 sed
1045 1752 1217 1780 immolatum
1229 1749 1391 1778 intellexiste
1402 1752 1543 1777 Romanos
1552 1746 1711 1778 Pontifices,
1721 1747 1786 1774 dui-n

993 1803 1102 1831 cap-25.
1115 1792 1217 1830 inquis
1232 1797 1243 1825 [
1256 1793 1290 1819 In
1301 1791 1439 1818 decretum
1449 1788 1549 1818 Leonis
1557 1790 1634 1825 Papae
1646 1788 1791 1824 cap.xxx.

991 1833 1124 1872 scriptum
1134 1833 1171 1861 est
1183 1833 1217 1860 de
1229 1832 1279 1864 liis,
1290 1831 1335 1869 qui
1345 1829 1481 1858 convivio
1491 1829 1647 1858 Gentilium
1658 1848 1666 1859 ‚
1689 1830 1715 1855 ὅ(
1726 1825 1791 1854 escis

992 1873 1174 1902 immolatitiis
1183 1873 1220 1902 uli
1231 1871 1293 1900 sunt
1303 1884 1309 1900 .·
1321 1872 1340 1900 si
1350 1871 1398 1909 qui
1407 1870 1542 1898 convivio
1554 1868 1612 1896 solo
1621 1866 1791 1899 Gentilium,

986 1918 1013 1943 ὅ(
1023 1914 1088 1942 escis
1101 1913 1286 1942 immolatitiis
1295 1912 1333 1940 usi
1346 1911 1409 1939 sunt
1419 1933 1426 1943 ‚
1447 1909 1553 1948 poliunt
1561 1908 1672 1944 jejuniis
1681 1929 1689 1940 ‚
1700 1911 1727 1935 St
1737 1917 1793 1934 ma·

988 1966 1035 1983 nus
1047 1955 1224 1992 impolitione
1235 1952 1358 1991 purgari:
1379 1952 1408 1979 ab
1427 1949 1595 1984 idolothYtis
1607 1948 1770 1976 abstinentes
1781 1969 1789 1979 ,

987 1994 1218 2023 sacramentorum
1228 1993 1335 2022 Christi
1345 1991 1452 2030 possiint
1464 1989 1514 2018 cfl'e
1526 1988 1670 2027 participes
1681 2008 1688 2015 .
1707 1988 1793 2016 811111-

989 2045 1046 2064 tem
1056 2045 1099 2063 aut
1110 2035 1188 2063 Idola
1200 2034 1392 2064 adoraverunt,
1402 2041 1448 2059 aut
1459 2030 1618 2058 homicidiis
1628 2051 1635 2062 ‚
1650 2038 1694 2056 aut
1707 2028 1793 2056 forni-

989 2076 1139 2104 cationibus
1152 2074 1334 2103 contaminati
1345 2072 1408 2100 sunt
1419 2093 1426 2104 ,
1448 2071 1482 2099 ad
1498 2069 1722 2099 communionem
1731 2079 1775 2096 cos
1783 2089 1793 2101 ,

991 2117 1042 2145 nisi
1055 2126 1102 2154 pei·
1114 2115 1309 2153 poenitentiam
1322 2113 1455 2152 publicam
1468 2134 1475 2144 ,
1494 2122 1550 2139 11011
1562 2120 1673 2148 oportet
1695 2109 1795 2137 admit-

990 2158 1029 2185 ti.
1041 2160 1052 2188 ]
1065 2157 1124 2185 Ubi
1133 2156 1188 2184 duo
1200 2155 1286 2183 obiter
1298 2154 1417 2182 notanda
1427 2152 1505 2180 sunt:
1518 2161 1616 2189 nempe
1625 2173 1631 2182 ‚
1654 2150 1728 2188 quod
1739 2149 1793 2177 dif-

991 2197 1135 2226 ferentiam
1149 2196 1211 2224 facit
1225 2196 1301 2223 inter
1311 2193 1487 2228 idolothyta,
1499 2195 1525 2220 ἃ
1536 2191 1723 2220 idololatriam
1736 2211 1744 2223 ,
1764 2193 1793 2217 δε

991 2238 1066 2276 quod
1085 2248 1132 2275 per
1151 2236 1314 2275 sanguinem
1325 2237 1382 2264 Leo
1398 2236 1467 2271 Papa
1486 2232 1670 2261 homicidium
1685 2229 1793 2259 intelle-

993 2289 1071 2306 xerat
1083 2298 1090 2310 ,
1111 2287 1141 2305 ut
1151 2288 1183 2305 ex
1194 2279 1250 2311 ejus
1263 2277 1350 2305 verbis
1359 2286 1373 2303 a
1383 2275 1456 2303 Raba
1463 2284 1499 2302 no
1508 2274 1600 2301 citatis
1611 2272 1682 2299 clare
1700 2278 1774 2307 patet
1784 2289 1792 2296 .

992 2318 1152 2347 Dicendum
1164 2316 1298 2356 igiturest
1315 2315 1465 2356 supradieta
1482 2310 1662 2351 superstiflosa
1681 2308 1794 2347 scrupu-

994 2360 1018 2387 la
1028 2370 1088 2387 non-
1096 2357 1146 2387 effe
1157 2358 1238 2386 Bedae
1250 2378 1257 2389 ,
1277 2360 1304 2385 ὅ(
1315 2357 1428 2384 aliorum
1436 2353 1514 2391 supra
1524 2374 1532 2384 ,
1542 2351 1587 2379 sed
1598 2350 1705 2378 addita:
1730 2359 1794 2378 mm

994 2410 1026 2429 ex
1039 2399 1206 2430 Bellarmino
1215 2419 1224 2433 ‚
1242 2400 1270 2427 ὃς
1281 2396 1367 2433 Labbe
1378 2396 1411 2424 <le
1422 2392 1602 2432 Scriptoribus
1611 2387 1713 2420 Eccles.
1729 2388 1797 2420 satis

1687 2440 1757 2459 con-
