1866 2526
86 91 285 119 hiemum-10
295 109 302 118 .
325 87 399 120 Vide
408 91 556 125 Ens'almus
567 111 574 117 .
597 87 829 127 Rapsodomantia
838 107 845 116 .

88 132 290 160 INCANTATOR
299 150 305 157 .
324 133 360 160 V.
384 135 507 169 Caragus
517 151 524 158 .
536 131 740 167 Hydromantia
751 150 757 157 .
769 129 910 166 Obligator
922 146 928 153 .

131 172 310 201 Remediator
320 191 327 199 .
340 171 511 200 Incantatrix
522 192 529 199 .
541 171 615 200 Vide
626 172 849 199 Incarminatn‘x
860 187 868 195 .

86 211 124 241 ΙΝ
135 212 271 241 CAPlLLo
281 231 288 239 .
310 211 400 250 Virgo
416 210 463 240 sub
474 212 560 250 patria.
569 211 700 249 potestate
719 209 805 238 adhuc
824 208 909 247 posita
922 227 930 238 ,

126 251 192 290 quia
202 262 266 282 tunc
278 252 307 280 in
316 252 422 291 capillis
432 252 564 290 Virgines
575 251 734 280 incedebant
745 272 753 283 ,
771 253 799 278 &
810 259 825 277 e
834 256 930 277 contra

127 302 221 331 nuptae
233 293 297 321 velo
307 293 418 331 capillos
427 294 554 331 tegebant
564 314 571 321 .
586 299 598 328 [
614 291 668 326 Qui
680 291 766 318 filiam
777 290 806 318 in
815 288 872 317 casa
882 287 929 315 ha-

127 333 216 362 buerit
228 334 258 361 in
269 333 370 371 capillo
381 354 388 361 .
408 334 562 371 longobar.
572 332 683 361 constit.
693 331 739 359 lib.
752 343 777 359 2.
789 340 847 368 cap.
861 329 927 363 μμ]

129 375 185 402 Vel
197 374 233 401 ita
243 374 345 401 dicitur
355 395 362 406 ,
385 374 447 411 quia
457 375 546 412 Virgo
564 373 594 401 in
613 371 706 410 primis
725 371 830 409 nuptiis
841 369 929 407 capite

126 414 236 443 detefto
247 414 415 452 comparebat
427 435 434 446 ‚
445 414 518 452 quod.
528 414 557 441 ab
567 414 679 450 Optato
690 412 857 441 Milevitano
866 420 930 438 con-

126 465 168 483 tra
180 454 339 483 Donatistas
349 453 482 482 scribente
492 475 500 486 ‚
520 452 652 482 insinuari
665 452 776 481 videtur
786 474 793 485 ,
813 452 877 480 dum
889 451 930 477 in-

128 496 206 534 quit:
227 494 399 531 [Invenistis
408 493 567 530 hujusmodi
578 492 702 532 virgines
712 514 719 526 ,
740 503 801 531 qiiae
812 495 865 528 jam
877 490 932 529 spi-

125 536 264 566 ritualiter
275 534 425 573 nupserunt
436 557 444 568 ‚
462 535 535 574 quasi
553 533 672 563 secundo
690 533 818 572 coegistis
836 532 869 561 ad
882 542 931 560 nu-

126 577 198 616 ptias
208 598 216 609 ‚
238 585 267 604 ut
286 576 374 604 crines
385 574 486 604 iterum
504 574 645 604 solverent
663 573 813 612 imperastis
823 595 830 601 .
850 574 862 603 ]
876 572 931 609 Qui

126 617 250 655 sequitur
260 616 360 644 deinde
372 637 379 648 ,
391 616 537 645 ostendens
547 635 558 652 ,
578 615 653 653 quod
663 615 755 642 vidue
766 613 932 642 transeuntes

127 659 163 687 ad
171 657 299 685 secundas
310 656 417 694 nuptias
428 678 435 689 ‚
457 656 503 685 lias
513 655 689 685 caeremonias
699 655 814 683 minime
823 653 934 683 adhibe-

129 699 194 726 bant
206 720 212 730 ,
226 697 354 735 inquiens
367 708 372 724 :
393 701 405 730 [
419 699 481 725 Hoc
496 707 544 725 nec
555 697 681 725 mulieres
691 696 832 734 patiuntur
842 716 849 727 ‚
871 704 930 731 quae

125 738 271 768 carnaliter
282 738 398 769 nubunt,
408 749 440 766 ex
450 738 547 776 quibus
555 738 574 766 fi
584 737 671 766 alicui
684 737 816 764 maritum
828 744 934 763 mutare

127 780 282 818 contigerit
295 800 301 811 ,
314 789 372 806 non
383 780 517 817 reperitur
527 778 572 806 illa
582 777 738 815 temporalis
751 776 882 805 festivitas
892 795 899 802 .
920 777 932 805 ]

129 822 166 849 In
179 820 369 848 insti-unientis
379 839 386 851 ,
397 823 425 847 ὅ(
436 819 619 847 contractibus
628 817 871 846 matrimonialibus
888 816 934 844 ad>

128 861 182 891 huc
192 860 238 889 hic
249 860 333 894 stylus
343 881 351 892 ‚
363 863 392 888 δε
403 860 499 888 modus
509 858 642 898 loquendi
652 859 730 896 viget
743 858 773 885 in
783 857 892 890 Sicilia,
906 860 934 885 &

129 902 236 932 Filiam
250 904 278 928 in
290 900 386 938 capillo
398 900 538 939 virginem
550 900 699 928 nubentem
713 898 860 927 nominant
871 918 878 925 .
898 898 933 925 In

127 942 227 971 Melita
237 940 323 969 insula
335 951 394 970 mea
411 941 497 979 patria
517 939 639 980 rigorose
660 949 824 977 praeceptum
840 947 935 967 eorum

127 982 310 1019 Praeceptoris
321 1003 327 1013 ‚
346 986 374 1010 ὃς
393 982 528 1010 Gentium
542 981 672 1010 Deflorss
692 979 849 1009 observatur
859 1000 866 1011 ‚
887 979 933 1016 qui

128 1022 252 1051 foeminis
262 1022 350 1060 capita
362 1022 449 1051 velare
459 1021 565 1058 juss'erat
577 1033 583 1050 :
604 1021 668 1050 ideo
682 1021 709 1048 in
720 1021 843 1059 quolibet
865 1019 934 1047 statu

129 1064 228 1091 velata:
251 1062 382 1091 incedunt
392 1084 401 1096 ,
421 1067 449 1092 δε
471 1072 578 1091 tantum
600 1063 630 1090 in
651 1062 696 1089 die
717 1059 936 1099 desponsationis

130 1102 237 1142 Sponsa
245 1104 357 1142 capillos
368 1104 537 1132 demonstrat
548 1125 554 1131 .
567 1104 749 1132 Hebraeorum
758 1101 884 1141 virgines
893 1112 935 1129 ca—

130 1146 189 1184 pite
199 1144 308 1172 detecto
318 1144 470 1174 incedunt?
491 1144 538 1173 sed
547 1145 640 1183 nuptis
651 1153 801 1182 numquam
822 1141 936 1181 pei-mit-

130 1185 202 1213 titur
212 1185 336 1223 propi'ios
345 1186 459 1223 capillos
469 1185 613 1214 ostendere
622 1206 629 1218 ,
649 1188 676 1213 &
688 1185 721 1213 ad
730 1193 857 1212 ornatum
876 1181 937 1221 supa

135 1225 273 1264 polititios
283 1226 422 1264 applicant
433 1247 440 1254 .
453 1226 525 1255 Vide
536 1231 609 1254 Soror
619 1230 649 1253 in
660 1225 756 1262 captllo
766 1246 773 1252 .

91 1267 265 1297 Incannmo
276 1287 283 1297 ,
304 1267 416 1294 verbum
427 1268 464 1295 D.
477 1266 617 1305 Gregorio
637 1263 884 1304 frequentissimum
905 1263 936 1291 fi-

132 1307 250 1347 gnificat
261 1307 412 1335 immittere
430 1308 460 1335 in
473 1306 662 1345 posseslioncm
673 1328 680 1339 ‚
704 1306 733 1334 iti
752 1304 917 1344 Episcopum
928 1325 935 1335 ,

129 1348 306 1377 Sacerdotem
316 1369 323 1381 ‚
342 1348 386 1376 vel
396 1348 425 1375 in
437 1348 516 1376 aliam
536 1347 702 1385 dignitatem
713 1346 840 1374 ordinare
851 1367 857 1373 .
880 1347 936 1373 FR.

130 1388 185 1417 Sed
195 1388 304 1426 proprie
315 1388 494 1416 Cardinsilem
512 1398 602 1416 creare
612 1387 725 1416 denotat
734 1407 741 1414 .
769 1389 937 1425 [Propterea

131 1438 160 1457 te
170 1430 307 1466 Joannem
317 1429 348 1457 ab
360 1428 478 1457 hostibus
487 1429 654 1467 captiv-'itum
662 1448 675 1461 -,
696 1427 844 1456 Lesmmnae
857 1426 936 1456 Civi-

1286 31 1389 74 IN

984 85 1043 115 lum
1061 86 1232 126 quorundam
1251 88 1397 118 illustrium
1418 86 1546 117 laicorum
1564 96 1650 117 turres
1661 99 1668 119 5
1689 84 1737 115 sed
1754 84 1785 114 δέ

986 127 1179 156 Cardinalium
1189 150 1197 162 ,
1208 140 1236 157 ac
1249 130 1424 159 Clericorum
1433 129 1528 157 domus
1538 128 1703 160 subruentes,
1712 136 1783 164 prae-

987 168 1049 196 dam
1059 167 1220 196 immensam
1229 169 1368 208 diripiunt
1380 191 1387 198 .
1408 170 1553 199 Ecclesiam
1563 169 1646 197 etiam
1667 170 1697 197 B.
1706 165 1783 195 Petri
1803 178 1806 182 ·

986 208 1112 237 omnium
1123 209 1300 238 Ecclefiarum
1319 220 1397 250 caput
1409 210 1573 239 incastellare
1583 209 1714 247 sacrilege
1725 229 1733 241 ‚
1754 216 1783 235 ac

987 248 1173 287 profaniffime
1185 260 1242 278 non
1251 259 1376 280 metuunt
1387 263 1396 282 ς
1416 251 1578 290 peregrinos
1588 249 1663 278 causa
1681 247 1784 277 oratio-

989 290 1033 318 nis
1043 290 1221 319 advenientes
1232 311 1240 323 ,
1250 291 1281 318 ad
1290 291 1459 320 oblationem
1469 313 1478 324 ,
1488 291 1603 329 quaestus
1612 290 1697 329 gretia
1708 310 1716 322 ,
1728 287 1785 326 pla-

986 330 1028 369 gis
1039 352 1046 363 ,
1059 341 1087 358 ac
1099 331 1253 359 verberibus
1262 341 1366 369 cogunt
1378 353 1385 364 ,
1394 335 1422 360 δε
1431 331 1561 370 quosdam
1572 342 1605 359 ex
1615 331 1676 369 ipsis
1687 328 1786 358 offerre

987 372 1114 399 nolentes
1127 392 1136 404 ‚
1157 370 1250 409 inipsa
1261 373 1385 409 porticu,
1406 375 1433 400 ὃς
1445 372 1578 400 vestibulo
1595 370 1692 409 templi
1711 368 1785 398 nesa-

987 411 1030 439 rio
1042 411 1106 440 ausu
1114 412 1238 440 occidere
1248 423 1305 440 non
1316 422 1454 445 verentur,
1465 422 1530 449 quos
1541 411 1703 441 venerabilis
1711 412 1785 438 Pon-

988 452 1056 480 tifex
1068 453 1158 489 (idest
1168 474 1175 485 ,
1198 455 1337 490 Eugenius
1347 457 1419 485 ΙΙΙ.)
1440 451 1558 490 percusso
1569 452 1641 490 prius
1653 461 1714 481 cum
1725 450 1785 489 qui-

986 492 1097 521 busdam
1107 492 1255 521 fautoribus
1275 492 1328 521 suis
1337 492 1518 522 anathematis
1535 492 1628 530 gladio
1645 492 1764 531 jordane
1775 512 1782 522 ‚

988 533 1115 567 adjunCta
1136 534 1298 569 Tyburtinis
1316 537 1508 564 Romanorum
1525 532 1644 571 antiquis
1664 532 1784 561 hostibus

988 575 1090 602 militis,
1099 575 1220 602 coercuit
1231 596 1238 607 ,
1251 575 1414 613 tandemque
1425 584 1515 612 pacem
1525 582 1616 611 petere
1626 573 1718 612 coegit
1728 592 1736 600 .
1749 574 1784 600 In

989 614 1066 652 epist.
1079 615 1155 643 Liicii
1166 617 1244 652 Papae
1257 616 1315 643 III.
1325 616 1358 644 ad
1369 614 1525 644 Coi-indum
1536 616 1608 651 Imp.
1619 613 1689 650 apud
1697 614 1785 643 Otto-

990 665 1053 683 nem
1064 655 1177 694 Friling.
1199 656 1244 684 lib.
1257 666 1352 694 7.cap.
1365 667 1377 693 3
1390 658 1436 687 t.]
1459 657 1533 683 Iteni
1546 655 1575 682 in
1584 653 1734 692 appendice
1753 653 1787 681 ad

990 696 1159 725 Radevicum
1171 696 1276 734 Frismg
1284 696 1318 724 de
1331 697 1412 735 gestis
1422 696 1516 725 Feder.
1528 697 1600 733 Imp.
1611 695 1644 723 de
1654 705 1687 722 eo
1696 693 1730 722 fic
1739 692 1787 722 ha·

990 735 1085 765 betur:
1099 743 1186 772 [ann.
1203 748 1213 765 1
1224 747 1233 764 i
1241 741 1287 764 68.
1298 738 1451 775 Imperator
1459 739 1603 766 Anconam
1621 734 1725 763 obsidet
1735 738 1786 763 &c.

989 777 1147 805 ceciderunt
1167 777 1203 805 ibi
1212 778 1332 806 Romani
1343 777 1397 806 sere
1416 788 1503 813 9000.
1516 780 1543 805 ὃς
1565 776 1637 814 capti
1655 776 1710 804 fere
1721 786 1787 813 300-

991 816 1159 855 subsequitur
1181 828 1225 845 eos
1236 819 1307 856 Imp.
1317 818 1470 846 leoninam
1483 817 1591 846 Urbem
1603 837 1610 848 ,
1627 820 1654 844 fx
1665 816 1788 845 Porticus

991 857 1080 885 SanCh
1089 859 1164 886 Petri
1175 867 1276 885 cremat
1288 880 1295 890 ,
1309 858 1453 886 Ecclesiam
1464 856 1657 885 incastellatam
1667 856 1740 894 capit
1751 876 1758 882 .

950 898 1127 926 INCAUTELA
1137 919 1144 925 .
1158 900 1214 926 FR.
1225 898 1334 926 Incuriti
1345 919 1351 930 ‚
1364 902 1390 926 &-
1402 899 1457 927 sine
1468 898 1594 926 cautione
1606 918 1612 925 .
1628 904 1639 933 [
1650 898 1732 926 Unus
1744 897 1788 923 in-

990 939 1094 966 cautior
1104 937 1187 976 periit
1198 960 1205 970 ‚
1230 949 1262 966 ne
1274 938 1354 966 multi
1365 949 1412 976 per
1427 938 1589 966 incautelam
1602 938 1692 975 postea
1705 936 1787 975 depe-

991 978 1076 1008 rirent
1088 999 1095 1005 .
1105 978 1242 1007 Salvianus
1251 979 1297 1007 lib.
1308 986 1334 1007 6.
1345 979 1378 1006 de
1390 979 1482 1017 guber.
1492 979 1548 1007 Dei
1558 998 1564 1004 .

943 1020 1156 1049 .INCENSARiuM
1169 1039 1175 1046 .
1186 1020 1242 1048 FR.
1252 1018 1433 1048 Tliuribulum
1444 1040 1451 1046 .
1473 1025 1483 1053 [
1495 1017 1651 1047 Incensaria
1660 1025 1790 1056 argentea

991 1070 1054 1088 aui-o
1083 1069 1169 1098 parata
1187 1069 1301 1099 quatuor
1313 1080 1320 1087 .
1338 1061 1375 1089 In
1397 1060 1452 1090 vita
1471 1059 1559 1089 Sanet.
1579 1059 1702 1088 Gilberti
1722 1057 1789 1087 Abb.

996 1106 1038 1129 18.
1056 1102 1130 1130 Febr.

951 1143 1136 1170 INCENSATIO
1147 1162 1154 1170 .
1177 1142 1253 1171 Vide
1262 1144 1347 1172 Bulla
1358 1166 1365 1176 ‚
1377 1144 1565 1172 Thuribulum
1575 1164 1582 1175 ‚
1592 1140 1730 1178 ThurIfico
1740 1159 1748 1166 ·

953 1182 1222 1216 INCENsonluM,lioc
1234 1185 1426 1223 nomen‚quod
1439 1184 1572 1223 reperitur
1582 1183 1629 1212 lib.
1641 1195 1666 1212 ι.
1679 1179 1788 1210 Chron-

990 1223 1119 1251 Cafinen.
1140 1234 1198 1262 cap.
1209 1229 1258 1260 98.
1270 1235 1326 1252 non
1352 1225 1439 1263 potest
1449 1225 1580 1254 denotare
1600 1221 1768 1252 thuribulum
1779 1241 1787 1250 ι

991 1263 1054 1301 quia
1063 1263 1100 1291 ibi
1123 1263 1151 1291 in
1163 1263 1320 1302 quibusdam
1339 1265 1420 1293 donis
1439 1265 1604 1294 monasterio
1624 1262 1696 1291 facus
1717 1260 1789 1299 post-

992 1314 1072 1342 quam
1083 1304 1116 1332 de
1129 1305 1272 1332 thuribulis
1282 1305 1348 1333 (afta
1359 1306 1395 1334 est
1406 1305 1513 1333 mentio
1523 1327 1531 1337 ‚
1542 1304 1662 1343 sequitui·
1671 1301 1790 1330 reseren-

991 1344 1044 1372 do:
1071 1351 1082 1379 [
1094 1343 1284 1373 incensorium
1295 1346 1329 1373 de
1340 1355 1454 1385 argento
1466 1355 1549 1374 unum
1561 1365 1568 1373 .
1580 1347 1591 1375 ]
1605 1346 1702 1381 Itaque
1713 1340 1791 1370 navi-

992 1385 1078 1412 culam
1088 1385 1192 1413 incensi
1203 1385 1355 1425 fignificarc
1367 1386 1476 1415 videtur
1485 1407 1492 1414 .

952 1427 1104 1454 INCENSUM
1117 1446 1123 1452 .
1146 1426 1219 1454 Vide
1239 1427 1390 1455 olzbanum
1402 1447 1409 1454 .

132 1470 198 1498 tatis
210 1468 378 1507 Episcopum
390 1491 398 1502 ,
419 1469 448 1497 in
471 1470 623 1508 Sqiiilitana
634 1468 751 1497 Ecclesia
761 1467 938 1497 Cardinalem
955 1468 1070 1495 Iucisio
1083 1485 1090 1493 .
1112 1468 1168 1495 FR.
1180 1465 1295 1495 infectio
1306 1489 1313 1499 ,
1333 1478 1392 1505 quae
1405 1467 1435 1495 in
1445 1467 1585 1505 propriam
1601 1474 1709 1494 cai-nem
1729 1473 1792 1501 pro—

134 1509 240 1538 neceffe
249 1510 376 1538 duximus
387 1510 552 1539 constituere
562 1509 759 1540 Sacerdotem]
774 1512 806 1537 Et
816 1508 936 1536 inferius:

130 1551 198 1590 [Sin
209 1560 299 1578 autem
310 1551 551 1589 predicta-Civitas
559 1551 691 1579 continua
699 1549 863 1587 captivitatis
874 1549 939 1577 crila-

135 1592 234 1620 mitate
244 1592 378 1629 premitur
389 1603 396 1623 ς
410 1592 438 1619 in
447 1591 495 1620 hac
506 1613 514 1624 ,
529 1591 559 1619 in
568 1602 619 1629 qua
628 1602 641 1620 a
654 1590 732 1619 nobis
742 1590 882 1618 ordinatus
893 1600 919 1617 es
932 1610 939 1621 ,

134 1633 182 1662 vel
192 1632 377 1661 incardinatus
387 1654 394 1665 ,
406 1632 497 1660 debeas
509 1631 626 1661 Ecclesia
637 1641 796 1669 permanere
807 1652 815 1663 ‚
825 1641 884 1659 can.
895 1640 942 1668 pa-

135 1673 243 1702 floralis
253 1694 260 1705 ,
285 1683 311 1705 7.
323 1683 368 1711 qu.
384 1683 406 1700 1.
419 1674 430 1703 ]
452 1672 510 1702 Ubi
520 1671 612 1701 Glossii
620 1672 796 1701 cardinalem
817 1671 940 1700 Ecclesia:

137 1714 299 1752 Squilitanae
315 1713 481 1751 Episcopum
492 1712 629 1751 intelligit
640 1734 646 1741 .

93 1755 327 1783 ΙΝεΛκοιΝΜ-ιτε
342 1775 349 1787 ,
371 1754 517 1787 stabilitus,
540 1758 566 1783 δ(
581 1754 610 1783 in
623 1752 809 1794 posseffionein
828 1756 882 1789 jam
892 1763 941 1791 po-

135 1795 199 1823 situs
211 1816 218 1822 .

94 1837 349 1865 IuciiiiiiireATizix
361 1858 369 1870 ‚
380 1836 550 1865 incantatrix
564 1856 570 1863 .
584 1836 709 1871 [Comes
719 1835 877 1864 transiturus
886 1844 943 1863 erat

137 1887 187 1915 per
198 1886 311 1914 pontem
319 1880 394 1913 juxta
404 1877 661 1906 incarminatricem.
674 1878 708 1904 In
720 1877 776 1905 vita
787 1876 875 1904 Sanffi
885 1877 927 1904 Ca

137 1917 192 1945 roli
204 1918 325 1945 Comitis
336 1939 343 1950 ,
357 1921 368 1949 ]
381 1921 435 1954 ejus
445 1919 606 1953 Synonyma
619 1937 626 1944 .
642 1917 716 1945 Vide
728 1917 759 1945 in
768 1917 833 1944 dist.
843 1922 941 1954 Maga.

98 1958 291 1986 INCARNATIO
304 1959 400 1987 VERBI
410 1960 518 1987 vaml
530 1979 537 1985 .
551 1958 623 1986 Vide
636 1960 798 1985 Oeconomia
807 1977 814 1985 .

98 1998 290 2026 INCASTELLO
302 2020 310 2030 ,
330 2010 360 2026 as
373 2021 379 2031 ,
400 1999 512 2027 verbum
523 2019 529 2027 .
549 2000 604 2028 FR.
615 1998 792 2036 appropriare
812 1997 925 2025 denotat
936 2017 943 2023 .

139 2043 154 2072 [
167 2041 201 2065 Et
222 2038 350 2067 Ecclefias
361 2050 373 2066 a
393 2039 465 2067 laicis
476 2039 639 2068 incastellari
652 2060 659 2071 ,
678 2048 722 2066 aut
742 2039 773 2066 in
782 2037 943 2067 servitutem

135 2078 227 2116 redigi
240 2100 247 2111 ,
258 2079 420 2108 auctoritate
430 2080 590 2118 Apostolica
600 2078 775 2117 prohibemus
787 2100 794 2111 ,
808 2089 865 2108 can.
879 2079 944 2107 San-

995 1506 1106 1534 hibetur
1115 1507 1145 1534 in
1156 1507 1284 1535 Levitico
1295 1518 1352 1546 cap.
1367 1520 1380 1536 ι
1391 1518 1412 1535 i.
1422 1512 1449 1536 ὅ(
1460 1518 1543 1536 etiam
1564 1507 1594 1535 in
1604 1505 1664 1534 :iliis
1675 1515 1688 1532 a
1699 1503 1793 1532 Cleri-

997 1557 1029 1574 co
1040 1545 1098 1575 fieri
1109 1557 1221 1575 cavetur
1235 1547 1280 1577 lib.
1294 1559 1320 1585 3.
1343 1549 1455 1577 Decret.
1465 1550 1510 1576 tit.
1524 1557 1570 1583 50.
1580 1547 1614 1574 de
1623 1544 1729 1574 clericis
1739 1566 1747 1577 ‚
1766 1547 1793 1572 &

997 1587 1144 1616 Monachis
1155 1610 1162 1621 ,
1174 1599 1232 1626 cap.
1246 1599 1275 1624 9.
1286 1589 1345 1618 Ubi
1356 1589 1389 1616 sic
1399 1587 1528 1617 liabetur:
1542 1594 1553 1623 [
1569 1589 1628 1616 Nec
1640 1586 1722 1614 ullam
1732 1583 1794 1612 chi-

998 1628 1098 1666 i‘urgiae
1110 1638 1194 1656 artem
1206 1629 1388 1657 Subdiaconus
1398 1650 1405 1661 ,
1429 1630 1569 1658 Diaconus
1579 1649 1586 1660 ,
1608 1628 1653 1656 vel
1666 1625 1794 1654 Sacerdos

999 1678 1124 1697 exercezt
1135 1691 1142 1701 ,
1164 1680 1223 1707 qux
1234 1669 1404 1697 adustionem
1414 1690 1422 1702 ,
1445 1670 1489 1698 vel
1499 1668 1660 1697 incifioneni
1672 1666 1776 1694 inducit
1786 1685 1794 1692 .

959 1711 1116 1739 Immonis
1127 1710 1248 1739 Dmrts
1258 1730 1266 1738 .
1290 1712 1346 1739 FR.
1357 1710 1453 1739 dentes
1463 1709 1606 1750 priiniores
1617 1728 1624 1735 .
1644 1706 1740 1737 Ilidor.
1760 1709 1794 1735 E-

1000 1750 1141 1789 tymolog5

959 1793 1137 1820 INc1s01<1uM
1150 1813 1157 1820 .
1169 1792 1267 1821 Culter
1278 1813 1285 1825 ,
1296 1793 1428 1821 novacula
1439 1815 1446 1826 ,
1460 1793 1504 1821 vel
1515 1791 1582 1830 quid
1592 1789 1678 1820 simile
1688 1809 1694 1816 .
1709 1789 1793 1824 [Haec

998 1838 1010 1866 (
1022 1833 1088 1868 idest
1098 1853 1105 1865 ι
1118 1833 1242 1863 charitas
1254 1856 1262 1866 J
1272 1837 1284 1866 )
1296 1844 1351 1861 non
1364 1834 1500 1862 delebitur
1509 1833 1538 1861 in
1549 1832 1656 1860 diluvio
1668 1838 1795 1868 aquarum

1001 1873 1146 1901 multatum
1158 1895 1165 1906 ,
1187 1874 1249 1912 quia
1262 1884 1338 1913 aquae
1360 1875 1454 1903 multx
1467 1884 1524 1902 non
1545 1879 1692 1911 potuerunt
1703 1869 1796 1898 extin-

1000 1924 1083 1953 guere
1101 1912 1261 1943 charitatem
1273 1936 1279 1942 .
1304 1916 1371 1943 Haec
1389 1916 1466 1944 nullo
1488 1913 1621 1946 incisorio
1640 1909 1797 1940 solicitudi-

1000 1965 1085 1987 num,
1103 1955 1159 1983 five
1176 1956 1387 1992 occupationum
1406 1956 1533 1984 radetur.
1553 1955 1623 1982 Haec
1634 1951 1710 1980 nullo
1731 1950 1797 1988 igne

1001 1996 1211 2024 tribulationum
1222 2017 1229 2028 ‚
1252 2000 1279 2026 ὃ(
1303 1997 1436 2024 malorum
1453 1994 1628 2033 conflagrabit
1640 2013 1647 2020 .
1669 1990 1797 2020 Charitas

1001 2037 1075 2064 enim
1086 2036 1177 2064 nostra
1195 2046 1334 2074 nunquam
1345 2036 1448 2066 excidit
1459 2056 1466 2064 .
1487 2037 1559 2065 Petr.
1579 2033 1689 2064 Cellen.
1709 2031 1755 2059 lib.
1770 2038 1797 2059 6.

1002 2077 1080 2115 epist.
1093 2084 1137 2106 Σο.

136 2118 243 2146 'istorum
255 2122 363 2148 Pntriim
377 2142 384 2153 ‚
410 2131 452 2148 10.
463 2122 556 2159 quaest.
572 2132 593 2148 i.
605 2123 616 2151 ]
642 2119 735 2148 (31lo
745 2130 838 2148 tamen
848 2120 884 2147 ita
894 2129 926 2147 cx
962 2119 1156 2148 INCLAMATUS
1168 2137 1175 2145 .
1199 2119 1256 2147 FR.
1267 2117 1376 2156 publico
1389 2115 1543 2146 monitorio
1560 2115 1594 2144 ad
1602 2113 1722 2143 tribunal
1733 2112 1799 2140 cita.-

135 2158 222 2196 plicat
234 2160 344 2187 verbum
357 2163 527 2198 incastellari
539 2183 545 2193 ,
557 2170 586 2188 ut
600 2160 665 2189 inde
677 2160 743 2188 fiant
753 2170 941 2199 propugnacu-

137 2199 164 2227 la
176 2220 184 2231 ‚
207 2200 281 2237 quod
295 2200 381 2237 potest
392 2202 474 2228 etiam
485 2201 538 2229 hoc
550 2203 627 2239 pafto
638 2201 762 2239 intelligi
775 2221 782 2227 .
808 2207 819 2235 [
836 2204 873 2228 At
884 2203 943 2230 Ro-

136 2249 232 2267 manus
242 2241 357 2277 populus
369 2251 429 2268 cum
441 2243 561 2270 Patricio
571 2242 619 2269 suo
630 2242 758 2278 Jordano
767 2246 779 2274 (
789 2242 856 2276 idest
866 2260 873 2272 ,
894 2247 942 2269 Pe—

136 2283 176 2308 tri
187 2281 370 2316 Leonisfilto)
389 2292 418 2308 in
433 2281 553 2310 savorem
566 2281 658 2318 versus
670 2281 838 2311 PraefeRurx
850 2281 928 2319 digni

139 2329 224 2347 tatem
235 2320 374 2348 abolentes
390 2331 499 2355 ,omnes
511 2323 658 2360 principess
671 2333 698 2350 ac
709 2322 816 2350 nobiles
827 2332 858 2349 ex
871 2323 939 2350 civi-

1002 2168 1043 2186 tus
1058 2178 1065 2188 ,
1087 2165 1098 2194 [
1110 2158 1213 2188 Edichs
1222 2157 1383 2188 solemniter
1394 2158 1551 2188 inclamatus
1561 2156 1595 2185 ad
1603 2155 1725 2192 judicem
1736 2174 1744 2186 ›
1753 2163 1800 2180 CU-

1000 2204 1039 2235 jus
1050 2199 1236 2238 praeceptione
1246 2209 1399 2228 conventus
1409 2199 1466 2232 esti,
1491 2198 1588 2227 venire
1599 2194 1723 2234 neglexit
1733 2214 1741 2221 ·
1763 2193 1799 2223 11²

1001 2241 1092 2271 edicto
1103 2240 1271 2270 Theodorici
1282 2241 1368 2279 Regis
1378 2250 1435 2278 cap.
1453 2249 1518 2275 155.

932 2299 942 2302 -
961 2282 1149 2309 INCLXNATIO
1159 2281 1309 2314 CAPITIS,
1328 2281 1438 2319 quando
1456 2281 1487 2309 iu
1498 2277 1597 2309 Choro
1618 2278 1677 2307 fieri
1687 2275 1798 2304 debeat.

1002 2321 1075 2350 Vide
1085 2321 1179 2349 Gloria
1189 2325 1268 2349 Patri
1280 2342 1287 2349 .

137 2361 184 2389 bus
195 2361 228 2389 ad
247 2360 440 2398 subjectionem
450 2363 561 2392 Patricii
580 2363 770 2402 compellunt,
791 2366 887 2392 &non
898 2362 941 2391 so·
960 2363 1096 2393 INCLINIS
1109 2383 1117 2396 ‚
1141 2362 1268 2392 flexibilis
1279 2383 1288 2398 ,
1307 2361 1474 2403 propensus.
1499 2358 1659 2398 [inclinem
1676 2356 1710 2385 nd
1719 2354 1806 2389 mise..

1694 2407 1757 2432 ten:
