1866 2526
500 12 606 56 PA

149 72 256 115 pultum
267 76 315 111 per
323 81 390 109 30²·
399 80 485 100 annos
496 83 502 100 :
516 70 592 100 facies
601 78 710 99 tantuin
719 70 776 107 ejus
784 70 954 112 aliquantu-l

150 117 209 144 lum
216 112 376 151 consumpta
387 120 444 140 erat
453 133 461 145 ,
472 111 510 140 ita
518 122 549 140 ut
561 122 611 140 nec
622 111 735 145 nariam,
745 121 794 141 nec
806 112 882 146 labia,
891 112 939 141 sed

148 164 254 185 tantum
264 162 387 183 mentum
399 162 540 190 appareret
549 162 560 186 3
569 156 597 181 ὅ(
606 152 702 181 dentes
713 173 720 180 .
732 153 851 183 Habebat
861 153 891 182 in
899 163 937 182 ca-

148 195 206 236 pite
213 195 322 224 mitram
330 193 476 222 admodum
486 203 596 232 parvam
608 214 616 226 ,
625 196 653 222 δι
663 202 692 222 ut
701 194 881 231 conlefturari
891 204 940 232 po-

147 236 209 273 tui,
226 246 259 265 ex
269 235 324 263 tela
335 234 492 263 bombacina
504 245 511 265 ς
529 244 626 272 corpus
635 234 764 262 indutum
773 244 831 263 erat
849 236 940 264 omni-

148 277 197 306 bus
203 274 410 306 Pontificalibus
425 275 595 303 indumentis
607 296 614 307 ,
627 275 695 303 idest
706 295 713 307 ,
723 274 817 313 caligis
828 296 836 308 ,
846 274 938 304 sanda-

147 317 192 346 liis
201 327 235 346 ex
246 316 299 345 tela
310 326 339 344 au
345 326 388 344 rea
398 337 405 349 ,
425 315 454 343 in
464 314 618 344 summitate
630 314 713 344 acutis
724 336 732 348 ‚
753 315 808 344 fine
829 317 921 346 Cruce
932 338 938 348 ,
962 322 964 324 '

145 356 274 387 rochetto
284 357 371 395 longo
381 356 442 385 albo
453 381 459 390 ,
470 357 536 384 stola
545 377 553 389 ,
574 356 688 396 cingulo
697 377 705 388 ,
717 355 860 385 dalmatica
870 377 878 389 ‚
898 367 940 385 tu-

1302 11 1334 54 P
1366 11 1406 53 A
1665 22 1741 63 501

995 80 1024 99 re
1034 89 1043 97 .
1054 68 1129 99 Vide
1138 69 1324 107 Privilegium
1335 89 1342 97 .
1352 70 1432 107 Papae
1441 67 1577 106 equitatio
1587 88 1594 96 .
1615 68 1687 98 Vide
1695 74 1795 99 Saccu-

994 112 1065 140 laris
1076 128 1083 138 .
1102 111 1292 139 Va'cedominus
1302 129 1311 138 .
1329 111 1376 138 De
1391 106 1488 137 osculo
1507 110 1563 143 ejus
1583 109 1682 146 pedum
1691 132 1698 139 .
1719 109 1795 139 vide

994 151 1147 180 Sandalia.
1166 148 1297 179 Pon‘effio
1307 149 1376 178 novi
1394 147 1541 178 Pontificis
1551 148 1580 176 in
1592 151 1726 179 Laterano
1736 171 1743 183 ,
1761 160 1790 178 ac

993 192 1053 222 alia:
1073 190 1250 220 caeremoniae
1271 189 1300 219 in
1319 201 1352 220 eo
1361 190 1419 218 aaa
1430 209 1438 216 .
1458 189 1530 217 Vide
1548 191 1626 218 Sedes
1638 195 1773 219 Stet-caria
1783 211 1790 219 .

995 235 1068 262 Item
1077 234 1133 268 ejus
1141 234 1326 267 juramentum
1337 231 1367 259 in
1378 231 1428 258 hac
1439 229 1581 258 functione
1590 250 1597 257 .
1617 230 1689 259 Vide
1697 235 1793 269 Sequi-

992 281 1037 312 pes
1048 294 1056 305 ‚
1065 275 1203 311 Tempore
1212 273 1386 310 Jejunioruni
1397 270 1451 299 sert
1460 280 1572 309 cappam
1584 292 1593 303 ,
1612 274 1639 300 δε
1653 271 1772 309 pluviale
1783 292 1791 299 .

996 313 1070 343 Vide
1077 314 1252 343 sticharium
1260 333 1268 340 .
1287 313 1404 349 Quando
1414 310 1540 340 induitur
1550 311 1624 341 veste
1635 321 1668 340 ex
1678 311 1793 340 candida

994 355 1055 383 lam
1065 375 1072 382 .
1084 353 1156 383 Vide
1165 354 1393 391 superpelliceum
1401 372 1409 380 .

147 399 246 427 nicella
257 420 265 431 ,
284 398 392 436 planeta
401 397 489 435 ampla
500 396 600 425 sericea
609 396 710 425 coloris
723 396 817 434 nigri,
836 396 939 435 pliano-
955 397 1171 427 ΡΑΡΑιετι-ικΑ,
1182 393 1314 422 clericalis
1324 403 1436 426 corona,
1445 403 1479 421 ex
1490 402 1582 431 graeco
1596 389 1775 432 ταπαλῆθροι
1785 405 1798 427 ‚·

147 449 184 468 ne
194 460 201 471 ‚
212 443 240 468 δε
251 437 334 477 pallio
345 459 352 471 ‚
363 438 438 476 quod
448 437 642 476 consumptum
651 447 726 468 erat;
743 436 790 465 sed
801 437 941 475 plumbum

147 480 286 518 apparebat
299 500 305 511 ,
316 482 342 507 &
353 478 488 517 pendebat
498 477 553 506 sere
563 476 647 516 usque
657 477 690 505 ad
701 477 802 515 pedes;
822 476 939 515 spinula:

145 529 201 549 tres
211 528 355 559 gemmatae
369 540 377 552 ‚
388 528 482 547 manus
492 521 546 553 ejus
554 517 720 546 chirothecis
728 518 791 546 albis
799 528 845 546 acu
856 518 940 551 fastis,

148 565 177 590 ὅ(
189 560 340 598 margaritis
347 569 450 588 ornatae
463 568 552 591 erant,
563 562 591 587 δε
601 559 730 586 annulum
741 557 891 596 pretiosum
900 560 942 588 di-

145 602 207 640 gito
217 601 335 639 gcstabat
349 621 356 632 ,
375 608 455 638 atque
465 599 609 637 zapliirum
620 599 719 630 valoris
740 604 752 632 (
765 608 794 627 ut
811 598 941 628 dixerunt

149 642 236 680 aliqui
247 645 259 674 )
270 652 317 679 30.
326 639 463 669 scutorum
472 643 524 668 ἃς.
537 641 548 670 ]
573 639 642 675 Quae
654 648 744 667 tamen
755 639 852 668 relatio
860 640 941 669 habe-

994 434 1040 463 sed
1049 435 1188 464 crederem
1199 434 1373 463 scribendum
1383 434 1476 473 potius
1489 429 1672 471 παπαλῖνρα
1683 455 1690 466 ,
1710 434 1779 462 idest
1789 456 1799 467 ,

996 475 1187 513 presbyteralis
1197 485 1306 504 moneta
1317 486 1326 506 ς
1340 484 1403 504 nam
1414 470 1521 509 παποῖς
1530 495 1539 507 ,
1552 474 1742 512 presbyterum
1752 475 1801 503 de-

997 526 1075 544 notat
1086 537 1093 548 ‚
1103 520 1131 545 ὅ(
1141 513 1230 551 xlm-a
1243 537 1251 548 ,
1262 525 1402 544 monetam
1414 536 1422 547 ,
1434 515 1490 544 sive
1501 514 1634 544 numisma
1643 535 1650 544 .
1672 520 1685 550 [
1696 515 1798 544 Statuit

997 566 1086 584 canon
1099 578 1107 590 ‚
1127 566 1157 584 ut
1167 566 1245 595 caput
1262 557 1300 584 eis
1311 556 1459 584 tondeatur
1481 565 1557 584 more
1566 556 1728 584 clericorum
1739 579 1747 590 ‚
1769 560 1799 586 ὅ(

995 596 1091 625 habeat
1103 596 1288 634 papaletliram
1300 617 1307 624 .
1329 596 1475 626 Balsanion
1486 595 1638 632 adSynod.
1652 604 1678 626 6.
1699 606 1800 626 annor.

999 649 1014 665 ι
1024 648 1046 665 ι.
1058 639 1070 668 ]
1082 638 1155 666 Vide
1164 638 1290 674 Tonsura
1302 658 1309 665 .

147 684 219 712 bitur
228 681 336 720 integra
347 681 376 708 in
385 680 452 708 diet.
463 681 612 709 Rochatum
622 700 629 707 .
641 681 714 708 Item
725 690 781 718 quo
791 681 824 710 ad
834 682 938 720 reliqua
957 675 1172 715 ρᾹΡιΝιΑκιετΑ
1188 699 1195 710 ,
1207 678 1347 706 dicebatur
1355 700 1363 711 ,
1375 677 1421 716 qui
1431 678 1490 716 post
1502 678 1659 707 biennalem
1666 678 1733 714 juris
1745 677 1799 708 stu-

147 725 226 761 l’apae
237 722 401 750 indumenta
411 741 418 748 .
442 720 515 749 Vide
526 724 618 758 Cappa
629 730 715 759 prope
727 721 809 750 finem
821 742 828 749 .
840 725 942 760 Cingu-

997 718 1073 746 dium
1082 740 1091 752 ‚
1102 718 1136 747 ad
1147 717 1260 746 tertium
1272 718 1396 747 transibat
1409 739 1416 746 .

144 765 204 792 lum
215 781 222 790 .
231 765 358 799 Compagi'
371 782 379 793 ,
392 765 508 790 ⁴Criu-ea.
520 764 699 799 Epigonati'on
709 782 716 788 .
735 768 830 791 Fanon
842 782 848 789 .
858 768 943 791 Man.
957 760 1112 788 Piimusis
1122 781 1130 792 ,
1152 759 1255 797 papalis
1271 780 1279 792 ‚
1304 759 1335 787 in
1355 759 1597 788 caeremoiiialibus
1612 760 1702 799 antiq.
1725 762 1801 795 Item

145 805 212 840 dyas
222 823 229 830 .
241 803 322 831 Omle
333 822 340 830 .
353 803 478 830 Pedules.
489 801 638 838 Quomodo
650 801 701 829 fert
713 805 784 841 Papa
794 801 940 831 tonsuram.

996 802 1138 828 Denarius
1144 799 1279 837 papiensis
1291 792 1404 828 monet!
1412 819 1419 827 .

146 843 221 872 Vide
240 844 381 879 Tonsum.
403 844 474 880 Papa
494 842 523 870 in
544 844 658 871 Sabbato·
674 841 766 871 fausto
788 843 942 881 baptizabgt
958 841 1083 869 Paeonis
1095 861 1102 873 ,
1121 840 1243 878 dignitas
1252 841 1282 868 in
1296 841 1367 869 Aula
1377 840 1515 878 imperiali
1531 843 1714 875 Graecorum,
1736 851 1799 880 que

147 894 203 913 tres
215 894 312 923 pucros
321 904 328 911 .
342 883 416 912 Vide
427 883 593 912 Brachialia
603 903 609 910 .
628 883 734 911 Eleftiis
744 884 773 912 in
783 886 884 922 Papam
896 906 904 917 ‚
923 885 942 913 fi

145 925 314 954 ordinandus
325 934 381 952 erat
393 924 422 952 in
434 923 526 956 sacris,
536 923 645 953 debebat
655 926 797 962 expestare
807 925 943 961 jejunium

147 967 273 1002 Quatuoi·
282 975 438 1003 temporum
448 985 455 992 .
466 963 538 993 Vide
549 967 620 993 Ordo
631 984 638 992 .
657 966 726 994 Non
738 964 863 994 induitur
874 968 943 1004 Papa

145 1005 274 1035 sandaliis
285 1027 291 1038 ‚
310 1004 494 1034 subcinctorio
505 1026 513 1038 ,
532 1003 702 1034 chirothecis
710 1028 718 1039 ‚
737 1010 764 1035 δ(
777 1005 878 1034 fanone
897 1007 944 1034 die

149 1047 266 1076 Veneris
278 1045 358 1074 saneti
367 1067 374 1074 ,
396 1045 469 1074 Vide
480 1047 632 1083 Cingulum
643 1066 650 1073 .
671 1047 706 1075 Iii
717 1045 887 1085 processione
907 1047 943 1075 fe<

997 879 1114 909 Caesaris
1124 880 1339 919 consangnineis
1349 881 1472 910 conferri
1485 879 1589 910 solebat
1601 904 1607 915 ,
1619 893 1674 912 vox
1685 882 1801 923 quidem

997 931 1085 959 graeca
1094 932 1190 952 παππ
1198 917 1298 956 ιάς,Μει
1299 921 1354 957 jori
1365 922 1463 951 domus
1473 921 1800 961 correspondebat[Dex-

998 971 1068 989 trum
1078 972 1162 989 cornu
1175 962 1513 996 Protostrator,sinistrum
1522 964 1672 1003 Zamplaco
1683 967 1803 1003 Magnus

996 1003 1110 1040 Pappias
1122 1003 1233 1031 tenebat
1242 1024 1250 1036 ‚
1271 1004 1366 1032 medio
1375 1005 1487 1043 agmine
1499 1005 1656 1043 Imperator
1665 1005 1722 1045 ipse
1733 1006 1802 1034 emi-

995 1043 1070 1071 cabat
1081 1063 1088 1070 .
1098 1043 1304 1072 Canr;1cuz.1ib.
1316 1056 1343 1073 ι..
1354 1055 1377 1072 c.
1390 1055 1436 1076 27·

145 1086 394 1117 stiFurificaiionis
412 1087 492 1115 nudis
503 1086 780 1124 pedibus-incedebat.
800 1088 944 1116 VidePla-
956 1085 1094 1112 Pinnos
1107 1105 1114 1116 ,
1134 1080 1282 1121 va'wupoc,
1304 1084 1442 1114 arbuscula
1452 1084 1481 1114 in
1502 1085 1638 1126 AEgypto
1659 1087 1804 1127 frequens.

145 1129 212 1157 nelli
224 1149 230 1155 .
254 1130 316 1162 Ejus
324 1127 455 1156 solemnis
473 1128 648 1156 communio.
671 1128 744 1156 Vide
764 1131 943 1157 Communia.

147 1172 210 1204 Ejus
222 1168 362 1197 Viaticum
375 1169 576 1196 Sacramentum
587 1169 616 1197 in
629 1169 853 1208 peregrinatione
863 1190 869 1196 .
894 1169 944 1197 Vi-

147 1210 182 1238 de
192 1213 328 1238 νικήσω)
339 1230 346 1236 .
359 1212 420 1244 Ejus
433 1209 591 1236 vestiarium
603 1230 609 1236 .
626 1209 700 1237 Vide
710 1215 848 1248 Vtrgarius
859 1230 866 1236 .
876 1211 945 1247 Papa

148 1251 328 1279 celebraturus
343 1248 503 1278 solemniter
513 1270 520 1276 .
540 1250 613 1278 Vide
626 1252 813 1287 Evangelium
824 1271 831 1277 .
856 1252 946 1287 Quare

147 1302 205 1320 non
218 1291 306 1319 utitur
315 1290 394 1329 bugia
403 1312 410 1318 .
431 1291 504 1318 Vide
514 1293 605 1327 Bugia
614 1311 621 1318 .
643 1292 741 1328 Neque
753 1291 847 1319 baculo
860 1291 946 1329 pasto-

997 1125 1053 1153 PR.
1065 1123 1157 1152 charta
1169 1124 1207 1152 est
1219 1146 1226 1157 ,
1237 1129 1265 1154 ὅ(
1275 1136 1334 1153 nori
1343 1136 1536 1165 pergamenum
1549 1149 1557 1160 ,
1572 1138 1601 1156 ut
1613 1128 1699 1167 aliqui
1709 1129 1804 1157 existi-

999 1174 1091 1192 marit-
1109 1165 1267 1199 [Praedit‘ia
1278 1166 1427 1205 privilegia
1439 1168 1509 1205 quali
1520 1170 1576 1203 jam
1586 1169 1672 1198 nimia
1684 1168 1804 1197 vetusta⁴

1001 1216 1027 1234 te
1044 1204 1207 1243 consumpta
1218 1216 1280 1234 cum
1290 1206 1392 1235 fuerint
1405 1228 1411 1239 ,
1432 1218 1490 1235 non
1502 1208 1529 1235 in
1543 1219 1711 1248 pergameno
1722 1231 1730 1242 ,
1752 1207 1803 1238 sed

999 1246 1030 1274 in
1041 1256 1146 1284 papyro
1157 1245 1311 1285 conscripta
1321 1247 1450 1276 duximus
1460 1248 1619 1279 innovanda
1629 1271 1636 1278 .
1660 1252 1696 1279 In
1708 1251 1802 1279 decre-

1001 1288 1048 1314 tal.
1059 1287 1092 1315 de
1102 1286 1227 1316 confirm.
1238 1289 1300 1316 util.
1314 1289 1358 1316 vel
1369 1289 1461 1317 inutil.
1473 1300 1497 1317 c.
1508 1301 1535 1325 4⁴

143 1332 197 1361 rali
206 1353 214 1359 .
226 1332 299 1360 Vide
310 1332 433 1360 Baculus
445 1352 452 1357 .
476 1332 594 1360 Ponitur
604 1341 669 1369 aqua
682 1341 710 1358 in
722 1335 779 1364 ejus
790 1333 872 1360 calice
884 1342 945 1360 ciiin
960 1330 1122 1357 PAitAiioLA
1135 1350 1143 1360 ‚
1153 1327 1325 1366 παρκβαλίι,
1345 1329 1413 1358 idest
1423 1352 1432 1364 ‚
1443 1331 1612 1370 comparatio
1621 1354 1630 1366 ‚
1651 1333 1697 1363 vel
1708 1332 1803 1362 (imili-

147 1371 284 1402 cochleari
295 1383 375 1401 aureo
384 1393 391 1400 .
405 1372 478 1400 Vide
490 1378 601 1409 Forceps
613 1393 620 1400 .
641 1372 758 1406 Quando
769 1372 848 1401 debet
860 1383 945 1411 genu-

148 1414 258 1442 flectere
275 1412 421 1442 Pontifex.
444 1413 516 1441 Vide
533 1414 710 1451 Genuflexio.
734 1414 946 1442 Benedic'tiones

147 1457 204 1490 ejus
217 1454 245 1482 in
256 1454 341 1482 cereis
351 1464 435 1491 agnus
447 1453 500 1480 Dei
512 1474 518 1480 .
532 1454 605 1481 Vide
614 1458 710 1490 Agnus
721 1458 784 1482 Dei.
795 1457 857 1489 Ejus
866 1456 947 1484 bene-

149 1494 236 1522 diaio
246 1494 349 1532 gladii.
362 1494 435 1522 Vide
445 1496 532 1521 Lectio
542 1514 548 1521 .
562 1494 680 1530 Quando
689 1494 762 1523 canit
771 1495 898 1524 ultimam
909 1497 947 1524 le-

149 1534 272 1562 ctionem
283 1533 473 1562 matutinalem
486 1534 513 1562 in
525 1534 746 1572 Cappclla.Vide
756 1537 821 1570 [ube
831 1541 945 1566 Damne-

151 1574 300 1611 Quomodo
312 1573 456 1610 recipiebat
465 1574 617 1603 oblationes
626 1596 633 1603 .
645 1575 717 1603 Vide
729 1577 841 1605 oblano
850 1597 857 1604 .
878 1580 947 1616 Papa

149 1615 291 1654 quomodo
311 1615 402 1653 prima
414 1615 474 1643 vice
491 1615 604 1653 pallium
625 1615 753 1654 suscipiat
763 1638 769 1644 .
792 1617 866 1645 Vide
884 1620 947 1646 Pal-

147 1657 221 1684 laum
232 1677 239 1682 .
262 1656 319 1684 Ubi
331 1655 488 1684 comedebat
506 1657 536 1684 in
549 1658 623 1685 Feria
636 1658 670 1684 V.
689 1658 789 1685 Coenae
808 1659 927 1687 Domini
941 1681 947 1687 .

149 1696 222 1725 Vide
230 1702 386 1725 Pmemrm
397 1718 404 1723 .
423 1698 493 1733 Papa
505 1696 666 1726 solemniter
685 1698 822 1726 celebrans
833 1709 948 1737 quomo-

149 1737 186 1766 do
206 1738 431 1766 communionem
454 1738 552 1775 recipit
571 1749 604 1766 ex
627 1748 702 1776 parte
723 1738 827 1768 sinistra
839 1760 845 1767 .
876 1740 949 1770 Vide

152 1782 313 1806 Coma-:cmo
322 1799 330 1806 .
353 1778 504 1813 Quomodo
515 1789 606 1816 pacem
624 1778 744 1807 sumebat
755 1800 762 1807 .
786 1781 859 1808 Vide
870 1786 930 1809 Pax
941 1803 948 1809 .

151 1818 270 1853 Quando
283 1819 351 1847 dicit
361 1818 535 1847 PaxDon-iini
548 1819 580 1847 lit
590 1818 695 1857 semper
705 1823 756 1848 &t·.
769 1819 880 1849 Chorus
892 1832 949 1850 non

151 1857 302 1895 respondet
313 1878 320 1885 .
341 1859 414 1887 Vide
425 1865 484 1887 Pax
503 1860 661 1897 Domimsit
675 1861 781 1898 semper
795 1861 853 1894 &an
874 1863 950 1897 Quo—

152 1899 235 1926 modo
256 1898 280 1926 ei
291 1899 358 1926 cinis
376 1899 409 1927 ad
420 1909 501 1937 caput
521 1900 676 1938 imponitur
689 1921 696 1928 .
719 1901 793 1929 Vide
816 1905 950 1931 Cinctum

149 1940 208 1966 mes
219 1959 225 1965 .
247 1939 397 1975 Quomodo
423 1938 602 1969 incensandus
613 1961 620 1968 .
651 1942 723 1970 Vide
742 1942 929 1970 Thuribulum
942 1964 948 1970 .

151 1979 279 2007 remmus
301 1980 432 2008 Hebraeus
442 1981 536 2009 David
545 1981 580 2009 de
590 1982 682 2010 Pomis
696 1982 727 2010 in
745 1980 792 2010 suo
803 1983 948 2012 Dictiona-

150 2021 193 2048 iio
203 2019 328 2047 hebraico
340 2020 369 2048 in
379 2021 443 2048 dict.
455 2023 525 2059 Papa
535 2022 618 2057 Pefior
634 2021 758 2051 hebraice
776 2032 837 2050 eum
851 2034 931 2052 vocat
941 2047 948 2057 ‚

150 2061 224 2099 quod
234 2060 324 2098 postea
335 2060 364 2088 in
376 2061 441 2089 dick-
454 2061 564 2090 Idolum
574 2062 666 2100 inquit
679 2063 812 2092 hebraice
823 2064 904 2100 Pefior
915 2065 948 2093 fic

150 2102 333 2130 denominari-¹
347 2101 379 2129 iic
389 2103 473 2130 etiam
488 2105 584 2131 Romae
597 2103 710 2132 Hebraei
720 2113 858 2131 monetam
869 2114 947 2143 papa-

149 2143 204 2171 lem
214 2163 221 2174 ‚
246 2152 326 2180 quam
339 2153 387 2170 iios
394 2143 504 2178 julium
516 2164 524 2175 ‚
547 2144 603 2172 five
613 2144 734 2171 Paulum
743 2143 858 2173 dicimus
867 2166 876 2177 ‚
899 2147 949 2184 ipsi

148 2183 249 2220 Perfior
259 2183 397 2220 appellant
408 2204 416 2216 ,
433 2183 518 2216 idest,
538 2184 646 2212 Idolum
655 2205 662 2216 ,
685 2184 760 2221 quod
769 2185 880 2222 quidem
892 2187 949 2215 Sac.

148 2223 235 2252 Orbis
244 2244 252 2255 ‚
263 2227 291 2252 δε
303 2223 388 2252 Urbis
400 2223 548 2262 Inquilitio
559 2225 621 2251 talia
634 2225 762 2253 vocabula
771 2225 803 2252 in
812 2235 890 2264 caput
900 2231 949 2256 Ec-

1001 1369 1068 1397 tudo
1077 1390 1083 1396 .
1095 1368 1196 1398 Differt
1206 1378 1295 1398 autem
1306 1370 1336 1398 ab
1347 1370 1471 1399 Historia
1483 1393 1490 1404 ‚
1511 1373 1574 1411 quia
1586 1372 1646 1402 haec
1658 1374 1697 1403 est
1709 1374 1806 1402 relatio

1002 1409 1040 1437 rei
1050 1413 1104 1446 jam
1114 1409 1232 1438 successsse
1244 1421 1252 1441 ς
1275 1421 1300 1439 at
1311 1412 1435 1449 parabola
1445 1412 1483 1440 est
1494 1414 1711 1443 verifimilitudo
1723 1415 1805 1454 inge-

1002 1450 1078 1479 niose
1089 1451 1240 1490 composita
1250 1473 1258 1484 ‚
1277 1456 1304 1481 δ(
1314 1452 1484 1481 adinventa:
1504 1454 1582 1482 rudes
1601 1454 1677 1483 enim
1698 1455 1805 1484 facili-n

1002 1490 1158 1527 hujusmodi
1177 1493 1302 1530 exempla
1314 1493 1436 1521 retinent
1457 1495 1618 1523 memoriter
1629 1506 1634 1524 ι
1656 1495 1706 1525 hac
1718 1495 1805 1535 figura

1002 1531 1061 1560 usus
1071 1533 1107 1561 est
1126 1532 1195 1571 saepe
1205 1532 1332 1562 Christus
1343 1553 1351 1560 .
1373 1539 1385 1569 [
1397 1537 1431 1562 Et
1443 1535 1603 1564 accedentes
1621 1535 1750 1575 discipuli
1760 1536 1807 1566 di-

1003 1583 1103 1602 xerunt
1114 1575 1140 1602 ei
1151 1585 1160 1604 5
1173 1583 1254 1612 quare
1264 1575 1292 1602 in
1305 1574 1437 1611 parabolis
1447 1575 1566 1613 loqueris
1576 1577 1612 1605 ei?
1623 1577 1678 1611 Qui
1691 1576 1805 1615 respon-

1004 1614 1071 1643 dens
1082 1636 1091 1647 ,
1101 1615 1139 1643 ait
1150 1614 1222 1642 illis.-
1247 1615 1317 1651 Quia
1330 1615 1406 1643 vobis
1417 1616 1510 1644 datum
1531 1617 1568 1645 est
1581 1616 1654 1646 noss'e
1673 1618 1804 1653 inylleria

1003 1655 1083 1693 regni
1095 1656 1230 1683 (celorum
1241 1677 1248 1688 ,
1269 1655 1325 1684 illis
1333 1664 1424 1684 autem
1444 1667 1500 1684 non
1518 1657 1556 1685 est
1566 1657 1660 1686 datum
1671 1679 1678 1686 .
1701 1658 1806 1687 Matth.

1005 1706 1062 1733 cap.
1079 1707 1122 1733 ¹3·
1133 1700 1165 1724 Et
1175 1696 1281 1725 dicebat
1293 1697 1330 1725 eis
1343 1708 1348 1724 :
1372 1698 1456 1726 Vobis
1467 1697 1562 1726 datum
1572 1699 1610 1727 est
1620 1698 1694 1728 noll'e
1703 1699 1805 1735 myste-

1006 1738 1047 1765 ria
1056 1737 1135 1775 regni
1146 1736 1199 1765 Dei
1212 1749 1218 1765 :
1232 1738 1285 1765 illis
1298 1747 1388 1766 autem
1400 1760 1408 1771 ,
1421 1738 1467 1777 qui
1478 1738 1542 1767 foris
1552 1738 1614 1768 sunt
1625 1761 1632 1773 ,
1653 1739 1682 1768 in
1697 1741 1805 1778 parabo-

1006 1778 1040 1805 lis
1051 1777 1143 1806 omnia
1155 1777 1225 1806 fiunt
1235 1799 1243 1806 .
1254 1781 1340 1807 Marc.
1351 1789 1407 1817 cap.
1423 1791 1450 1814 4.
1462 1779 1566 1816 Quibus
1576 1779 1633 1818 ipse
1642 1780 1716 1809 dixit
1727 1793 1734 1808 .·
1747 1783 1807 1810 Vo—

1006 1818 1045 1846 bis
1055 1818 1148 1847 datum
1158 1818 1194 1846 est
1207 1818 1280 1847 nolli:
1293 1819 1455 1854 mysterium
1465 1822 1548 1859 regni
1557 1821 1611 1849 Dei
1624 1843 1630 1853 ,
1642 1821 1751 1850 exteris
1761 1832 1807 1850 au-

1006 1868 1062 1887 tem
1072 1859 1103 1887 in
1114 1859 1246 1896 parabolis
1257 1880 1263 1886 .
1275 1862 1339 1888 Luc.
1349 1870 1372 1887 c.
1387 1866 1411 1889 8.
1424 1863 1435 1892 ]
1452 1862 1540 1895 Quare
1551 1872 1641 1890 autem
1654 1861 1807 1900 Discipulis

1008 1900 1203 1935 mysteriorum
1214 1900 1344 1928 notitiam
1354 1902 1505 1939 exponebat
1515 1901 1642 1932 christus
1654 1924 1661 1935 ,
1675 1907 1704 1932 d<
1715 1904 1808 1943 vulga-

1008 1941 1078 1968 ribus
1099 1940 1250 1979 parabolice
1262 1941 1422 1979 loquebatur
1431 1962 1440 1969 .
1460 1942 1534 1971 Vide
1555 1944 1698 1972 Deiw'dus
1717 1963 1725 1971 ·
1750 1945 1808 1975 PR.

1007 1981 1095 2019 aliqua
1101 1981 1156 2009 ndo
1167 1991 1257 2009 tamen
1269 1981 1298 2008 iii
1310 1981 1361 2009 sac.
1372 1982 1511 2020 Scriptura
1519 1983 1650 2022 accipitur
1661 1994 1710 2023 pro
1721 1995 1750 2014 re
1761 1996 1810 2025 ge-

1009 2020 1046 2049 sta
1057 2043 1064 2053 ,
1075 2021 1121 2049 seu
1131 2020 1246 2050 historia
1257 2041 1265 2048 .
1287 2022 1436 2061 [Denique
1445 2024 1521 2063 quod
1531 2025 1658 2053 Salvator
1678 2026 1707 2054 in
1718 2029 1809 2055 Evan-

1006 2063 1083 2100 gelio
1095 2072 1232 2100 tamquam
1242 2063 1393 2100 parabolam
1404 2073 1485 2101 poi-iit
1494 2064 1528 2093 de
1539 2066 1653 2099 Lazaro,
1666 2077 1694 2094 ac
1704 2066 1807 2101 divite,

1008 2103 1184 2141 Expoi'irores
1193 2103 1378 2131 communiter
1389 2105 1486 2132 dicunt
1496 2104 1570 2134 suiss‘e
1581 2116 1638 2135 rem
1649 2107 1750 2145 gestam
1762 2130 1768 2140 ,
1779 2112 1808 2137 ὅ(

1007 2153 1099 2172 tamen
1121 2153 1232 2172 vocatur
1242 2145 1365 2181 parabola
1376 2165 1384 2176 ,
1402 2156 1431 2173 in
1441 2155 1572 2183 quantum
1591 2148 1809 2185 perlimilitudi-

1006 2195 1069 2212 nem
1081 2185 1192 2212 alterius
1213 2185 1252 2213 rei
1265 2184 1448 2223 significativa
1458 2206 1465 2212 .
1484 2186 1605 2222 Dionys.
1618 2187 1716 2217 Carth.
1740 2189 1770 2217 in
1782 2201 1809 2218 z.

1005 2227 1078 2264 ch.
1090 2235 1113 2252 c.
1128 2236 1171 2260 ¹4·
1183 2235 1232 2253 art.
1249 2236 1295 2273 εἷς.

148 2263 235 2292 cleliae
245 2263 409 2292 universalis
420 2262 598 2302 opprobriose
607 2265 753 2293 emendare
763 2265 872 2294 deberet
882 2287 890 2294 .
901 2270 950 2298 Pa,
966 2267 1144 2295 PAiiAnoius
1156 2287 1164 2298 ,
1181 2269 1349 2303 ’παραβολος
1360 2291 1368 2301 ,
1391 2265 1428 2296 ita
1439 2268 1583 2296 vocabatur
1602 2268 1728 2297 Clericus
1736 2291 1744 2302 ‚
1761 2270 1808 2308 qui

144 2314 177 2342 pa
188 2304 226 2332 est
237 2305 363 2333 omnium
374 2305 552 2334 Eccleiiarum
563 2314 642 2343 caput
654 2326 662 2332 .
676 2305 749 2334 Vide
759 2309 930 2337 Patriarcha
940 2329 947 2336 .

142 2344 266 2383 Quando
276 2345 312 2374 de
329 2348 390 2381 jare
401 2346 491 2384 potest
500 2345 651 2386 privilegia
672 2345 739 2375 locis
751 2346 804 2385 piis
816 2349 948 2378 concede-

180 2386 370 2416 Hierolexicon
388 2390 496 2417 Mam.

370 2462 377 2475 Ι

1006 2307 1036 2335 in
1056 2306 1190 2344 Collegit>
1203 2306 1383 2335 Alexandriae
1405 2308 1437 2336 ad
1461 2309 1591 2336 curandos
1614 2309 1738 2338 infirmos
1751 2320 1808 2340 erat

1005 2347 1126 2376 addictus
1137 2357 1144 2377 ς
1156 2356 1214 2385 quae
1229 2356 1285 2377 vox
1295 2347 1512 2388 praecipitosum,
1523 2353 1550 2378 ᾱ
1560 2349 1687 2379 audacem
1697 2350 1726 2378 in
1736 2361 1810 2380 inor·-

1457 2390 1471 2419 Ι
1492 2390 1502 2419 i
1544 2400 1559 2428 3
1728 2392 1764 2420 tia
