1866 2526
466 41 573 86 ΑΡ

115 105 192 134 Deus
201 101 252 132 osse
263 102 437 131 crederetui·-
460 102 525 131 Alia
546 99 617 129 festa
639 109 694 128 erat
714 107 828 130 corum,
851 95 907 136 qui·

115 144 126 173 i
147 144 167 173 fi
187 142 216 172 se
238 143 372 172 vocabant
393 141 567 181 Hrpfistars'vx
589 162 598 174 ,
619 140 674 170 hoc
703 140 760 173 est,
781 139 900 167 cultores

128 183 226 222 uperni
248 183 324 217 Dei,
347 180 429 222 quem
451 183 480 210 in
501 192 554 211 una
575 191 682 210 tantum
702 177 816 220 persona
833 178 901 208 ado-

115 226 210 253 rabant
223 244 232 257 ‚
254 223 413 263 utiJudaei:
437 232 556 262 quorum
575 220 681 251 sabbata
702 220 880 250 observabant
892 239 902 253 ,

116 269 145 294 &c
166 275 180 293 a
193 264 338 294 nonnullis
357 264 424 293 cibis
433 273 573 301 tamquam
583 263 697 302 impuris
713 261 880 290 abstinebant
893 281 901 292 ,

116 304 351 334 circumcisionem
372 315 463 333 autem
473 303 682 342 aspernabantur
692 325 700 337 ,
723 301 900 342 quemadmo-

88 358 93 361 -
115 345 182 375 dum
199 349 344 383 Gregorius
364 345 577 377 Nazianzenus,
597 354 668 373 orat.
692 354 736 380 ¹9·
756 347 786 371 in
802 341 904 380 funere

113 387 226 424 patris,
247 389 322 422 cujus
343 396 421 425 pater
441 385 505 414 huic
526 383 604 413 secta
623 383 773 424 aliquando
782 381 903 411 addistus

123 425 230 460 riserat,
253 437 379 456 enarrat.
401 428 463 465 Jam
474 436 580 454 certum
601 425 660 457 est,
682 422 832 454 Ecclesiam
842 422 903 450 nul-

119 468 175 496 lam
196 477 326 506 umquam
347 465 478 497 admisisti:
500 464 617 495 dehisce
628 461 902 494 miscellis&confu-

117 506 205 536 sancis
216 508 369 541 do&rinis,
392 518 421 536 ac
441 506 521 536 seffls
531 505 674 542 hybridis,
696 503 745 532 sed
765 513 860 547 omnes
872 513 901 530 ac

117 547 234 587 singulas
253 549 332 577 velut
340 548 485 578 hereticas
500 544 636 576 damnass'e
646 567 654 579 ‚
668 549 697 575 δε
707 553 902 572 commumone

85 593 92 599 '
115 588 161 617 sua
183 588 332 627 expulisse.
354 593 390 619 Et
411 589 486 628 leges
507 586 665 626 imperiales
691 584 840 614 admodum
860 582 902 611 se-

118 639 191 659 verae
215 630 326 659 suerunt
345 639 442 659 contra
465 628 607 658 Coelicolas
616 639 628 661 ,-
650 624 900 667 fiquidech-

116 680 164 708 ges
185 673 300 700 Honorii
322 670 426 699 directe
447 678 544 698 contra
573 667 638 697 illos
668 667 729 695 latae
752 674 850 694 extant
872 674 901 692 in

116 710 226 740 Codice
238 711 434 748 Theodosiana.
457 711 493 739 In
503 708 592 748 prima
615 709 677 747 lege
699 706 785 735 cosin
804 705 900 734 eadem

116 760 179 779 cum
205 751 362 780 Donatistis
381 771 390 784 ,
412 749 594 782 Manichaeis,
616 746 849 779 priscillianistis,
872 750 899 775 δι

114 791 230 829 Paganis
250 789 329 819 clafl'e
349 792 468 820 collocat
487 812 496 824 ,
527 790 624 827 J'ubens
644 789 737 818 omnia
754 810 763 822 ,
786 797 847 825 quae
870 786 900 814 in

115 829 263 860 haereticos
283 831 456 871 generalium
487 832 580 870 legum
609 829 770 859 austeritate
791 829 900 857 decreta

114 870 188 904 sint,
211 871 339 902 adversus
361 873 425 902 illos
443 873 478 901 rin
499 871 693 900 executionem
713 869 814 899 deduci
826 880 837 903 ,-
864 868 901 896 ita

116 912 232 949 quidem
252 918 284 942 ut'
305 913 420 943 aedificia
443 913 473 942 in
494 913 589 952 primis
611 912 807 941 Coelicolarum
831 932 839 943 ,
871 909 900 936 in

115 953 210 991 quibus
231 965 314 984 novae
337 954 412 984 istius
439 953 517 984 sectz
550 962 704 982 conventus
731 952 900 981 habeantur,

117 994 183 1020 Cod.
203 995 303 1024 Theod.
324 995 343 1023 l.
358 1002 402 1024 16.
424 998 472 1023 tir.
488 995 557 1030 5.de
566 995 656 1023 haret.
676 993 725 1030 leg.
739 1003 786 1031 43.
808 991 900 1029 Eccle-

117 1032 160 1061 siis
183 1033 376 1063 vindicentur.
399 1036 436 1064 In
455 1034 573 1063 secunda
595 1035 678 1072 lege,
698 1033 768 1061 ibid.
790 1033 898 1069 leg.44.

116 1083 163 1101 eos
184 1083 265 1103 vocat
285 1075 439 1110 judaeorurn
460 1084 563 1105 novam
585 1083 666 1112 arque
686 1072 841 1108 inusitatam
861 1071 899 1102 se·

115 1113 205 1147 fiam,
228 1125 288 1154 quae
299 1115 456 1144 Catholicae
476 1115 601 1144 Ecclesiae
621 1116 792 1143 Sacramenta
804 1113 899 1142 audeat

118 1155 244 1188 turbare,
267 1165 297 1183 ut
317 1155 439 1184 fecerant
459 1156 626 1191 Donatista.
648 1155 685 1182 In
706 1154 788 1182 tertia
808 1153 871 1192 lege
892 1175 899 1187 ‚

119 1195 188 1223 ibid.
206 1195 225 1223 l.
242 1199 344 1224 16.rit.
358 1200 382 1224 8.
405 1195 521 1231 dejud.
543 1195 641 1223 Coelic.
664 1193 898 1226 &Samaritana

115 1235 166 1272 leg.
181 1246 189 1263 i
195 1246 224 1271 9.
235 1235 307 1264 dicit
318 1257 326 1268 ,
349 1237 544 1265 Coelicolarum
556 1245 659 1264 nomen
669 1234 823 1262 inauditum
832 1245 899 1273 quo-

113 1274 264 1304 dammodo
283 1286 391 1304 novum
412 1277 519 1305 crimen
539 1273 743 1315 superstitionis.
763 1274 897 1304 vindicas-

112 1314 161 1348 se,
184 1315 302 1357 ipsisque
323 1318 473 1347 denuntiat
491 1339 500 1351 ,
522 1326 554 1345 ut
577 1316 629 1345 nisi
652 1315 726 1344 intra
746 1316 812 1345 anni
833 1315 893 1354 spa-

112 1356 183 1385 tium
195 1357 293 1386 achi
303 1359 410 1388 cultum
429 1358 696 1395 venerationemque
719 1355 896 1385 christianam

112 1398 239 1427 convcrfi
261 1398 384 1432 suerint,
405 1409 436 1427 ut
455 1399 498 1428 his
518 1399 644 1438 legibus,
667 1397 763 1436 quibus
785 1396 897 1426 haereti<

112 1448 157 1466 cos
167 1438 302 1478 adstringi
316 1450 506 1478 praeceperat,
528 1439 554 1468 se
576 1449 686 1478 quoque
707 1437 842 1467 noverint
851 1439 897 1467 ad-

115 1479 263 1508 tinendos.
284 1483 458 1518 Augustinus
478 1491 608 1519 quoque,
629 1487 667 1517 ep.
682 1489 746 1517 143.
769 1480 807 1508 ad
815 1480 898 1509 Eleu·

107 1517 203 1555 stum,
225 1519 325 1548 horum
345 1521 541 1550 Coelicolarum
561 1519 690 1549 meminit
702 1540 711 1552 ,
732 1519 833 1559 eosque
855 1521 898 1550 di-

113 1558 155 1585 cit
163 1569 224 1587 cum
232 1562 386 1597 Donatistis
397 1561 428 1589 in
448 1561 652 1600 rebaptizandis
661 1559 819 1589 Catholicis
826 1571 894 1590 con-

115 1600 231 1642 venire.
253 1601 421 1640 Intelligere
441 1611 533 1631 autem
554 1601 644 1641 ipsum
664 1599 782 1634 sectam,
804 1611 864 1641 quie
883 1614 897 1631 a

115 1638 277 1669 Christiana
297 1641 332 1669 ad
353 1641 495 1679 Judaicarn
523 1642 690 1681 religionem
719 1642 865 1671 deflexerit
887 1665 895 1677 ,

113 1679 290 1710 manifestum
301 1681 339 1710 est
349 1692 382 1710 ex
392 1683 478 1711 titulo
487 1688 630 1719 Majorum
638 1703 647 1715 ‚
668 1691 749 1720 quem
763 1681 894 1712 ministiis

112 1718 167 1749 suis
189 1721 362 1754 tribuebant5
384 1723 455 1752 dicit
477 1723 554 1752 enim
573 1723 685 1752 loc.cit.
706 1733 767 1758 jam
777 1723 894 1761 mcsera-

113 1771 175 1789 mus
184 1762 223 1790 ad
230 1767 369 1799 Majorem
383 1764 578 1792 Coelicolarum
589 1785 597 1797 ,
621 1773 702 1802 quem
713 1764 894 1795 audieramus

113 1804 181 1829 novi
201 1803 276 1840 apud
297 1814 337 1832 eos
360 1804 491 1842 baptismi
514 1806 703 1841 institutorem
731 1806 876 1844 institmffe
888 1827 896 1839 ,

114 1843 168 1869 διε.
190 1843 254 1870 Hoc
276 1843 360 1873 etiam
382 1854 497 1873 nomine
506 1844 748 1884 MagisttiJudaici
769 1844 896 1885 frequen—

115 1890 158 1909 ter
179 1892 372 1922 nuncupantur
392 1886 423 1914 in
443 1885 553 1915 Codice
577 1885 755 1923 Theodqfiano
773 1907 783 1920 ,
805 1887 825 1915 l.
853 1894 897 1917 16.

116 1924 166 1950 tit.
185 1927 210 1952 8.
227 1924 260 1952 de
274 1928 377 1960 Judaeis
395 1927 445 1964 leg.
460 1938 484 1955 1.
506 1926 552 1955 Ut
562 1926 630 1955 adeo
640 1927 748 1955 constet
767 1927 876 1966 liquido
888 1950 897 1962 ,

114 1961 186 2006 hanc
205 1964 398 1995 Coela‘colamm
418 1967 543 2000 Setiam,
565 1966 728 1996 Christiana
747 1969 898 2007 &Judaica

114 2004 267 2047 Religione
286 2007 482 2042 commixtam,
505 2012 534 2037 ὅ(
554 2018 585 2037 ut
606 2007 689 2036 talem
711 2019 767 2037 tam
788 2020 836 2048 per
857 2010 895 2039 ci-

115 2044 186 2074 viles
206 2045 281 2084 leges
302 2047 446 2084 punitam,
468 2059 550 2087 quam
571 2058 621 2088 per
641 2049 716 2088 leges
737 2051 896 2080 ecclesiasti-

115 2094 157 2114 cas
177 2096 192 2114 a
216 2086 351 2115 fidelium
369 2089 566 2119 communione
587 2088 664 2118 fuiffe
685 2092 814 2125 rejectam
833 2112 842 2120 .
877 2094 892 2127 ΙΙ

115 2128 220 2171 Praeter:
239 2127 321 2166 supra
342 2138 506 2159 memoratos
526 2140 605 2159 erant
626 2129 740 2169 quidam
757 2131 896 2161 Christia-

115 2177 164 2210 ni,
185 2169 234 2208 qui
255 2169 321 2197 licet
341 2180 391 2197 nec
412 2171 447 2198 ad.
466 2171 628 2210 judaeorum
659 2173 805 2201 transirent
827 2175 893 2202 reli-

114 2217 229 2247 gionem
240 2231 249 2244 ,
270 2220 361 2250 neque
381 2211 413 2239 in
432 2211 576 2251 precipuis
597 2211 757 2252 quibusdam
778 2214 893 2254 dogma-

115 2249 185 2278 tibus
207 2250 283 2280 idem
302 2261 365 2279 cum
385 2251 447 2290 ipsis
468 2251 623 2287 sentirent,
646 2253 677 2282 in
686 2253 846 2293 quibusdam
856 2265 898 2285 ta-

114 2300 180 2319 men
201 2292 318 2321 minoris
340 2301 414 2320 notae
437 2292 532 2322 ritibus
553 2305 582 2322 ac
602 2293 842 2324 consuetudinibus
864 2298 898 2326 il-

114 2331 147 2359 lis
168 2331 224 2360 sese
256 2333 465 2362 accommodare
487 2344 546 2362 non
567 2335 753 2365 detrectabant
775 2348 785 2367 s
816 2347 847 2368 ut
868 2337 900 2367 in

114 2371 292 2404 observandis
312 2374 407 2406 diebus
427 2374 502 2409 festis
522 2379 551 2408 δι
567 2376 695 2415 jejuniis,
717 2378 901 2409 inmatrimo·

1245 36 1352 78 ΑΡ
1638 51 1688 90 71

956 95 1010 126 niis
1030 105 1092 124 cum
1113 92 1167 123 illis
1188 92 1386 124 contrahendis
1405 114 1413 127 ‚
1445 92 1475 122 in
1504 93 1668 131 recipiendis
1691 105 1740 124 eo-

954 146 1015 166 rum
1035 134 1170 173 eulogiis,
1192 135 1224 164 in
1244 133 1420 164 consulendis
1438 133 1496 163 illis
1516 134 1550 162 de
1561 133 1741 171 phylac'teriis

953 180 984 210 ,δι
1005 176 1132 206 amuletis
1153 175 1187 204 ad
1209 175 1343 205 curandos
1366 175 1492 207 morbos,
1514 173 1627 213 aliisque
1648 175 1741 211 hujus-

955 217 1034 246 modi
1054 229 1060 245 :
1090 226 1150 255 qux
1181 216 1276 246 omnia
1306 214 1423 254 proinde
1444 214 1492 244 sub
1514 225 1596 253 poena
1617 215 1737 244 censurie

957 257 1141 287 ecclesiasticae
1152 256 1334 300 prohibentur
1343 277 1350 285 .
1360 255 1523 286 Concilium
1532 256 1717 285 Laodicenum
1735 277 1742 289 ,

956 309 980 326 c.
993 296 1374 335 29.Chrishanisinterdicit
1395 297 1536 333 judaizare
1549 318 1557 330 ,
1579 296 1698 325 otiando
1708 297 1736 325 in

958 339 1092 372 Sabbato,
1114 338 1216 378 eosque
1234 360 1244 372 ‚
1266 338 1315 377 qui
1339 337 1449 367 inventi
1471 338 1574 367 fuerint
1596 337 1630 366 sic
1649 336 1739 375 judai-

961 389 1075 413 zantes,
1097 379 1244 408 anathema
1265 378 1316 408 efl‘e
1338 379 1516 418 pronuntiat.
1539 380 1624 407 Vetat
1645 377 1742 408 simili-

959 428 1020 453 ter,
1043 421 1111 449 ibid.
1132 430 1251 458 can.37.
1273 418 1450 449 Christianos
1472 429 1534 448 cum
1561 418 1665 456 Judaeis
1685 418 1745 447 dies

959 460 1040 490 festos
1049 471 1147 499 agere,
1169 465 1323 490 &munera
1344 460 1441 490 festiva
1463 461 1494 489 ab
1517 459 1575 488 illis
1597 459 1740 498 accipere,

959 511 1006 530 aut
1027 511 1144 537 azyma,
1166 502 1229 541 quia
1251 502 1280 531 id
1302 500 1366 531 ess'et
1386 511 1482 531 eorum
1503 499 1644 539 impietati
1665 510 1743 528 com-

956 542 1097 571 municare
1110 563 1120 576 ‚
1141 542 1172 571 in
1181 543 1305 572 eamdem
1315 540 1486 572 sententiam
1497 551 1632 570 canonem
1643 551 1739 580 quem-

955 582 1019 611 dam
1040 582 1113 612 inter
1134 583 1168 612 sic
1191 583 1280 612 dietos
1300 584 1468 621 apostolicos,
1490 592 1548 621 cap.
1560 593 1607 615 70.
1628 581 1742 610 inveni-

957 633 1034 656 mus,
1055 623 1104 662 qui
1125 632 1188 653 cum
1208 623 1313 662 Judaeis
1332 627 1455 660 jejunare
1476 631 1570 656 vetat,
1593 622 1639 652 vel
1660 622 1743 651 festos

957 664 1015 692 dies
1027 674 1128 704 agere,
1152 664 1328 704 velaccipere
1337 674 1433 694 eorum
1454 663 1625 696 festixenia,
1647 673 1743 692 exem-

957 705 998 743 pli
1020 704 1129 744 gratia,
1152 714 1269 740 azyma,
1292 706 1338 734 vel
1359 706 1426 745 quid
1435 704 1614 742 hujusmodi5
1635 704 1744 732 clericis

956 746 1069 784 quidem
1091 746 1257 775 denuntians
1279 748 1399 776 muneris
1420 746 1641 778 abdicationem,
1664 744 1741 773 laicis

956 796 1047 815 autem
1067 784 1290 826 segregationem
1307 808 1315 815 .
1348 791 1383 816 Et
1405 798 1454 826 per
1475 787 1561 816 alium
1582 795 1617 814 ex
1640 784 1741 814 iisdem

957 828 1136 860 Canonibus‚
1159 839 1221 857 can.
1237 829 1316 866 apost.
1326 839 1376 860 72·
1397 829 1490 857 oleum
1511 827 1546 856 ad
1564 823 1741 865 synagogam

956 868 1117 907 Judaeorum
1137 868 1244 897 deferre
1257 889 1265 902 ,
1287 878 1331 898 aut
1351 869 1382 898 in
1404 869 1476 898 festis
1496 877 1593 896 eorum
1615 867 1742 896 lucernas

956 909 1106 941 accendere
1117 930 1125 942 ‚
1148 908 1222 938 idem
1235 910 1343 938 crimen
1352 910 1390 938 est
1400 931 1408 942 ,
1426 921 1456 939 ac
1468 909 1487 939 si
1498 907 1658 939 Gentilium
1668 917 1740 936 tem-

956 950 1008 988 plis
1029 960 1075 979 aut
1098 949 1171 979 sestis
1185 950 1221 979 -id
1243 950 1341 984 fieret,
1364 954 1393 980 Sc
1412 960 1558 988 utrumque
1579 958 1741 978 excommu-

956 990 1097 1019 nicatione
1114 991 1207 1029 puniri
1228 991 1353 1027 jubetur:
1377 992 1420 1020 Ita
1432 990 1602 1030 Episcopu3‚
1624 989 1740 1024 Presby-

957 1041 1017 1065 ter,
1039 1034 1067 1059 &
1088 1032 1248 1065 Diaconus,
1269 1031 1317 1070 qui
1338 1031 1438 1061 Pascha
1458 1041 1521 1061 ante
1543 1040 1639 1060 verum
1661 1029 1741 1068 equi-

955 1071 1100 1105 noctium,
1122 1073 1191 1101 ibid.
1214 1084 1275 1102 can.
1288 1077 1312 1101 8.
1334 1082 1395 1101 curn
1415 1073 1518 1111 Judaeis
1538 1069 1681 1101 celebrasse
1691 1070 1741 1099 de-

956 1111 1106 1150 prehensus
1128 1112 1210 1142 suerit
1229 1135 1237 1146 ,
1260 1113 1443 1151 depositionis
1464 1123 1547 1151 poena
1568 1112 1740 1140 condemna-

955 1163 1017 1181 tur.
1039 1152 1204 1182 Concilium
1215 1154 1444 1186 illiberitanum,
1467 1164 1490 1181 c.
1504 1165 1553 1189 49.
1563 1151 1740 1182 Christianos

954 1193 1029 1229 jubet
1050 1193 1217 1228 admoneri,
1239 1204 1269 1222 nt
1282 1204 1340 1222 non
1364 1193 1503 1232 patiantur
1523 1193 1624 1222 fructus
1644 1191 1705 1221 suos
1722 1204 1736 1222 a

954 1233 1057 1272 Judaeis
1079 1234 1223 1265 benedici;
1245 1245 1291 1263 eos
1302 1244 1411 1266 autem,
1433 1234 1480 1273 qui
1503 1233 1689 1262 nihilominus
1709 1233 1740 1261 id

955 1274 1110 1304 faciendum
1129 1275 1304 1307 curaverint,
1330 1275 1438 1314 penitus
1460 1286 1493 1303 ex
1515 1274 1632 1304 Ecclesia
1653 1273 1738 1310 ejici:

953 1315 1017 1354 quia
1026 1316 1256 1345 contumeliosum
1278 1315 1331 1344 hoc
1354 1316 1386 1345 sit
1395 1315 1582 1345 benedifiioni
1604 1314 1636 1343 in
1646 1315 1739 1344 Eccle-

952 1357 986 1386 sia
1008 1357 1129 1391 usitatae,
1151 1358 1225 1396 quasi
1249 1367 1309 1386 eam
1329 1357 1490 1390 infirmam,
1512 1355 1655 1394 minusque
1676 1355 1739 1384 effi*

952 1407 1042 1426 cacem
1063 1398 1176 1427 credant
1194 1418 1203 1426 .
1224 1398 1305 1427 Idem
1324 1398 1508 1431 Concilium,
1530 1408 1591 1426 can.
1614 1407 1660 1432 50.
1681 1405 1740 1425 tam

951 1438 1058 1467 clericis
1076 1460 1086 1472 ‚
1117 1450 1199 1478 quam
1221 1438 1300 1468 laicis
1321 1439 1412 1467 cibum
1433 1448 1496 1467 cum
1516 1437 1611 1474 judaeis
1632 1435 1740 1465 sumere

952 1478 1114 1514 interdicit,
1136 1477 1256 1519 eosque,
1277 1479 1326 1518 qui
1347 1479 1377 1508 id
1388 1477 1507 1512 saciant,
1529 1489 1545 1507 a
1562 1477 1740 1507 communio-

953 1531 988 1548 ne
1006 1521 1081 1556 jubet
1103 1520 1234 1551 abstinere
1250 1541 1259 1548 .
1292 1524 1329 1549 Et
1359 1519 1438 1556 hujus
1460 1519 1574 1558 quidem
1594 1518 1737 1548 interdicti

952 1561 1090 1589 rationem
1113 1561 1276 1591 Concilium
1295 1561 1476 1599 Xfathenfe,
1499 1571 1560 1589 can.
1572 1571 1621 1596 40.
1640 1557 1715 1588 affert
1728 1581 1737 1593 ‚

952 1601 1063 1640 quando
1083 1602 1141 1631 ait:
1165 1607 1239 1631 Cum
1248 1603 1321 1640 apud
1331 1602 1501 1638 Christianos
1525 1601 1592 1629 cibis
1617 1609 1739 1629 commu-

951 1643 1032 1671 nibus
1054 1653 1108 1671 novz
1128 1651 1250 1671 utantur
1271 1647 1284 1676 (
1303 1641 1394 1680 Judaei
1410 1645 1443 1674 ),
1465 1642 1614 1678 indignum
1636 1640 1672 1676 est
1693 1647 1741 1667 at.

950 1693 1002 1721 que
1016 1684 1205 1721 sacrilegum,
1229 1694 1320 1711 eorum
1337 1681 1408 1710 cibos
1427 1681 1623 1718 achrzstiam's
1638 1681 1717 1718 sumi
1727 1696 1738 1712 ,-

952 1734 1016 1752 cum
1028 1735 1060 1752 ea
1073 1745 1081 1756 ,
1104 1734 1158 1763 qua
1173 1723 1294 1761 Apostolo
1312 1725 1494 1760 permittente
1514 1732 1560 1750 nos
1578 1722 1733 1758 sumimus,

952 1764 987 1792 ab
1008 1764 1068 1792 illis
1089 1764 1251 1800 judicentur
1267 1763 1439 1797 immundam
1462 1773 1495 1792 ac
1514 1773 1524 1790 ι
1536 1760 1679 1800 inferiores
1692 1768 1738 1794 in-

953 1807 1061 1842 cipiant
1071 1804 1119 1841 effe
1130 1805 1302 1841 Christiani,
1326 1814 1412 1843 quam
1418 1803 1508 1839 Judai
1519 1823 1527 1836 ‚
1542 1802 1570 1839 si
1590 1813 1654 1836 nos,
1677 1816 1736 1844 qua

952 1846 988 1873 ab
1009 1845 1069 1874 illis
1091 1853 1266 1883 apponuntur
1279 1866 1288 1878 ,
1309 1854 1444 1877 utamur,
1466 1845 1510 1872 illi
1533 1853 1599 1870 vero
1620 1854 1640 1872 a
1659 1847 1737 1875 nobis

952 1886 1047 1915 oblata
1067 1895 1265 1914 contemnant.
1289 1885 1345 1920 Qui
1365 1895 1456 1913 canon
1476 1882 1574 1912 iisdem
1583 1883 1673 1914 verbis
1693 1897 1739 1916 re-

953 1927 1059 1965 petitur
1080 1927 1112 1954 in
1121 1926 1257 1956 Concilio
1274 1930 1413 1958 Venefico,
1437 1936 1498 1953 can.
1512 1935 1557 1953 υ..
1579 1924 1738 1956 &incon-

952 1967 1019 1996 cilio
1041 1966 1206 2005 Epaonensk
1231 1978 1292 1996 can.
1309 1977 1352 2001 ¹5·
1376 1969 1416 1994 Ex
1436 1964 1571 1994 Concilio
1592 1965 1675 1995 etiam
1684 1973 1740 1997 To-

950 2008 1043 2037 lemno
1052 2018 1151 2046 quarto
1159 2017 1280 2047 apparet,
1292 2006 1421 2036 Ecclesias
1432 2007 1598 2044 Hispania-as
1610 2007 1642 2035 ab
1648 2007 1741 2037 istius·

950 2049 1028 2077 modi
1044 2048 1248 2087 judaizantibus
1268 2046 1438 2077 Christianis
1460 2046 1578 2075 maxime
1600 2046 1675 2077 fuisse
1695 2049 1740 2077 in-

952 2089 1074 2121 festat-285
1097 2090 1157 2118 aliis
1178 2088 1290 2128 quidem
1311 2088 1414 2126 Judaeis
1435 2087 1466 2116 in
1487 2087 1602 2126 persidia
1624 2087 1671 2117 sua
1693 2089 1735 2118 fa-

956 2131 1100 2161 ventibus
1121 2130 1182 2158 aliis
1195 2140 1260 2158 vero
1280 2130 1351 2157 reeta
1371 2128 1406 2157 ad
1426 2139 1471 2157 eos
1479 2128 1684 2162 deficientibus,
1707 2135 1738 2160 ὅ(

953 2172 1154 2209 circumcisioni
1175 2169 1202 2198 se
1222 2168 1460 2201 submittentibuss
1483 2169 1544 2198 aliis
1565 2168 1737 2208 deniquein-

953 2211 1112 2241 differenter
1133 2210 1260 2240 cumillis
1277 2210 1308 2238 in
1329 2209 1503 2239 manifestum
1513 2209 1612 2238 animae
1622 2208 1676 2238 suae
1689 2212 1737 2240 de-

953 2250 1364 2287 trimentumconversantibus.
1386 2252 1496 2280 Contra
1506 2251 1582 2289 quod
1602 2251 1737 2288 posterius

954 2294 1114 2330 judaizandi
1131 2302 1216 2332 genus
1235 2302 1326 2321 canon
1346 2289 1674 2331 quadragesimus·sextus
1684 2292 1738 2321 hu-

954 2337 994 2371 jus
1016 2335 1143 2364 Concilii
1163 2334 1226 2362 data
1247 2332 1465 2372 operaconditus
1486 2333 1543 2365 est,
1566 2331 1666 2370 aliique
1688 2331 1737 2363 sex

957 2375 1003 2407 vel
1023 2374 1128 2417 septem
1142 2396 1153 2411 ,
1175 2375 1241 2405 alius
1261 2374 1322 2415 post
1342 2374 1427 2404 alium
1448 2394 1458 2407 ,
1489 2377 1570 2402 conc.
1588 2372 1676 2400 Tolet.
1697 2378 1738 2403 IV.

1364 2417 1389 2445 E
1430 2424 1450 2449 -ι-
1634 2423 1697 2441 can.
