1866 2526
165 72 245 113 242
520 61 566 105 D
598 62 618 104 I

152 118 270 152 Altam,
291 115 442 156 divina-que
460 116 614 148 ministeria
631 128 728 148 muniis
749 115 911 157 praestabant
930 135 938 147 ³

150 158 226 203 quod
236 159 271 188 de
280 159 448 190 Diaconibus
459 160 732 190 Romanae-Ecciefiae
743 159 838 198 magia,
847 169 875 188 ac
885 166 940 184 ma-

150 199 194 238 gis
209 198 377 230 afferendum
396 201 452 234 est,
476 201 571 240 quibus
588 200 673 235 solis,
689 205 718 231 ὃ(
737 197 940 229 ΜσΗὶηεηῐῐΒιιε

151 251 185 274 ex
195 241 346 281 privilegio
355 240 617 282 specialicompagis
638 242 681 272 uti
700 242 799 271 licebat
818 240 849 268 in
861 238 940 267 sacris

152 292 186 310 ex
197 283 236 311 D.
247 284 405 321 GregoriO,
418 284 465 312 lib.
476 294 503 318 7,
513 284 591 322 epist,
604 290 649 313 28.
661 288 689 312 δε
699 294 753 322 ego
761 281 844 310 fufius
854 279 899 308 hic
911 279 940 306 in

150 323 217 355 dist·
237 327 366 362 Compagi
377 345 384 352 .
408 324 485 353 Hinc
505 323 681 354 Archilevita
708 322 868 353 Laurentius
878 342 886 354 ‚
910 328 939 347 ut

149 363 246 395 serisii:
256 365 282 393 S.
294 365 451 394 Ambrofius
461 386 470 399 ‚
494 366 527 394 ad
537 366 617 401 Xysti
626 363 772 394 Pontificis
784 363 865 401 pedes
878 371 941 400 pro-

149 404 277 438 volutu5‚
298 406 465 434 exclamabat
475 426 482 433 .
495 409 549 434 Cui
560 406 713 443 commxststi
724 404 941 439 Domintciszm-
954 428 957 431 .

144 448 242 484 guinis
253 447 480 483 consecrationem
492 467 498 473 .
521 447 555 475 In
565 446 613 475 hac
632 447 753 475 lefiione
770 445 834 473 licet
853 442 939 481 aliqui

148 487 279 515 mendum
288 489 419 527 agnoverj
426 496 457 516 nt
468 508 476 519 ,
499 488 672 526 legerintque
680 487 919 526 Dispensationem
931 494 939 515 5

148 525 334 556 nihilominus
344 528 486 558 retinenda
497 527 535 557 est
545 528 657 567 antiqua
666 528 748 556 leftio
757 548 765 560 ,
777 537 806 554 ut
817 526 898 554 docet
910 526 939 552 P.

145 566 318 604 ,Ch'rysoiius
329 568 358 596 in
368 568 416 597 suo
426 568 609 608 mystag0g03
633 579 692 597 nam
713 569 824 598 Verbum
845 566 941 602 Conse-

148 612 236 643 cran'o
258 620 315 637 iion
334 609 468 648 fignificat
486 609 692 639 const-&ionem
711 607 871 648 sanguini5‚
895 605 943 634 sed

147 648 346 687 perfestionem
364 649 507 681 sacrificii5
530 651 596 679 ficut
606 649 722 688 ipsemet
741 649 870 679 Sacerdos
880 646 943 675 niis-

148 690 239 718 cendo
258 689 354 719 hostiae
367 692 530 729 particulam
539 703 600 721 cum
611 691 745 731 sanguine
765 689 936 729 profci⁴tilla

147 731 228 759 Verba
239 732 366 759 Cononis
378 743 384 762 3
399 738 459 762 Haec
469 736 632 762 commixtio
642 754 649 765 ,
663 732 697 766 ό»
708 733 871 769 consecratio
882 728 939 762 &c-

145 772 211 800 Imo
222 783 255 800 ex
267 773 377 810 Justino
387 774 510 813 Apolog.
523 786 548 803 2.
560 775 703 802 Diaconus
721 781 864 809 utramque
880 769 938 808 spe-

143 812 215 840 ciem
236 812 360 843 fidelibus
378 814 546 844 ministrabat
558 837 565 848 ‚
588 815 663 854 quod
683 824 779 842 munus
799 811 940 850 praestabat

145 853 230 881 etiam
243 853 378 891 praescntc
388 855 556 892 Presbytero
567 878 574 890 ,
597 866 627 884 ut
646 854 769 884 decrevit
778 851 939 882 Concilium

145 893 370 933 carthaginense
384 898 437 924 IV.
454 898 615 932 [Diaconus
625 895 761 935 praesente
771 893 940 927 Presbytero

146 934 343 965 Eucharistiam
361 939 482 975 corporis
501 938 609 967 Christi
622 960 629 971 ‚
653 934 822 966 finecessitas
841 942 921 971 cogat
933 954 939 964 ‚

145 974 230 1012 jussus
241 987 338 1017 erogat
350 999 357 1010 ,
379 988 439 1006 can.
461 983 507 1016 38.
526 982 538 1011 ]
561 980 619 1007 Nec
629 977 780 1006 audiendus
791 976 828 1004 est
839 976 920 1003 Sotiis
932 995 939 1005 ‚

146 1015 265 1046 asserens
277 1020 306 1047 id
316 1019 415 1046 factum
426 1018 480 1047 esse
490 1030 521 1048 ex
536 1018 666 1058 peculiari
687 1017 810 1046 Ecclefiae
829 1014 940 1053 dispen-

144 1055 251 1086 satione
264 1081 271 1092 ,
295 1059 358 1098 quia
369 1060 485 1089 Ecclesia
505 1071 562 1088 non
572 1061 645 1089 valet
665 1056 820 1096 dispensare
836 1056 866 1085 in
880 1058 941 1092 jure

145 1098 247 1129 divino
257 1121 264 1128 .
276 1101 305 1129 Si'
315 1111 382 1139 ergo
391 1100 532 1129 Diaconus
545 1111 648 1129 tantam
658 1099 821 1139 potestatem
831 1106 941 1126 exerce<

143 1139 187 1167 bat
197 1139 227 1167 in
236 1150 333 1179 corpus
343 1140 450 1170 Christi
464 1142 533 1170 reale
545 1164 553 1175 ,
575 1153 623 1170 cur
640 1152 696 1170 non
708 1141 810 1179 poterit
826 1138 940 1166 eandem

144 1189 271 1210 exercere
284 1182 313 1210 in
321 1192 420 1220 corpus
430 1183 575 1218 mysticum
587 1205 595 1215 ,
620 1182 751 1211 nimirum
761 1180 854 1209 fideles
868 1201 874 1211 ,
885 1178 940 1206 illis

143 1220 364 1251 benedictionem
383 1224 562 1262 elargiendo?
595 1224 647 1252 His
666 1220 808 1261 praemiffis
835 1219 921 1248 assero
932 1239 939 1252 ,

144 1261 281 1299 Diacones
294 1265 458 1292 Cardinalcs
469 1263 540 1303 posse
552 1274 609 1292 tuta
618 1263 786 1291 conscientia
807 1260 939 1299 populum

144 1302 304 1333 benedicere
314 1304 477 1334 solemniter
490 1317 495 1332 :
521 1307 559 1333 ita
570 1305 684 1344 legimus
696 1304 729 1331 de
740 1303 858 1341 quodam
870 1301 939 1329 Dia-

145 1353 217 1372 cono
229 1366 236 1377 ,
260 1345 306 1383 qui
317 1345 410 1374 missus
433 1358 445 1374 τι
456 1348 481 1375 S.
491 1347 631 1385 Gregorio
649 1344 853 1382 Thaumaturgo
864 1364 872 1374 ,
893 1341 937 1370 sua

142 1384 336 1415 benedi-stione
347 1387 451 1425 publica
462 1386 602 1415 sceleratas
614 1386 761 1415 hominum
779 1383 883 1412 fraudes
896 1393 937 1411 rc-

145 1425 240 1463 preffit
252 1448 259 1459 ‚
282 1437 311 1455 ut
321 1426 414 1455 scribit
424 1427 568 1463 Nys-›enus
578 1428 608 1456 in
619 1430 673 1463 ejus
684 1427 738 1455 vita
748 1446 754 1453 .
773 1426 809 1454 In
820 1424 935 1453 Ecclesia

144 1467 458 1508 Constantiiiopolitana
469 1468 655 1497 Exocatacoeli
666 1490 674 1501 ,
697 1467 744 1507 qui
765 1465 825 1494 sunt
836 1466 937 1494 Diaco-

143 1507 175 1536 ni
187 1508 381 1537 patriarchales
390 1531 397 1544 ‚
411 1510 666 1548 aequiparantiirque
675 1507 867 1538 Cardinaiibus
877 1489 946 1535 1ὶο-1

144 1550 231 1577 mauis
241 1571 248 1582 ‚
271 1550 369 1579 eodeni
378 1550 452 1579 enim
461 1542 569 1579 honore
581 1550 667 1579 habiti
676 1548 739 1578 sunt
757 1549 787 1576 in
800 1548 934 1576 Concilio

145 1589 322 1619 Florentino:
333 1601 395 1620 nam
406 1592 548 1620 Pontificis
560 1601 670 1620 manum
681 1612 688 1624 ,
711 1601 740 1619 ac
750 1599 850 1628 genam
860 1587 936 1616 oscu-

142 1630 193 1658 lati
206 1630 269 1658 sunt
279 1653 287 1664 ‚
310 1642 340 1660 nt
351 1643 383 1660 ex
395 1632 460 1660 acris
470 1632 590 1669 ejiisdeni
601 1631 742 1661 concilii.
757 1637 768 1665 [
781 1628 936 1659 Patriarcha

142 1673 242 1709 Papam
254 1672 370 1701 stantem
381 1672 513 1703 osculatus
522 1673 560 1702 est
570 1674 599 1702 in
611 1683 681 1712 gena
694 1683 701 1702 ς
725 1683 774 1700 nos
788 1681 854 1699 vero
875 1681 935 1698 cuin

142 1714 340 1742 Exocatacoeiis
349 1714 471 1742 sedentis
481 1715 625 1743 dexteram
637 1736 644 1747 ,
667 1718 692 1742 ὃ(
706 1722 805 1751 genam
822 1710 936 1739 osculati

140 1751 230 1781 sumus
241 1756 269 1785 .]
283 1755 321 1783 Hi
331 1755 414 1783 etiam
425 1755 453 1783 in
466 1755 606 1783 Conciliis
614 1755 692 1792 supra
702 1752 850 1793 Episcopos
860 1751 937 1780 sede-

142 1794 207 1822 bant
217 1815 225 1827 ‚
246 1799 274 1823 δε
283 1805 374 1824 tamen
386 1806 446 1824 curn
457 1795 546 1824 essent
557 1796 590 1824 de
600 1795 700 1824 ordine
709 1794 774 1822 Dia‘
783 1793 860 1822 onali
871 1815 877 1825 ,
893 1804 937 1820 ni-

141 1833 294 1863 hilominus
305 1837 334 1864 in
345 1836 431 1865 Missis
441 1837 512 1875 apud
521 1836 577 1865 suas
588 1836 712 1864 titulares
723 1834 850 1863 Ecclesias
861 1814 948 1863 bene.l

140 1875 278 1905 dictiones
296 1876 429 1906 solemnes
451 1877 613 1916 prcestabant
624 1898 633 1910 ,
656 1877 690 1905 de
711 1885 827 1914 quorum
847 1876 937 1902 aufto-

142 1916 223 1945 ritate
234 1939 242 1949 ‚
266 1928 382 1947 numero
394 1941 401 1953 ,
423 1929 451 1947 ac
464 1918 624 1957 privilegiis
636 1918 720 1945 multa
728 1916 819 1953 scripsi
832 1916 860 1943 in
872 1916 936 1943 dici.

142 1960 331 1987 Exomtacoelt'
342 1980 349 1986 .
372 1959 417 1989 Est
428 1959 515 1998 igitur
523 1959 663 1989 Diaconus
673 1969 729 1985 non
739 1957 916 1985 ordinatione
929 1978 936 1989 ‚

140 1996 185 2025 sed
196 2000 357 2028 auctoritate
366 2022 374 2033 ,
397 2003 424 2029 ὅ(
436 2000 576 2039 dignitate
586 1999 715 2028 Sacerdos
727 2020 734 2031 ,
758 2008 787 2026 ut
803 1999 871 2025 bene
890 1998 936 2025 ad<

142 2038 227 2066 vertit
240 2040 397 2075 Hesychius
408 2042 441 2069 ad
450 2042 500 2070 illa
511 2041 590 2070 vei-ba
600 2039 719 2069 levitici
730 2049 788 2077 cap.
810 2043 862 2073 9.[
886 2040 936 2066 in-

140 2078 220 2117 gressi
236 2080 343 2115 Moyses
355 2103 362 2113 ,
385 2086 412 2110 ἅ
436 2085 528 2111 Aaron
549 2081 752 2110 tabernaculum
764 2100 771 2111 ,
793 2083 820 2107 ὃς
839 2079 933 2117 egi'effi

142 2119 342 2149 benedixerunt
359 2124 492 2160 populum
502 2145 508 2151 .
521 2126 533 2154 ]
546 2124 663 2152 Certum
674 2131 767 2149 tamen
779 2120 816 2148 est
830 2141 838 2151 ‚
852 2122 934 2155 Moy-

139 2158 187 2187 sen
200 2171 257 2188 non
278 2161 355 2190 fuisse
368 2173 399 2190 ex
410 2164 511 2192 ordine
531 2162 710 2194 sacerdotali,
733 2160 779 2189 sed
800 2160 914 2188 levitico
928 2172 933 2191 3

141 2200 294 2234 censendus
304 2202 489 2232 nihilominus
505 2204 612 2232 ratione
632 2202 779 2242 dignitatis
799 2200 872 2228 inter
889 2203 935 2229 Sa—

141 2242 266 2270 cerdotes
278 2263 284 2274 ,
293 2246 369 2279 juxta
382 2243 491 2273 psalten
500 2254 660 2273 canentem:
675 2250 685 2278 [
700 2241 809 2277 Moyses
825 2264 832 2275 ‚
842 2245 870 2269 δε
882 2245 934 2270 Aa-

140 2292 193 2310 ron
202 2283 231 2311 in
242 2283 430 2312 Sacerdotibus
440 2289 493 2321 ejus
506 2307 512 2313 .
532 2288 543 2316 ]
564 2288 598 2314 In
610 2295 665 2324 quo
685 2283 763 2313 sensu
787 2292 829 2317 15.
850 2292 894 2319 qu.
913 2295 935 2311 i.

139 2333 200 2351 can.
216 2334 238 2351 i.
249 2324 386 2353 Dnconus
398 2327 549 2362 appellatur
568 2326 695 2354 Sacerdos
709 2346 717 2357 ,
741 2323 803 2362 quia
826 2323 934 2352 ratione

140 2364 288 2402 dignitatis
298 2386 305 2397 ‚
328 2369 355 2394 ἃ
364 2365 560 2400 jux-iiliictionis
579 2365 765 2405 indulgentias
785 2364 934 2393 concedere

141 2406 215 2435 valet
226 2429 232 2439 ‚
243 2415 273 2434 nt
285 2406 570 2446 p1·0batCa1derin.in
580 2409 697 2446 Repert.
709 2415 764 2446 cap.
777 2405 931 2437 Postulasti,

1279 62 1375 104 DI

993 116 1028 146 de
1037 127 1112 157 poen.
1122 121 1149 148 ὃ(
1159 117 1262 148 remiss.
1275 123 1400 148 nnm.68.
1411 119 1523 157 Loquor
1533 127 1625 147 autem
1634 117 1788 158 debenedi-

993 158 1087 190 &ione
1096 160 1256 193 invocativa
1267 183 1274 194 ,
1297 160 1342 189 scu
1351 159 1553 199 deprecativus·¹
1564 167 1624 188 non
1637 169 1740 195 'autem'
1751 160 1786 189 de

993 199 1172 230 constitutiva
1181 223 1188 236 ,
1211 212 1270 240 quae
1283 202 1426 231 constituit
1445 211 1503 229 rem
1522 201 1553 228 in
1572 200 1627 228 esse
1636 200 1712 230 sacro
1721 222 1740 234 ‚,
1753 210 1789 229 ut

994 241 1174 277 docet‘Cajet.
1188 254 1213 271 ι..
1224 241 1348 272 secundae
1363 242 1473 282 ,quest
1485 247 1498 270 8
1507 247 1530 270 ὃ.
1540 251 1592 275 art,
1608 253 1617 271 1
1629 253 1652 270 1.
1663 243 1727 279 1ni0
1736 242 1786 270 ali-

994 281 1105 322 quando
1116 282 1256 312 Diaconus
1266 305 1274 317 ,
1287 284 1422 322 praesente
1434 283 1591 316 Sacerdote,
1602 282 1786 311 communicat

994 323 1072 352 rebus
1081 322 1303 354 benedifrionem
1316 323 1527 355 constitutivam
1537 335 1545 356 5
1556 334 1617 353 nam
1629 324 1657 352 in
1669 323 1784 353 Sabbato

995 365 1094 394 Sanfto
1103 364 1240 393 benedicit
1251 365 1413 394 solemniter
1423 375 1529 393 cereum
1540 386 1546 393 .
1569 366 1672 394 Nonne
1681 364 1783 392 Diaco-

996 416 1044 434 nus
1053 403 1218 434 solemniter
1225 404 1322 434 salutat
1331 405 1461 444 populum
1471 405 1526 433 illis
1537 405 1634 437 verbis,
1646 407 1785 435 Dominus

995 447 1138 478 vobiscum
1147 468 1155 479 ,
1171 446 1237 475 sicut
1251 446 1366 484 ipsemet
1374 446 1505 476 sacerdos
1514 450 1524 481 Ξ
1535 457 1548 475 a
1559 457 1610 485 qua
1619 445 1786 475 salutatione

995 485 1022 514 se
1041 487 1157 515 abstinet
1168 510 1175 520 ,
1195 487 1214 515 fi
1234 487 1297 516 eflet
1314 487 1590 520 excommunicatus„
1603 486 1786 526 ‚Ee-quamvis

994 528 1182 557 Ferdinandus
1191 531 1262 557 Paez
1274 550 1282 561 ‚
1295 529 1326 558 in
1337 540 1394 567 cap.
1406 527 1498 558 Missas
1513 527 1547 555 de
1567 527 1713 556 consecrat.
1723 526 1787 563 asse.-

997 579 1037 597 rat
1046 568 1134 597 solum
1153 569 1318 609 Episcopum
1330 570 1401 609 posse
1411 569 1570 598 benedicere
1582 589 1590 601 ,
1606 579 1706 603 ,canora
1717 579 1785 596 voce

996 609 1161 648 proferendo
1173 610 1221 639 illa
1231 611 1319 644 verba,
1330 615 1373 639 Sit
1382 621 1479 638 nomen
1488 611 1604 638 Domini
1613 610 1785 648 benedic'lqm

996 651 1054 684 (ὣς.
1065 650 1249 680 nihilominus
1260 651 1361 680 fatetur
1371 652 1545 680 Sacerdotem
1555 649 1585 678 in
1597 649 1690 683 Mistea
1714 660 1787 689 prae-

994 690 1072 720 sente
1083 691 1210 720 Diacono
1220 693 1376 725 Cardimh,
1386 703 1444 722 non
1452 692 1547 722 debere
1556 690 1716 723 benedicere
1726 690 1787 723 abs-

996 743 1048 771 que
1058 736 1113 768 ejus
1124 733 1236 762 licentia
1246 734 1328 762 tacita
1338 755 1346 767 ‚
1370 734 1433 772 quia
1444 737 1511 762 tunc'
1520 730 1649 767 ,censetur
1661 731 1786 770 delegare

995 773 1139 802 Sacerdoti
1157 775 1348 803 austeritatem
1361 786 1367 802 ε
1386 784 1453 813 ergo
1477 773 1567 802 multo
1577 772 1662 811 magis
1680 772 1786 810 poterit

997 814 1053 852 ipse
1064 814 1224 843 Cardinalis
1231 815 1378 844 vDiaconns
1387 814 1572 846 exercereidn
1582 812 1657 852 quod
1666 813 1788 851 delegat,

996 858 1072 892 juxta
1081 854 1304 894 philosophicum
1315 856 1422 885 axioma
1434 877 1442 888 ,
1454 861 1465 890 [
1477 854 1676 893 Propterquod
1686 854 1786 882 urium-

995 896 1124 934 quodque
1133 897 1188 925 tale
1199 918 1207 929 ‚
1217 896 1324 925 &illud
1333 897 1419 935 magis
1433 920 1438 924 .
1452 898 1463 927 ]
1485 894 1644 925 Novissitne
1655 894 1686 923 in
1697 894 1788 923 lucem

996 937 1102 974 prodiit
1111 938 1236 966 tractatus
1246 938 1279 965 de
1292 937 1472 966 Eccleiiastica
1481 935 1644 965 Hierarchia
1655 957 1663 969 ‚
1676 935 1786 964 auftore

995 978 1141 1006 Guilelmo
1150 981 1240 1013 cher
1252 1000 1259 1010 ‚
1268 978 1376 1007 Parisiis
1384 976 1495 1006 excusus
1505 988 1512 1007 3
1524 976 1569 1004 hic
1579 976 1697 1016 scriptor
1707 997 1716 1009 ,
1726 982 1786 1013 q-6.

995 1027 1053 1055 cap.
1066 1023 1090 1047 S.
1102 1019 1198 1048 multis
1210 1040 1218 1052 ‚
1228 1018 1382 1056 validisque
1392 1017 1542 1046 rationibus
1551 1017 1647 1054 probat
1656 1037 1664 1049 ‚
1674 1016 1787 1055 Episco-

998 1069 1056 1097 ρος,
1071 1060 1256 1094 Presbyteros,
1267 1070 1295 1087 ac
1307 1060 1446 1088 Diaconos
1456 1057 1529 1096 poste
1538 1057 1711 1090 benedicere,
1722 1065 1787 1085 cun!

995 1100 1049 1128 sint
1057 1099 1123 1128 sacri
1136 1099 1422 1130 Hierarchaeseandeni
1435 1098 1540 1137 prorsus
1547 1097 1713 1128 sententiam
1725 1107 1786 1126 tue-

996 1149 1041 1168 tur
1051 1140 1202 1170 Francisciis
1214 1141 1330 1170 Hallier.
1343 1141 1388 1169 lib.
1402 1152 1427 1179 3.
1440 1150 1497 1178 cap.
1511 1152 1536 1170 z·
1546 1148 1595 1169 art.
1606 1140 1670 1177 3.⁷§‚
1683 1151 1710 1177 3.
1732 1139 1784 1167 Sed

995 1181 1133 1210 audiamus
1151 1182 1244 1220 qiiaeso
1260 1183 1412 1211 Arcadium
1424 1182 1514 1210 virum
1531 1182 1562 1209 in
1581 1180 1660 1209 sacris
1668 1183 1784 1210 Graecc-

995 1232 1054 1250 rum
1064 1222 1160 1250 ritibus
1170 1222 1305 1251 eruditiffl
1311 1233 1392 1251 nium.
1409 1230 1419 1258 [
1432 1222 1504 1259 Quia.
1514 1223 1634 1251 Diaconi
1642 1222 1722 1251 etiam
1734 1232 1784 1260 po-

995 1272 1085 1291 terant
1095 1263 1236 1301 baptizare
1246 1285 1253 1295 ‚
1265 1263 1460 1291 Eucharistiam
1470 1263 1598 1291 distribue
1604 1274 1632 1291 re
1643 1285 1651 1296 ‚
1663 1263 1784 1301 publicos

995 1304 1164 1341 poenitciites
1184 1304 1362 1332 reconciliare
1376 1325 1383 1335 ,
1403 1304 1549 1341 praedicare
1560 1325 1567 1335 ,
1587 1308 1613 1332 ὃ(
1626 1304 1681 1332 sere
1690 1303 1784 1332 omnia

993 1354 1104 1373 munera
1126 1344 1322 1383 Episcoporuni
1333 1367 1340 1377 ‚
1361 1348 1388 1373 ἃ
1406 1344 1630 1379 Presbyterorum
1649 1343 1678 1372 in
1688 1353 1784 1372 eorum

992 1384 1110 1414 absentia
1120 1395 1247 1414 exercere
1259 1407 1267 1419 ,
1289 1386 1323 1413 dc
1342 1387 1435 1424 quibus
1455 1385 1581 1413 omnihus
1599 1385 1656 1423 agit
1668 1385 1784 1420 Diony-

993 1426 1043 1454 sius
1055 1447 1061 1454 .
1073 1427 1140 1463 Qua:
1153 1425 1227 1454 causa
1236 1426 1318 1454 etiam
1330 1428 1367 1455 est
1381 1447 1387 1458 ,
1405 1436 1433 1453 iit
1446 1425 1474 1453 in
1483 1425 1558 1456 sacro
1566 1426 1701 1464 Collegio
1712 1427 1783 1455 Car-

991 1467 1125 1494 diualiuni
1136 1476 1237 1504 praetei·
1247 1466 1298 1495 hos
1309 1467 1418 1495 ordines
1432 1466 1616 1495 hierarchicos
1628 1487 1635 1498 ,
1659 1466 1748 1495 nullus
1758 1478 1781 1494 a-

991 1508 1044 1536 lius
1054 1508 1205 1546 reperiatur·
1215 1530 1222 1540 ‚
1237 1508 1281 1536 lib.
1295 1515 1321 1536 6.
1334 1508 1367 1536 de
1378 1508 1491 1536 Sacram.
1500 1506 1574 1536 Ord.
1584 1517 1642 1544 cap.
1653 1509 1706 1538 6.]
1726 1510 1783 1536 Ra-

992 1548 1034 1576 tio
1045 1558 1058 1576 a
1071 1548 1157 1586 priori
1167 1548 1204 1576 est
1217 1571 1224 1581 ‚
1236 1549 1299 1587 quia
1311 1548 1340 1576 hi
1351 1548 1403 1577 soli
1415 1548 1563 1576 initiantur
1573 1558 1619 1585 per
1629 1557 1721 1575 manus
1732 1558 1783 1575 im-

991 1589 1158 1627 positionem
1169 1610 1176 1617 .
1200 1590 1224 1618 S.
1235 1588 1354 1618 Thomas
1364 1589 1575 1627 Theologoruni
1595 1588 1725 1627 Migister
1733 1587 1785 1616 hos

992 1640 1046 1658 tres
1055 1630 1166 1658 ordines
1176 1640 1251 1669 pares
1261 1630 1387 1669 agnoscit
1398 1630 1424 1658 in
1433 1629 1623 1664 jurisdictione
1633 1628 1784 1657 hierarchi-

992 1682 1020 1700 ca
1033 1692 1039 1698 .
1062 1671 1197 1700 Diaconis
1206 1672 1280 1700 enini
1301 1671 1444 1707 subjicitur
1466 1671 1536 1699 ordo
1558 1670 1760 1708 purgandorum
1774 1691 1784 1702 ,

992 1712 1161 1746 presbyteris
1172 1712 1428 1745 illuminandorum,
1439 1711 1579 1750 Episcopis
1589 1710 1781 1749 perfefflmrunii

993 1757 1019 1782 ὃ(
1031 1753 1064 1781 fic
1075 1754 1265 1782 Diaconoriim
1275 1754 1344 1781 ordo
1355 1754 1392 1781 est
1403 1753 1562 1790 purgativus
1574 1773 1581 1783 ,
1604 1751 1782 1786 Presbytero-

994 1804 1052 1821 rum
1064 1794 1286 1825 illuminativus,
1310 1793 1493 1831 Episoporum
1504 1792 1636 1830 persestus
1647 1813 1654 1824 ‚
1665 1792 1702 1819 ita
1713 1792 1741 1819 in
1752 1804 1781 1819 ο-

992 1834 1064 1873 pusc.
1083 1839 1125 1863 18.
1136 1845 1192 1872 cap.
1206 1845 1252 1872 23·
1262 1835 1316 1862 Hic
1327 1835 1410 1862 etiam
1422 1834 1472 1861 fuit
1484 1832 1575 1861 sensus
1585 1835 1692 1861 Parrum
1705 1832 1780 1861 Afri-

992 1886 1063 1903 canx
1077 1876 1198 1904 Ecclesiae
1210 1887 1218 1905 5
1233 1885 1295 1903 nam
1305 1875 1487 1903 Tertullianus
1496 1883 1658 1902 enumerans
1668 1884 1725 1907 eos,
1733 1875 1781 1911 qui

991 1917 1118 1954 legitime
1131 1927 1163 1944 ex
1173 1916 1269 1944 officio
1280 1915 1386 1953 possiint
1397 1916 1522 1944 conferre
1532 1913 1693 1952 baptismum
1705 1936 1712 1946 ,
1724 1914 1778 1941 ait:

994 1957 1111 1991 [Dandi
1122 1957 1232 1995 quidem
1242 1956 1321 1985 habet
1331 1959 1384 1992 ejus
1396 1956 1513 1984 summus
1526 1955 1655 1984 Sacerdos
1665 1976 1672 1987 ‚
1683 1953 1729 1992 qui
1741 1954 1780 1982 est

992 1996 1157 2036 Episcopus,
1177 1997 1278 2026 dehinc
1290 1998 1442 2033 Presbyteri
1456 2019 1464 2029 ‚
1484 2001 1510 2025 ἃ
1529 1996 1667 2028 Diaconi,
1689 1996 1733 2023 lib.
1745 1994 1779 2022 de

992 2037 1086 2075 baptis.
1098 2049 1155 2077 cap.
1172 2049 1213 2071 17.
1226 2041 1236 2069 ]
1253 2038 1302 2067 Ast
1313 2060 1320 2070 ‚
1341 2037 1532 2066 humamffime
1542 2037 1638 2065 Lector
1648 2057 1656 2067 ,
1674 2035 1692 2063 fi
1704 2036 1779 2073 cupis

991 2079 1115 2117 exempla
1126 2101 1133 2111 ,
1146 2089 1204 2117 quae
1216 2080 1303 2117 inagis
1314 2089 1431 2107 movent
1442 2100 1449 2111 ,
1464 2089 1499 2107 en
1510 2078 1618 2106 unicum
1629 2076 1711 2103 instar
1720 2086 1781 2104 om-

989 2119 1066 2148 nium
1078 2119 1249 2158 desumptum
1262 2131 1295 2147 ex
1308 2120 1391 2149 Notis
1402 2119 1435 2148 acl
1445 2119 1611 2148 Chronicon
1631 2116 1780 2146 Cannense

989 2160 1083 2188 latinae
1106 2161 1209 2200 lingua:
1224 2161 1330 2193 nitore,
1353 2160 1425 2195 sacra
1445 2159 1610 2198 profanaque
1621 2158 1779 2187 eruditione

988 2202 1129 2230 exornatis
1150 2201 1239 2229 studio
1251 2224 1258 2234 ,
1281 2212 1309 2229 :ic
1323 2202 1471 2240 diligentia
1492 2198 1641 2228 doctissimi
1652 2201 1687 2227 R.
1701 2201 1730 2227 P.
1742 2199 1778 2225 D.

990 2242 1095 2281 Angeli
1104 2242 1137 2270 de
1148 2243 1226 2271 Nuce
1238 2241 1370 2280 Archiep.
1382 2241 1520 2271 Rosanen.
1532 2250 1579 2278 qui
1605 2236 1778 2268 evidentiffi-

987 2284 1038 2311 mis
1050 2283 1217 2322 argumentis
1238 2292 1352 2311 numero
1363 2282 1505 2321 marginali
1529 2286 1594 2315 248.
1608 2280 1701 2318 probat
1713 2279 1778 2306 San-

989 2325 1061 2351 ctum
1080 2323 1266 2352 Paniai-cham
1287 2324 1465 2352 Benedic'tuin
1489 2332 1545 2350 non
1566 2319 1639 2349 fiiifl'e
1650 2319 1778 2348 Sacerdo-

988 2374 1044 2393 tem
1055 2386 1063 2398 ‚
1083 2364 1130 2392 sed
1140 2366 1315 2393 Diaconum:
1335 2366 1426 2403 primo
1444 2375 1476 2392 ex
1487 2363 1600 2401 quadam
1621 2360 1758 2388 oblatione
1769 2381 1776 2392 ,

985 2404 1031 2435 scu
1041 2405 1191 2435 donatione
1209 2415 1336 2446 tempore
1356 2404 1510 2436 Alexandri
1522 2401 1654 2434 Secundi,
1669 2399 1776 2428 desum„

1691 2450 1736 2481 pta
