1866 2526
86 30 167 79 766
521 25 615 68 Con
623 25 892 71 tradie‘kiones
920 19 1189 82 apparentes*

72 85 145 114 hanc
154 81 206 113 ess‘e
216 80 403 117 maximnm
416 82 522 114 unicam
531 83 726 113 difficultatem
735 81 877 114 indiss'olu-
893 82 965 113 Ibid.
977 93 1004 112 v.
1017 94 1030 122 3
1037 94 1050 122 3
1057 103 1065 112 .
1077 82 1305 129 [Ωααῖιῃξςᾴηια
1313 83 1360 116 die
1368 86 1454 120 hodie
1461 90 1635 130 expectantes
1643 92 1733 131 jejuni

72 126 158 155 bilem
167 124 198 153 in
208 123 516 158 novotestamcnto‚cui
526 123 613 153 varias
625 123 811 163 expositiones
823 134 876 153 tra-

68 166 139 196 dunt
148 164 377 204 Interpretessed
387 166 463 195 nulla
471 164 604 194 satisfacit
614 165 794 204 plene.Unde
804 166 878 194 inter

73 216 118 245 t9t
126 205 281 236 solutiones
301 206 405 236 facilior
424 205 495 234 mihi
507 206 619 235 videtur
636 206 779 246 illa,quam
797 205 878 245 affig-

70 258 141 278 nant
150 249 175 277 S.
187 250 274 288 Greg.
289 247 461 287 lib.7.epist.5
470 256 495 283 ς.
505 249 638 283 Lyram&
654 248 718 276 alii.
741 247 877 285 Loquitur

71 289 159 328 igitur
167 289 192 318 S.
202 289 354 328 Stephanus
364 289 398 317 de
417 289 562 327 emptione
581 289 612 317 ab
624 287 781 317 Abrahamo
793 288 859 316 fincta
871 309 878 315 .

72 329 234 359 Dicendum
251 331 343 368 itaque
354 331 422 358 Seor
433 329 508 358 fuiss‘e
517 329 673 359 binomium
681 332 757 366 juxta
774 338 880 357 morem

71 372 263 404 Hebraeorum,
269 380 450 410 vocatumque
458 369 509 398 effe
518 370 602 398 etiam
614 371 722 399 Hemor
733 392 740 403 ‚
751 370 799 408 qui
810 370 879 398 rnul-

72 421 115 440 tos
126 411 220 441 habuit
231 413 304 442 filios
312 433 321 446 ‚
339 421 455 451 quorum
467 411 669 449 primogenitus
690 412 834 441 vocabatur
845 414 880 439 E-

74 453 180 491 phtom
190 453 235 483 hic
243 453 360 482 nomine
371 462 538 481 coeterorum
550 452 666 481 fratrum
679 453 880 482 vendidit.He-

73 502 135 523 mor
144 504 233 524 autern
243 495 294 524 fuit
304 494 378 523 filius
387 494 497 523 alterius
509 492 619 522 Sichem
630 493 881 533 antiquioris.Con.
895 493 966 532 Cap.
979 507 992 523 z
1000 499 1024 523 8.
1038 504 1065 523 v.
1081 506 1089 522 1
1097 515 1103 522 .
1126 501 1138 531 [
1150 497 1257 525 Barbari
1268 507 1335 525 vero
1347 497 1508 534 praestabant
1527 508 1585 526 non
1595 497 1732 527 modicam

73 534 200 565 firmatur
209 557 217 570 ‚
228 536 290 575 quia
303 546 360 564 non
369 535 460 564 solum
471 533 610 565 Abraham
618 555 630 572 ,
641 534 724 568 Isaac,
736 535 856 573 &Jacob
869 546 877 565 5

73 574 122 607 sed
131 577 178 606 alii
188 577 271 606 etiam
281 575 444 606 Patriarchae
457 575 558 614 sepulti
568 575 633 605 sunt
646 575 674 605 in
686 577 802 605 Hebron
812 597 820 608 ,
843 577 878 605 li-

77 628 120 646 cet
130 617 202 656 prius
214 619 339 647 translati
358 617 466 647 fuissent
477 618 510 646 in
517 616 627 645 Sichem
640 639 647 649 ,
668 628 697 647 ut
709 617 818 646 notavit
829 619 878 656 Jo-

73 657 262 698 fephusdiba..
272 660 448 698 antiq-cap.4.
458 660 518 689 Nec
530 659 698 687 contradicit
709 660 878 694 Hieronym-

77 700 107 728 in
116 699 244 739 Epitaph.
254 701 422 734 Pa.ulae‚dum
432 701 468 730 ait
478 721 486 733 ‚
504 698 651 728 duodecim
663 697 879 729 Patriarcharum

69 739 214 780 sepulchra
226 741 312 770 adhuc
323 741 368 770 sua
381 751 462 770 :etate
481 740 591 769 ostendi
612 741 693 770 solita
713 742 743 769 in
753 739 862 769 sichem
872 761 880 773 ‚

73 791 135 820 quae
147 781 234 811 hodie
251 792 365 811 vocatur
374 782 526 821 Neapolis.
548 782 684 821 Loquitur
703 781 778 810 enim
795 780 828 809 dc
839 790 881 809 tu-

72 822 155 851 mulis
164 823 298 853 asservatis
310 824 440 864 religiose
452 837 465 853 a
476 823 606 862 posteris:
627 834 686 852 non
695 831 786 852 autem
796 822 830 850 de
840 833 881 850 ca-

73 863 219 893 daveribus
228 865 365 894 translatis
374 884 382 892 .

34 907 107 944 Cap.
119 909 144 933 8,
155 915 182 934 v.
193 917 219 939 7.
238 906 318 941 [Viri
327 916 417 935 autem
428 905 480 939 illi,
492 905 540 944 qui
549 905 749 935 comitabantur
761 913 823 932 cum
833 914 877 936 eo,

77 946 183 975 stabant
193 947 335 985 stupefac'ti
344 969 353 980 ‚
372 947 514 977 audientes
526 946 638 985 quidem
650 955 747 975 vocem
760 967 767 978 ,
791 945 877 972 nemi-

81 996 147 1016 nem
156 996 249 1017 autem
259 987 385 1017 videntes
395 1009 402 1017 .
416 990 428 1019 ]
447 987 521 1016 Huic
543 987 693 1016 narrationi
710 986 852 1015 contradic
868 996 877 1013 t

79 1027 198 1066 ipsemet
208 1029 358 1067 Apostolus
368 1029 472 1061 Paulus,
483 1028 530 1067 qui
542 1028 614 1057 infra
623 1028 709 1057 ass'erit
718 1027 809 1056 socios
819 1037 875 1054 non

76 1068 208 1098 audivisse
221 1079 318 1099 vocem
328 1069 435 1099 Christi
449 1082 455 1097 ι
467 1070 503 1098 ita
514 1069 589 1098 enim
599 1069 638 1097 ait
647 1091 655 1103 ‚
677 1079 735 1107 cap.
748 1079 795 1096 22.
806 1077 832 1095 v.
844 1078 872 1103 9.

83 1116 97 1145 [
109 1110 166 1146 Qui
175 1120 281 1140 mecum
292 1121 370 1140 erant
381 1134 388 1144 ,
399 1111 494 1139 lumen
505 1110 617 1149 quidem
629 1111 768 1141 viderunt,
780 1118 875 1136 vocem

81 1160 173 1179 autem
185 1162 242 1180 non
251 1153 398 1181 audierunt
409 1173 416 1180 .
428 1154 440 1183 ]
453 1151 621 1190 Respondeo
631 1172 640 1179 .
649 1151 722 1180 Socii
733 1148 876 1179 audierunt

78 1201 178 1221 vocem
185 1193 264 1222 Pauli
275 1214 282 1226 ,
303 1201 361 1222 non
380 1203 469 1222 autem
489 1193 597 1222 Christi
612 1204 619 1223 ς
639 1192 704 1222 ideo
719 1190 858 1228 subjungit
870 1201 875 1216 :

79 1238 93 1268 [
106 1234 213 1262 Vocem
221 1244 310 1263 autem
332 1245 390 1263 non
400 1234 545 1263 audierunt
556 1236 610 1270 ejus
621 1255 628 1266 ,
649 1233 696 1276 qui
716 1231 876 1271 loquebatur

81 1277 212 1306 mecum]
229 1276 266 1303 ita
277 1276 303 1304 S.
316 1278 388 1314 Aug.
401 1275 429 1304 in
439 1274 539 1304 Psalm.
553 1285 597 1310 57.
617 1277 685 1308 Lyr.
697 1275 773 1312 Hug.
782 1271 877 1306 Chry—

83 1313 147 1343 sost.
160 1315 224 1343 Var.
236 1315 352 1344 Facilior
361 1316 399 1344 est
409 1315 513 1345 solutio
533 1316 560 1344 S.
570 1314 701 1344 Eucherii
713 1336 720 1347 ‚
740 1313 787 1352 qui
796 1312 878 1341 docet

81 1353 169 1384 socios
180 1355 311 1384 audivisse
322 1367 436 1394 vocem,
448 1355 553 1385 scilicet
566 1378 573 1388 ,
584 1355 681 1384 sonum
692 1354 877 1383 inconditum

81 1405 241 1424 nontamen.
250 1396 398 1435 expressam
410 1398 558 1426 verborum
574 1396 808 1435 significationem
817 1415 826 1426 ,
848 1397 875 1421 ὃ(

936 134 1107 164 permanetis
1127 124 1384 174 nihikffiipientes
1395 149 1404 157 .
1412 133 1429 162 1
1448 132 1598 169 Quomodo
1607 134 1733 165 hocfieri:

933 175 1042 204 poterat
1054 167 1216 198 naturaliter
1225 169 1249 198 ,ἵ
1256 179 1321 199 nam
1330 169 1415 199 homo
1425 171 1550 215 alioquin
1567 173 1650 204 sanus
1657 176 1731 211 ultra

931 206 1036 245 septem
1055 207 1113 236 dies
1131 210 1292 240 naturaliter
1305 209 1403 249 absque
1422 211 1483 240 cibo
1495 223 1591 243 vivere
1609 227 1668 245 non
1679 226 1730 254 po-

933 248 986 277 test
998 269 1005 280 ,
1015 257 1046 276 ut
1056 248 1136 277 docet
1147 250 1332 290 Hippocrates
1341 272 1350 284 ‚
1367 255 1396 280 &
1406 252 1453 281 alii
1463 253 1584 284 medici?
1600 256 1730 295 Respon-

933 289 996 322 deo,
1007 289 1087 322 illud,
1098 292 1179 320 Nzhil
1187 295 1363 330 accipientes,
1375 292 1548 332 intelligitur
1557 303 1605 333 pgr
1615 297 1728 326 modum

933 329 1008 373 justae
1020 330 1177 361 refeftionis
1188 355 1197 366 ‚
1207 334 1245 362 ita
1256 335 1352 371 nugo,
1363 333 1455 362 Corn.
1468 344 1481 362 a
1491 336 1555 373 Lap.
1566 337 1594 362 &
1605 336 1729 375 plerique

934 371 993 403 alii,
1003 371 1050 409 qui
1061 372 1160 402 volunt
1171 375 1292 403 ve&ores
1303 373 1420 411 carptim
1429 373 1542 403 subinde
1552 376 1676 414 quaedam
1686 378 1733 407 de-

934 411 1022 441 libass'e
1031 412 1064 440 ad
1075 413 1161 442 vitam
1172 414 1372 444 sustentandam
1384 435 1390 442 .
1413 414 1560 450 Chrysost.
1574 425 1668 446 tamen
1677 415 1730 447 hoc

935 453 1032 481 tribuit
1045 453 1178 483 miraculo
1189 477 1196 488 ‚
1206 456 1250 485 cui
1260 455 1344 494 aliqui
1355 455 1534 485 consentiunt
1545 477 1552 484 .

934 533 1135 564 humanitatem
1146 537 1250 573 nobis.]
1260 538 1441 567 Contradicit
1451 538 1555 567 sibimet
1567 538 1615 567 iste
1625 549 1734 567 textus:
1749 570 1751 572 ,

937 587 1000 604 mm
1010 577 1152 614 quomodo
1162 588 1296 607 vocantur
1306 578 1407 607 barbari
1417 579 1575 608 Melitenses
1585 600 1594 612 ,
1613 579 1633 608 fi
1642 578 1735 608 huma-

937 617 1011 645 niter
1028 616 1056 645 se
1066 617 1201 656 gcss'erunt
1214 630 1278 659 erga
1289 620 1453 658 Apostolum
1465 642 1473 653 ,
1493 630 1522 648 ac
1543 629 1658 649 caeteros
1671 629 1737 648 nau-

937 658 1044 697 fragos?
1055 657 1228 697 Respondeo
1237 682 1243 688 .
1257 661 1339 694 Quod
1352 660 1418 689 viris
1428 661 1525 693 dostis,
1538 672 1566 689 ac
1576 661 1733 699 linguarum

937 699 1035 738 pei-rtis
1045 699 1118 727 nulla
1129 700 1269 740 consurgit
1278 701 1426 730 difficultas
1444 713 1477 730 ex
1488 701 1661 741 supracitatis
1674 711 1739 730 ver-

937 740 985 769 bis:
996 750 1058 768 nam
1070 742 1196 770 Barbarus
1207 753 1265 770 non
1275 742 1410 780 fignificat
1423 741 1622 775 inhumanum,
1634 752 1662 770 ut
1676 742 1738 771 vul-

936 792 974 820 go
984 791 1055 809 nunc
1065 779 1159 815 sonat,
1181 781 1229 810 sed
1241 782 1374 821 agrestem
1383 803 1392 814 ‚
1413 785 1439 810 ὅ(
1449 783 1577 811 rusticum
1589 804 1596 815 ,
1608 782 1646 810 est
1658 782 1735 811 enim

937 832 993 850 vox
1005 822 1113 856 Syriaca
1124 828 1182 852 Bar
1192 843 1202 848 -
1212 827 1270 852 Bar
1280 845 1288 856 ,
1304 822 1374 851 idest
1384 843 1391 855 ,
1404 821 1475 850 filius
1487 822 1594 855 deserti,
1608 823 1652 851 vel
1661 821 1738 851 habi-

939 872 1011 891 tator
1021 861 1121 891 deserti
1133 885 1141 896 ‚
1161 867 1188 892 ὃς
1201 863 1264 902 quia
1275 865 1342 892 tales
1352 862 1480 891 homines
1489 863 1582 892 solent
1594 862 1650 891 ess'e
1661 863 1738 892 inur-

935 903 1016 936 bani,
1035 902 1166 933 ideohaec
1177 914 1232 933 vox
1245 905 1330 932 trastu
1344 903 1477 942 temporis
1496 904 1629 932 denotare
1648 905 1736 943 coepit

933 944 1100 973 inhumanos
1110 965 1118 971 .
1138 944 1326 974 confirmatur
1337 943 1396 973 haec
1407 945 1544 982 expositio
1554 955 1587 973 ex
1601 953 1678 973 textu
1698 955 1739 973 ae·

933 985 1063 1023 tliiopico
1074 1006 1080 1017 ,
1092 986 1139 1024 qui
1150 985 1218 1024 legit
1230 987 1364 1023 Agrestes,
1376 994 1407 1014 ut
1419 984 1490 1013 mihi
1499 985 1622 1014 ostendit
1631 986 1732 1014 Romae

932 1026 1022 1055 Abbis
1032 1026 1185 1065 Gregorius
1199 1026 1327 1055 Sacerdos
1337 1025 1475 1065 AEthiops
1487 1048 1494 1059 ‚
1516 1026 1550 1054 de
1570 1025 1661 1054 nostra
1682 1026 1741 1055 fide

931 1066 1078 1096 Catliolica
1087 1067 1194 1105 optime
1202 1067 1314 1095 meritus
1323 1087 1333 1104 ,
1353 1078 1382 1096 ac
1392 1067 1496 1106 linguae
1506 1066 1680 1105 AEthiopum
1701 1067 1740 1095 li-

932 1107 1022 1136 teralis
1042 1107 1218 1145 peritissimus
1228 1128 1235 1135 .
1258 1107 1349 1146 Igitur
1361 1108 1489 1137 homines
1504 1107 1616 1140 rustici,
1639 1117 1668 1135 ac
1688 1116 1743 1145 per

933 1158 1011 1188 agros
1024 1158 1154 1187 vagantes
1166 1149 1249 1187 primi
1261 1147 1314 1177 sese
1323 1150 1485 1177 obtulerunt
1495 1149 1580 1177 Paulo
1595 1169 1602 1181 ‚
1612 1158 1639 1176 ac
1651 1146 1738 1176 sociis

934 1201 948 1218 a
960 1189 1027 1218 mari
1048 1190 1077 1218 in
1092 1191 1168 1218 littus
1186 1190 1277 1226 ejectis
1289 1211 1298 1223 ,
1317 1189 1418 1229 cosque
1437 1189 1597 1218 humaniter
1619 1198 1738 1226 excepe-

936 1241 1000 1259 runt
1013 1243 1023 1265 ,-
1035 1230 1137 1259 deinde
1149 1230 1217 1259 fama
1228 1232 1340 1269 vulgata
1349 1229 1513 1260 access‘crunt
1523 1230 1597 1260 cives
1609 1249 1618 1261 ‚
1640 1239 1669 1257 ac
1679 1227 1744 1267 ipso

937 1271 1046 1302 Publius
1056 1272 1185 1311 Princeps
1195 1270 1296 1301 Insulae
1307 1293 1314 1305 ‚
1335 1281 1364 1300 ut
1375 1281 1466 1300 narrat
1477 1274 1579 1301 Textus
1590 1290 1597 1298 .

995 1354 1042 1382 EX
1062 1351 1247 1382 EPISTOLA
1269 1352 1294 1380 S.
1313 1352 1437 1380 PAULI
1462 1352 1518 1379 AD
1536 1351 1638 1380 ROM.

80 1437 116 1465 fic
127 1447 187 1465 non
196 1437 395 1467 intellexerunt
405 1460 414 1472 ‚
434 1448 485 1466 nec
498 1438 643 1466 audierunt
655 1437 739 1467 verba
750 1435 879 1464 auricula*
896 1435 982 1464 CAP.
1000 1444 1022 1461 1.
1032 1443 1058 1462 v.
1070 1444 1096 1471 3.
1111 1438 1123 1468 [
1135 1431 1191 1468 Qui
1203 1431 1285 1460 factus
1297 1432 1334 1461 est
1345 1432 1370 1460 ei
1382 1442 1414 1460 ex
1425 1430 1530 1461 semine
1539 1429 1634 1459 David
1644 1428 1742 1457 secun-

82 1486 109 1506 ta
119 1489 128 1509 ‚-
140 1477 188 1506 sed
196 1476 295 1507 sonum
305 1480 380 1508 vocis
391 1501 400 1508 .
421 1478 552 1517 Denique
564 1489 622 1507 non
633 1476 776 1507 audierunt
785 1498 794 1510 ,
807 1474 879 1504 scili—

83 1528 126 1547 cet
137 1539 145 1552 ,
155 1529 214 1547 non
223 1516 388 1549 obedierunt
398 1543 406 1554 ,
417 1521 483 1549 ficut
496 1520 589 1548 Paulus
600 1539 608 1547 .

40 1560 111 1597 Cap.
128 1571 170 1589 12·
183 1570 209 1590 v.
225 1571 269 1594 17.
282 1566 293 1596 [
304 1562 445 1591 Nunciate
456 1561 560 1600 jacobo
570 1582 578 1593 ‚
601 1564 629 1589 δ(
640 1559 765 1588 fratribus
774 1557 832 1587 haec
845 1578 852 1586 .
865 1559 877 1588 ]

86 1601 236 1636 Quomodo
244 1611 376 1640 poterant
384 1603 513 1632 nunciare
524 1602 627 1640 Jacobo
636 1603 691 1636 jam
701 1610 812 1628 mortuo
821 1620 831 1634 ,
852 1608 880 1626 ut

88 1651 162 1681 patet
174 1640 315 1677 ize-eodem
332 1654 390 1682 cap.
411 1653 438 1672 v.
451 1655 478 1672 2.
495 1642 635 1679 [Occidit
652 1651 742 1670 autem
753 1641 882 1679 Jacobum

64 1678 198 1712 'Tra‘i'rem
207 1684 323 1722 Joannis
332 1684 427 1724 gladio
438 1705 445 1711 .
459 1687 471 1715 ]
484 1682 655 1722 Respondco
666 1685 762 1712 Petrus
772 1681 882 1710 mandat

83 1725 216 1754 nunciare
235 1723 296 1753 haec
315 1726 419 1764 Jacobo
437 1724 551 1763 Alphaei
569 1723 809 1762 Jerosolymorum
820 1721 884 1760 Epi-

83 1764 167 1804 scopo
178 1787 186 1799 ‚
198 1776 256 1794 non
266 1775 357 1794 autem
366 1767 469 1805 Jacobo
480 1765 610 1795 Zebedaei
619 1768 672 1801 jam
684 1764 741 1792 vita
753 1763 846 1791 functo
859 1783 866 1789 .

44 1805 118 1844 Cap.
130 1816 177 1842 ²5·
190 1817 218 1835 v.
233 1817 277 1845 ¹3·
289 1808 436 1846 [Agrippa
448 1810 511 1836 Rex
522 1829 530 1840 ‚
548 1810 575 1836 δε
589 1805 719 1835 Berenice
737 1802 888 1833 descende-

85 1856 150 1875 runt
161 1847 336 1879 Caesaream]
357 1849 443 1887 Atqui
457 1849 580 1887 Agrippa
592 1845 754 1885 jampridem
763 1843 888 1873 consum-

939 1474 1004 1503 dum
1014 1483 1125 1502 carnem
1136 1494 1143 1501 .
1165 1472 1372 1509 [Contrarium
1383 1472 1494 1501 videtur
1506 1471 1606 1499 docere
1620 1470 1747 1507 Aposto-

938 1516 978 1543 lus
990 1515 1094 1543 2.Cor.
1106 1524 1194 1552 cap-5.
1206 1524 1232 1542 v.
1248 1520 1291 1542 16.
1307 1517 1354 1549 [Et
1368 1514 1388 1542 fi
1399 1512 1581 1552 cognovimus
1592 1511 1746 1540 secundum

937 1565 1048 1584 carnem
1057 1554 1103 1584 Ch
1109 1554 1262 1586 ristuuused
1271 1565 1343 1583 nunc
1351 1557 1406 1590 jam
1418 1565 1474 1582 non
1484 1553 1679 1587 novimus.[Ex
1691 1550 1741 1580 hac

938 1595 1079 1634 apparenti
1109 1595 1331 1624 contradictione
1353 1595 1463 1633 colligit
1486 1593 1593 1623 Faustus
1615 1591 1748 1630 epistolas

939 1637 1016 1666 Pauli
1029 1636 1135 1667 vitiatas
1146 1656 1155 1664 .
1167 1635 1338 1674 Respondeo
1349 1658 1356 1669 ,
1377 1645 1508 1665 neutrum
1526 1635 1556 1663 ab
1565 1634 1651 1663 altero
1660 1631 1744 1661 diffo-

941 1688 1021 1706 nare:
1036 1677 1138 1706 namin
1148 1677 1261 1716 epistola
1277 1677 1310 1705 ad
1321 1676 1490 1705 Corinthios
1502 1674 1628 1714 loquitur
1646 1673 1680 1701 de
1691 1673 1742 1700 im-

941 1718 1111 1747 mortalitate
1124 1717 1423 1756 postresur1·e6tionem
1434 1716 1549 1745 futui-:mi
1558 1737 1566 1748 ,
1585 1716 1615 1743 in
1632 1724 1683 1752 qua
1693 1723 1741 1741 ne-

944 1770 989 1798 gat
999 1769 1109 1788 carnem
1121 1759 1180 1787 fore
1191 1759 1399 1796 corruptibilem
1411 1779 1419 1791 ,
1439 1758 1505 1786 sicut
1524 1755 1557 1785 de
1576 1755 1646 1784 fasto
1655 1752 1743 1798 Chri-
1862 1759 1866 1782 4

946 1802 997 1829 stus
1010 1811 1081 1829 nunc
1094 1810 1150 1828 non
1161 1798 1241 1828 lubet
1250 1809 1361 1828 carnem
1370 1797 1520 1837 pass‘ibilern
1533 1819 1541 1830 ,
1558 1800 1587 1825 &
1606 1804 1746 1832 corrupti-

946 1842 1038 1872 bilenn
1049 1851 1115 1879 ergo
1128 1841 1243 1869 nomine
1251 1839 1339 1868 carnis
1349 1839 1486 1878 intelligit
1497 1837 1705 1876 corruptionem
1716 1856 1722 1862 .

1858 1528 1866 1562 i-

1859 1575 1866 1623 i

87 1897 148 1926 ptus
158 1898 214 1916 erat
227 1890 362 1917 vermibus
372 1911 379 1922 ‚
390 1893 418 1918 ὃ(
429 1889 562 1928 perculsus
573 1889 603 1916 ab
614 1887 725 1926 Angelo
743 1885 889 1924 expirave-
907 1882 976 1913 Ibid.
989 1892 1017 1910 ν.
1032 1892 1075 1915 17.
1092 1881 1204 1918 [Justus
1214 1891 1248 1908 ex
1258 1881 1312 1910 fide
1323 1880 1395 1909 vivit
1404 1902 1411 1909 .
1424 1882 1437 1912 ]
1451 1881 1559 1909 Contra
1570 1888 1637 1907 vero
1649 1875 1743 1914 Jtzcobi
1863 1884 1866 1895 ¹

89 1938 131 1957 rat
142 1951 150 1961 ‚
162 1938 191 1957 ut
204 1929 323 1963 vidimus
332 1929 411 1969 supra
424 1953 431 1963 ,
445 1941 505 1969 cap.
518 1941 562 1959 12.
583 1927 752 1967 Respondco
762 1949 771 1961 ‚
781 1926 828 1955 hic
839 1948 846 1960 ‚
857 1925 891 1954 de

88 1980 143 2008 quo
152 1970 277 2009 loquitur
288 1974 401 2004 Tenus,
411 1971 449 2000 est
460 1970 586 2011 Agrippa
597 1971 690 2006 junior
703 1968 776 1997 filius
787 1967 891 2006 Agrip·

89 2021 131 2050 pae
141 2010 258 2040 senioris
267 2033 276 2045 ,
289 2012 373 2041 frater
381 2012 522 2045 Drufillae,
534 2022 582 2040 nec
593 2020 650 2040 erat
661 2012 723 2040 Rex
734 2007 890 2048 Judeae,sed

46 2051 47 2054 ¹
89 2051 235 2081 Chalcidis
245 2074 251 2084 ‚
261 2056 289 2082 δ(
299 2052 506 2082 Trachonitidis
517 2073 525 2080 .

49 2093 121 2131 CaP·
136 2103 182 2125 27-
195 2103 274 2122 v.12.
286 2094 489 2128 [Dc-venientes
499 2092 672 2125 Phoenicem,
684 2091 815 2127 hyemare
826 2098 889 2128 por-

90 2143 148 2162 tum
163 2135 282 2165 Cretae]
295 2135 345 2163 Sed
356 2134 498 2163 Phoenicia
509 2135 546 2163 est
558 2133 706 2163 Provincia
717 2131 894 2168 SyriaeJtem

89 2175 188 2203 eodem
197 2185 254 2214 cap.
264 2185 291 2203 v.
307 2186 349 2213 ¹3·
363 2181 375 2211 ξ
387 2179 419 2204 Et
429 2186 490 2204 cum
499 2173 663 2204 sustuliss'ent
675 2174 708 2201 de
722 2171 808 2202 Asson
817 2172 891 2210 lege-

92 2217 155 2244 bant
166 2217 282 2245 Cretam
292 2218 323 2248 1]
336 2217 386 2245 Sed
398 2215 483 2245 Ass'on
493 2216 530 2245 est
541 2215 651 2245 Civitas
664 2213 843 2245 Mnedoniae,
855 2212 892 2238 ita

89 2258 186 2286 Actor.
202 2269 249 2286 20.
260 2257 431 2296 Respondeo
442 2257 475 2286 ad
487 2257 607 2295 primum
619 2278 626 2289 ‚
639 2255 760 2285 Phoenix
773 2254 810 2282 est
820 2252 890 2284 urbs,

94 2300 121 2326 ὃ(
134 2306 228 2334 portus
238 2299 332 2327 Cretae
343 2297 438 2327 insulae
449 2320 457 2333 ,
475 2302 502 2327 &
512 2297 691 2336 distinguitur
702 2297 731 2324 ab
741 2295 792 2324 alia
804 2314 815 2331 ,
831 2303 900 2334 quae¹

92 2337 130 2366 est
142 2340 231 2377 regio.
242 2340 288 2368 Ad
298 2338 456 2372 secundum,
468 2338 564 2367 eodem
575 2338 659 2366 modo
670 2332 893 2375 respondeo‚As-

88 2378 139 2408 son
151 2389 266 2419 namque
276 2380 313 2409 est
323 2390 418 2421 portus
429 2379 549 2417 ejusdem
559 2377 655 2411 msulae
665 2399 674 2413 ,
685 2378 722 2406 ita
734 2379 835 2407 Baton·

950 1935 976 1952 2.
986 1921 1098 1952 dicitur:
1109 1926 1173 1957 [Ex
1182 1921 1477 1960 operibusjustificatut
1488 1919 1574 1948 homo
1586 1940 1593 1951 ‚
1604 1921 1631 1947 δε
1643 1927 1748 1960 ηοηιεκ

947 1963 1001 1992 fide
1011 1972 1128 1992 tantum.
1140 1966 1152 1994 ]
1167 1962 1336 2000 Respondeo
1347 1964 1457 1998 .Jwslus
1469 1961 1561 1996 exfide
1571 1962 1664 1991 vivit,
1673 1956 1746 1985 scili—

950 2014 992 2032 cct
1005 2024 1016 2041 ,
1026 2015 1082 2032 non
1091 2013 1124 2032 ex
1133 2003 1306 2032 caeremoniis
1318 2003 1448 2041 legalibus
1460 2023 1467 2034 ,
1490 2011 1519 2030 ut
1530 1999 1637 2038 Judaei‚
1648 2007 1697 2026 nec
1711 2008 1746 2025 ex

948 2045 1014 2074 solis
1026 2044 1173 2075 virtutibus
1181 2044 1326 2072 moralibus
1338 2065 1346 2076 ,
1366 2053 1395 2071 ut
1407 2043 1536 2072 Gentiles
1547 2063 1554 2074 ,
1567 2038 1615 2068 sed
1627 2049 1659 2066 ex
1670 2038 1726 2067 fide
1736 2057 1745 2070 ,

948 2097 1007 2115 non
1016 2086 1128 2125 quidem
1137 2085 1197 2113 sola
1208 2107 1216 2118 ‚
1229 2095 1288 2123 quae
1300 2094 1405 2112 mortua
1418 2084 1465 2116 est,
1474 2082 1520 2111 sed
1531 2079 1614 2124 etiam
1626 2081 1746 2123 conjun-

948 2129 990 2156 &a
1000 2137 1061 2155 cum
1070 2127 1148 2155 bonis
1160 2127 1285 2164 operibus
1295 2147 1302 2158 ,
1313 2124 1474 2162 caete-:isque
1486 2122 1642 2151 virtutibus:
1653 2119 1747 2156 impli-

948 2178 989 2197 cat
999 2170 1074 2198 euim
1083 2168 1203 2196 animam
1214 2167 1310 2196 vivere
1329 2176 1378 2204 per
1397 2164 1503 2203 aliquid
1513 2170 1650 2191 mortuum
1660 2180 1668 2188 .
1692 2159 1746 2188 vel

947 2208 1037 2239 sensus
1048 2209 1086 2237 est
1098 2230 1104 2236 .
1118 2209 1214 2245 Juslus
1226 2208 1319 2244 exfide
1330 2210 1412 2235 vivit
1421 2227 1430 2239 ‚
1442 2205 1507 2244 quia
1519 2226 1526 2237 ,
1537 2202 1642 2231 scilicet
1652 2221 1659 2233 ‚
1681 2199 1748 2227 fides

946 2250 985 2279 est
996 2251 1075 2279 radix
1088 2251 1152 2279 vitae
1163 2248 1383 2288 spiritualismon
1394 2257 1485 2275 tamen
1495 2243 1679 2284 excluduntur
1687 2240 1747 2283 alise

949 2292 1064 2320 virtutes
1075 2313 1082 2324 ‚
1103 2290 1170 2319 ficut
1184 2300 1245 2318 cum
1256 2289 1371 2318 dicimus
1382 2309 1390 2321 ‚
1410 2288 1496 2316 homo
1513 2297 1526 2315 e
1534 2296 1552 2313 x
1560 2281 1643 2312 corde
1652 2290 1728 2310 Vivit
1738 2301 1747 2314 ,

948 2332 1082 2360 nimirum
1093 2353 1100 2364 ‚
1110 2341 1158 2359 cor
1168 2331 1206 2359 est
1218 2331 1332 2359 inimum
1343 2328 1408 2358 vitae
1420 2350 1429 2362 ‚
1452 2338 1510 2356 non
1521 2326 1584 2354 idco
1596 2321 1748 2351 excludune-

947 2382 992 2402 tur
1002 2373 1062 2402 alix
1073 2382 1161 2412 partes
1171 2393 1180 2406 ,
1190 2371 1331 2401 cerebrum
1340 2392 1349 2404 ,
1367 2372 1443 2406 iecur
1453 2371 1506 2398 διε.
1526 2375 1575 2405 per
1585 2373 1648 2432 quil?
1658 2371 1752 2431 Ρῐῗὲθὲ·
1797 2368 1866 2526 j

1643 2412 1670 2431 οι
