1866 2526
157 25 238 77 478
494 25 535 66 O
566 25 610 67 R

142 84 218 112 enim
235 80 346 122 proprie
356 82 449 111 velum
459 104 467 115 ,
490 84 535 112 vel
546 85 656 123 peplum
667 105 674 117 ,
695 94 750 123 quo
761 84 888 115 mulieres
899 96 942 115 ca-

144 133 193 163 put
203 125 297 154 velant
309 126 340 157 ‚]
362 124 429 152 acin
440 125 638 163 Hypomnesto
648 126 681 155 ad
701 126 859 155 Collectan.
872 129 945 156 Ana-

144 165 216 194 stafii
225 164 358 194 Biblioth,
370 164 502 198 insert0,a
511 167 659 196 sirmondo
670 167 700 194 in
714 165 888 207 8.edit.pag.2
896 177 942 204 59.

142 205 216 234 inter
225 206 353 245 reliquias
362 206 386 234 S.
399 206 515 234 Martini
526 209 604 245 Papae
617 229 624 241 ,
645 211 673 236 ὃ(
683 207 813 242 Martyris
822 230 830 241 ‚
844 219 908 247 quas
918 209 945 237 ei

142 246 305 275 *theodorus
317 247 431 275 dederat
440 268 448 279 ,
467 247 558 286 inquit
569 259 575 275 .·
590 254 601 283 [
613 249 723 276 Donata
733 248 817 277 etiam
828 249 945 288 particu-

142 287 167 316 la
175 286 260 316 sansti
269 288 365 317 Orarii
377 308 385 319 ‚
397 286 464 315 idest
477 308 486 320 ,
506 288 604 317 facialis
613 311 621 322 ‚
642 299 701 328 qux
714 288 759 316 libi
772 289 858 318 fuerat
870 289 901 318 ab
911 300 945 318 co

143 326 254 357 demiss‘a
267 340 272 356 :
285 331 297 360 ]
316 327 375 356 Ubi
386 326 473 356 dictio
493 330 618 358 facialis
628 350 636 362 ,
658 339 687 357 ut
695 328 744 357 suo
767 330 830 359 loco
841 330 944 359 distum

144 368 216 402 suit,
227 367 428 407 strophiolum,
450 369 687 409 sivenianipulum
698 370 832 409 fignificat
843 393 850 404 ,
870 371 946 410 quod

145 409 296 449 antiquitus
305 409 399 437 velum
410 420 466 438 erat
476 431 484 442 ,
494 420 523 438 ut
534 411 617 439 etiam
627 422 660 439 ex
671 410 815 440 Philothei
827 413 942 441 Patriar-

146 449 205 480 chae
220 450 309 479 verbis
318 451 518 488 comprobatur,
531 462 590 490 qua:
601 452 631 480 iu
642 451 708 480 diet.
717 453 889 482 sticharium
899 453 945 481 ad-

146 492 300 522 duct-nturi
312 501 436 529 quamvis
458 491 506 519 ille
516 502 577 520 cuni
586 491 752 531 aspiratione
762 492 793 521 in
802 493 889 532 prima
898 494 945 522 lit-

146 541 204 560 ιρι-τι
215 531 307 560 scribat
320 554 327 564 ,
348 531 417 560 idest
428 553 435 563 ‚
454 537 609 562 Horarium
620 553 627 560 .
648 532 842 563 Nihilominus
851 534 944 563 crede-

141 583 200 602 tem
211 594 218 605 ,
238 572 312 611 quod
322 571 470 610 aliquando
480 574 562 602 orarii
573 574 734 603 vocabulum
756 585 806 613 pro
817 575 868 604 illo
878 576 943 604 velo

1279 29 1393 72 OR

981 105 988 108 „
1001 105 1020 117 ‚,
1031 82 1081 113 hac
1092 83 1150 113 vita
1160 106 1166 118 ,
1179 87 1324 125 pree-ceptis
1332 86 1388 117 Dei
1397 87 1519 128 cognitis
1528 113 1536 124 ,
1547 90 1580 120 ad
1593 101 1697 121 tantam
1707 92 1798 132 perfess

1002 145 1022 157 „
1031 125 1153 153 &ionem
1169 125 1280 162 justitiae
1302 129 1359 158 fine
1375 129 1516 167 adyutorio
1534 132 1628 172 gratiae
1651 134 1803 163 salvatoris

1002 186 1022 199 ‚,
1032 175 1079 204 per
1088 165 1176 195 solum
1187 167 1301 197 liberum
1311 169 1464 201 voluntatis
1474 173 1618 202 arbitrium
1629 175 1777 213 pervenire
1787 196 1797 208 ,

1001 227 1020 239 ,‚
1030 216 1060 236 ut
1070 207 1094 235 ei
1107 218 1164 236 non
1174 207 1206 236 fit
1214 211 1267 244 jam
1279 209 1452 240 necessiirinm
1462 213 1554 242 dicere
1567 236 1585 248 ,,
1612 217 1739 244 Dimitte
1748 226 1795 245 no-

1000 248 1043 276 bis
1055 249 1151 277 debita
1160 249 1257 284 nostra.
1276 250 1355 278 Licet
1365 261 1433 280 vero
1440 253 1524 293 aliqui
1538 255 1654 294 improbi
1666 255 1794 284 homines

1002 288 1105 317 fuerint
1117 310 1124 321 ,
1144 289 1191 327 qui
1201 288 1269 317 hanc
1281 291 1448 328 petitionem
1457 294 1491 323 de
1501 296 1648 335 diaem'ffione
1660 307 1718 325 non
1729 307 1797 335 pro-

1001 329 1137 363 baverint,
1150 329 1225 357 nulla
1237 338 1331 359 tamen
1339 334 1464 371 exempla
1472 346 1618 365 occurrunt
1630 347 1735 370 eorum,
1747 337 1796 376 qui

1002 370 1079 398 illam
1091 370 1121 399 in
1131 369 1292 399 universum
1302 373 1471 410 repudiarint
1480 396 1487 402 .
1498 377 1585 406 Unde
1594 377 1664 406 hanc
1675 379 1800 407 Sameram

1003 421 1085 450 :itque
1096 411 1231 439 Divinam
1242 411 1397 441 orationem
1407 435 1414 447 ‚
1435 417 1560 446 omnibus
1571 439 1578 450 ‚
1598 421 1625 446 ὅ(
1639 418 1717 447 omni
1729 429 1799 447 tem-

1003 462 1070 490 pore
1079 474 1087 486 ,
1099 455 1126 480 ὅ(
1141 450 1303 480 methodum
1313 474 1321 485 ,
1341 456 1368 482 ὃ(
1380 456 1477 484 orandi
1488 456 1632 487 formulam
1646 458 1722 488 fuisse
1733 470 1800 487 con-

1003 493 1053 522 stat
1063 514 1070 521 .
1090 493 1199 522 Omnes
1210 502 1276 521 vero
1286 492 1462 533 intelligendi
1471 507 1500 525 ut
1513 498 1591 537 ii,qui
1599 510 1664 534 ,cum
1675 502 1738 528 Deo
1748 502 1798 528 Pa-

1001 543 1043 562 tre
1054 556 1062 567 ,
1083 536 1204 563 Matrem
1216 534 1362 562 Ecclesiam
1382 545 1464 564 unam
1477 559 1486 570 ,
1501 539 1641 574 Sanftam,
1664 540 1798 570 Catholi-

1001 585 1057 602 cain
1067 596 1075 608 ,
1087 578 1114 603 ὃ(
1126 574 1315 612 Apostolicam
1327 575 1479 614 agnoscunt
1491 599 1497 606 .

146 613 284 642 diaconali
293 612 439 652 usurpetur
448 634 457 646 ,
477 624 532 651 quo
543 615 629 643 levita
642 625 765 653 tempore
775 616 942 652 jejuniorum
957 615 1083 644 Ounno
1095 635 1102 642 .
1127 614 1199 642 Vide
1210 620 1330 643 Gramen
1339 636 1346 643 .
1356 622 1437 645 Prex.
1449 621 1599 657 Proseucha
1609 641 1616 649 .

144 654 176 682 in
187 663 269 682 cantu
286 654 433 693 Evangelii
444 653 572 684 induitur
585 678 591 688 ,
611 656 686 694 quod
695 657 770 684 Stola
780 658 863 685 etiam
873 657 942 686 dici·
957 657 1086 686 ORATIO
1098 655 1308 684 DOMINICALIS
1319 676 1325 683 ·
1346 657 1420 686 Vide
1429 661 1536 690 Globnlz‘
1547 682 1554 688 .
1572 667 1657 691 Pater
1667 664 1751 700 noster
1762 685 1770 692 .

145 703 210 725 tui-3
234 695 268 723 fic
277 695 353 723 enim
373 696 402 722 in
411 694 527 724 Miffiii‘s
548 697 667 726 Rubi-ica
689 697 722 724 de
731 698 856 735 qualitat.
866 708 942 736 para·
956 698 1091 727 ORATOR
1101 716 1107 723 .
1121 697 1176 724 FR.
1188 695 1303 724 denotat
1314 697 1446 728 devotum
1457 723 1465 733 ‚
1477 704 1505 729 ὅ(
1517 702 1593 739 pium
1603 703 1780 733 confratrem
1790 724 1801 737 ,

143 744 233 763 ment.
242 745 299 774 cap.
313 747 358 772 19.
369 746 444 764 num.
457 743 482 764 6.
493 736 614 766 liabetur:
630 737 792 772 [Planetam
803 739 941 768 Diaconus

144 776 263 805 dimittit
276 798 283 809 ‚
302 787 366 805 cum
375 777 491 806 lecturus
511 778 548 806 est
559 779 741 817 Evangelium
752 800 760 811 ‚
783 789 866 817 eaque
877 789 942 808 tunc

141 816 222 855 super
241 816 530 846 finistrumliunierum
539 819 619 858 super
637 820 732 848 stolam
742 820 941 858 complicatur,

997 750 1056 767 can.
1068 737 1111 766 illi
1122 737 1169 775 qui
1181 737 1340 775 peregrinos
1350 760 1358 771 ,
1378 741 1422 768 vel
1433 752 1556 771 oratores
1565 744 1678 780 alicujus
1688 745 1777 773 Sanffi
1789 765 1800 777 ‚

1000 792 1046 815 24.
1058 779 1152 816 quaest.
1163 788 1190 815 3.
1210 779 1283 806 Item
1293 779 1417 814 Orator,
1428 781 1496 811 idest
1507 805 1515 816 ,
1530 784 1694 814 Praedicator
1703 806 1710 813 .
1725 785 1802 814 Vide

1000 823 1181 849 Concionator
1193 839 1201 846 .

143 868 189 886 :iut
199 858 313 896 ponitur
330 859 404 887 aliud
413 869 498 897 genus
510 861 584 888 stoiae
597 861 703 889 latioris
714 860 743 888 in
761 861 873 889 modum
884 863 941 899 pla·
957 861 1147 890 Ouaroitiuiu
1157 879 1165 886 .
1181 861 1242 900 ¹FR.
1254 859 1346 889 differt
1355 872 1368 889 a
1380 863 1514 902 Cappella
1527 887 1534 898 ,
1556 864 1617 904 quiri
1627 865 1685 894 brec
1697 865 1800 894 dicitur

144 908 215 927 netae
227 899 334 937 plicatae
345 920 352 926 .
364 902 376 931 ]
389 900 462 928 Vide
471 907 566 930 fanon
577 922 583 929 .
595 902 763 938 Lignostima
772 922 779 929 .
789 902 864 931 Stola
874 923 882 930 .
906 906 941 932 Et

142 950 197 978 quo
206 941 240 968 ad
249 939 477 978 iignificritionem
490 942 545 970 veli
559 962 566 968 .
589 943 663 971 Vide
674 944 832 970 Brandeum
844 963 851 970 .

102 981 117 996 '¹
133 981 223 1010 Oum
233 991 263 1008 io
273 981 437 1009 Doriitsicis
448 1002 454 1008 .
465 983 568 1011 Oratio
578 983 798 1020 Domiiiica,quae
809 994 822 1011 a
833 984 938 1016 verbis,

144 1021 239 1059 quibus
251 1021 349 1059 incipit
361 1021 463 1061 dicitur
473 1028 560 1052 Pater
569 1026 652 1061 noster
663 1045 670 1056 ,
693 1024 806 1062 reliquis
818 1025 939 1062 precibus

145 1062 273 1090 omnibus
282 1071 420 1100 tamquam
432 1061 642 1092 fundamentum
655 1087 661 1097 ,
685 1075 740 1103 quo
756 1064 940 1103 fiiperstman-

147 1111 191 1130 tur
203 1124 210 1136 ‚
221 1103 417 1141 praemittenda
427 1124 434 1130 .
447 1105 535 1140 Hujus
547 1106 682 1134 orationis
695 1128 701 1138 ‚
712 1115 771 1144 quae
781 1108 815 1135 ob
827 1107 939 1135 nimiam

143 1142 186 1171 sui
205 1144 333 1172 notitiam
351 1145 421 1182 apud
431 1145 607 1174 Christianos
618 1168 626 1179 ,
648 1147 721 1175 haud
739 1146 853 1176 habetur
863 1158 896 1175 eo
907 1143 951 1175 inl

144 1184 236 1222 pretio
246 1206 253 1217 ,
267 1188 340 1220 cujus
350 1186 388 1213 est
401 1207 408 1218 ‚
421 1187 526 1225 antiqui
537 1187 661 1217 Ecclefiae
671 1190 764 1217 Patres
777 1210 784 1221 ,
795 1199 902 1227 magnas
912 1193 937 1217 δ(

146 1223 280 1262 speciosas
289 1226 377 1254 laudes
391 1227 466 1255 nobis
476 1228 854 1266 reliquerunnTe-rtullcamcs
864 1230 938 1257 enim

143 1266 180 1294 de
194 1276 264 1294 orat.
273 1277 326 1295 c.1.
338 1288 358 1299 ,‚
368 1268 506 1297 Dominus
517 1269 617 1302 noster,
630 1273 727 1308 inquit
737 1291 744 1302 ‚
756 1269 837 1298 novis
847 1269 938 1298 Disci*

144 1327 164 1340 ,‚
176 1307 247 1346 pulis
257 1307 326 1335 novi
338 1308 494 1337 testamenti
505 1320 608 1338 novam
617 1310 751 1338 orationis
763 1310 876 1338 formam
893 1311 936 1338 de-

998 904 1135 941 publicum
1143 900 1293 928 oratorium
1303 923 1311 934 ‚
1323 905 1350 930 δε
1361 913 1417 932 non
1429 906 1519 943 potest
1529 907 1598 945 erigi
1608 906 1705 944 absque
1716 908 1799 936 Dioe-

997 942 1086 972 cesani
1098 941 1212 970 licentia
1223 962 1230 973 ‚
1243 951 1301 980 cap.
1315 953 1342 977 4.
1353 942 1387 971 de
1398 946 1567 984 privilegiu
1581 948 1663 975 Sexto
1675 967 1682 974 .
1692 948 1745 975 Sed
1754 947 1800 976 Ο-

995 984 1128 1013 ratoriuni
1139 982 1299 1019 simpliciter
1309 1004 1316 1015 ,
1337 983 1364 1010 in
1375 994 1430 1022 quo
1440 997 1496 1014 non
1507 987 1676 1024 celebratur,
1700 988 1799 1026 quaeli-

997 1027 1042 1054 bet
1055 1024 1161 1063 privata
1175 1023 1278 1051 familia
1287 1021 1384 1061 absque
1394 1026 1448 1054 ulia
1458 1027 1571 1055 licentia
1581 1028 1687 1066 erigere
1698 1028 1799 1066 potest.

997 1064 1084 1095 Giossl
1096 1065 1125 1092 in
1134 1064 1161 1092 d.
1172 1074 1229 1102 cap.
1242 1075 1268 1099 4.
1281 1064 1314 1092 de
1323 1065 1419 1102 privil.
1431 1068 1469 1100 εΗε
1485 1069 1558 1095 Item
1569 1068 1733 1097 Orator-ium
1744 1068 1799 1097 sca-

996 1107 1096 1136 bellum
1116 1106 1149 1133 ad
1166 1105 1406 1143 geiiufleflzenduni
1426 1107 1582 1146 adaptatum
1598 1109 1745 1148 aliquando
1763 1109 1798 1141 si-

994 1148 1109 1187 gnificat
1121 1158 1126 1174 :
1153 1152 1165 1180 [
1178 1146 1307 1180 Quidum
1321 1147 1436 1175 veniens
1447 1148 1480 1176 de
1491 1149 1611 1177 Sacrario
1620 1172 1628 1182 ,
1640 1149 1797 1188 process'erit

994 1199 1055 1217 curri
1064 1187 1164 1216 ordine
1172 1186 1220 1215 suo
1230 1195 1294 1215 ante
1307 1187 1403 1216 Altare
1414 1189 1447 1217 ad
1458 1190 1592 1218 orandum
1614 1190 1693 1228 super
1704 1201 1797 1219 orato-

996 1230 1066 1258 rium
1077 1250 1083 1256 .
1094 1228 1177 1258 Ordo
1187 1230 1270 1257 Rom.
1281 1229 1293 1257 ]
1305 1228 1339 1255 In
1350 1230 1434 1265 priori
1445 1228 1522 1258 sensu
1534 1229 1691 1266 synonyma
1702 1252 1709 1260 .
1722 1232 1798 1260 Vide

995 1270 1125 1308 Cappella
1136 1289 1142 1295 .
1156 1268 1282 1306 Confeffio
1293 1287 1300 1294 .
1311 1270 1464 1297 Graculum
1473 1291 1480 1297 .
1490 1271 1617 1299 Orsitoi-ii
1629 1273 1654 1300 S.
1667 1271 1792 1310 Philippi

995 1311 1075 1340 Nerii
1086 1309 1289 1337 commendatio
1298 1327 1305 1334 .
1319 1308 1392 1337 Vide
1401 1314 1462 1338 Pax
1471 1329 1479 1337 .

143 1348 305 1376 terminavit
314 1369 322 1375 .
332 1370 351 1381 ‚,
362 1352 395 1377 Et
405 1351 496 1387 paullo
507 1351 567 1388 post
578 1372 585 1378 .
598 1372 617 1383 „
629 1352 770 1379 Docuerat
780 1355 805 1379 ὃ(
819 1353 939 1388 Jonnnes
956 1352 1102 1380 Ouenrio
1114 1372 1121 1382 ,
1131 1350 1253 1377 caecitas.
1268 1351 1324 1382 [Et
1336 1347 1389 1377 hoc
1401 1350 1439 1377 est
1451 1372 1458 1382 ,
1475 1351 1549 1388 quod
1559 1350 1695 1380 Dominus
1705 1352 1736 1381 in
1747 1352 1796 1381 illa

144 1408 164 1425 ,‚
173 1388 332 1427 Discipulos
343 1389 404 1418 suos
414 1400 492 1418 orare
503 1411 510 1418 .
534 1392 585 1420 Sed
594 1392 688 1420 omnia
697 1391 812 1429 Joannis
822 1391 938 1420 Christo

996 1393 1075 1430 plaga
1085 1390 1236 1419 orbationis
1247 1398 1410 1427 praeceperat
1421 1411 1428 1418 .
1437 1392 1554 1420 Tertull.
1563 1392 1597 1421 de
1606 1393 1677 1430 bapt.

144 1429 424 1467 ‚,praestrueb:i.ntui·‚
445 1431 533 1461 donec
546 1431 604 1470 ipso
616 1435 693 1465 :tutto
712 1433 800 1466 (ficut
822 1431 878 1470 ipse
888 1434 938 1470 Jo-
958 1433 1136 1462 Ousicuws
1149 1452 1156 1463 ‚
1183 1431 1249 1469 quid
1267 1429 1421 1467 significet.
1446 1432 1530 1470 Apud
1551 1433 1720 1463 Anastasium
1748 1432 1793 1463 Bi-

147 1491 167 1503 „
182 1481 267 1498 annes
276 1472 478 1508 praenuntiabat
491 1494 498 1505 ,
510 1473 591 1501 illum
602 1474 696 1512 augeri
707 1483 845 1511 oportere5
856 1472 883 1501 se
894 1484 940 1502 ve-

996 1472 1096 1501 bliotli.
1108 1472 1181 1502 Vide
1190 1477 1241 1499 Seu
1251 1490 1257 1497 .

144 1531 164 1544 „
174 1521 206 1540 ro
224 1511 368 1544 diminui)
387 1522 477 1540 totum
488 1514 666 1551 praeministri
685 1524 752 1552 opus
762 1514 888 1542 transiret
908 1513 941 1542 ad
957 1514 1149 1543 Oussirfiitus
1162 1533 1168 1540 .
1190 1514 1246 1540 FR.
1259 1509 1370 1539 Civitas
1388 1509 1494 1538 Tusciae
1504 1533 1512 1545 ‚
1533 1522 1592 1550 quae
1604 1513 1793 1549 CoffizaPorn—

144 1573 163 1584 ‚‚
173 1553 327 1581 Dominum
337 1573 345 1580 .
357 1553 425 1582 Ideo
435 1563 484 1581 nec
493 1564 570 1584 extat
580 1577 588 1587 ,
612 1554 641 1583 in
652 1565 712 1594 quae
725 1556 806 1583 verba
815 1555 941 1583 docuerit

144 1614 165 1625 „
175 1595 297 1631 Joannes
313 1593 425 1622 adorare
445 1616 454 1627 ‚
474 1595 549 1634 quod
566 1605 675 1625 terrena
692 1595 846 1624 coelestibus
864 1595 939 1624 cessa-

144 1654 164 1666 ‚‚
176 1644 239 1663 rent
249 1656 256 1662 .
267 1656 286 1668 ,‚
300 1636 335 1663 In
345 1635 463 1664 eundem
476 1637 589 1665 modum
601 1640 755 1677 Cyprianus
764 1636 799 1664 de
809 1637 938 1664 orar.Do-

144 1676 215 1704 mini
226 1697 235 1704 .
244 1698 264 1709 ,‚
285 1676 426 1704 Dominus
435 1698 444 1710 ,
457 1680 565 1715 inquit,
578 1678 652 1706 inter
661 1687 756 1706 caetera
766 1675 889 1706 salutaria
896 1676 939 1704 sua

147 1737 168 1748 ‚,
179 1718 285 1746 monita
304 1720 331 1745 ὃ(
353 1726 489 1755 praecepta
508 1719 616 1748 Divina
627 1740 635 1752 ,
658 1719 753 1757 quibus
770 1718 872 1756 populo
890 1716 938 1745 suo

146 1758 332 1790 „consuluit‚
351 1758 384 1786 :id
401 1756 517 1787 salutem
534 1759 619 1788 etiam
635 1760 734 1788 orandi
751 1758 810 1798 ipse
824 1758 938 1786 formam

145 1819 165 1831 υ
175 1800 269 1831 dedii-*5
281 1797 338 1836 ipse
347 1799 414 1837 quid
425 1809 598 1837 precaremur
606 1801 715 1829 monuit
726 1799 892 1829 &instruxit
901 1819 908 1826 .
919 1820 937 1831 υ

998 1554 1084 1592 ponio
1096 1554 1167 1582 Mela
1184 1552 1231 1580 lib.
1244 1563 1269 1580 2.
1279 1560 1337 1587 cap.
1347 1561 1365 1585 4
1387 1552 1456 1587 Cosa
1466 1551 1496 1579 in
1515 1554 1641 1581 Itinerar.
1654 1555 1795 1583 Antonini

998 1598 1069 1633 Imp.
1083 1594 1172 1631 Consa
1181 1592 1211 1621 ab
1227 1589 1397 1629 Honuphrio
1407 1611 1415 1618 .
1430 1591 1515 1629 Cossa,
1525 1605 1609 1622 arum
1619 1604 1632 1622 a
1642 1595 1798 1623 Ptolemaeo

997 1636 1166 1674 appellatur:
1182 1636 1295 1669 [Grave
1305 1631 1423 1670 gerimus
1434 1653 1442 1664 ,
1453 1634 1527 1671 quod
1541 1644 1600 1662 cum
1611 1634 1642 1662 in
1652 1636 1799 1664 Ecclesiam

997 1678 1100 1706 3:111&ae
1114 1677 1206 1703 Mariae
1218 1674 1252 1702 de
1262 1672 1406 1702 orbitello
1416 1694 1424 1705 ,
1444 1678 1471 1703 ὃ(
1481 1673 1608 1713 quasdam
1620 1674 1684 1702 alias
1704 1676 1797 1704 Eccle-

998 1718 1044 1746 fiss
1053 1717 1084 1745 in
1095 1720 1139 1744 t'uci
1148 1714 1269 1744 Dioeceii
1279 1713 1426 1742 existentes
1438 1737 1444 1747 ,
1456 1716 1491 1743 ad
1502 1715 1698 1743 Monasterium
1709 1716 1798 1744 Sanffi

997 1757 1127 1788 Anastai'n
1137 1757 1171 1784 de
1189 1756 1268 1784 Urbe
1278 1753 1432 1793 [pestantes
1441 1760 1493 1784 ἃς.
1511 1756 1559 1784 lib.
1576 1766 1599 1783 i.
1611 1755 1739 1784 decretal.
1750 1757 1795 1784 tit.

999 1808 1112 1837 3i.cap.
1129 1808 1171 1833 ¹9·

145 1841 281 1879 Adeoque
290 1839 407 1868 Ecclesia
415 1850 448 1867 ex
460 1841 582 1869 mandati
593 1841 743 1870 Servatoris
757 1840 842 1869 nostri
855 1839 938 1868 intui-
956 1835 1096 1871 Oiissirus
1109 1859 1117 1866 .
1144 1840 1199 1867 FR.
1210 1835 1366 1866 Cii‘culatio
1375 1858 1382 1865 .
1408 1840 1513 1872 [Beata
1525 1836 1602 1864 nobis
1610 1836 1706 1875 gaudia
1718 1837 1795 1866 Anni

146 1892 175 1910 tu
186 1904 193 1914 ,
214 1882 284 1911 hanc
295 1881 452 1909 orationem
470 1881 500 1910 in
517 1882 642 1910 omnibus
658 1882 756 1910 sanetis
773 1881 875 1909 officiis
887 1879 940 1908 suis

145 1924 304 1953 constanter
314 1921 453 1960 usurpavit
463 1943 471 1954 ,
483 1927 510 1951 δε
519 1921 606 1951 hodic
617 1922 726 1961 usui-pat
735 1942 743 1950 .
763 1923 889 1960 Cumque
899 1931 940 1949 et-

147 1966 239 1993 iamin
249 1965 419 2003 privatarum
431 1963 656 1992 Christianorum
674 1973 785 2002 precum
803 1962 940 2001 quotidia-

998 1881 1109 1909 reduxit
1120 1879 1218 1907 orbita:
1230 1879 1266 1906 In
1276 1876 1375 1911 hymn.
1384 1878 1555 1907 Pentecostes
1565 1899 1573 1911 ,
1583 1877 1617 1906 ad
1628 1877 1718 1906 laudes
1730 1880 1742 1909 ]
1755 1881 1796 1907 Ex

998 1921 1102 1959 Virgil.
1112 1919 1231 1949 AEncid.
1242 1925 1269 1947 6.

1039 1964 1155 1991 Annuus
1166 1959 1265 1988 exustis
1276 1959 1429 1998 completur
1438 1959 1570 1988 mensibus
1580 1958 1652 1987 orbis
1661 1978 1670 1986 .

146 2016 209 2034 nam
219 2003 449 2034 consuetudinem
459 2004 555 2032 abierit
566 2027 573 2037 ,
596 2008 692 2033 Oratio
703 2004 871 2042 quotidiana
891 2013 941 2031 vo-
957 2003 1048 2032 ORCA
1059 2024 1067 2035 ,
1079 2012 1123 2031 vas
1135 2021 1142 2028 .
1168 2001 1281 2039 [Igitur
1292 2001 1502 2028 advenientibus
1514 1998 1703 2028 transmarinis
1713 2021 1721 2033 ‚
1743 1999 1796 2028 Vi-

146 2048 200 2074 tai-i
210 2048 296 2085 coepit
307 2067 314 2078 ‚
325 2054 355 2075 ut
367 2043 495 2073 habemus
505 2056 538 2074 ex
550 2045 688 2074 sententia
698 2043 820 2076 Hilarii,
839 2054 853 2072 a
863 2044 942 2072 Con-

147 2087 193 2114 cil.
203 2089 295 2116 Tolct.
306 2098 333 2121 4.
345 2097 368 2114 c.
379 2097 407 2122 9.
417 2087 505 2115 citati.
515 2087 622 2115 Divina
634 2096 725 2115 tamen
735 2089 762 2114 &
773 2084 835 2123 ipfis
847 2085 942 2113 Serva.-

145 2128 213 2156 ‹oi-is
224 2129 310 2156 nosti-i
321 2128 411 2157 verbis
420 2127 521 2156 dictam
529 2128 633 2157 Oratio
641 2150 649 2161 ‚
673 2127 701 2156 in
722 2136 772 2165 qua
783 2125 878 2154 onmia
888 2126 941 2154 cla-

147 2178 175 2196 ra
185 2190 193 2201 ,
205 2173 232 2197 δε
243 2169 313 2197 clare
322 2170 451 2197 docemur
460 2191 468 2202 ‚
487 2168 614 2197 humana:
625 2168 737 2196 malitiae
749 2165 942 2195 subtilitatibus

147 2219 229 2247 :itque
239 2210 374 2238 erroribus
386 2209 436 2237 fuit
449 2209 550 2247 petita..
565 2210 709 2247 Pelagiani
729 2207 804 2235 enirn
816 2207 942 2236 Liberum

145 2251 300 2279 voluntatis
318 2249 464 2278 arbitrium
483 2250 587 2279 vii-ibus
603 2261 662 2278 non
682 2249 767 2287 aequis
777 2248 924 2276 metientes
933 2270 941 2281 ‚

147 2292 228 2328 hujus
237 2290 370 2320 orationis
379 2290 455 2318 usum
467 2290 590 2320 fidelibus
599 2291 699 2319 tollere
709 2289 869 2318 studuerunt
878 2309 887 2316 .
906 2289 942 2317 Id

997 2043 1061 2082 gilii
1080 2040 1281 2071 Archidiaconi
1301 2040 1428 2070 homines
1444 2040 1617 2079 septuaginta
1637 2038 1696 2068 vasa
1706 2061 1714 2072 ,
1733 2050 1794 2078 quae

999 2083 1084 2122 vulgo
1094 2093 1168 2111 orcas
1178 2091 1279 2111 vocant
1293 2103 1301 2114 ,
1311 2082 1387 2114 olei,
1401 2080 1611 2120 liquaminisque
1623 2080 1704 2108 fiirati
1713 2079 1777 2108 sunt
1788 2100 1797 2108 .

999 2127 1122 2163 Gregor.
1141 2126 1245 2152 Turon.
1256 2122 1301 2150 lib.
1313 2134 1340 2158 4.
1360 2121 1424 2151 hist.
1433 2133 1490 2160 cap.
1501 2133 1515 2160 3
1524 2127 1547 2150 S.
1558 2123 1572 2152 ]
1596 2124 1653 2150 FR.
1664 2123 1752 2149 Varro
1763 2120 1796 2147 de

999 2175 1029 2193 re
1038 2165 1103 2193 rust.
1120 2164 1169 2192 lib.
1185 2173 1275 2201 neap.
1291 2174 1333 2201 ¹3·
1344 2163 1451 2201 inquit:
1478 2164 1579 2200 [Saepe
1599 2161 1796 2203 ubiconditum

999 2216 1103 2234 novum
1113 2206 1209 2235 vinum
1219 2226 1226 2237 ‚
1249 2213 1318 2232 orcae
1329 2204 1359 2231 in
1370 2203 1504 2242 Hispania
1524 2203 1632 2231 fervore
1652 2200 1730 2229 musti
1749 2210 1793 2227 ru.

999 2257 1054 2285 ptae
1066 2268 1074 2279 ‚
1084 2256 1172 2284 neque
1181 2256 1239 2274 non
1249 2245 1324 2273 dolia
1334 2244 1362 2272 in
1374 2246 1454 2274 Italia
1465 2265 1472 2272 .
1484 2246 1495 2275 ]
1509 2240 1788 2284 Eodemque-vocabu.

998 2289 1027 2316 lo
1036 2288 1126 2315 utitur
1135 2288 1172 2315 D.
1183 2288 1302 2324 Gregor-
1316 2286 1346 2314 in
1355 2289 1411 2322 ejus
1422 2285 1527 2324 Regist.
1538 2285 1584 2312 lib.
1599 2294 1622 2309 ι.
1633 2280 1712 2318 epist.
1728 2290 1773 2317 53.

148 2343 181 2361 cx
193 2331 441 2371 AugustinoEP1st.
453 2342 502 2368 92·
515 2333 548 2360 ad
559 2330 754 2360 Innocentium
763 2329 920 2368 colligimus
932 2351 939 2362 ‚
956 2329 1097 2359 Oitcmus
1109 2350 1116 2361 ‚
1135 2328 1259 2356 Libertus
1270 2348 1277 2358 ‚
1298 2326 1401 2355 dicitur
1411 2326 1458 2354 ille
1469 2346 1479 2358 ,
1497 2325 1539 2352 cui
1549 2322 1656 2351 direeto
1664 2321 1772 2349 libertas
1782 2332 1796 2351 a

150 2375 179 2402 in
189 2384 239 2413 qua
251 2376 290 2405 ait
300 2396 306 2402 .
320 2395 340 2412 5,
350 2373 457 2402 Dicunt
468 2374 634 2410 (Pelagium
645 2376 657 2406 )
668 2369 742 2412 poss‘e
751 2370 896 2406 hominem
907 2370 937 2398 in

996 2369 1126 2398 testatore
1135 2368 1301 2407 relinquitur
1314 2400 1321 2407 Ι
1330 2371 1358 2397 &
1370 2367 1472 2396 dicitur
1482 2364 1603 2395 Orcinus
1611 2385 1621 2398 ,
1642 2362 1704 2401 quia
1714 2361 1744 2390 ab
1755 2360 1798 2390 his

1705 2412 1762 2432 ma·—

1845 0 1860 18 pt

1849 143 1866 291 ἰ
