1866 2526
802 8 816 22 Χ

448 44 574 89 AM

93 106 186 140 sai-ido
203 104 284 135 illum
300 104 382 144 supet
393 104 532 144 planetam
542 125 550 132 .
571 103 687 142 [Caput
706 100 805 131 amictu
814 101 888 130 coo-²

97 147 232 188 peritum,
252 147 318 176 dum
336 156 388 186 pro
405 145 453 184 spe
473 145 627 174 coelestium
647 145 710 174 Deo
730 142 863 172 servimus
871 162 879 169 .

97 191 183 219 Gem.
193 188 227 216 de
238 198 294 217 ant.
305 188 353 216 rit.
368 186 427 215 mis.
439 197 462 215 c.
475 197 541 216 301·
554 187 566 216 ]
590 186 690 219 Quoad
709 187 764 220 ejus
775 183 880 223 signifi-

97 239 158 259 csta
168 250 175 258 .
188 235 201 265 [
212 229 336 258 Αωὶᾶιις
345 228 384 256 est
396 228 516 266 primum
527 227 724 256 vestimentum
736 224 858 254 nostrum
871 246 879 258 ‚

99 280 154 310 quo
166 270 269 298 collum
278 269 400 307 undique
411 268 548 308 cingimus
559 290 566 301 ,
590 267 619 295 in
628 268 703 296 collo
715 266 752 296 est
764 275 880 305 namque

99 321 154 340 vox
166 322 175 342 5
187 311 305 349 ideoque
315 320 363 348 pcr
372 309 475 337 collum
487 308 617 347 loquendi
628 307 687 336 usus
697 307 863 345 exprimitur
872 326 880 333 .

98 353 152 381 Per
160 351 289 380 amictum
299 350 486 389 intelligimus
495 348 645 378 custodiam
658 349 742 377 vocis.
753 347 880 376 Amal-de

98 392 170 421 Eccl.
181 391 226 421 off.
238 391 283 420 lib.
295 403 321 420 2.
330 402 353 420 c.
368 401 378 418 i
385 401 411 423 7.
421 391 552 419 Sacerdos
563 390 593 418 in
602 389 697 418 officio
705 387 881 426 altaris,capi-

97 433 132 460 ris
140 431 181 461 sui
194 454 202 466 ‚
212 431 320 462 scilicet
333 454 340 465 ,
363 431 471 461 Christi
481 453 489 464 ‚
499 433 575 466 cujus
585 430 735 458 membrum
746 428 785 456 cst
796 450 804 461 ‚
817 438 878 467 per-

94 472 189 502 sonam
197 473 272 512 gerit
282 495 290 505 ‚
300 473 346 512 qui
357 472 456 500 amiftu
465 481 546 510 caput
556 471 634 499 suum
643 469 759 498 obnubit
768 490 775 501 ,
788 469 878 497 donec

94 512 179 552 super
195 524 226 542 os
243 513 330 542 casula
350 513 427 540 illum
448 512 577 541 involvat
586 531 594 539 .
616 510 740 539 Veniens
757 511 833 538 enim
844 509 878 538 ad

94 553 275 583 salvationem
286 553 384 582 Mundi
393 554 450 582 Dei
462 552 533 581 filius
542 574 552 585 ,
571 552 696 590 Angelus
706 550 800 589 magni
809 560 876 578 con-

95 595 148 624 filii
158 617 166 628 ‚
179 595 248 623 nube
259 595 371 623 amicius
380 593 420 622 est
429 615 438 626 ,
449 593 515 621 dum
525 592 706 622 divinitatem
717 590 802 623 suam,
814 601 874 629 quae

1206 43 1325 87 AM
1613 60 1660 99 51

935 105 963 132 ὅ(
981 101 1078 131 Ιωίὶςε
1094 103 1269 140 Amiraglao.
1293 100 1444 141 Hispanice
1467 103 1632 133 Almirante
1648 103 1718 134 dici-

935 150 996 177 tur,
1019 152 1046 172 :it
1063 152 1148 181 penes
1165 143 1272 182 aliquos
1291 144 1442 182 Scriptores
1453 144 1567 173 Graecos
1588 155 1718 184 corrupte

934 187 1115 214 Amirumnis
1127 184 1230 223 legitur
1241 205 1249 217 ,
1267 184 1342 222 quod
1361 184 1474 213 deberet
1491 182 1640 213 secundum
1657 187 1717 215 vim

933 225 1031 255 arabici
1048 225 1173 254 vocabuli
1186 226 1424 254 Amir-almum‘m
1451 223 1550 258 scribi,
1570 225 1658 259 idest,
1675 237 1720 254 ca-

933 265 1041 306 put‚seu
1053 266 1179 304 princeps
1189 265 1363 295 credentium
1375 277 1383 296 ς
1406 264 1562 304 Epitheton
1573 275 1622 304 per
1631 267 1717 294 multa

934 317 1058 346 tempora
1070 318 1084 335 a
1095 306 1250 335 Mahorneti
1262 305 1493 335 descendentibus
1504 328 1511 339 ,
1521 310 1548 335 δ(
1559 305 1717 336 succesibri-

935 349 982 377 bus
991 347 1209 386 usu1·patum‚qui
1219 347 1322 376 deinde
1332 348 1429 383 Kalipi
1439 347 1634 386 cognominati
1643 346 1718 381 sunt,

936 388 1023 422 idest,
1045 387 1166 425 ejusdem
1179 389 1300 422 Vicarii,
1322 392 1349 417 δ(
1361 387 1529 416 haereditarii
1540 387 1697 417 successoi·cs
1708 408 1717 416 .

936 431 1000 458 Vox
1009 429 1097 468 igitur
1105 430 1269 458 Amin-alius
1280 428 1505 467 Arabico-grus.
1521 428 1560 456 est
1570 449 1577 461 ‚
1596 439 1696 467 nempe
1706 450 1716 462 ,

934 473 1019 499 Amir
1029 469 1143 498 Arabica
1155 491 1162 503 ‚
1185 473 1213 498 δ(
1223 468 1306 504 ἅλιος
1317 492 1324 503 ,
1347 469 1499 498 maritimus
1508 489 1515 496 .
1535 469 1607 497 Inde
1617 470 1717 503 Admi-

932 511 1029 538 ralium
1041 511 1210 539 Generalem
1219 510 1341 542 maris‚ac
1351 512 1460 539 Ducem
1471 519 1608 538 vocamus.
1621 510 1717 539 Chro-

932 551 992 579 nica
1003 551 1134 580 Cafinen.
1154 551 1201 580 lib.
1213 562 1239 589 3.
1257 562 1281 579 c.
1292 562 1340 587 44.
1360 551 1435 580 Vide
1448 551 1583 580 Frecciam
1601 551 1635 579 de
1657 550 1715 580 seu-

930 591 989 619 dis.
1014 591 1088 620 Vide
1105 590 1152 620 hic
1174 593 1314 620 Cadmus.

96 636 135 664 est
147 645 238 674 caput,
248 639 277 664 ὃ(
286 634 453 674 principium
463 654 472 666 ,
483 634 513 662 in
523 633 614 663 nostra
624 643 704 661 carne
713 631 855 662 abscondit
865 653 873 659 .
890 634 981 661 Arma
992 653 999 664 ,
1009 632 1135 671 quamvis
1144 642 1233 671 graece
1243 630 1319 668 α’μοὶς
1327 632 1432 661 dicatur
1443 653 1451 665 ,
1460 632 1499 661 est
1509 642 1603 660 tamen
1609 632 1716 662 Orien-

95 677 159 704 Hoc
169 686 236 715 ergo
247 676 336 704 carnis
346 675 490 704 latibulum
498 675 586 713 prima
606 673 688 703 vestis
698 673 851 703 Sacerdotis
864 695 871 705 ,

93 717 164 745 idest
174 739 182 750 ,
191 717 304 745 amictus
313 715 455 754 fignificat.
467 718 541 754 Rup.
552 715 600 743 lib.
615 725 639 743 ι.
650 714 685 742 de
693 715 784 743 divin.
795 715 871 741 offic.

92 768 116 786 c.
144 759 208 788 ια]
231 759 366 786 Praeterea
386 756 479 784 velum
491 777 500 788 ,
521 766 576 795 quo
594 756 625 783 in
645 754 773 793 passionis
790 755 872 783 noete

92 797 195 826 milites
212 796 408 834 Redemptoris
428 796 523 825 faciem
544 797 670 825 velabant
683 818 691 829 ,
713 799 740 824 δε
749 795 872 834 spineam

91 847 222 867 coronam
232 840 287 873 ejus
296 837 380 875 capiti
391 837 548 875 impositam
557 837 682 875 designat
692 857 700 864 .
719 837 758 865 D.
769 835 871 865 Tliom.

929 673 1026 701 talium
1037 673 1200 701 vocabulum
1208 678 1310 703 Amme
1321 694 1328 706 ‚
1351 673 1426 711 quod
1436 683 1551 702 matrem
1561 673 1695 712 fignificat
1708 695 1716 706 ,

929 714 995 743 ficut
1014 714 1103 742 Abbas
1121 724 1231 752 quoque
1248 714 1391 742 orientalis
1402 724 1457 742 vox
1469 713 1525 742 est:
1549 714 1587 741 ita
1598 713 1717 743 adinstar

929 754 1051 782 nominis
1060 754 1174 783 Abbatis
1185 776 1192 786 ,
1214 759 1321 783 Amma
1328 752 1498 792 spiritualem
1507 764 1623 782 matrem
1643 754 1715 792 apud

929 794 1127 823 Ecclesmsticos
1136 795 1288 833 Scriptores
1308 793 1387 822 sonat
1397 814 1404 822 .
1429 801 1442 830 [
1455 796 1512 823 Vos
1532 794 1594 822 estis
1613 794 1692 822 fatuae
1703 805 1712 824 3

928 845 990 863 nam
1002 835 1060 863 haec
1070 839 1096 863 ὅ(
1106 835 1192 864 vestra
1204 857 1212 868 ,
1224 838 1251 863 &
1261 844 1320 863 mea
1330 835 1369 863 est
1380 845 1468 863 :imma
1478 856 1485 862 .
1507 835 1601 873 Pelag.
1612 835 1657 863 lib.
1673 839 1718 863 18.

92 888 119 917 3.
130 887 238 917 paraq.
250 883 276 906 8.
286 888 336 906 arr.
351 887 376 913 5.
396 878 543 907 Maronitae
555 899 562 910 ,
583 877 676 907 Graeci
688 899 695 910 ,
717 880 743 905 δε
755 877 872 906 Ambro—
888 879 1051 905 Aur-auxus
1065 878 1312 907 Auxaxnfflxus,
1324 885 1357 903 ex
1371 875 1466 911 Bajulo
1477 875 1509 904 fit
1519 875 1635 904 eximius
1646 874 1715 904 Phi·

91 919 156 947 fiani
167 918 249 957 super
257 918 346 947 albam
355 919 475 947 induunt
483 920 611 947 anuaum
621 939 628 950 ,
649 922 676 947 δε
687 928 812 956 quamvis
820 917 872 945 ho-
926 915 1055 954 losophus
1065 936 1072 943 .
1096 916 1170 944 Vide
1180 922 1277 945 Saccas
1287 936 1294 943 .

90 959 137 988 die
155 959 250 988 Graeci
275 959 391 998 amplius
407 970 466 988 non
483 970 595 988 utantur
613 958 769 994 hujusmodi
793 959 873 987 indu-
887 959 1062 986 Ammon-ius
1074 976 1082 983 .
1105 958 1163 985 PR.
1173 957 1209 985 de
1219 967 1275 995 quo
1294 956 1425 985 vocabulo
1444 956 1515 995 saepe
1526 955 1556 985 in
1575 957 1631 985 Sac.
1643 955 1715 985 Scri-

91 1009 189 1028 mento
200 1011 208 1030 ς
228 999 293 1029 satis
304 1010 398 1028 tamen
408 1001 552 1038 colligitur
562 1011 595 1028 ex
608 999 722 1038 quadam
733 999 872 1029 Soletino-
929 1007 1025 1036 ptura:
1049 998 1165 1035 populus
1176 996 1303 1026 moeroi-is
1313 998 1509 1035 interpretatur
1526 1008 1540 1026 a
1550 998 1619 1026 Div.
1639 999 1712 1026 Gre-

91 1050 151 1068 rum
173 1039 371 1068 Archidiaconi
382 1041 504 1078 Epistola
521 1041 555 1069 :id
567 1039 730 1079 Episcopum
741 1039 873 1078 Molphe—
926 1049 986 1077 gor.
998 1039 1028 1065 iu
1043 1048 1066 1065 1.
1078 1040 1149 1076 Reg.
1159 1048 1217 1075 cap.
1232 1049 1239 1065 1
1252 1049 1274 1066 1.
1286 1038 1401 1076 exposit.
1412 1038 1457 1066 lib.
1472 1047 1496 1072 5.
1506 1048 1563 1076 cap.
1579 1049 1603 1066 1.

92 1090 126 1108 tae
138 1080 251 1111 directa,
262 1079 293 1107 in
305 1091 357 1119 qua
367 1080 527 1109 minutatim
537 1084 700 1110 Graecorum
708 1079 779 1109 sacra
792 1081 873 1108 vesti-
888 1082 995 1108 Amono
1005 1101 1011 1111 ,
1022 1088 1073 1116 pro
1082 1079 1158 1106 modo
1169 1099 1177 1111 ‚
1198 1079 1342 1110 brevitem
1362 1078 1397 1106 de
1413 1088 1470 1117 quo
1480 1076 1550 1117 saepe
1561 1079 1591 1106 in
1601 1079 1658 1106 Sac.
1668 1087 1716 1116 p:-

91 1130 187 1149 mcnta
195 1119 280 1148 refert
288 1142 297 1154 ‚
321 1125 347 1150 ὅ(
359 1121 395 1148 ibi
407 1121 491 1149 etiam
501 1121 674 1149 mentionem
686 1121 751 1149 facit
762 1122 796 1149 de
806 1122 872 1149 ami·
927 1120 1002 1158 ginis
1012 1140 1019 1146 .

93 1162 138 1190 (tu
148 1162 224 1189 inter
231 1163 343 1189 Graecos
352 1161 421 1189 olim
431 1161 530 1190 usitato
542 1181 549 1189 .
559 1162 685 1190 Anneius
695 1183 703 1194 ,
713 1162 819 1200 aliaque
832 1160 872 1190 sa·
888 1163 1012 1188 Ar-ioizreo
1024 1180 1031 1187 .
1055 1161 1112 1188 FR.
1121 1159 1244 1187 oblector
1256 1180 1263 1190 ,
1284 1162 1311 1188 &-
1321 1159 1429 1187 oblecto
1440 1180 1448 1190 ,
1471 1159 1583 1187 verbum
1593 1158 1716 1196 Cypria-

91 1212 152 1235 cra,
171 1200 217 1228 seu
234 1201 375 1229 benedicta
391 1201 556 1230 indumenta
572 1201 607 1229 ad
627 1201 774 1239 pro-‘anum
795 1201 871 1230 usum
927 1210 964 1227 no
975 1221 983 1232 ,
995 1199 1114 1229 Sidonio
1124 1221 1131 1232 ‚
1156 1200 1302 1233 Ennodio,
1314 1199 1444 1228 Salviano
1455 1220 1463 1232 ‚
1485 1203 1514 1228 δε
1524 1201 1609 1228 Petro
1619 1199 1715 1234 Chry-

89 1241 218 1270 converti
229 1250 369 1279 nequeunt
379 1263 388 1274 ,
398 1240 448 1270 sed
456 1251 486 1270 ea
495 1242 660 1280 consumpta
669 1243 870 1276 comburantur,
926 1240 1024 1279 sologo
1034 1240 1168 1269 familiare
1179 1260 1186 1268 .
1419 1269 1430 1281 ·

89 1280 200 1321 ejusque
210 1281 315 1310 cineres
326 1282 509 1320 projiciantur
520 1283 549 1311 in
558 1283 674 1311 sacrario
686 1295 692 1313 ς
704 1294 754 1311 nec
765 1282 872 1322 possiiut
887 1284 1007 1310 Ar-iorzn.
1032 1284 1089 1311 PR.
1108 1282 1207 1309 Servus
1217 1279 1387 1308 manumiss'us
1400 1302 1406 1312 ‚
1430 1279 1448 1308 l.
1459 1280 1487 1309 Si
1506 1280 1568 1319 quis
1585 1278 1695 1309 servum
1706 1302 1715 1314 ‚

90 1324 184 1361 pretio
202 1332 384 1356 commutari,
405 1323 456 1353 nifi
474 1324 504 1352 in
523 1323 584 1353 casu
604 1323 770 1352 neceffitaiis
782 1346 789 1357 ,
813 1324 872 1354 aliis

91 1363 234 1392 Ecclesiis.
258 1364 374 1392 Facund.
384 1365 430 1392 lib.
442 1375 470 1402 3.
481 1376 504 1393 c.
519 1377 564 1394 22.
578 1369 605 1393 δ(
618 1375 664 1403 23.
685 1365 872 1394 Communior

927 1322 953 1392 lg
969 1322 1028 1390 rs.§.
1043 1327 1068 1350 8.
1079 1321 1205 1360 Longob.
1225 1321 1260 1350 de
1276 1320 1507 1350 manumiffionib.
1517 1325 1544 1350 ὃς
1560 1321 1590 1349 in
1613 1321 1715 1349 Bullar.

955 1373 968 1390 a
981 1373 1020 1390 in.

90 1403 190 1441 opinio
200 1425 208 1436 ,
229 1408 257 1432 δ(
267 1404 354 1444 magis
362 1407 509 1443 approbata
520 1405 614 1434 censer
627 1416 736 1443 peccare
748 1407 872 1434 mortali·
887 1406 973 1433 Axon
989 1406 1129 1432 ΑκοεΝΤΙ
1141 1424 1148 1435 ‚
1170 1401 1240 1431 idest
1250 1424 1259 1436 ‚
1281 1402 1396 1432 avaritia
1407 1422 1414 1430 .
1437 1402 1511 1431 Vide
1520 1403 1696 1443 phylargiria
1706 1421 1716 1436 ,

89 1453 132 1472 ter
143 1444 318 1474 Sacerdotem
328 1467 336 1478 ‚
359 1446 377 1474 fi
387 1445 485 1484 absque
497 1447 597 1474 amic‘lu
608 1467 616 1478 ,
639 1446 684 1474 vel
694 1447 788 1485 aliquo
796 1446 874 1475 sacro

928 1447 955 1472 δ(
965 1444 1142 1484 Phylargirus
1152 1463 1159 1469 .

90 1484 256 1514 indumento
283 1486 453 1519 celebraret,
475 1488 601 1526 quamvis
628 1487 713 1524 aliqui
732 1488 873 1526 cingulum
890 1486 974 1513 Amor<
998 1486 1166 1512 Paeonius.
1190 1483 1264 1512 Vide
1274 1485 1424 1514 philautia
1437 1503 1445 1511 .

90 1534 257 1563 exceptuent
267 1547 274 1558 ‚
297 1528 371 1563 quod
389 1527 544 1566 antiquitus
563 1528 595 1556 in
604 1526 737 1565 aliquibus
748 1527 873 1556 Ecclefiis
888 1527 1108 1553 AsiounzATio
1118 1545 1125 1556 ,
1137 1524 1267 1563 gallicum
1281 1525 1371 1553 vocab.
1381 1524 1610 1561 Amortiffement
1621 1545 1628 1555 ,
1640 1522 1717 1561 quod

92 1574 218 1608 non-erat
229 1566 402 1595 benedistum
413 1579 422 1598 ς
444 1569 562 1606 ideoque
579 1577 698 1606 cogente
716 1567 814 1596 necess'i
819 1578 874 1596 tate

92 1605 180 1648 polsset
189 1605 229 1633 uti
241 1615 299 1633 non
309 1598 472 1639 benedifto⁸5
485 1608 626 1637 neceffitas
636 1618 728 1636 tamen
737 1607 873 1636 censenda

90 1645 155 1673 esset
177 1646 206 1673 in
223 1647 348 1685 urgentia
375 1649 507 1686 praecepti
529 1649 659 1678 audiendi
680 1650 788 1678 Sacmm
799 1670 807 1682 ,
829 1648 874 1677 scu

91 1686 233 1714 Viaticum
241 1687 403 1716 conferendi
414 1709 422 1720 ‚
436 1699 491 1726 quo
501 1689 560 1717 casu
572 1689 639 1718 stol:
651 1699 700 1727 pro
713 1689 854 1727 manipulo
866 1710 874 1722 ‚

89 1725 136 1755 seu
146 1726 201 1755 hoc
211 1736 262 1766 pro
271 1728 319 1755 illa
330 1727 407 1757 indui
417 1729 591 1767 dispensatur
602 1751 610 1762 ,
622 1730 773 1758 dummodo
784 1739 875 1758 tamen

94 1777 150 1795 non
161 1767 208 1797 fia:
220 1768 248 1796 in
258 1778 450 1808 contemptum
459 1790 466 1797 .
476 1770 567 1808 Posset
577 1771 660 1798 eriam
672 1771 800 1799 Sacerdos
813 1792 819 1803 ,
841 1770 874 1798 :id

94 1807 252 1837 evitandam
262 1808 309 1837 fibi
319 1819 438 1839 mortem
448 1812 657 1843 comminatam,
670 1810 768 1849 absque
779 1812 873 1849 aliquo

95 1856 130 1875 ex
142 1848 226 1877 Sacris
236 1849 406 1879 indumentis
418 1873 425 1883 ,
449 1862 506 1879 nori
517 1851 763 1891 quidem-omnibus
775 1874 782 1884 ‚
804 1852 875 1880 cele-

95 1888 187 1931 brare÷
210 1889 265 1918 fine
282 1891 408 1920 omnibus
427 1891 502 1920 enim
520 1893 549 1920 id
560 1892 620 1921 fieti
638 1903 694 1920 non
707 1891 792 1930 posset
802 1913 810 1925 ,
833 1902 875 1920 et-

94 1929 169 1957 mmfi
180 1929 328 1967 periculum
340 1932 405 1960 vitae:
416 1933 575 1961 immineret
586 1955 593 1961 .
618 1934 760 1961 Facundez
771 1933 788 1961 l.
799 1944 822 1960 c.
845 1933 874 1960 in

95 1972 222 1998 Romana
231 1971 345 2000 Ecclesia
363 1973 436 2011 prius
446 1974 571 2002 Anneius
592 1975 698 2002 Levitae
718 1973 874 2002 Cardinalis

93 2009 214 2053 strictior
231 2019 305 2044 erat,
326 2012 410 2041 latior
437 2024 505 2042 vero
522 2014 679 2043 cardinalis
698 2014 873 2049 Presbyteri,

94 2060 134 2079 ita
156 2051 302 2090 colligitur
330 2062 364 2081 ex
386 2055 549 2084 Davamriae
573 2055 771 2084 Caereinonissli
795 2064 830 2082 m.
853 2064 872 2082 s.

96 2092 143 2130 qui
167 2092 274 2120 vixerat
297 2092 330 2120 :id
352 2103 415 2122 ann.
443 2106 472 2133 ¹3
481 2107 493 2124 2
502 2106 527 2131 5.

56 2134 173 2162 AMicus
185 2152 191 2159 .
214 2133 288 2161 Vide
308 2135 460 2171 spudiastes
472 2155 478 2163 .

57 2175 175 2202 Amans
186 2195 195 2206 ,
219 2184 275 2202 vox
296 2173 410 2202 Arabica
419 2179 503 2204 Amir·
513 2196 520 2203 .
542 2175 758 2205 Dominatorem
769 2175 874 2215 fignifi-

96 2222 141 2240 cat
152 2234 160 2245 ,
181 2217 210 2242 8(
218 2216 356 2243 Annuus
366 2235 374 2246 ‚
387 2213 455 2243 idest
465 2237 474 2248 ,
496 2218 604 2245 Praetor
615 2237 621 2244 .
647 2218 705 2252 [In
715 2219 818 2256 Regno
828 2217 873 2245 Sa—

96 2263 257 2282 racenorum
276 2264 392 2293 quatuor
403 2257 536 2285 Praetores
554 2257 647 2286 statuit
657 2279 666 2290 ‚
689 2257 735 2296 qui
756 2257 873 2286 Amiraei

98 2294 263 2323 vocabantur
273 2315 280 2323 .
305 2295 420 2334 Sigiber.
430 2296 460 2323 in
473 2295 582 2325 Chron.
594 2299 606 2329 J
629 2298 724 2326 Hodie
736 2307 828 2326 tamen
837 2298 873 2324 ti-

98 2334 169 2363 tulus
179 2339 264 2363 Amir
273 2345 324 2373 pro
333 2337 413 2364 Duce
423 2357 430 2369 ,
442 2339 470 2364 &
478 2337 607 2376 Principe
617 2337 713 2376 usurpa
719 2348 748 2366 nt
760 2338 872 2368 Arabes

94 2374 164 2408 inde
174 2375 259 2405 latine
270 2378 444 2406 Admiratus
455 2398 464 2410 ,
483 2381 635 2408 Amiratus
644 2400 653 2412 ‚
673 2378 853 2409 admiralius
865 2400 873 2411 ‚

928 1565 1137 1593 transsationem
1148 1566 1284 1593 bonorum
1294 1566 1323 1593 in
1333 1565 1580 1593 Ecclcfiasticomm
1601 1564 1719 1602 potesta-

929 1615 985 1633 tem
995 1605 1148 1643 fignificat.
1170 1609 1204 1634 Et
1216 1605 1393 1635 Canonistae:
1422 1610 1454 1632 ln
1475 1615 1575 1633 manus
1592 1613 1718 1632 mortuas

929 1646 1025 1673 dicunt
1035 1666 1042 1673 .
1066 1646 1138 1674 Vide
1148 1652 1254 1675 Manus
1266 1654 1376 1674 mortua
1387 1664 1394 1671 .

890 1688 1111 1731 Ariminnum?
1134 1687 1330 1723 „amphibolum
1342 1707 1350 1718 ‚
1369 1688 1398 1713 ὃς
1408 1685 1633 1722 Amphimallum
1643 1706 1650 1717 ‚
1661 1695 1719 1712 vox

929 1737 1016 1766 Εἴπω
1025 1725 1208 1765 οἷπφιμοιλλον
1219 1748 1226 1759 ,
1249 1726 1369 1754 tunicam
1380 1724 1513 1754 hirsutam
1525 1746 1531 1757 ,
1553 1728 1581 1753 ὅ(
1603 1724 1720 1764 pilosam

930 1767 1064 1805 significat
1073 1787 1080 1793 .
1105 1773 1116 1801 [
1129 1768 1189 1796 Nec
1201 1777 1275 1795 mora
1286 1768 1396 1795 Sanetus
1407 1776 1523 1804 paupere
1535 1776 1591 1793 non
1603 1766 1718 1795 vidente

930 1808 1004 1835 intra.
1016 1806 1201 1845 amphibalum
1213 1807 1257 1836 fibi
1270 1807 1390 1835 tunicam
1400 1808 1517 1834 latenter
1527 1806 1631 1833 eduxit.
1645 1806 1719 1843 Sulp.

930 1848 960 1876 in
972 1849 1030 1876 vita
1043 1849 1068 1876 S.
1087 1849 1191 1878 Maru]
1206 1848 1295 1876 Vestis
1307 1846 1420 1885 proprie
1431 1857 1487 1874 erat
1497 1857 1530 1874 cx
1551 1855 1630 1884 parte
1648 1848 1720 1874 intc-

930 1888 1014 1921 riori,
1037 1888 1223 1926 exteriorique
1234 1887 1337 1916 hirsuta
1350 1910 1356 1919 ,
1379 1898 1408 1915 ac
1419 1898 1451 1915 ex
1464 1886 1553 1914 verbis
1564 1886 1721 1916 testamenzi

930 1931 956 1958 S.
967 1929 1091 1968 Remigii
1100 1929 1266 1966 peculiarem
1278 1928 1475 1966 Episcopomin
1487 1927 1589 1955 vestem
1609 1927 1720 1966 colligi-

931 1980 975 1998 tur
987 1969 1078 2002 (ursse,
1101 1972 1174 2004 cujus
1184 1969 1242 1997 haec
1254 1969 1378 1997 formalia
1392 1968 1470 1996 verba
1479 1967 1559 1997 sunt:
1584 1974 1597 2003 [
1616 1970 1719 1996 Futuro

932 2009 1068 2048 Episcopo
1088 2009 1271 2048 amphibalum
1293 2010 1382 2037 album
1402 2007 1526 2046 paschale
1546 2008 1691 2047 relinquo.
1703 2010 1719 2039 1

932 2049 1060 2085 Ejusdem
1071 2050 1214 2088 opinionis
1226 2050 1277 2077 suit
1288 2050 1426 2077 Marianus
1438 2049 1577 2077 ViStorius
1597 2050 1635 2078 D.
1648 2050 1718 2077 Hie-

931 2091 1043 2126 ronymi
1054 2092 1287 2122 commentator,
1311 2089 1340 2117 in
1359 2089 1438 2127 epist.
1451 2094 1497 2118 28.
1518 2090 1566 2128 qui
1585 2099 1624 2117 ait
1645 2091 1720 2118 Gau-

930 2131 1055 2170 sapinam
1067 2132 1187 2159 tunicam
1199 2131 1327 2168 utrinque
1345 2129 1473 2158 villosam
1493 2129 1585 2158 suisse:
1607 2133 1636 2159 δε
1653 2140 1722 2158 con-

931 2173 1054 2201 firmatur
1066 2183 1073 2203 5
1087 2182 1148 2200 nzm
1160 2171 1254 2198 eadem
1266 2170 1348 2198 vellis
1357 2169 1469 2199 habebat
1480 2171 1618 2209 caputium
1629 2191 1636 2197 .
1648 2176 1660 2206 [
1670 2173 1723 2199 La<

931 2223 1087 2248 crymarum
1097 2212 1122 2240 ei
1131 2212 1218 2250 gratia
1228 2212 1258 2239 in
1267 2212 1348 2240 Sacro
1368 2222 1424 2239 non
1444 2211 1536 2240 deer'at
1556 2210 1652 2239 officio
1662 2232 1670 2244 ,
1692 2221 1722 2239 ut

931 2253 1082 2292 amphibali
1091 2252 1230 2280 summitas·
1241 2273 1249 2284 ,
1271 2262 1327 2290 quo
1337 2261 1416 2290 caput
1428 2252 1570 2291 tegebatur
1581 2272 1590 2283 ,
1613 2260 1646 2279 ex
1657 2261 1722 2288 pro-

933 2294 1038 2323 sufion'e
1056 2294 1149 2322 eadem
1167 2292 1276 2321 madida
1300 2293 1441 2321 videretur
1450 2314 1457 2320 .
1482 2294 1517 2321 In
1545 2291 1604 2319 vita
1630 2291 1722 2319 sancii

933 2332 1192 2372 BonifaciiEpisc.]
1214 2333 1266 2361 Sed
1284 2344 1321 2361 an
1337 2334 1371 2361 de
1381 2333 1481 2361 :imiCtu
1501 2333 1647 2370 loquatur,
1668 2331 1720 2359 du-

933 2375 1008 2404 bium
1017 2375 1056 2403 est
1066 2395 1074 2403 .
1100 2377 1155 2403 FR.
1168 2374 1392 2411 Amphimatlum
1404 2374 1480 2402 :insit
1497 2372 1571 2401 idem
1580 2392 1589 2404 ‚
1611 2381 1640 2399 ac
1649 2375 1723 2400 Am-

1338 2415 1366 2442 D
1411 2425 1425 2442 z
1587 2412 1682 2449 phiba-
