1866 2526
97 105 191 134 ffione
200 100 350 142 praestanda
360 100 419 140 post
431 109 549 129 mortem
560 97 727 129 Antichristi
737 120 745 132 ‚
755 97 830 137 quod
839 99 896 127 col-

100 145 199 184 ligitut·
207 154 240 173 ex
251 143 339 172 verbis
347 141 520 181 sequentibus
530 139 609 178 hujus
617 139 716 178 capitis
729 151 735 168 :
748 142 760 172 ]
773 142 841 169 Non
850 140 894 168 ab-

99 185 231 214 scondam
239 185 311 213 ultra
323 182 418 211 faciem
428 191 515 210 meam
525 182 556 209 ab
566 180 604 210 eis
613 201 621 214 ,
632 183 645 213 ]
657 189 719 209 nam
728 180 763 209 de
773 179 843 209 sacto
852 180 897 209 ab·

98 225 209 255 scondit
218 224 314 254 faciem
323 224 355 253 ab
363 223 402 252 eis
420 233 434 251 a
444 232 570 261 tempore
581 219 732 260 Titiusque
744 221 773 248 in
781 219 895 250 hodier-

100 277 167 296 num
178 267 270 297 diem:
283 275 351 304 ergo
360 262 482 303 loquitur
492 263 526 291 de
535 262 633 292 ultima
643 261 807 291 liberatione
819 280 828 290 .

261 347 329 376 E-X
371 345 400 374 D
421 346 449 375 A
470 345 500 374 N
522 345 536 373 I
560 346 581 373 E
603 344 625 373 L
647 345 687 372 E.

59 429 147 460 CAP.
168 439 194 458 2.
213 439 240 458 v.
265 438 288 456 i.
311 427 371 462 [In
382 425 461 454 ‘anno
478 423 598 452 secundo
608 421 702 462 Regni
713 422 898 453 Nabuchodo-

587 39 961 83 Contradietiones
990 48 1241 92 apparentes

951 93 1037 124 ess'ent
1045 95 1113 125 certi
1123 95 1158 125 de
1169 95 1287 126 statione
1295 116 1303 129 ,
1313 105 1362 126 nec
1370 97 1402 128 ad
1411 108 1495 130 unum
1505 98 1577 130 diem
1588 102 1748 133 (Debebunt

952 136 1030 165 enim
1039 134 1146 175 semper
1154 135 1204 166 esl'e
1214 136 1303 177 pai-ati
1312 137 1345 167 ad
1356 137 1420 170 iters
1431 150 1491 169 nam
1502 142 1601 176 statim,
1611 154 1640 173 ac
1650 153 1748 174 move-

953 177 1030 206 batur
1040 178 1071 207 ab
1080 178 1193 217 Angelo
1202 179 1330 207 columna
1341 179 1434 213 nubis,
1455 181 1536 212 castra
1547 184 1630 212 etiaui
1650 194 1747 214 move·

953 217 1050 247 bantur
1061 238 1068 246 .
1088 218 1176 247 Unde
1185 219 1302 258 triginta
1319 220 1383 249 οξτο
1391 221 1471 249 annis
1481 242 1489 255 ,
1507 226 1535 251 δε
1545 224 1671 253 undecim
1691 226 1747 255 sere

953 258 1086 303 mensibus
1095 270 1108 288 a
1119 257 1260 289 sacrificiis
1269 259 1456 290 abstinuerunt
1466 259 1530 290 sese.
1539 264 1643 295 Dicunt
1653 276 1745 295 tamen

953 299 1058 343 fluxisse
1069 299 1251 340 quadraginta
1258 300 1325 330 anni
1336 311 1413 330 more
1423 302 1602 342 Scriptoribus
1611 307 1693 336 etiam
1701 309 1748 337 Sa-

955 349 1008 368 cris
1017 340 1115 369 usitato
1126 363 1134 374 ,
1148 351 1204 380 quo
1213 352 1341 371 numeros
1352 363 1360 375 ,
1378 343 1473 381 quibus
1483 354 1577 382 parum
1589 345 1662 375 deest
1672 368 1680 380 ,
1702 347 1748 377 vel

954 379 1090 419 superest,
1105 381 1231 421 integros
1241 404 1249 415 ,
1259 385 1287 412 &
1297 384 1431 413 rotundos
1440 385 1602 425 consignant
1613 407 1620 415 .
1640 388 1684 416 ita
1691 390 1748 424 Ly·-

956 431 1013 449 i‘an.
1026 422 1122 451 Vatab.
1131 424 1221 452 Corn.
1231 433 1244 452 a
1253 425 1319 462 Lap.

99 469 184 499 noson
201 468 273 498 vidit
294 466 433 496 somnium
445 485 453 493 .
474 467 486 496 ]
506 465 626 493 Certum
643 473 736 492 tamen
749 464 788 492 est
807 465 898 503 plures
913 462 984 500 Cap·
995 473 1023 494 7·
1035 473 1061 491 v.
1076 474 1120 497 14.
1140 466 1234 498 [Non
1248 464 1308 494 sum
1319 464 1461 510 Propheta
1471 485 1478 495 .
1492 468 1505 500 ]
1526 467 1676 506 Quomodo
1698 477 1746 506 po.

97 510 160 550 post
170 520 256 539 annos
266 507 403 537 somnium
415 504 512 535 vidisse
521 525 528 532 .
540 503 718 544 Respondem
729 506 846 534 Initium
856 515 897 535 re-

99 551 150 591 gni
163 561 236 580 nunc
246 548 419 587 intelligitur
429 567 437 580 ‚
449 557 482 575 ex
493 556 547 585 quo
557 546 678 584 primuni
687 555 801 584 regnare
810 546 898 584 coepit

97 594 128 621 in
137 591 271 621 Chaldaea
284 588 347 621 §sed
358 599 391 616 ex
403 597 457 627 quo
468 587 615 616 monarcha
623 586 705 615 sactus
715 587 763 619 est,
773 586 897 626 subjuga-

99 643 125 662 ta
139 633 212 665 Asia,
222 635 250 660 ὅ(
262 640 359 669 magna
369 639 402 657 ex
413 637 491 667 parte
500 627 635 666 AEgypto
646 627 842 667 devastata,qui
851 637 897 656 an-

98 684 147 702 nus
164 672 296 701 secundus
318 669 494 700 Monarcliiae
516 668 569 696 fuit
588 668 742 707 trigesimus
768 667 898 708 septimus

97 714 211 753 Regni,
235 713 271 741 ita
281 711 399 741 Coi-nel.
409 721 422 738 a
433 712 499 748 Lap.
511 713 537 738 ὅ(
548 709 612 737 alii.

57 755 130 794 Cap.
141 767 167 789 4.
180 764 206 783 v.
216 764 266 790 34.
287 759 299 788 [
311 754 394 781 Nunc
407 752 491 789 igitur
501 760 553 789 ego
564 747 822 779 Nabuchodonosor
841 750 898 779 lau-

100 797 137 824 do
147 817 154 828 ‚
167 798 194 824 3<
206 793 354 833 magnifico
366 814 373 825 ,
384 795 411 820 &
421 790 549 830 glorifico
561 800 654 829 regem
664 791 729 818 coeli
740 795 770 823 .]
784 793 852 820 Haec
861 791 898 820 est

97 836 212 875 epistola
223 835 294 874 regis
306 855 313 867 ,
326 834 357 862 in
366 843 417 871 qiia
428 832 483 860 Dei
495 832 631 870 magnalia
641 841 783 861 enumerat
794 855 802 865 ,
819 835 847 861 ὅ(
859 842 899 860 ta-

954 512 1025 531 terat
1037 504 1092 533 fine
1104 505 1239 533 mendacii
1249 515 1315 534 nota
1323 505 1376 534 hoc
1387 507 1497 540 asserete
1508 512 1593 538 Amos
1603 530 1611 543 ‚
1628 508 1671 538 cui
1681 508 1752 537 dici»

955 553 999 572 tur
1011 554 1025 572 a
1036 545 1100 573 Deo
1110 555 1137 575 v.
1152 555 1195 580 15.
1207 545 1325 581 ejusdem
1335 547 1447 585 capitis:
1459 552 1472 582 ]
1496 550 1574 579 Vade
1583 571 1591 582 ‚
1612 548 1755 588 Propheta

954 584 988 612 ad
999 586 1129 624 populum
1140 607 1147 613 .
1161 588 1172 617 ]
1194 585 1381 625 Respondeo‚
1400 591 1487 619 Amos
1505 590 1573 619 dicit
1584 589 1611 619 se
1630 600 1690 619 non
1698 588 1750 618 effe

953 625 1124 670 Proplietam
1132 637 1164 654 ex
1177 627 1343 665 professione
1353 650 1360 662 ‚
1384 630 1454 658 vela
1472 631 1558 669 prima
1569 640 1649 660 aetate
1659 652 1668 664 ‚
1690 639 1754 659 cum

953 668 1008 702 ejus
1020 676 1138 696 muneris
1157 667 1238 696 fuerit
1257 679 1376 698 armenta
1395 669 1502 708 pascere
1513 693 1520 700 .
1542 672 1631 702 Unde
1640 673 1751 711 Septua-

952 707 1031 745 ginta
1041 708 1153 746 legunt:
1166 714 1224 738 Non
1234 720 1309 738 eram
1319 712 1450 750 Propheta
1462 734 1470 741 .

1137 790 1206 818 EX
1247 789 1547 823 MICHAEA.

100 887 165 905 men
175 887 202 905 v.
214 885 239 911 5.
252 884 332 903 vocat
342 875 435 902 Belum
445 873 536 901 Deum
546 871 633 905 suum,
646 872 732 910 igitur
743 884 800 902 non
809 873 898 912 glori-
914 870 1003 899 CAP.
1028 878 1052 903 5.
1064 868 1104 898 v.'
1114 880 1139 898 2.
1147 870 1172 906 '[
1182 872 1224 900 Tu
1234 867 1400 902 Bethlehem
1421 872 1540 912 Ephrata
1548 875 1578 905 .]
1599 874 1746 903 Matthaeu,

100 918 197 946 ficavit
207 918 298 945 Deum
308 915 382 943 coeli.
395 913 576 951 Responde0‚
589 913 700 952 quando
712 924 792 943 vocat
803 914 898 943 Belum

98 960 189 988 Deum
199 956 275 985 suum
285 978 293 989 ,
304 954 426 993 loquitur
435 955 469 982 de
479 964 603 992 tempore
614 955 767 991 praeterito,
778 965 832 993 quo
843 956 899 982 Da-

98 998 168 1029 nieli
178 1008 263 1036 puero
275 1006 378 1025 nomen
390 1005 403 1023 a
413 995 479 1024 Belo
489 994 661 1033 desumptum
671 994 782 1024 dederat
792 1016 799 1023 .
812 995 899 1024 Unde

99 1039 251 1069 verisimile
264 1038 300 1066 est
311 1035 399 1076 ipsum
412 1036 442 1064 in
455 1035 623 1073 poenitentia
634 1056 642 1067 ,
651 1046 678 1063 nc
690 1037 775 1064 :inimi
786 1035 899 1065 submis-

100 1081 177 1109 sione
187 1080 270 1119 usque
279 1079 311 1108 ad
324 1085 442 1106 niortein
454 1075 641 1114 perseverane,
653 1086 681 1105 ac
695 1077 810 1116 proinde
822 1087 899 1106 :eter-

102 1132 163 1156 nam
172 1120 287 1149 salutem
298 1117 474 1147 consecutum
487 1117 572 1150 luisse,
582 1128 611 1146 ut
621 1118 721 1146 docent
733 1117 856 1146 Dorotli.
870 1117 912 1145 in·

98 1162 231 1200 synopsi,
254 1160 355 1199 Epipli.
375 1159 405 1187 in
415 1168 471 1186 Vita
481 1157 595 1187 Daniel.
606 1159 721 1197 August.
741 1159 819 1198 epist.
836 1169 898 1188 122.

100 1203 208 1233 Tlieod.
220 1204 320 1237 Lyrsn.
332 1199 431 1229 Carth.
443 1201 502 1228 Per.
513 1203 540 1228 ὃ(
549 1200 614 1227 alii.

61 1245 131 1283 cap.
144 1256 173 1280 9.
186 1254 212 1273 v.
229 1249 274 1278 1.[
288 1246 372 1271 Anno
383 1240 474 1279 ptimo
483 1239 562 1268 Darii
574 1239 625 1268 filii
636 1239 750 1269 Ass'ueri.
765 1242 778 1272 ]
798 1244 837 1270 At
850 1239 899 1269 As-

101 1284 192 1313 suerus
213 1284 264 1312 suit
281 1284 365 1320 longe
385 1281 520 1319 posterior
532 1280 619 1309 Dario
629 1303 637 1313 ,
658 1281 799 1320 quomodo
817 1280 901 1320 igitur

102 1325 157 1354 suit
168 1325 243 1354 illius
251 1333 337 1363 pater.
347 1321 516 1360 Respondeo
525 1342 533 1349 .
543 1322 641 1350 Darius
654 1332 709 1350 erat
720 1321 791 1350 filius
804 1324 901 1357 Astya-

958 921 1025 940 vero
1043 910 1129 939 citans
1148 912 1228 940 istum
1237 912 1329 941 locum
1350 914 1387 942 ait
1405 924 1464 952 cap.
1486 926 1511 943 2.
1531 920 1558 943 6.
1580 921 1592 951 [
1612 918 1653 944 Tu
1664 913 1749 944 Beth-

955 951 1046 979 lehem
1065 961 1136 980 terra
1145 952 1214 990 Jiidi
1223 973 1230 980 .
1242 955 1254 985 ]
1279 952 1447 991 Respondeo
1457 977 1465 988 ‚
1488 955 1590 994 duplex
1600 965 1657 984 erat
1667 953 1753 984 Beth-

954 992 1045 1021 lehem
1055 1012 1062 1024 ,
1085 1002 1136 1020 una
1147 993 1175 1021 in
1186 994 1258 1022 tribu
1278 995 1402 1024 Zabulon
1412 1017 1419 1029 ,
1438 997 1521 1024 altera
1541 996 1572 1024 in
1583 997 1654 1024 tribu
1664 995 1732 1034 Judi
1741 1016 1752 1028 ,

954 1033 988 1062 de
999 1032 1183 1076 qualo-quitur
1192 1034 1331 1072 Propheta
1345 1056 1353 1068 ‚
1375 1040 1401 1064 ὃ(
1412 1037 1446 1065 ad
1455 1036 1660 1065 distinftionem
1674 1036 1752 1074 prio-

954 1084 990 1102 ris
1000 1074 1105 1102 addidit
1119 1084 1146 1101 ei
1162 1085 1319 1114 cognomen
1328 1078 1470 1114 Ephraim,
1493 1087 1553 1115 quae
1566 1078 1616 1106 fuit
1636 1076 1755 1105 secunda

954 1125 1026 1143 uxor
1037 1115 1123 1143 caleb
1137 1136 1144 1146 ‚
1167 1127 1180 1143 a
1189 1126 1239 1154 qua
1251 1125 1310 1144 tota
1331 1117 1378 1146 illa.
1389 1117 1487 1146 fertilis
1504 1119 1583 1157 regio
1595 1128 1700 1146 nomen
1710 1127 1754 1146 ac-

953 1165 1060 1194 ceperat
1071 1175 1078 1182 .
1103 1156 1203 1184 Eadem
1213 1156 1252 1185 est
1262 1167 1330 1196 ergo
1340 1158 1504 1188 Bethlehem
1516 1158 1634 1198 Ephrata
1645 1179 1654 1192 ,
1664 1161 1691 1187 δε
1702 1160 1756 1188 Be-

955 1196 1079 1225 thlehem
1090 1196 1159 1235 Juds,
1170 1217 1179 1226 .

1146 1280 1214 1308 EX
1264 1281 1520 1310 NAHUM.

101 1366 144 1406 gis
155 1366 302 1395 Medorum
312 1363 383 1401 regis
394 1385 402 1396 ‚
421 1373 526 1391 nomen
535 1371 626 1390 autem
638 1362 742 1391 Aflueri
763 1373 819 1391 erat
828 1372 901 1391 com*
917 1359 1004 1389 CAP.
1022 1369 1044 1387 i.
1065 1369 1092 1389 v.
1116 1369 1158 1388 12.
1170 1360 1194 1393 '[
1207 1358 1307 1388 Afflixi
1319 1369 1346 1388 te
1355 1381 1364 1394 ,
1373 1365 1401 1390 ὅ(
1412 1371 1469 1388 non
1480 1359 1602 1398 affligam
1611 1369 1637 1388 te
1647 1360 1728 1389 ultra.
1740 1360 1754 1390 ]

103 1417 187 1436 mune
197 1406 305 1445 regibus
315 1404 464 1434 Medorum
473 1424 481 1436 ,
493 1403 559 1432 sicut
572 1412 674 1432 nomen
684 1404 834 1432 Artaxerlis
845 1414 901 1433 erat

101 1457 248 1477 commune
259 1444 398 1476 Persarum
409 1444 516 1484 regibus
526 1465 532 1472 .
545 1445 619 1472 Hinc
632 1443 780 1480 Cambyses
791 1446 902 1474 maritus

102 1489 209 1521 Esther,
222 1491 249 1516 ὃ(
259 1487 304 1515 alii
316 1496 391 1524 reges
403 1495 535 1514 vocantur.
547 1485 629 1512 modo
641 1485 746 1514 Aliiieri
760 1485 844 1513 modo
857 1496 902 1514 ve-

101 1540 132 1559 ro
143 1527 301 1559 Ai‘taxerses
312 1548 319 1559 ,
341 1536 423 1565 prout
444 1537 457 1554 a
469 1525 557 1554 Medis
569 1548 575 1558 ,
597 1527 641 1554 vel
663 1536 675 1554 a
686 1526 772 1555 Persis
782 1548 790 1560 ,
810 1527 903 1564 quibus

101 1569 223 1609 uti-isque
233 1577 369 1608 praeerant
381 1589 389 1601 ‚
400 1567 561 1605 compellari
572 1567 730 1605 contigebat
741 1587 748 1594 .

62 1612 183 1651 Cap-13.
194 1620 271 1647 v.45.
285 1615 297 1645 [
309 1607 455 1637 Suscitavit
466 1609 622 1637 Dominum
634 1608 765 1646 Spiritum
778 1608 902 1636 sanetum

100 1662 216 1693 puerum
226 1649 429 1687 juiiioris‚cujus
439 1658 542 1678 nomen
554 1648 680 1679 Daniel]
693 1650 720 1678 Si
731 1649 833 1677 Daniel
845 1658 903 1677 erat

102 1704 169 1732 puer
179 1715 186 1726 ,
197 1702 243 1721 cur
254 1690 331 1721 versu
343 1700 388 1726 50.
400 1689 471 1718 infra
480 1690 577 1718 dicunt
595 1691 620 1717 ei
630 1689 723 1717 senes:
747 1689 844 1725 [Quia
855 1690 903 1718 tib:

100 1736 176 1764 Deus
188 1732 265 1762 dedit
275 1732 411 1760 honorem
420 1729 591 1762 seneftutis]
605 1728 774 1768 Respondeo
783 1752 792 1760 ,
803 1730 905 1759 Daniel

959 1401 1079 1428 Certum
1097 1409 1191 1428 tamen
1209 1400 1246 1428 est
1279 1401 1338 1437 post
1358 1401 1436 1429 istam
1455 1400 1668 1438 promissionem
1693 1400 1754 1428 De·

957 1450 1003 1468 iim
1021 1440 1125 1482 pluries
1145 1441 1174 1468 in
1184 1442 1315 1478 populum
1335 1439 1412 1470 suuni
1423 1441 1510 1470 varias
1532 1439 1667 1470 immisisse
1685 1439 1757 1468 affli-

957 1481 1062 1509 Ctiones
1073 1501 1080 1509 .
1102 1480 1273 1520 Respondet>
1283 1502 1293 1518 ‚
1315 1481 1405 1511 sensus
1417 1482 1491 1510 illius
1503 1479 1689 1520 promissionis
1701 1479 1756 1508 est:

958 1527 1015 1551 Non
1026 1522 1154 1562 affligam
1169 1531 1195 1550 te
1207 1543 1214 1554 ‚
1235 1521 1338 1551 scilicet
1350 1544 1358 1555 ,
1383 1523 1433 1551 nifi
1443 1524 1523 1551 novis
1532 1521 1673 1550 sceleribus
1684 1520 1717 1548 ad
1729 1520 1759 1548 id

958 1572 1001 1590 nie
1012 1563 1046 1593 de
1057 1573 1133 1593 novo
1144 1565 1266 1602 coegeris
1277 1583 1284 1591 .
1297 1564 1351 1592 Vel
1361 1569 1419 1592 Non
1429 1563 1559 1601 affligam
1570 1571 1596 1591 te
1609 1563 1688 1590 ultra
1697 1582 1704 1593 ,
1717 1561 1760 1590 ni-

961 1603 1062 1633 mirum
1072 1625 1080 1638 ‚
1103 1614 1152 1645 per
1160 1603 1284 1640 Assyrios
1292 1624 1299 1632 .
1319 1605 1363 1633 Ita
1372 1605 1462 1633 Corn.
1473 1614 1487 1632 a
1498 1603 1600 1643 Lapide
1609 1623 1617 1632 .

1094 1687 1161 1716 Ex
1212 1686 1590 1716 ZACHARIA.

105 1785 171 1804 vere
181 1772 376 1811 eratjuvenis‚
395 1772 499 1800 dicitur
508 1780 599 1800 autern
619 1781 685 1809 puer
706 1770 903 1809 ι-εΓΡεέὶιιΜὶοκ
922 1767 1010 1796 CAP-
1035 1778 1057 1796 i.
1079 1777 1106 1796 v.
1128 1771 1152 1796 8.
1175 1773 1187 1802 [
1208 1771 1242 1796 Et
1252 1766 1309 1805 ipse
1320 1766 1402 1795 stabat
1420 1766 1493 1794 inter
1503 1774 1641 1800 myrteta.
1663 1766 1675 1796 ]
1700 1762 1759 1791 Ser-

107 1826 167 1844 rum
177 1814 280 1844 senum:
291 1815 385 1853 agebat
396 1813 470 1841 enim
481 1822 545 1840 tunc
559 1816 644 1841 {inum
654 1812 816 1852 vigesimum
827 1823 904 1850 quar<

104 1867 164 1885 tum
174 1877 181 1884 .
192 1858 264 1886 Nam
275 1855 333 1883 haec
343 1853 458 1882 historia
468 1853 592 1892 contigit
608 1852 656 1882 sub
668 1863 769 1882 annum
779 1863 904 1891 quai-tum

104 1910 117 1926 a
128 1895 370 1934 transmigratione
381 1895 411 1923 in
422 1895 594 1930 Babylonem
605 1916 613 1928 ,
624 1904 654 1922 ut
666 1894 704 1922 ait
715 1895 805 1922 Coi-n.
817 1905 830 1922 a
842 1896 907 1932 Lap.

109 1938 234 1967 Additur
247 1937 369 1975 denique
385 1935 435 1973 ipsi
448 1936 542 1964 datum
566 1934 641 1964 fuiss'e
659 1935 742 1964 aDeo
760 1934 907 1963 senectutis

103 1980 241 2008 honorem
252 2000 260 2012 ,
272 1978 402 2006 nimirum
415 1998 421 2009 ,
432 1976 599 2015 dignitatern
608 1976 748 2013 judicandi
762 1997 770 2010 ,
789 1985 849 2016 quae
869 1975 908 2004 se-

107 2020 185 2048 nibus
195 2019 307 2058 proprie
318 2017 453 2047 convenit
463 2037 470 2045 .
697 2022 700 2023 ’

331 2100 408 2128 EX
452 2096 641 2127 AMOS.

66 2181 153 2210 CAP.
168 2191 192 2216 ς.
216 2190 242 2209 ν.
255 2189 301 2215 25.
325 2186 337 2215 [
351 2178 488 2217 Nunquid
508 2177 609 2207 hosticis
620 2199 629 2211 ,
655 2181 682 2206 δι
693 2175 853 2206 sacris-icium
864 2176 909 2204 ob-

107 2222 209 2250 tulistis
228 2220 299 2249 milii
321 2221 350 2249 in
364 2218 472 2248 deserto
490 2219 672 2257 quadraginta
690 2219 813 2249 annis?]
835 2218 910 2252 Quo-

960 1818 1006 1839 nio
1027 1808 1065 1836 est
1085 1808 1118 1836 de
1129 1809 1241 1846 Angelo
1262 1829 1269 1841 ,
1291 1808 1327 1836 de
1344 1818 1400 1846 quo
1412 1817 1468 1835 ver.
1482 1805 1537 1845 seq.
1549 1806 1602 1834 ait:
1629 1811 1641 1841 [
1662 1807 1760 1842 Ange-

964 1850 1003 1877 lus
1014 1871 1020 1882 ,
1033 1849 1079 1887 qui
1091 1850 1250 1887 loquebatur
1260 1849 1291 1877 in
1304 1858 1345 1876 me
1355 1868 1361 1875 .
1374 1850 1386 1879 ]
1406 1847 1559 1884 Quomodo
1570 1846 1656 1885 igitur
1667 1845 1762 1882 loque-

963 1890 1038 1919 batur
1048 1891 1165 1918 interius
1178 1911 1186 1922 ,
1208 1890 1227 1918 si
1246 1899 1303 1918 crat
1323 1889 1397 1917 inter
1417 1891 1557 1923 myrteta?
1576 1885 1743 1924 Respondeo
1752 1903 1761 1912 .

963 1930 1018 1959 Iste
1027 1931 1122 1959 modus
1135 1930 1268 1969 loquendi
1280 1929 1317 1958 est
1329 1928 1492 1957 hebraismus
1504 1939 1512 1959 ς
1530 1928 1604 1956 idem
1615 1927 1690 1955 enim
1702 1925 1740 1954 est
1749 1945 1759 1958 ‚

964 1981 993 1999 ac
1015 1972 1034 2000 si
1053 1972 1175 2000 diceret:
1199 1971 1373 2009 Loquebatur
1392 1980 1515 2001 mecum,
1540 1968 1584 1996 vel
1601 1968 1708 1999 adme,
1731 1973 1762 1994 ut

965 2012 1050 2040 vertit
1062 2011 1164 2042 Chald.
1175 2016 1202 2040 ἅ
1212 2011 1325 2040 censent
1334 2009 1443 2039 Tlieod.
1452 2013 1479 2038 ὅ(
1490 2008 1596 2037 Vatabl.
1608 2007 1666 2037 Alii
1677 2016 1744 2035 vero
1754 2025 1764 2037 ,

965 2052 1039 2081 inter
1048 2063 1115 2091 quos
1138 2053 1258 2081 Hieron.
1270 2051 1383 2090 Remig.
1397 2051 1458 2080 Alb.
1472 2051 1558 2087 Hiigo
1568 2069 1576 2081 ,
1598 2052 1625 2076 δι
1637 2049 1702 2082 Lyr.
1716 2056 1766 2084 pu-

965 2101 1025 2120 tant
1046 2092 1121 2120 fuisse
1140 2091 1264 2120 diversos
1282 2091 1406 2129 Angelos
1416 2110 1423 2119 .
1447 2093 1520 2119 Nam
1540 2088 1587 2127 qui
1598 2089 1764 2126 loquebatur

965 2133 1079 2161 interius
1091 2143 1139 2170 per
1148 2131 1340 2170 inspirationes
1351 2152 1359 2163 ‚
1382 2142 1409 2159 :ic
1420 2130 1533 2159 mentali
1553 2139 1620 2157 voce
1641 2136 1695 2155 erat
1706 2129 1766 2156 An-

965 2174 1041 2212 gelus
1050 2174 1150 2202 Custos
1161 2173 1240 2210 ipsius
1253 2171 1420 2211 Prophetae5
1440 2172 1505 2200 alius
1517 2180 1584 2200 vero
1597 2169 1671 2198 inter
1689 2176 1767 2203 myr*

965 2223 1021 2242 teta
1032 2223 1088 2242 erat
1103 2213 1292 2252 Arcliangeliis
1304 2211 1422 2241 Michael
1435 2233 1442 2240 .

107 2262 191 2291 modo
203 2260 418 2301 reprelienditur
427 2261 552 2298 populus,
563 2260 580 2288 fi
592 2259 680 2288 Exod.
695 2271 740 2293 24·
752 2262 779 2287 3<
792 2259 909 2287 Levit.8.
926 2256 995 2293 Cap.
1009 2267 1034 2284 2.
1046 2265 1072 2284 v.
1084 2267 1111 2290 4.
1136 2261 1148 2290 [
1162 2254 1269 2292 Absque
1281 2263 1359 2282 muro
1369 2251 1533 2281 habitabitur
1542 2248 1688 2290 Jerusalem
1709 2256 1764 2285 prae

113 2313 155 2337 ¹4·
166 2306 193 2330 δ(
209 2314 215 2330 i
227 2313 251 2338 5.
264 2302 380 2341 legimus
391 2301 477 2330 multa
488 2299 612 2329 obtuliss'e
624 2299 754 2328 sacrificia
766 2303 774 2328 ἓ
785 2297 897 2336 Respon

966 2296 1148 2324 multitudine
1159 2294 1307 2323 hominum
1316 2314 1324 2322 .
1335 2296 1347 2326 ]
1359 2294 1477 2322 Constat
1487 2302 1579 2320 tamen
1592 2302 1616 2319 2.
1630 2288 1692 2318 Esd.
1703 2298 1726 2315 c.
1738 2298 1765 2315 2·

108 2343 160 2371 deo
171 2363 178 2370 .
197 2344 270 2370 Vere
291 2343 350 2381 post
360 2342 569 2370 dedicationem
581 2339 747 2369 tabernaculi
767 2339 796 2368 in
814 2340 910 2367 Monte
966 2336 1133 2366 Nehemiam
1145 2334 1298 2364 instaurasse
1311 2344 1402 2363 muros
1411 2333 1533 2371 ejusdem
1543 2330 1677 2361 Civitatis
1686 2350 1695 2362 ,
1704 2335 1765 2368 quae

109 2381 183 2412 Sinai
194 2381 328 2412 Israelitae
341 2383 466 2413 victimas
475 2393 534 2414 non
544 2382 714 2417 obtulerunt,
725 2391 758 2410 eo
768 2379 843 2420 quod
853 2389 911 2409 non
965 2387 1106 2417 nunquam
1117 2377 1172 2416 illis
1184 2376 1269 2407 caruit
1280 2395 1288 2405 .
1309 2374 1371 2406 Res
1367 2375 1480 2415 pendeo
1490 2394 1500 2410 ,
1512 2371 1602 2404 sensus
1611 2370 1650 2400 est
1659 2374 1767 2398 tantam

1663 2407 1724 2442 iio:
