1866 2526
482 9 583 54 IN

123 71 172 101 tic.
182 70 298 111 impreffi
308 69 424 100 secunda
433 91 442 104 ,
463 78 524 108 pag.
536 74 604 107 43⁶·
624 78 656 97 ex
666 68 770 106 Jacobo
779 66 924 98 Grimaldo

124 112 208 142 refert
218 113 349 150 pisturam
360 110 497 143 inveniri,
505 119 565 148 quae
579 110 715 146 Joannem
726 111 822 148 Papam
832 111 923 138 XXII.

981 66 1226 98 binviraemianus
1246 87 1255 100 ‚
1271 10 1397 107 aqutieQm
1417 64 1524 94 defeetu
1541 64 1624 104 primi
1641 21 1779 95 gffotristae

979 108 1106 138 intonare
1115 108 1271 148 pertinebat
1281 129 1289 141 ‚
1305 107 1351 136 seu
1361 105 1522 136 secundario
1541 106 1682 135 intonabat
1691 127 1700 135 .

124 152 300 191 repraesentat
312 152 440 180 indutum
451 151 560 189 planeta
571 149 616 179 sub
625 149 789 178 baldachino
804 160 837 179 ex
845 148 920 178 sacti-
940 147 1184 182 Iuvinromuu,
1193 147 1371 187 Antiphona,
1379 156 1440 186 qnae
1451 146 1596 184 replicatur
1606 147 1639 175 :id
1649 145 1783 184 psalmum

123 194 172 222 ssia
190 202 356 222 exeuntem:
371 193 404 226 ΙΙι
425 192 497 220 Item
507 191 621 220 denotat
633 193 769 219 Introims
788 191 924 219 reiterans

121 234 166 262 SS.
177 235 288 262 Pati-um
299 234 402 262 veteris
412 232 566 261 testamenti
580 241 670 271 preces
682 241 732 269 pro
741 231 862 260 adventu
884 231 922 259 su-

121 273 175 302 turi
186 272 289 302 Meffiae
303 295 311 306 ,
321 277 350 302 ὅ(
360 273 423 302 ideo
435 273 561 311 replicari
572 274 723 302 Introitum
732 271 771 300 ait
782 273 922 301 Innocen-

121 314 173 342 tius
183 315 241 343 111.
251 314 299 342 lib.
316 325 338 342 t.
349 314 383 342 de
393 313 477 348 Myst.
486 312 558 342 Miss]
567 323 626 352 cap.
641 324 648 341 i
659 317 683 341 8.
696 314 731 341 In
742 312 850 342 sabbato
859 314 923 342 San—

118 354 203 386 am&
213 355 326 383 Sabbato
334 353 489 384 Pentecost.
501 364 557 382 non
566 355 668 383 dicitur
679 353 921 391 Introitus.Quan—

117 394 155 422 do
163 403 254 422 autem
265 396 294 423 in
306 395 430 424 Introitu
451 404 510 423 non
518 394 620 423 dicitur
628 393 724 423 Gloria
734 394 808 422 Patri
820 415 828 421 .
848 395 921 423 Vide

117 436 212 463 Gloria
223 439 303 463 Patri
314 455 322 462 .
335 436 472 464 introitus
495 438 570 464 Cum
573 435 767 473 sanffficatus
773 434 854 472 fuero
863 435 920 468 &a

119 475 193 504 Vide
208 479 387 504 scrutinium
398 495 406 504 .

76 515 224 544 Isrnusio
234 536 242 543 .
255 516 327 545 Vide
346 517 524 554 Purprestura
533 537 540 544 .

75 555 210 584 Iuvamo
222 577 228 582 .
238 557 293 586 FR.
307 556 444 595 pignoro,
463 557 618 585 cautionem
637 553 773 584 exhibeo.
796 555 920 591 [Posses-

115 595 259 624 scffioncm
271 607 321 634 pro
331 598 423 626 CXC.
432 597 528 625 marcis
538 618 546 629 ,
556 600 583 625 δ(
595 596 670 625 libris
680 596 854 624 denariorum
876 597 918 624 in-

115 636 249 664 vadiavit.
262 636 390 667 But-chet.
402 638 436 665 de
444 637 521 666 casib.
533 637 558 666 S.
567 637 652 669 Galli,
664 646 720 674 cap.
735 647 744 664 1
757 639 794 668 i.]
805 638 918 666 Dicitur

115 676 198 704 etiam
209 679 342 715 Inguadio
352 685 367 705 .’
381 677 455 706 Vide
465 678 577 707 Guadiu
588 698 596 709 ,
608 681 727 713 Pignora
737 698 744 709 ,
757 678 840 706 Vador
849 699 857 706 .

73 716 338 746 ΙκνεςτινΑιιτεκ
348 739 357 751 ,
369 717 511 747 ὶηνεᾶἰνε
521 739 527 746 .
547 718 627 753 [Qui
637 716 700 746 satis
713 717 918 747 invectivaliter

113 757 183 785 abufi
194 757 337 786 nominum
348 758 473 786 nuditate
486 779 492 791 ,
513 759 660 797 carpebant
669 758 819 796 plurimum
830 760 899 787 vitia
909 780 916 786 .

112 796 259 830 Sidonius,
270 798 316 826 lib.
332 798 443 837 i.epist.
460 809 503 827 ii.

69 836 229 866 Iunc-rim
241 858 249 870 ,
268 838 372 866 donum
385 860 391 867 .
414 845 426 874 [
444 839 586 879 Siquidem
607 840 696 868 rector
712 839 815 868 animus
837 839 916 868 facile

109 879 293 946 §ommunicat
304 878 413 918 spiritui
422 879 531 910 investa
542 901 548 908 .
559 880 676 910 Tertull.
689 881 723 909 de
732 881 825 918 pallio.
837 883 848 913 ]
864 881 913 909 Vi-

130 928 144 946 e
163 919 263 947 Behem
275 940 282 947 .

72 958 289 988 INvENTAiuuM
298 980 306 988 .
329 961 403 990 Vide
412 965 502 990 Breve
513 983 521 995 ,
534 963 828 990 Commemoratorium
839 981 847 988 .

73 998 226 1027 Ικνεκτιο
238 1001 264 1028 S.
283 1002 396 1030 Caucis
408 1021 415 1029 .
429 1003 486 1030 PR.
498 1002 531 1030 :id
541 1003 637 1030 Nonas
648 1002 714 1036 Maji
723 1001 852 1029 celebrari
862 1001 915 1037 jus-

979 193 1069 218 Venite
1078 191 1237 219 exultemus
1251 211 1256 220 ,
1276 199 1328 227 qua
1339 189 1475 218 invitatur
1492 187 1608 224 populus
1626 188 1659 215 ad
1669 187 1783 215 adoran·

978 229 1043 258 dum
1052 231 1143 260 Deum
1155 251 1162 258 .
1183 231 1216 258 In
1227 229 1323 258 officio
1335 227 1508 257 Mozarabico
1517 226 1669 265 appellatur
1678 232 1763 255 Sonus
1775 245 1784 254 .

979 271 1015 299 In
1025 272 1126 310 regulis
1135 270 1292 300 monasticis
1302 269 1499 299 denominatur
1509 268 1601 304 Versus
1609 270 1782 305 aperitionis,

977 310 1034 340 five
1043 313 1248 350 Responfhrium
1257 312 1422 340 hortationis
1440 329 1448 337 .
1463 308 1534 337 Vide
1545 308 1609 346 Vers
1604 318 1636 336 us
1655 311 1784 345 aperitio-

977 355 1022 380 nis
1034 373 1042 380 .
1062 356 1097 381 Et
1108 353 1137 381 in
1148 352 1292 381 nonnullis
1303 348 1467 390 pervetustis
1475 347 1708 378 caeremotiialibus
1730 357 1766 375 vo
1774 363 1783 368 -

977 401 1052 420 catur
1063 394 1226 431 Antiphonti
1236 395 1419 421 invitatoria.
1431 389 1523 429 Igitur
1532 389 1564 417 in
1575 387 1668 418 triduo
1676 387 1782 417 hebdo-

977 433 1061 461 madae
1074 433 1182 468 majoris
1191 433 1366 472 relinquitur,
1376 442 1411 461 ne
1420 431 1499 460 unite
1507 424 1569 459 c'um
1578 428 1686 465 judaico
1697 437 1784 472 popu-

980 474 1009 501 lo
1020 473 1165 503 Christum
1173 474 1315 503 adoremus
1325 495 1334 507 ‚
1356 483 1437 512 quem
1447 471 1489 500 illi
1499 471 1530 499 in
1538 469 1660 510 pastione
1681 473 1736 506 ejus
1748 468 1782 513 il-

975 514 1099 542 ludentes
1109 515 1254 544 adorabant
1265 527 1270 543 :
1281 515 1316 543 ob
1326 514 1441 543 eandem
1450 512 1590 543 rationem
1598 511 1628 539 in
1636 509 1704 538 festo
1715 513 1782 547 Epi-

976 553 1085 591 phaniae
1098 555 1182 584 etiam
1193 555 1320 584 reticetur
1330 577 1338 588 ‚
1349 564 1379 583 ut
1388 554 1490 583 dictum
1499 552 1538 581 est
1547 552 1577 580 in
1587 551 1652 581 dist.
1663 550 1782 589 Epipha—

975 606 1026 623 ma
1035 615 1042 621 .
1056 596 1207 624 Amalarius
1216 605 1304 625 autem
1315 596 1352 623 ait
1363 617 1370 628 ‚
1384 605 1406 623 c.
1420 604 1445 630 5.
1455 594 1490 622 de
1498 590 1684 630 ord-Antiph.
1693 590 1783 630 quod:

977 635 1076 669 [Solet
1090 636 1264 674 Apostolicus
1275 646 1372 664 cancre
1383 635 1417 664 irt
1431 633 1537 673 vigiliis
1547 655 1555 666 ‚
1575 637 1604 662 ὅ(
1621 633 1650 660 in
1661 631 1779 676 Ecclesia

977 675 1002 704 S.
1013 677 1108 704 Maria:
1117 678 1148 705 ad
1160 676 1286 715 Prscsepe
1297 677 1354 705 fine
1364 674 1539 705 invitatorio.
1552 675 1564 704 ]
1576 673 1703 706 Fortasse,
1715 681 1778 709 quia

974 715 1012 744 ihi
1022 716 1061 745 est
1072 717 1145 746 idem
1157 716 1263 747 Christi
1272 716 1395 755 Praesepe
1404 738 1411 748 ‚
1424 725 1454 743 ut
1465 714 1664 753 lignificaretut
1673 734 1681 745 ,
1703 711 1780 752 quod

973 756 1046 785 idem
1056 757 1146 786 infans
1156 757 1256 787 ibidem
1269 757 1383 795 proprio
1402 757 1497 794 vagitu
1515 755 1549 783 :id
1564 757 1621 790 ejus
1639 754 1779 782 adomm-

972 807 1035 825 nem
1047 798 1311 837 populuminvitet.
1332 796 1530 826 Invitatorium
1546 795 1577 822 in
1585 793 1780 824 Converlione
1820 821 1823 824 Α

972 838 998 867 S.
1009 839 1086 868 Pauli
1099 861 1106 872 ‚
1125 839 1201 877 quod
1211 838 1311 876 incipit
1328 838 1585 904 Laudemus-feam
1605 836 1725 870 nostrum
1746 836 1781 878 ist<

971 879 1141 917 converfione
1153 901 1160 913 ‚
1173 879 1232 913 &a
1255 879 1284 907 :ib
1303 879 1467 906 Hermanno
1499 875 1627 904 ontrafto
1644 877 1781 914 compuli<-

971 927 1030 947 tum
1051 920 1120 948 suit.

934 959 1042 988 ΙΝνιτο
1052 981 1059 988 .
1073 962 1132 990 PR.
1143 960 1245 988 induco
1255 980 1262 988 .
1274 958 1368 989 Gloffa
1380 958 1411 987 in
1420 967 1477 996 cap.
1492 967 1515 985 i.
1525 957 1776 994 extrav.Jo.XXII.

971 999 1005 1027 dc
1018 1002 1124 1029 verbor.
1135 1000 1226 1040 fignif.

110 1038 143 1066 fit
156 1039 284 1068 Fabianus
293 1042 363 1079 Papa
374 1063 382 1074 ,
403 1042 528 1080 quiahoc
537 1042 582 1070 die
591 1043 670 1070 Crux
681 1042 797 1071 inventa
810 1041 893 1072 fuerat
906 1066 914 1076 ‚
933 1040 1072 1077 Im'xoitn
1086 1063 1093 1073 ‚
1107 1040 1286 1080 virginitatis
1298 1039 1477 1078 epitheton.[
1488 1040 1556 1066 Non
1568 1037 1619 1066 tibi
1629 1035 1731 1066 sufficit
1743 1037 1778 1065 de

109 1089 167 1106 can.
179 1081 276 1108 Crucis
286 1082 423 1115 Domini,
435 1083 469 1111 de
479 1082 601 1111 consecr.
612 1083 675 1111 dist.
686 1093 713 1120 3.

69 1119 210 1148 ΙΝνες-Πς
220 1141 227 1152 ,
242 1121 329 1150 nudus
340 1144 347 1155 ,
358 1123 415 1151 (ine
425 1123 498 1152 veste
509 1145 515 1151 .
530 1129 542 1158 [
559 1123 656 1152 Nudus
667 1145 675 1155 ‚
687 1122 840 1151 &investis
850 1123 915 1161 figu-

110 1161 140 1188 lo
148 1159 198 1188 suo
207 1162 340 1190 consistit.
351 1164 471 1192 Tei-tull.
482 1164 516 1192 de
526 1164 590 1202 pall.
600 1174 623 1192 c.
637 1165 678 1201 3.]
692 1163 750 1192 Ubi
763 1164 796 1191 de
807 1163 916 1192 Adamo

109 1201 232 1240 loquitur
241 1223 250 1230 .
264 1203 337 1230 Item
349 1214 462 1242 puerum
471 1204 601 1232 denotat.

149 1242 277 1270 Tradidit
288 1243 423 1272 investem
434 1246 568 1274 rectorem
580 1244 653 1273 forte
666 1244 806 1283 Magistris
814 1265 824 1278 ‚

148 1283 193 1311 Ut
204 1292 269 1321 puer
280 1283 409 1313 indocilis
419 1285 550 1314 librorum
561 1284 677 1313 disceret
689 1294 759 1313 artes
768 1305 776 1312 .

971 1079 1078 1110 summo
1089 1082 1138 1109 illo
1149 1083 1272 1111 inuxorae
1287 1081 1469 1119 Virginitatis
1480 1079 1576 1118 gradu,
1587 1078 1617 1106 in
1627 1075 1777 1106 secundum

970 1121 1113 1160 deliquill'e
1126 1123 1252 1151 nubendo
1262 1143 1269 1149 .
1279 1122 1395 1150 Tertull.
1406 1121 1439 1150 de
1450 1120 1562 1148 exhort.
1573 1119 1606 1146 :id
1616 1117 1779 1154 castit.c.9.}

970 1172 1086 1200 graecam
1096 1162 1213 1201 phralim
1224 1162 1347 1191 imitavit
1357 1160 1467 1197 ἄγαμον
1478 1180 1485 1187 .
1496 1161 1530 1189 In
1541 1159 1676 1197 aliquibus
1685 1168 1777 1186 tamen

969 1203 1108 1232 codicibus
1119 1203 1248 1233 mendose
1251 1207 1272 1239 J
1273 1213 1378 1231 unxere
1395 1201 1508 1230 habetur
1516 1222 1524 1234 ‚
1543 1199 1619 1239 quod
1629 1209 1642 1228 a
1652 1199 1776 1228 Pamelio

969 1245 1121 1272 correctum
1136 1244 1188 1272 fuit
1200 1264 1207 1272 .

929 1287 1082 1314 ΙΝιΑΡΑΤι
1092 1284 1218 1313 haeretici
1228 1304 1236 1312 .
1260 1283 1334 1313 Vide
1353 1286 1463 1313 Gazam·
1474 1303 1481 1310 .

108 1323 154 1351 De
163 1324 260 1351 Sancto
270 1323 435 1359 Chrysanto
444 1336 530 1364 puero
541 1326 645 1354 cecinit
654 1324 1055 1366 Aldhelmus:&in¹J0ANN1s
1067 1327 1226 1354 ΒΑΜ-ηυξ
1238 1325 1345 1354 CAPUT
1357 1344 1364 1352 .
1388 1324 1462 1353 Vide
1471 1329 1562 1352 Lucar
1572 1342 1580 1349 ·
1591 1325 1708 1360 Equites
1718 1322 1779 1349 Mess

107 1363 205 1391 eodem
213 1362 291 1392 sensu
301 1364 361 1393 usus
371 1366 407 1394 est
418 1367 443 1395 S.
455 1367 530 1395 Felix
542 1369 614 1404 Papa
626 1367 656 1394 in
669 1369 724 1402 eju<
736 1366 921 1394 decrerahubi·

113 1404 147 1431 de
158 1405 326 1442 poenitentia
335 1408 424 1444 pueris
434 1407 601 1445 imponenda
611 1407 650 1435 ait
659 1421 667 1435 :
682 1407 798 1442 [Pueris
806 1417 896 1435 autem
905 1429 913 1440 ‚

115 1445 210 1482 quibus
220 1467 228 1478 ,
238 1446 313 1484 quod
324 1447 410 1475 adhuc
420 1447 539 1476 investes
549 1447 611 1476 sunt
623 1452 676 1476 &c-
688 1449 700 1478 ]
721 1448 912 1482 Synonymum

107 1483 187 1518 liujus
199 1487 321 1514 vocabuli
333 1508 339 1514 .
354 1487 428 1515 Vide
439 1490 561 1526 Vesticcps
573 1508 580 1515 .

969 1367 1096 1403 menses.
1110 1369 1172 1402 Ejus
1183 1364 1268 1394 Miffa.
1280 1365 1354 1394 Vide
1364 1366 1448 1402 Miffa
1458 1367 1636 1393 Metivimns
1645 1363 1776 1400 S-Jo.Lu-

969 1406 1084 1434 minaria
1095 1406 1124 1434 in
1133 1417 1188 1441 ejus
1201 1406 1279 1434 sesto.
1290 1406 1362 1435 Vide
1372 1404 1544 1442 Nedfratres.
1553 1405 1674 1442 Joaunes
1683 1405 1777 1436 Evam,

968 1447 1064 1485 gelista
1076 1467 1083 1474 .
1098 1447 1170 1475 Vide
1180 1447 1325 1484 Theologus
1337 1467 1344 1474 .

931 1492 975 1526 10.
987 1489 1191 1517 Dimascffiivs
1202 1507 1209 1514 .
1234 1488 1308 1515 Vide
1316 1487 1463 1523 Chrysoras
1474 1507 1482 1518 ,
1494 1486 1614 1522 Mansur
1624 1504 1632 1512 .

70 1523 217 1552 {svesa-io
229 1545 237 1557 ,
247 1528 395 1562 Investitor
406 1548 414 1559 ,
426 1531 453 1556 δ(
463 1529 644 1564 Iri-vestitura.
656 1529 714 1556 PR.
726 1526 914 1565 pofl‘effionem
928 1525 1060 1569 'jocatim
1071 1549 1079 1561 ,
1090 1538 1131 1555 tes
1142 1527 1268 1567 pretiose
1280 1550 1286 1560 ,
1297 1537 1325 1555 ut
1337 1526 1399 1555 sunt
1412 1536 1541 1565 gemme,
1550 1529 1579 1554 δι
1589 1523 1686 1553 fimilia
1695 1535 1775 1553 orna-

107 1564 184 1592 trado
197 1584 204 1590 .
225 1566 372 1599 [Eccleliae
394 1577 444 1604 pro
455 1569 547 1605 quiete
558 1567 759 1596 monachorum
778 1578 792 1596 a
813 1570 914 1597 Sanctis

107 1604 264 1633 Catholicis
274 1604 416 1645 Episcopis
426 1608 534 1636 tradita!
545 1618 594 1648 per
603 1609 760 1637 Sacerdotes
781 1609 812 1637 ab
821 1610 858 1638 eis
869 1621 914 1638 or-

107 1645 215 1688 dinatos
227 1667 233 1677 ,
245 1649 273 1674 ὃ(
284 1647 429 1676 investitos
440 1649 553 1677 debeant
563 1649 669 1677 institui
680 1671 687 1682 ,
708 1659 766 1677 can.
778 1650 841 1679 vifis
850 1651 913 1678 lite-

106 1695 143 1713 1'15
153 1706 160 1717 ‚
179 1692 221 1714 16.
231 1687 324 1725 quaest.
339 1700 364 1716 ι.
377 1690 388 1719 ]
401 1693 428 1718 δε
438 1688 566 1717 inferius:
581 1690 689 1725 [Majus
699 1690 774 1718 enim
788 1689 840 1718 fuzt
852 1690 912 1729 pos-

103 1724 249 1755 seffionem
268 1727 332 1755 dare
342 1751 349 1761 ‚
368 1738 451 1767 quam
461 1729 651 1758 investituram
660 1731 809 1759 concedere
821 1751 828 1758 .
841 1734 853 1763 ]
877 1735 912 1760 Et

105 1775 171 1794 mox
183 1778 189 1794 ι
212 1773 224 1802 [
237 1768 386 1804 Quomodo
407 1768 556 1808 poffessbris
574 1773 633 1806 jura
644 1770 846 1810 cognoscentur
856 1793 864 1804 ‚
883 1778 910 1802 ὅ(

105 1804 210 1835 suarum
220 1817 310 1837 rerum
331 1810 377 1838 libi
388 1811 489 1840 tributa.
500 1811 648 1839 reddentur
658 1833 666 1844 ,
689 1812 733 1839 ubi
749 1813 823 1850 quod
834 1811 910 1842 suum

105 1848 162 1891 est)
174 1857 222 1890 per
230 1849 346 1878 alterum
356 1851 435 1879 datur
447 1873 454 1884 ‚
472 1855 499 1880 &
510 1862 571 1880 cum
583 1852 706 1880 voluerit
718 1874 726 1885 ‚
747 1853 886 1884 aufertur?
897 1857 908 1886 ]

105 1891 132 1916 ὃ(
144 1893 286 1924 interius:[
297 1892 439 1920 Monachis
449 1892 578 1932 deinceps
588 1894 705 1921 omnino
715 1893 855 1922 licentiam
865 1896 909 1923 da-

105 1939 164 1957 mus
174 1928 279 1958 suarum
291 1932 471 1961 Ecclcliarum
481 1934 658 1962 investitores
670 1933 740 1962 fieri.
753 1936 765 1967 ]
778 1934 851 1963 Vide
859 1941 908 1966 Re.

105 1970 259 2006 dxnvestio.
282 1972 376 2000 varias
389 1973 568 2003 caeremonias
578 1974 768 2013 Antiquos-um
789 1975 908 2006 ininve-

106 2009 207 2039 stitutis
217 2012 350 2041 bonorum
361 2034 367 2040 .
379 2015 451 2045 Vide
461 2016 586 2052 Fistucus
595 2015 714 2044 nodatus
725 2036 732 2044 .

64 2051 249 2081 I'Nves'rirus
260 2072 268 2081 .
292 2053 365 2082 Vide
385 2055 544 2092 Induse'at'us
555 2076 562 2083 .

969 1578 1061 1597 menta
1071 1589 1078 1596 .
1099 1569 1144 1597 De
1162 1568 1336 1607 etymologia
1353 1567 1432 1602 hujus
1452 1565 1574 1595 nominis
1583 1586 1592 1598 ‚
1614 1575 1669 1604 quo
1680 1565 1775 1594 Latini

970 1619 1118 1647 numquam
1129 1609 1165 1638 uli
1176 1609 1240 1636 sunt
1252 1630 1259 1641 ,
1283 1609 1321 1636 est
1333 1608 1451 1646 proinde
1461 1607 1578 1636 maxima
1586 1605 1660 1633 inter
1669 1607 1775 1634 Austo-

969 1660 1009 1678 rcs
1019 1649 1185 1688 opinionum
1195 1649 1349 1680 dii'erfitas5
1359 1647 1405 1677 sed
1414 1648 1498 1687 magis
1508 1645 1630 1676 consona
1648 1644 1720 1674 inihi
1733 1645 1776 1674 vi-

968 1691 1048 1718 detur
1058 1691 1162 1729 Angeli
1172 1692 1271 1719 Roccae
1283 1688 1428 1721 sententia,
1439 1689 1485 1727 qui
1499 1699 1511 1716 a
1523 1689 1593 1726 Joco
1603 1695 1708 1715 nomen
1719 1685 1774 1715 hoc

968 1731 1153 1769 deducit‚quae
1166 1740 1179 1758 a
1189 1731 1311 1759 Doctore
1321 1732 1366 1768 Jo.
1380 1727 1614 1762 Francisco‚lib..³..
1624 1726 1775 1762 cons-452·

967 1783 995 1800 n.
1010 1781 1035 1807 5.
1046 1771 1225 1799 confirmatur
1235 1794 1242 1804 ,
1252 1771 1299 1810 qui
1309 1771 1418 1810 inquit:
1431 1776 1442 1806 [
1454 1770 1560 1808 Jocalia
1568 1769 1773 1806 dicuntuiuquae

967 1813 1021 1848 joci
1033 1834 1041 1845 ‚
1052 1823 1080 1840 ac
1093 1811 1252 1840 festivitatis
1262 1812 1348 1851 gratia
1357 1812 1520 1850 parantur-l
1533 1812 1589 1839 PR.
1601 1817 1669 1847 puto
1680 1817 1773 1837 tamen

961 1854 1073 1889 Jocalia
1083 1863 1097 1881 a
1105 1853 1203 1891 jugulo
1212 1853 1276 1881 dici:
1286 1852 1317 1880 in
1327 1863 1382 1891 quo
1392 1853 1455 1880 loco
1464 1851 1624 1890 ligantur,&
1635 1848 1771 1888 pendent,

965 1904 994 1922 ut
1012 1893 1075 1922 sunt
1084 1903 1170 1922 aureae
1183 1893 1331 1922 murenulae
1344 1915 1352 1927 ‚
1373 1892 1482 1922 viriolae
1494 1913 1502 1924 ,
1527 1891 1602 1920 viriae
1613 1890 1772 1929 margarita-

964 1945 1024 1963 rum
1035 1956 1043 1967 ,
1053 1938 1080 1963 &
1090 1934 1204 1963 aliarum
1213 1943 1383 1973 gemmarum
1395 1933 1438 1961 fila
1449 1955 1458 1966 ‚
1479 1941 1583 1961 catenat
1593 1941 1680 1960 aureae
1692 1951 1700 1964 ‚
1712 1940 1772 1958 tor-

967 1986 1032 2015 ques
1040 1997 1048 2008 ‚
1059 1978 1087 2003 &
1098 1975 1214 2005 fimilia5
1227 1976 1283 2004 five
1293 1975 1472 2012 aJugalitate
1481 1995 1489 2007 ‚
1499 1973 1568 2002 idest
1577 1994 1586 2006 ‚
1595 1969 1772 2011 sponsalitio,

965 2016 1029 2055 quia
1040 2025 1105 2044 tunc
1113 2016 1214 2054 jugalia
1223 2015 1314 2044 solent
1323 2014 1426 2054 sponfis
1436 2014 1554 2043 donari.
1578 2012 1771 2050 videJugali-

967 2067 1011 2086 tas
1023 2057 1173 2094 ‚Jugulum
1184 2077 1190 2083 .

66 2092 282 2122 INVESTITURAE
294 2096 501 2130 Auriquoium
511 2118 519 2129 ,
541 2107 593 2135 qua
603 2096 768 2126 caetemonia
776 2095 903 2128 solemni.
926 2100 1053 2137 Joms‘rA
1068 2118 1076 2130 ‚
1085 2098 1214 2134 jocularis
1224 2109 1230 2125 ε
1242 2103 1253 2133 [
1265 2096 1367 2136 Jocista
1377 2095 1449 2135 saepe
1459 2095 1527 2132 jocis
1535 2094 1660 2125 intendit
1669 2115 1677 2123 .
1685 2092 1770 2124 Glos-

106 2133 235 2163 zabanrur
244 2155 251 2162 .
275 2135 348 2164 Vide
357 2137 482 2172 Fistucus
492 2138 610 2166 nodatus
622 2158 630 2169 ,
643 2141 774 2176 Vvarpio.

62 2173 97 2201 Ix
103 2184 192 2203 viceni
204 2198 212 2208 ‚
224 2176 292 2214 quid
303 2176 439 2215 significet
447 2177 516 2216 apud
525 2178 652 2217 antiquos
661 2179 821 2218 Theologos
830 2200 838 2208 .
858 2181 910 2209 Vi·

105 2215 139 2242 de
149 2219 212 2244 Sine
223 2221 346 2245 invicem
358 2238 365 2246 .
784 2230 787 2232 ’

62 2255 164 2284 Ῑκνιοι
177 2258 367 2287 Βεςεκῐντιο
379 2279 386 2286 .
396 2258 471 2289 Vide
480 2259 512 2288 in
521 2259 586 2288 dist.
597 2260 776 2289 flamonium
785 2281 793 2288 .

61 2298 330 2328 ῙΝνιτΑῑοκιΑΝυς
343 2321 352 2333 ‚
375 2300 517 2329 Officialis
529 2300 730 2329 Monachorum
741 2301 909 2331 Cistetcien-

65 2352 71 2357 -
103 2337 179 2374 tium,
191 2339 237 2382 qui
249 2349 341 2370 curam
352 2339 466 2370 habebat
476 2342 627 2377 intonandi
635 2342 667 2373 in
675 2341 770 2372 choro.
781 2344 855 2373 Item
863 2349 911 2373 Su-

964 2138 990 2167 sa
1003 2148 1058 2167 vet.
1071 2141 1083 2170 ]
1099 2138 1170 2166 Vide
1180 2140 1326 2167 Goliardus
1337 2158 1345 2166 .

925 2181 1086 2218 JOCULAMS
1099 2199 1106 2206 .
1129 2180 1202 2207 Vide
1217 2181 1319 2216 Jocista
1329 2199 1336 2206 .

926 2222 1076 2258 Joanauis
1087 2229 1160 2257 aquae
1173 2220 1338 2259 incorruptae
1347 2239 1355 2247 .
1368 2218 1443 2248 Vide
1453 2219 1612 2258 Epiphania
1620 2238 1629 2247 .
1711 2254 1719 2259 -

929 2263 1088 2299 Jovmiam
1100 2281 1106 2287 .
1120 2262 1176 2289 FR.
1187 2260 1311 2290 haeretici
1321 2282 1331 2294 ‚
1340 2270 1401 2290 can.
1410 2259 1527 2301 fugerat.
1538 2264 1566 2290 δι
1577 2270 1635 2288 can.
1644 2258 1665 2287 fi
1674 2266 1749 2287 emm
1759 2277 1771 2290 ι

969 2303 1003 2330 de
1013 2301 1112 2340 poenit.
1121 2300 1183 2329 dist.
1197 2314 1223 2331 2.
1242 2302 1384 2331 Dicuntur
1394 2300 1676 2343 etiamJovimam‘sta
1698 2298 1773 2342 aJo·

971 2343 1084 2372 viniano
1093 2342 1233 2372 Monacho
1242 2365 1251 2377 ‚
1269 2343 1317 2382 qui
1326 2352 1384 2371 non
1392 2343 1570 2372 admittebant
1587 2341 1773 2409 distetenhtam

1336 2386 1359 2414 B
1369 2384 1384 2412 b
1424 2395 1444 2420 4
1688 2390 1701 2408 a
1725 2395 1736 2401 -
