1866 2526
121 422 194 452 Uoo
204 442 210 448 .
235 419 308 450 Vide
327 421 416 448 Guido
427 441 434 447 .

167 53 248 93 704
507 38 547 79 V
579 37 599 78 Ι

158 103 187 128 &
206 107 343 130 nentem,
366 98 395 125 ὅ(
415 95 516 132 ejulans
534 94 683 133 effugatur.
707 88 881 130 Clirysolog.
900 88 953 119 ser-

159 149 234 168 mon.
259 148 304 175 5¹·

119 180 304 209 VETULONA-
327 177 402 206 Vide
424 175 601 212 Diui-miffa-

120 221 255 249 VexutA
269 221 364 248 Reoxs
375 220 536 246 Pnontum
548 235 555 242 .
576 215 632 242 FR.
653 212 773 249 hymnus
792 213 822 241 ab
841 209 955 241 Ecclefia

161 260 225 289 cani
235 258 332 288 solitus
342 281 350 292 ‚
372 269 386 286 a
395 256 537 286 venantio
548 256 701 283 Fortunato
712 253 876 293 compositus
887 250 939 280 suit
949 271 956 278 ·

164 303 263 331 Baton.
276 302 353 328 Ann.
369 303 435 333 566.
454 304 617 333 numer-35.

122 343 298 370 Vennum.
322 338 395 367 Vide
415 338 547 373 Bandum
568 355 575 364 .
597 338 753 369 Banerium
770 355 777 363 0
799 335 957 363 Labarum-

160 381 253 419 Tufa.

121 463 280 492 virricum
289 482 296 494 ,
319 458 483 489 Eucharistia
493 479 501 491 ,
523 468 582 496 quae
595 456 717 487 fidelibus
729 455 858 494 elargitur
868 454 897 481 in
910 450 960 482 hu-

159 504 203 540 jus
213 503 277 531 vitae
291 501 405 529 transitu
417 511 424 531 ς
448 509 503 537 quo
526 497 659 528 vocabulo
673 496 702 524 in
713 496 830 527 Nicaena
847 492 962 529 synodo

162 543 202 572 usi
211 541 274 571 sunt
286 544 377 571 Patres
388 561 396 573 ,
419 542 521 576 ajentes
534 551 540 567 :
553 545 565 574 [ζ
577 537 685 567 Ultimi
696 559 704 570 ,
713 548 741 566 ac
754 534 888 565 necefliit‘ii
897 533 962 562 Via-

164 583 214 612 tici
225 596 236 617 ,ς
258 585 340 621 ]quae
352 590 446 609 tamen
457 580 538 610 verba
547 580 578 608 in
588 579 672 606 alium
679 576 962 613 sensuminterpreta-

165 634 207 652 tus
217 623 254 652 est
266 621 416 660 Albaspina
425 621 455 648 iu
466 624 522 656 ejus
532 619 616 649 Notis
634 618 670 646 ad
688 619 789 646 dietam
800 616 961 652 Synodum5

163 664 347 702 intelligens,
371 671 486 700 nempe,
509 661 584 699 quod
604 669 651 698 per
669 658 698 687 id
710 669 767 687 non
789 657 823 686 de
836 653 964 685 Euchari-

167 705 217 734 stia
230 725 237 737 ,
260 704 306 732 sed
316 704 350 732 de
359 702 590 731 reconciliatione
600 722 608 733 ‚
631 703 659 728 δι
669 698 839 727 absolutione
857 694 964 724 mentio

164 745 212 774 fiat
225 766 232 778 ,
254 755 314 783 quae
342 744 372 772 in
390 743 456 773 vitae
478 752 602 771 extremo
630 739 743 778 publicis
768 735 965 776 poenitentibus

159 787 363 815 concedebatur
375 806 384 817 ‚
406 783 472 811 licet
484 783 632 819 injunstam
643 779 839 819 poenitentiam
850 777 966 805 minime

163 825 368 857 satisfecissent.
387 824 527 855 Fundatur
545 823 619 851 enim
629 822 675 850 ille
687 821 717 849 in
737 819 828 849 verbis
841 815 967 847 Concilii

167 866 330 898 Arausicani
342 867 366 894 Ι.
376 875 434 892 can.
446 875 472 902 3.
493 863 537 892 ubi
547 863 581 892 sic
591 862 720 890 habetur:
746 867 758 896 [
772 859 828 895 Qui
838 858 967 887 recedunt

166 910 201 938 de
220 917 333 946 corpore
345 928 353 939 ‚
376 905 544 943 poenitentia
562 912 688 941 accepta,
708 901 828 940 placuit,
850 899 907 927 fine
928 908 968 925 re-

166 946 359 978 conciliator-ia
369 956 463 973 manus
484 944 659 982 impositione
671 964 679 976 ‚
702 943 738 970 eis
757 938 970 970 communicari,

168 989 244 1028 quod
254 986 434 1016 morientium
444 985 545 1013 sufficit
563 982 748 1014 consolationi
767 980 913 1009 secundum
926 978 971 1006 de-

168 1029 312 1060 finitiones
330 1031 443 1058 Patrum
455 1047 463 1059 ‚
485 1026 533 1064 qui
561 1023 716 1060 hujusmodi
746 1020 971 1051 communionem

168 1069 336 1099 sufficienter
347 1067 479 1096 viaticum
489 1066 667 1094 nominarunt
677 1085 683 1091 .
705 1065 717 1094 ]
739 1064 818 1092 Idem
828 1060 972 1090 confirma-

169 1112 193 1140 ri
205 1110 313 1139 videtur
324 1109 355 1137 in
366 1119 431 1144 gean.
443 1119 472 1144 9.
483 1106 671 1137 Gerundenfis
683 1104 810 1134 Concilii
822 1124 830 1136 ,
851 1101 972 1130 scilicet:

169 1158 184 1188 1
196 1153 242 1183 Is,
264 1150 310 1188 qui
325 1149 499 1188 aegritudinis
517 1149 648 1186 languore
666 1145 841 1184 poenitentiae
862 1140 973 1170 benedi—

169 1192 308 1224 cuonem,
331 1200 411 1228 quam
431 1189 572 1218 Viaticum
585 1188 743 1225 deputamus
756 1207 763 1219 ,
787 1195 834 1223 per
854 1191 974 1210 commu-

166 1233 287 1262 nionem
307 1231 458 1269 acceperit.
479 1232 491 1260 ]
514 1229 559 1258 Ad
568 1228 643 1266 quod
665 1225 846 1264 respondetur
862 1223 954 1261 primo
966 1242 973 1253 ‚

170 1272 246 1312 quod
265 1272 346 1300 verba
357 1271 512 1300 Amuficani
531 1268 656 1298 Concilii
675 1266 906 1297 Reconciliatoria
918 1285 925 1295 ,
948 1266 975 1289 δε

165 1315 383 1341 Εοηνηιιηὶτιινε
393 1312 445 1340 fint
468 1310 546 1338 valde
566 1309 720 1348 generalia,
743 1316 791 1344 per
811 1315 869 1343 quae
893 1311 975 1332 omne

171 1355 375 1383 Sacramentum
395 1351 429 1379 ad
447 1350 698 1384 reconciliandum,
722 1351 749 1375 ὃς
771 1345 977 1375 conuuunican-

172 1394 238 1422 dum
246 1392 372 1421 fidelibus
393 1390 570 1420 necessarium
583 1388 704 1427 intelligi
717 1389 804 1426 potest
817 1398 825 1417 ς
849 1386 882 1414 fic
895 1386 977 1412 etiam

169 1445 219 1474 per
231 1433 311 1462 verba
323 1433 541 1461 Benedmmnem
554 1452 562 1463 ‚
584 1434 612 1459 ὃ(
624 1433 761 1459 viaticum
775 1430 803 1455 in
812 1425 976 1455 Gerunden-

173 1476 193 1506 fi
207 1485 310 1503 canone
321 1473 405 1512 posita
417 1493 424 1500 .
448 1472 535 1500 Unde
546 1482 559 1499 e
571 1471 710 1499 contrario
721 1479 767 1507 per
776 1478 878 1496 nomen
890 1468 974 1494 Viati-

172 1527 238 1545 cum
258 1525 316 1544 non
332 1513 419 1542 solum
431 1512 625 1542 Eucharistinn
637 1533 645 1543 ‚
667 1509 714 1538 sed
735 1519 816 1537 omne
826 1509 979 1537 Sacramen-

173 1566 232 1586 tum
242 1556 271 1584 in
282 1564 406 1585 extremo
417 1553 481 1582 vitae
492 1552 612 1581 fidelibus
623 1550 773 1590 praestitum
781 1548 980 1577 intellexerunt

169 1597 262 1626 sancti
274 1598 365 1625 Patres
377 1615 383 1622 .
402 1598 541 1624 thicum
560 1594 635 1622 enim
647 1590 815 1629 Baptismum
824 1591 862 1618 D.
873 1587 981 1617 Basilius

176 1637 253 1666 hom.
274 1638 304 1665 in
315 1637 370 1664 Sac.
383 1633 485 1672 Raptis.
498 1634 527 1661 in
538 1633 620 1662 vitali
632 1631 746 1671 periodo
765 1630 918 1668 susceptum
937 1637 980 1664 ap-

174 1677 290 1717 pellavit
302 1697 309 1704 .
332 1680 365 1705 Et
375 1677 412 1704 D.
422 1674 573 1713 Gregorius
582 1673 777 1703 Nazianzenus
789 1672 873 1700 Orat.
890 1669 922 1696 de
933 1670 981 1696 isa*

176 1719 279 1757 ptis'ino
290 1728 335 1746 eos
346 1739 354 1750 ‚
374 1716 421 1754 qui
432 1715 462 1743 in
472 1715 520 1743 tali
532 1714 595 1743 vitae
607 1723 734 1742 extremo
754 1710 916 1750 baptismum
925 1707 979 1736 sus-

180 1761 273 1798 cipere
292 1757 440 1789 differunt,
462 1755 618 1786 detestans,
637 1753 671 1781 fic
700 1754 806 1791 inquit:
828 1750 981 1787 [Quamdiu

175 1800 250 1828 inter
270 1798 435 1836 Baptistam‚
458 1801 486 1825 ὃ(
505 1795 694 1834 quaestuarium
714 1795 790 1822 nulla
813 1803 904 1831 pugna
925 1792 980 1822 est,

176 1841 240 1869 dum
251 1841 298 1868 ille
311 1838 477 1867 morientem
488 1836 591 1865 viatico
601 1835 733 1864 instruere
746 1855 753 1866 ,
777 1833 821 1861 hic
834 1833 919 1860 haercs
932 1843 980 1860 no-

175 1881 277 1909 minari
289 1880 391 1909 obnixe
401 1877 545 1907 contendit
557 1898 564 1909 ,
588 1878 599 1907 ]
622 1875 711 1908 idest,
730 1873 919 1912 suscipiebatur
939 1873 981 1900 ba-

179 1921 298 1959 ptismus
311 1942 318 1953 ,
341 1919 451 1958 quando
461 1918 652 1946 testamentum
664 1915 830 1944 condebatur
841 1934 848 1941 .
871 1916 932 1942 Iino
944 1914 981 1941 D.

176 1963 336 2000 ‚Cyprianus
355 1958 558 1993 eleemosynam
579 1956 728 1995 appellavit
739 1956 877 1984 Viaticum
889 1976 896 1986 ,
919 1954 982 1992 quia

181 2002 234 2030 hoc
246 2000 390 2031 meritorio
401 2009 485 2038 opere
494 1998 597 2037 provisi
610 2008 642 2026 ex
653 1997 703 2025 hac
717 1996 774 2025 vita
786 1996 879 2025 fideles
899 1994 983 2023 disce-

178 2043 247 2071 dunt
258 2064 265 2070 .
277 2041 402 2071 Secundo
424 2039 623 2078 respondetur,
645 2037 719 2077 quod
736 2047 839 2066 nomen
862 2045 981 2075 graecum

182 2082 318 2121 ἐφὰδὶονίιι
328 2082 448 2116 Nicaeno
467 2090 572 2108 canone
590 2079 760 2117 appositum,
783 2078 912 2107 viaticum
924 2076 982 2104 lati—

176 2134 215 2151 ne
224 2122 304 2151 sonat
317 2133 322 2149 ε
347 2132 376 2149 ut
391 2121 471 2149 multi
482 2131 515 2149 ex
524 2120 629 2149 Grecis
640 2118 819 2157 Scriptoribus
829 2119 981 2147 Sacramen-

181 2173 241 2191 tum
252 2161 426 2191 Eucharistiae
439 2162 469 2188 in
479 2161 578 2189 ultimo
591 2160 654 2191 ,vitae
666 2159 818 2198 praestitum
838 2158 982 2186 intellexe-

180 2213 266 2234 runt5
290 2202 364 2230 inter
373 2212 439 2239 quos
450 2203 559 2231 Zonara
572 2223 579 2234 ‚
596 2201 645 2239 qui
657 2201 690 2229 lic
702 2199 757 2227 ait:
781 2206 793 2235 [
813 2199 906 2228 §aneia
926 2208 984 2225 ino·

182 2244 313 2272 rientibus
333 2243 547 2280 impartiantur,
570 2252 600 2270 ut
611 2241 742 2270 viaticum
760 2239 829 2269 illud
849 2239 962 2267 habeant
977 2261 982 2271 ‚

182 2295 231 2312 nec
243 2293 337 2313 eorum
353 2282 568 2310 sanctificatione
579 2281 723 2319 priventur
734 2300 740 2307 .
764 2283 776 2311 ]
801 2284 835 2309 Et
847 2278 983 2309 Balsamon

182 2325 211 2351 in
232 2324 406 2363 expositione
425 2323 574 2351 eorundem
586 2322 736 2350 Canonum
758 2320 865 2359 inquit:
892 2321 983 2354 [Non

185 2364 288 2402 privari
297 2364 445 2395 excellenti
457 2363 569 2404 Viatico
587 2363 670 2401 Sacrx
688 2360 889 2392 communionis
901 2360 931 2389 in
939 2371 984 2390 ex-

981 1407 984 1442 l

1332 33 1424 78 VI

1014 90 1109 121 tremis
1119 89 1184 136 vitae
1196 111 1202 119 .
1224 93 1237 123 ]
1251 94 1307 122 FR.
1318 94 1406 131 Quod
1414 94 1550 132 Ephodioa
1568 93 1698 126 viaticum
1709 95 1813 137 signifi-¹

1009 142 1052 162 cet
1070 132 1181 177 (Jellius
1191 131 1323 177 lssthnicus
1332 135 1436 163 Austor
1448 155 1457 168 ,
1479 134 1525 163 lib.
1549 146 1592 168 17.
1612 147 1667 176 cap.
1689 149 1716 167 2.
1727 128 1813 167 etiarn

1011 174 1164 212 explicavit
1173 193 1182 206 ‚
1204 182 1347 211 inquiens:
1362 179 1375 208 [
1387 175 1518 213 Magnum
1528 175 1660 206 viaticum
1674 199 1682 211 ,
1695 189 1746 217 pro
1756 180 1825 208 mat-¹

1011 224 1066 252 gna
1076 213 1203 242 facultate
1213 234 1221 245 ,
1243 216 1272 242 ἀ
1291 221 1383 251 paratu
1401 223 1501 253 magno
1514 238 1524 250 ,
1544 228 1617 247 nove
1626 220 1743 256 positum
1753 219 1789 248 est
1802 239 1810 248 .
1834 210 1837 217 “

1012 254 1185 299 Videturque
1202 255 1314 282 Graecos
1335 252 1469 287 secutuse,
1486 256 1536 294 ⁴qui
1554 255 1649 296 ἐφόδων
1674 259 1813 297 sumptum
1836 247 1851 266 ³*

1013 305 1066 324 viae
1079 295 1112 323 ad
1123 295 1234 323 aliarum
1251 304 1360 333 quoque
1378 304 1468 323 retum
1475 304 1628 333 apparatum
1647 299 1811 331 traducunts

1014 346 1042 364 ac
1053 334 1123 374 saepe
1132 331 1230 372 {obdlov
1247 345 1297 374 pto
1306 345 1340 363 eo
1349 334 1443 371 dicunt
1453 357 1461 368 ,
1482 337 1556 374 quod
1572 338 1610 366 est
1621 339 1731 369 institue
1743 362 1749 373 ‚
1771 340 1814 369 in-
1833 329 1835 334 Ι

1014 376 1084 405 strue
1097 396 1104 404 .
1126 377 1138 407 ]
1153 375 1240 404 Unde
1250 375 1397 403 secundum
1414 375 1530 413 pliraiim
1545 387 1661 415 graecam
1679 391 1715 412 ex
1724 380 1815 409 Gellii

1016 415 1178 445 testimonio
1188 416 1267 444 verba
1277 415 1402 444 Nicaenae
1415 416 1521 452 Synodi
1532 418 1628 446 allata:
1649 421 1750 449 Ultimi
1762 443 1769 453 ,
1780 432 1813 449 ac

1016 458 1158 495 ncceffarii
1180 459 1280 485 Viatici
1299 466 1446 484 extremam
1459 478 1466 489 ,
1489 461 1517 486 δε
1535 467 1697 497 oportunam
1716 461 1817 491 instru-

1017 498 1139 527 ctionem
1151 519 1158 530 ,
1170 500 1197 525 &
1207 495 1392 525 munitionem
1402 497 1557 536 significant
1568 510 1576 530 ς
1587 508 1669 537 quare
1680 509 1736 529 non
1742 500 1815 530 aliud

1015 538 1159 577 spirituale
1170 537 1312 565 munimen
1322 547 1369 575 per
1378 537 1425 565 illa
1437 539 1516 567 verba
1527 539 1742 577 intelligendum
1750 541 1814 575 erit,

1020 577 1070 608 nisi
1090 580 1293 621 Sacramentum
1315 576 1489 621 eucharistiae
1500 600 1509 612 ‚
1531 580 1574 608 cui
1604 581 1818 609 antonomastice

1020 629 1123 648 nomen
1142 629 1201 647 veri
1210 619 1371 646 muniminis
1392 620 1545 648 convenit.
1569 622 1700 649 Praeterea
1709 623 1819 650 Recon-

1019 659 1168 688 ciliationis
1177 681 1185 692 ‚
1210 663 1237 688 ὃ(
1246 659 1462 687 Communionis
1475 659 1577 689 summa
1587 661 1618 689 in
1638 661 1750 699 publicis
1760 662 1821 699 poess

1019 700 1171 729 nitentibus
1197 699 1356 728 consistebat
1380 700 1409 727 in
1428 698 1599 738 susceptione
1622 701 1795 730 Eucharistiae
1807 722 1816 734 ‚

1020 751 1080 780 quae
1102 741 1165 769 ideo
1183 740 1358 770 Communio
1374 739 1495 774 dicitur,
1519 751 1566 778 per
1584 751 1662 779 quam
1680 742 1821 780 praeterita

1022 781 1320 810 incommunicabilitas
1332 781 1569 817 impoenitentium
1587 792 1647 810 cum
1665 782 1769 811 caeteris
1789 781 1822 810 Η·
1848 793 1851 799 ’

1022 822 1126 850 delibus
1149 821 1265 849 abolitur
1274 843 1282 854 ‚
1306 820 1441 848 mediante
1452 842 1460 853 ,
1482 820 1587 850 scilicet
1598 843 1606 855 ,
1628 822 1741 861 publicae
1763 832 1822 860 poe-

1023 862 1151 891 nitentiae
1162 883 1169 894 ,
1192 865 1219 890 δ(
1231 859 1405 889 Eucharistiae
1424 859 1616 899 susceptiones
1639 863 1711 891 unde
1731 861 1823 891 Altari

1023 902 1196 932 reconciliati
1206 901 1365 930 dicebantur
1373 919 1381 926 .
1405 903 1498 935 [Eum
1509 911 1575 930 voro
1586 904 1772 940 poenitentem
1780 902 1824 931 di-

1024 943 1109 972 cimus
1122 964 1128 974 ,
1152 942 1198 980 qui
1210 942 1268 980 post
1286 940 1437 979 baptisma,
1460 951 1505 971 aut
1515 951 1567 979 pro
1584 942 1757 976 homicidio,
1779 952 1825 971 aut

1026 995 1076 1022 pro
1086 982 1198 1012 diversis
1207 982 1363 1010 criminibus
1376 1003 1384 1014 ,
1404 981 1621 1020 gravissimisque
1633 984 1747 1021 peccatis
1760 983 1825 1020 pub-

1025 1025 1104 1053 licam
1115 1023 1311 1062 poenitcntiant
1319 1032 1416 1062 gerens
1427 1043 1435 1055 ,
1456 1021 1503 1051 sub
1512 1023 1604 1051 cilicio
1615 1023 1713 1052 divino
1725 1023 1773 1051 fuit
1786 1033 1827 1051 τε.

1026 1065 1188 1093 conciliatus
1199 1064 1296 1092 altario
1307 1086 1314 1097 ,
1336 1072 1394 1091 can.
1405 1062 1524 1098 placuit,
1546 1063 1608 1092 dist.
1630 1067 1697 1100 50.]
1716 1063 1826 1095 Dittio-

1029 1116 1093 1134 nem
1104 1115 1190 1134 sutem
1202 1103 1459 1133 Benedifbionemin
1468 1104 1639 1132 Gerunderifi
1659 1114 1764 1133 canone
1777 1113 1827 1141 po-

1027 1147 1104 1175 sitam
1116 1168 1122 1179 ‚
1133 1144 1326 1174 Eucharistiam
1336 1144 1463 1183 intellige
1473 1155 1481 1175 3
1492 1155 1571 1183 quam
1581 1145 1663 1173 etiam
1674 1144 1765 1174 Giossii
1774 1153 1829 1172 ma—

1028 1187 1054 1215 le
1073 1186 1247 1215 intellexerat
1266 1186 1296 1213 in
1315 1195 1374 1212 can·
1394 1185 1413 1213 fi
1423 1195 1489 1213 vero
1500 1206 1508 1218 ,
1530 1185 1592 1214 dist.
1616 1196 1662 1220 50.
1682 1184 1809 1224 inquiens
1819 1195 1828 1212 .-

1032 1233 1044 1262 [
1057 1227 1166 1266 Aliquis
1176 1236 1299 1265 tempore
1309 1225 1482 1264 aegritudiuis
1491 1226 1545 1255 tale
1556 1226 1659 1264 recepit
1670 1226 1828 1254 mandatum

1030 1278 1044 1296 a
1055 1268 1198 1296 Sacerdote
1208 1288 1216 1300 ‚
1234 1276 1263 1295 ut
1275 1267 1416 1304 postquam
1427 1266 1629 1295 convalesceret
1638 1288 1645 1299 ,
1667 1265 1829 1294 solemniter

1029 1309 1130 1337 faceret
1140 1307 1336 1345 poenitentiam
1347 1326 1355 1333 .
1373 1307 1384 1336 ]
1397 1306 1455 1334 Ubi
1468 1315 1515 1342 per
1527 1307 1745 1334 senedn‘i‘ionem
1756 1315 1828 1333 man.
1865 1336 1866 1341 ¹

1031 1349 1124 1377 datum
1135 1369 1142 1380 ,
1159 1352 1186 1376 &
1199 1356 1364 1384 praeceptum
1375 1346 1446 1373 male
1458 1345 1584 1384 exposuit
1595 1367 1601 1373 .
1613 1346 1663 1373 Sed
1674 1355 1743 1373 errat
1752 1355 1830 1383 pror-

1030 1388 1073 1417 sus
1082 1410 1093 1426 ,
1114 1399 1176 1416 nam
1187 1387 1350 1416 Concilium
1360 1384 1504 1415 Bai-cinon.
1517 1397 1567 1414 can
1586 1397 1614 1422 9.
1627 1385 1764 1415 viaticum
1782 1395 1831 1423 per

1030 1429 1250 1458 benedic-“tionem
1260 1427 1389 1455 beaticam
1397 1426 1533 1464 intelligit
1544 1426 1572 1454 in
1584 1426 1680 1455 eodem
1692 1425 1749 1454 casu
1759 1447 1766 1458 ‚
1785 1425 1832 1453 ubi

1034 1471 1068 1498 sic
1078 1468 1193 1497 habetur
1203 1480 1210 1495 .·
1231 1469 1379 1505 [Jubenius
1391 1476 1458 1495 vero
1469 1487 1476 1498 ‚
1499 1475 1528 1494 ut
1539 1466 1569 1494 in
1580 1465 1738 1494 infirmitate
1747 1465 1831 1503 positi

1034 1510 1165 1539 beaticam
1175 1508 1397 1537 benedictionem
1408 1507 1557 1545 percipiant
1568 1527 1575 1534 .
1599 1508 1610 1536 ]
1624 1509 1657 1534 Et
1667 1506 1697 1534 in
1707 1516 1764 1534 can.
1774 1515 1832 1534 tan-

1034 1561 1060 1579 ta
1071 1572 1079 1583 ‚
1101 1550 1163 1579 dist.
1177 1554 1221 1578 86.
1232 1548 1328 1576 clarius
1338 1548 1367 1576 in
1378 1548 1475 1576 eodem
1484 1547 1542 1575 casu
1553 1548 1718 1584 exprimitur
1729 1568 1735 1578 ,
1753 1556 1833 1574 -neni-

1037 1602 1069 1630 pe
1082 1603 1088 1619 :
1113 1594 1188 1626 [Eos
1200 1599 1267 1618 vero
1277 1611 1284 1622 ,
1302 1598 1417 1627 quorum
1427 1587 1542 1616 consilio
1551 1587 1603 1614 hoc
1613 1587 1694 1625 egisti
1703 1608 1711 1619 ‚
1725 1587 1755 1614 in
1767 1587 1833 1614 duo-

1036 1633 1082 1660 bus
1090 1630 1223 1659 mensibus
1234 1629 1486 1658 excommunicatos
1495 1626 1544 1656 effe
1554 1627 1734 1655 decernimus:
1745 1627 1783 1654 ita
1794 1636 1834 1658 ut,

1036 1672 1132 1711 siquid
1140 1671 1177 1699 eis
1187 1671 1259 1698 intra
1269 1670 1385 1698 duorum
1396 1669 1526 1697 menfium
1534 1667 1649 1706 spatium
1659 1666 1836 1695 humanitatis

1037 1712 1180 1741 advenerit
1192 1733 1199 1744 ‚
1223 1710 1416 1739 benediciione
1435 1709 1537 1738 Viatici
1556 1719 1616 1736 non
1635 1707 1797 1746 priventur.
1821 1708 1835 1737 1
1864 1741 1866 1743 ¹

1039 1757 1132 1791 Atque
1144 1750 1510 1788 reconciliatiointelligitur
1521 1770 1529 1782 ‚
1551 1748 1625 1787 quod
1642 1749 1745 1786 praevia
1760 1746 1836 1775 abso-

1040 1795 1147 1822 lutione
1157 1814 1165 1825 ‚
1188 1792 1326 1830 poenitens
1335 1790 1510 1819 Eucharistiae
1522 1789 1749 1817 communionem
1767 1786 1838 1815 reci-

1039 1835 1112 1872 piat:
1138 1840 1150 1868 [
1169 1837 1203 1862 Et
1216 1833 1234 1861 ii
1245 1832 1379 1861 continuo
1390 1831 1510 1859 creditur
1522 1830 1669 1858 moriturus
1710 1828 1838 1857 reconci-

1037 1876 1118 1903 lictur
1138 1884 1186 1912 per
1205 1883 1298 1901 manus
1320 1872 1524 1910 impositionem
1536 1892 1543 1903 ,
1562 1874 1593 1903 5<
1613 1869 1774 1898 infiindatur
1795 1866 1840 1895 ori

1039 1918 1095 1951 ejus
1107 1914 1290 1943 Eucliaristia:
1314 1913 1333 1941 si
1355 1910 1537 1951 supervixerit
1547 1932 1554 1942 ,
1577 1910 1754 1938 admoneatur
1774 1919 1787 1937 a
1796 1907 1840 1936 su-

1038 1955 1163 1994 predictis
1173 1954 1281 1983 testibus
1301 1953 1446 1991 petitionis
1465 1951 1518 1979 suae
1529 1950 1709 1982 satisla&um‚
1732 1953 1759 1978 δ(
1781 1947 1842 1977 sub-

1038 1997 1116 2024 datur
1145 1994 1249 2023 statutis
1270 1993 1446 2032 poenitentiae
1470 1991 1589 2030 legibus„
1606 1990 1731 2029 ,quandiu
1750 1990 1843 2021 Sacer-⁴

1037 2037 1086 2064 dos
1096 2057 1103 2069 ,
1126 2036 1172 2074 qui
1200 2034 1397 2073 paenitentiam
1416 2033 1523 2061 dederit
1534 2053 1542 2064 ‚
1565 2030 1719 2069 probaverit
1731 2051 1737 2057 .
1769 2031 1845 2058 Item

1042 2077 1210 2115 poenitentes
1221 2098 1229 2108 ‚
1252 2075 1299 2113 qui
1313 2073 1342 2102 in
1353 2074 1514 2104 infirmitate
1525 2073 1656 2100 viaticum
1667 2070 1842 2099 Eucharistiae

1041 2117 1179 2154 accipiunt
1189 2138 1196 2149 ,
1221 2126 1277 2144 non
1293 2114 1322 2142 se
1332 2115 1444 2143 credant
1457 2112 1591 2142 absolutos
1610 2113 1665 2141 fine
1679 2120 1771 2139 manus
1791 2110 1843 2137 im-

1041 2157 1175 2196 positione
1188 2178 1195 2190 ,
1218 2157 1239 2191 fi
1259 2154 1464 2193 supervixerint
1473 2175 1481 2187 ,
1503 2163 1563 2181 can.
1585 2154 1611 2181 Is
1623 2174 1631 2185 ‚
1651 2152 1698 2190 qui
1716 2151 1746 2178 in
1766 2150 1843 2178 inl-ir-
1864 2171 1866 2175 ,

1043 2197 1139 2226 mitate
1150 2218 1158 2229 ,
1181 2204 1228 2226 26.
1241 2206 1286 2235 qu.
1300 2202 1326 2224 6.
1340 2197 1351 2225 ]
1364 2195 1487 2223 Publicus
1499 2193 1574 2220 enim
1586 2201 1726 2231 poenitens
1737 2200 1786 2228 pro
1794 2189 1842 2216 ho-

1043 2238 1158 2266 micidio
1169 2259 1176 2269 ,
1200 2237 1245 2265 seu
1254 2237 1305 2265 alia
1315 2236 1398 2264 iimili
1408 2232 1565 2274 gravissima
1575 2234 1653 2270 culpa
1663 2253 1671 2264 ,
1689 2231 1727 2259 ita
1738 2227 1840 2259 Eucha-

1041 2278 1116 2306 ristia
1128 2278 1261 2316 privatur:
1277 2276 1336 2311 [Ut
1346 2276 1476 2305 totovitae
1490 2283 1614 2312 tempore
1626 2274 1733 2309 Corpus
1743 2268 1841 2311 Domi-

1046 2319 1136 2346 nicuin
1156 2329 1211 2346 non
1221 2316 1364 2354 suscipi-it,
1381 2316 1430 2345 nisi
1442 2316 1472 2344 in.
1492 2314 1568 2342 exitu
1578 2313 1626 2342 suo
1637 2322 1687 2349 pro
1699 2310 1800 2338 viatico
1811 2309 1841 2337 .]

1044 2360 1087 2388 Itti
1100 2358 1253 2398 Gregorius
1268 2359 1340 2396 Papa
1360 2357 1418 2387 111.
1430 2355 1572 2387 Bonifacio
1583 2351 1720 2391 Episcopo
1731 2347 1845 2384 sffl'llfsffl

1739 2396 1778 2418 ra:
1792 2409 1799 2421 ,-

1864 1277 1866 1282 .
1858 1204 1866 1267 ...μα
1860 1157 1866 1191 ,μ
1853 879 1866 1150 *Qu-m
