1866 2526
461 0 573 44 OC

109 71 240 101 occupare
249 58 412 100 praesumant
421 62 475 87 occ.
490 58 526 88 de
547 58 683 88 clec‘tione
695 80 702 91 ,
725 60 752 87 ἃ
765 56 845 86 elesti
856 65 905 96 po-

112 103 173 132 test.
184 103 216 132 in
225 102 268 133 6.]
279 103 308 129 δι
319 100 358 128 ibi
367 97 460 128 Gloss'a
469 100 500 128 in
510 98 590 128 sensu
602 99 736 138 praedifto
746 99 830 128 multa
841 107 908 126 con-

111 142 195 183 gerit.
205 140 366 179 Aliquando
375 149 470 169 tamen
480 150 535 178 pra:
542 141 636 170 venire
647 140 774 174 denotat,
785 149 815 168 ut
826 150 833 167 ε
848 138 908 174 [Se-

116 193 162 212 cus
173 182 192 212 fi
202 181 256 211 lint
265 181 296 209 in
304 179 425 210 solidum
437 180 582 209 constituti
592 193 603 215 ,-
626 180 672 210 sed
683 190 750 210 tunc
770 180 841 209 illius
850 188 907 207 mc-

110 225 165 253 lior
175 221 226 252 erit
235 221 361 250 conditio
372 242 381 254 ,
399 222 447 260 qui
456 231 504 260 per
513 221 571 250 litis
579 221 809 251 contestationem
823 229 909 258 nego-

114 265 185 293 tium
195 262 322 301 primitus
333 263 473 300 occupabit
486 282 493 289 .
514 262 576 291 Post
587 263 798 301 occupationem
817 269 908 288 autem

111 303 268 340 hujusmodi
289 304 359 331 alter
379 301 406 332 se
427 303 616 332 intromittere
637 303 762 342 nequibit
775 301 888 331 ulterius
900 322 908 333 ,

85 350 90 351 ⁷
111 353 172 373 cum
182 344 229 372 ille
239 343 298 372 liris
308 343 436 372 dominus
447 343 479 372 sit
493 341 613 375 effestuss
627 343 678 372 nifi
690 344 792 372 diflum
804 343 832 371 in
839 351 910 370 con-

111 384 258 414 stitutione
271 382 368 418 fuisset,
379 384 455 423 quod
466 393 523 412 non
534 383 609 413 fici-et
621 384 719 412 melior
727 382 856 412 conditio
864 392 909 410 oc-

113 425 258 463 cupantis:
281 435 346 453 tunc
355 426 431 453 enim
441 446 449 457 ‚
470 424 489 453 fi
499 434 560 453 eum
572 446 580 458 ‚
592 425 639 463 qui
650 424 794 463 occupavit
804 444 813 456 ,
831 422 911 451 infir-

111 465 198 498 mari,
217 465 289 494 moti
300 487 308 498 ,
317 463 449 494 absentari
458 486 467 498 ,
492 465 536 493 vel
547 466 610 494 alias
620 465 753 503 impediri
761 462 908 501 contingat

112 510 167 535 διε.
188 506 222 534 dc
242 506 464 544 procuratoribus
482 506 510 533 iri
523 512 617 544 6.cap.
630 512 657 535 6.
671 506 683 536 ]
706 506 743 534 In
758 514 814 543 quo
833 501 911 531 sensu

113 547 198 574 multa
209 547 335 583 exempla
344 545 420 575 affert
431 545 466 574 ibi
477 545 568 575 Glossa
578 566 585 573 .

71 587 226 617 Occunito
237 608 245 620 ‚
258 587 326 615 idest
337 608 345 620 ,
358 585 461 625 possiim
471 608 479 620 ‚
489 586 534 615 vel
545 585 654 615 accidit.
667 591 679 621 [
689 585 740 615 Sed
749 584 812 624 quia
821 593 912 612 morte

113 637 259 665 occupatus
269 637 318 655 nec
330 627 395 655 dnm
405 625 459 654 lioc
469 627 589 655 occurrit
602 627 726 665 implere.
735 627 774 656 D.
784 628 871 664 Greg.
883 625 913 652 in

117 668 224 707 Regist.
235 667 279 696 lib.
296 676 321 703 5.
330 677 388 706 cap.
404 669 481 702 144.]
492 666 537 705 qui
549 666 644 705 passim
655 666 704 695 hac
718 666 806 705 phrafi
815 667 912 694 utitur.

71 708 207 738 OcrAvA
219 729 226 741 ‚
237 708 396 746 prorogatio
408 705 612 736 solemnitatum
624 718 672 746 per
682 708 738 736 dies
748 708 813 736 οὲὶο
824 727 832 734 .
856 709 912 735 Ra-

112 747 209 786 dulph.
229 758 308 786 prop.
324 758 368 784 ¹9-
379 748 447 781 Quae
466 746 624 777 solemnitas
643 749 725 777 etiam
747 748 776 776 in
785 746 914 778 Levitico

112 789 254 817 ordinatur
264 810 272 821 ,
292 798 321 816 ac
331 787 470 817 Psalmista
478 788 508 816 in
519 789 613 818 multis
625 788 736 827 psalmis
745 789 856 817 titulum
868 798 913 826 ap-

110 827 204 867 posuit
213 833 263 857 Pro
272 831 382 857 OHava
391 851 399 862 ,
420 830 495 867 quod
505 833 582 865 juxta
600 830 790 859 Rabbinorum
808 828 914 866 expoli-

110 869 219 898 tionem
238 868 372 908 fignificat
384 870 514 898 muricum
526 870 738 900 instrumentum
757 871 821 899 ofto
832 869 911 897 chor-

113 909 208 939 darum
219 931 227 942 ,
237 919 266 937 ut
278 910 468 938 Genebrardus
480 911 594 939 testatur
602 933 609 944 ‚
621 911 676 940 live
686 911 822 940 psalmum
837 932 845 943 ,
865 909 912 949 qui

112 950 175 978 οᾶο
185 951 259 978 notis
269 950 376 978 canitur
386 972 394 984 ,
404 961 433 979 ut
442 952 556 989 Jacobus
567 953 696 981 Valentia
707 961 828 981 autumat
839 971 847 978 .
857 950 908 979 Sed

110 989 254 1029 jansenius
264 991 301 1019 ait
313 1012 320 1023 ,
332 992 406 1029 quod
419 991 513 1020 inillis
524 991 631 1031 psalmis
641 1014 649 1025 ‚
670 994 698 1021 in
709 993 805 1031 quibus
815 990 915 1030 [mesa—

111 1040 154 1059 tus
163 1031 258 1059 titulus
270 1030 500 1070 liabetur-‚semper
510 1033 544 1061 de
553 1032 702 1062 universali
714 1033 824 1072 judicio
836 1042 912 1061 men-

115 1071 156 1100 tio
168 1070 198 1099 fit
209 1092 217 1104 ‚
233 1072 291 1110 post
305 1072 379 1110 quod
387 1071 463 1110 sequi
473 1073 552 1102 debet
563 1075 677 1109 mystica
687 1076 783 1103 oftava
794 1095 801 1106 ,
825 1071 893 1102 idest
906 1094 914 1105 ‚

113 1121 224 1140 aetcrnae
237 1113 338 1150 quietis
350 1115 496 1142 Beatorum
505 1114 535 1142 in
544 1125 634 1143 anima
643 1118 672 1143 δε
681 1125 796 1153 corpore
806 1112 914 1153 glorifi-

114 1162 176 1180 cato
187 1174 196 1186 ,
216 1162 272 1190 quo
281 1151 358 1181 sensu
371 1153 488 1184 faciliter
499 1156 579 1184 verba
590 1156 767 1184 Ambrosiam
788 1156 837 1185 lib.
851 1165 874 1183 1.
884 1153 915 1182 in

114 1203 172 1232 cap.
187 1200 213 1222 6.
223 1195 302 1222 Lucae
315 1215 324 1226 ,
335 1194 399 1222 alias
411 1196 457 1223 vix
468 1196 657 1234 intelligibilia
668 1197 826 1225 enodantur
839 1216 846 1229 ‚
869 1195 915 1223 ubi

117 1234 226 1276 §aristus
235 1234 342 1262 Doctor
352 1234 386 1262 de
397 1245 499 1264 aeterna
508 1237 678 1265 beatitudine
689 1247 770 1276 agens
781 1258 788 1270 ,
803 1235 895 1275 inquit
907 1247 913 1263 :

115 1280 127 1310 [
139 1275 213 1302 Sicut
224 1274 298 1302 enim
309 1273 366 1313 spei
378 1276 477 1304 nostrae
487 1277 581 1306 octava
591 1276 723 1315 pcrl‘estio
734 1278 782 1311 cst,
794 1277 832 1306 ita
842 1276 915 1305 osta-

116 1325 150 1344 νει
169 1313 272 1343 summa
283 1325 418 1345 virtutum
429 1317 468 1345 est
479 1319 510 1349 .]
533 1318 652 1347 Dixerat
665 1319 739 1347 enirn
750 1328 831 1346 ante:
858 1320 915 1353 [Et

114 1355 275 1399 mandatum
286 1356 396 1395 accipis,
405 1359 468 1386 οέὶο
479 1358 536 1386 illis
547 1369 636 1397 partes
645 1358 708 1387 dare
718 1357 822 1388 fortasse
834 1359 915 1386 bene-

118 1396 286 1425 difbionibus
299 1399 311 1428 ]
333 1397 400 1427 idest
411 1421 419 1431 ‚
442 1408 502 1426 cum
521 1400 755 1428 benedictionibus
766 1421 774 1433 ‚
797 1408 897 1436 nempe
907 1420 914 1431 ‚

119 1446 180 1464 cuin
191 1437 375 1472 eleemosynis
388 1450 396 1470 5
420 1449 482 1467 nam
500 1439 654 1469 benedifkio
667 1465 672 1470 ,
694 1451 724 1468 ut
733 1439 781 1468 suo
791 1441 854 1469 loco
873 1439 915 1467 di-

117 1477 190 1505 ctum
212 1478 249 1504 eit
261 1498 269 1509 ,
291 1479 517 1517 quandoquidem
537 1480 741 1514 eleemosynam
763 1480 896 1519 fignificat
908 1500 916 1512 ‚

119 1515 214 1554 quibus
225 1518 312 1546 verbis
332 1518 365 1546 ad
376 1519 445 1547 illud
467 1521 618 1550 Ecclesmst.
636 1531 693 1559 cap.
706 1533 732 1550 2.
744 1521 832 1550 allusit
842 1543 850 1554 ³
872 1519 917 1548 Ubi

123 1556 254 1599 habetur:
280 1563 291 1592 [
304 1558 348 1600 Da
365 1569 472 1596 partem
482 1559 587 1599 septem
597 1583 606 1595 ,
627 1572 675 1591 ncc
684 1573 740 1590 non
750 1563 814 1590 odo
824 1583 833 1595 ‚
855 1560 919 1600 quia

122 1606 233 1635 ignoras
252 1618 260 1629 ‚
283 1598 351 1635 quid
364 1598 484 1628 futurum
493 1601 525 1629 sit
533 1602 599 1631 mali
607 1600 687 1641 super
696 1612 797 1631 terram
807 1623 814 1630 .
827 1604 839 1633 ]
864 1603 918 1630 Ita-

121 1647 175 1676 que
186 1639 224 1666 D.
236 1639 374 1668 Anibtolii
386 1642 468 1670 verba
479 1641 612 1672 denotant
623 1665 631 1676 ‚
642 1643 717 1682 quod
727 1646 790 1672 octo
803 1643 919 1672 beatitu-

121 1680 200 1721 dines
211 1688 240 1706 in
251 1679 404 1718 'largiendo
413 1683 477 1710 οξὲο
486 1691 576 1720 partes
595 1685 752 1722 pauperibus
763 1685 794 1713 iii
806 1683 920 1712 benedi-

120 1718 257 1762 &ionibus
269 1741 276 1752 ,
300 1719 405 1750 scilicet
418 1744 424 1754 ‚
448 1723 633 1759 eleemosynis
664 1725 828 1756 confistanti
852 1723 919 1752 hinc

120 1759 261 1803 concludit
272 1782 280 1793 ‚
292 1762 367 1799 quod
377 1764 473 1792 octava
484 1763 595 1804 largitio
603 1764 707 1795 summa
719 1767 852 1794 virtutum
862 1764 899 1794 est
912 1786 920 1797 ‚

122 1799 190 1828 ficut
198 1798 256 1838 spei
267 1802 365 1845 nostrae
375 1804 471 1832 onva
481 1809 493 1837 (
504 1805 571 1834 idest
583 1828 591 1839 ,
603 1806 766 1839 beatitudo)
789 1806 920 1845 persefflo

123 1839 160 1868 est
171 1859 178 1866 .
192 1841 266 1868 Nam
276 1851 308 1869 in
319 1853 406 1881 capite
417 1851 443 1872 6.
456 1847 534 1874 Lucae
550 1847 582 1875 ab
592 1847 734 1876 Ambrosio
745 1848 870 1886 exposito
880 1846 920 1875 lo-

124 1880 254 1920 quebatur
263 1881 402 1912 Dominus
411 1885 445 1914 de
456 1886 663 1916 beatitudinibus
672 1909 680 1921 ‚
703 1888 746 1917 ubi
757 1889 837 1917 valde
847 1888 919 1915 elee-

123 1919 268 1956 mosynam
276 1926 526 1968 commendaverat,
537 1928 679 1967 inquiens:
695 1935 706 1964 [
721 1931 920 1961 Veruntamen,

125 1971 166 1990 vce
181 1962 257 2006 vobis
267 1963 399 2008 diuitibus
409 1970 459 1996 &c.
471 1978 512 1997 γε
523 1969 610 2001 vobis,
622 1971 667 2007 qui
677 1968 787 1998 saturati
798 1970 859 1998 estis
869 1973 920 1998 ἃς.

124 2001 172 2030 sed
185 2003 264 2047 vobis
285 2005 350 2034 dico
358 2009 410 2035 &m
433 2011 467 2037 Et
477 2010 508 2038 ab
518 2020 551 2038 eo
561 2010 607 2048 qui
618 2010 703 2039 aufert
715 2011 762 2039 tibi
775 2010 919 2038 vestimen—

127 2052 186 2071 tum
194 2064 204 2087 .’
216 2053 298 2074 etiam
312 2047 436 2077 tunicam
446 2050 504 2078 noli
516 2051 659 2088 prohibere
670 2063 675 2079 :
688 2052 767 2079 ouini
777 2061 865 2079 autem
875 2061 922 2089 pc-

128 2094 199 2112 tenti
210 2096 236 2113 te
246 2087 334 2115 tribue
346 2109 353 2120 ‚
369 2091 398 2117 δι
407 2089 456 2128 qui
465 2091 551 2120 aufert
582 2101 642 2129 quw
656 2101 699 2120 tua
710 2090 771 2120 sunt
782 2113 790 2124 ‚
802 2102 836 2119 ne
846 2101 922 2130 repe-

126 2135 162 2153 tas
172 2129 223 2154 &c-
235 2129 246 2157 J
261 2129 323 2172 *sed
335 2139 364 2157 ut
376 2129 409 2158 ad
429 2132 597 2170 propositum
608 2133 746 2160 redeamus
757 2153 764 2164 ‚
787 2132 820 2160 de
831 2133 924 2161 ostava

126 2166 158 2210 ab
168 2168 282 2196 Ecclciia
292 2169 415 2199 instituta
423 2193 431 2204 ‚
446 2175 474 2201 ὅ(
484 2182 540 2211 quo
551 2173 584 2201 ad
595 2175 652 2209 ejus
662 2173 802 2211 antiquam
813 2173 923 2202 institu-

127 2216 235 2235 tionem
245 2230 253 2241 ‚
273 2220 353 2249 atque
363 2212 492 2248 mysteria
501 2233 508 2240 .
532 2214 606 2242 Vide
617 2214 728 2242 Paulum
739 2214 874 2251 Quartum
898 2214 926 2242 in

126 2258 277 2279 comment·
300 2253 386 2281 Rubr.
397 2251 466 2281 Mifli
492 2264 558 2292 part.
575 2266 583 2282 1
591 2275 597 2282 .
609 2263 653 2282 tit.
667 2266 692 2282 ι.
712 2257 739 2282 δ(
750 2255 815 2282 licet
836 2255 927 2283 Graeci

130 2299 202 2319 nunc
213 2292 322 2320 oftavas
333 2293 512 2323 festivitatum
527 2306 585 2323 non
595 2296 733 2323 celebrent
745 2307 752 2325 ς
764 2294 870 2324 constat
890 2305 928 2324 ta-

125 2339 191 2361 men
209 2334 360 2374 antiquitus
381 2334 441 2364 illas
451 2333 641 2367 solemnizass'e
651 2357 660 2370 ,
680 2345 711 2365 ut
725 2346 759 2365 ex
778 2337 817 2365 D.
828 2335 930 2366 Balilio

913 56 921 278 -ψ

964 52 1116 86 Seleucien.
1127 51 1174 82 lib.
1186 64 1212 82 2.
1230 53 1267 84 de
1277 51 1414 81 miraculis
1423 53 1450 82 S.
1460 51 1569 82 Theclae
1580 63 1639 91 cap.
1655 57 1698 83 18.
1719 51 1766 81 sa-

963 96 1000 126 tis
1007 95 1150 134 colligitur
1160 115 1169 128 ,
1191 93 1236 123 ubi
1247 93 1373 122 octavam
1385 91 1444 121 sesti
1463 93 1538 121 diem
1554 93 1702 124 ᾰπᾰλυσογ
1711 103 1762 123 νο-

964 146 1006 167 cat
1018 158 1025 169 ,
1049 135 1117 165 idest
1127 157 1136 168 ‚
1148 132 1289 163 disccssiim
1300 155 1308 168 ,
1318 132 1363 162 seu
1372 132 1580 162 diss'olutioncm
1593 146 1599 164 ;
1620 133 1721 163 namin
1730 143 1763 162 o-

964 178 1044 207 ftavo
1053 177 1098 205 die
1111 175 1276 204 terminatur
1285 195 1294 207 ,
1305 185 1334 203 ac
1342 172 1498 203 dill'olvitur
1507 173 1602 202 festum
1613 196 1620 207 ,
1632 175 1696 203 dum
1706 173 1743 202 ait
1754 186 1761 204 :

967 224 979 253 [
991 217 1098 247 Festum
1115 227 1173 245 erat
1191 215 1320 251 Mai-tyris
1334 237 1342 248 ‚
1364 218 1392 244 ὃς
1411 215 1560 254 postremus
1579 218 1635 252 jam
1644 213 1765 251 ejusdcm

966 259 1042 291 diei,
1064 267 1144 296 quam
1153 266 1255 286 vocant
1275 255 1484 285 diss'olutionem
1494 275 1501 282 .
1513 258 1526 288 ]
1551 256 1611 285 Cur
1619 264 1710 284 autem
1718 265 1766 282 oc-

965 309 1074 328 currens
1084 298 1178 327 ofiava
1195 296 1358 335 Epiphaniae
1371 297 1402 325 in
1410 296 1559 326 Dominica
1569 318 1577 329 ,
1598 296 1723 325 officium
1733 294 1766 323 il-

966 340 1018 368 lius
1033 339 1190 368 Dominicae
1209 338 1376 377 anticipatur
1397 338 1426 366 in
1435 337 1612 366 antecedenti
1631 336 1745 366 Sabbato
1755 356 1765 368 ,

965 381 1031 409 dum
1044 379 1130 419 potest
1141 379 1170 407 in
1180 379 1291 417 propria
1301 381 1358 414 ejus
1369 378 1425 407 diei
1433 388 1494 407 cum
1506 388 1580 407 nona
1589 378 1709 407 lestione
1718 398 1725 409 ,
1736 379 1766 404 &

965 420 1228 449 commemoratione
1240 418 1309 453 fieri,
1319 428 1348 447 ut
1359 418 1389 447 in
1397 418 1456 447 aliis
1468 418 1539 447 festis
1549 418 1606 447 fieri
1617 418 1766 447 soleta-{oc

968 462 1082 490 dubium
1092 459 1243 489 resolutum
1254 459 1309 498 legi
1321 459 1349 488 in
1366 459 1483 498 quodam
1494 459 1637 489 Breviano
1647 460 1682 488 de
1691 467 1766 487 anno

972 513 1054 539 ¹300·
1065 499 1251 538 manuscripto
1263 521 1271 532 ‚
1282 510 1311 528 in
1324 499 1448 529 Sacristia
1459 500 1594 529 Perusina:
1607 499 1767 529 Cathedra-

967 543 1001 570 lis
1010 541 1142 570 :isservato
1154 563 1160 574 ,
1173 541 1203 569 in
1214 551 1268 579 quo
1278 540 1380 569 dicitur
1391 562 1399 574 ‚
1419 541 1495 579 quod
1503 539 1549 568 hic
1560 541 1627 570 ritus
1639 539 1767 569 observa-

967 592 1012 611 tur
1021 604 1029 615 ‚
1054 593 1087 611 ne
1098 581 1283 610 confundatur
1293 582 1358 610 vitae
1377 580 1484 611 Christi
1496 581 1568 610 ordo
1589 582 1708 621 triginta
1717 590 1767 608 an-

968 633 1068 651 norum
1079 645 1086 656 ,
1099 623 1146 661 qui
1157 623 1186 650 in
1199 633 1228 650 ea
1239 623 1334 651 ofiava
1342 621 1573 661 repraesentantur
1583 644 1591 656 ,
1601 632 1683 660 atque
1693 621 1749 650 duo
1760 637 1766 642 ·

969 664 1200 693 decim-annorum
1213 663 1243 691 in
1252 661 1360 691 sabbato
1371 684 1378 691 .
1400 663 1510 692 Ofiava
1520 673 1611 692 autem
1632 662 1698 691 solis
1709 670 1767 690 cer·

969 704 1134 733 tisDomini
1147 703 1339 732 festivitatibus
1350 725 1358 736 ,
1381 707 1408 732 δε
1420 705 1508 732 Beatae
1519 704 1616 734 Mariae
1635 701 1769 731 concedi-

969 755 1012 775 tur
1023 765 1030 773 .
1053 747 1125 774 Item
1138 744 1330 782 principalibus
1339 744 1466 772 Patronis
1475 765 1484 777 ‚
1495 744 1714 773 velTitularibus
1723 752 1769 771 to-

969 787 1022 815 tius
1032 783 1206 815 Universalis
1216 785 1340 813 Ecclesiae
1351 805 1359 818 ‚
1368 794 1399 812 ut
1408 783 1470 813 sunt
1481 785 1645 814 Nativitatis
1655 806 1663 817 ,
1676 787 1704 812 &
1715 781 1770 814 As-¹

969 826 1134 865 sumptionis
1152 827 1183 854 B.
1193 826 1290 854 Mariae
1304 825 1384 865 Virg.
1394 826 1438 854 SS.
1447 827 1519 853 Petri
1531 829 1558 854 δ(
1568 825 1643 854 Pauli
1655 846 1662 857 ,
1685 825 1710 853 S.
1721 825 1770 862 Jo.

940 887 944 890 ⁴
969 866 1096 905 Bapnstae
1106 865 1274 896 Nativitatis
1286 887 1294 899 ,
1306 867 1350 904 Jo:
1363 865 1548 904 Evangelistae
1559 888 1566 899 ,
1577 868 1770 900 Protomarty-

972 917 1031 937 rum
1043 906 1192 945 Stephani,
1210 911 1237 936 ἃ
1249 906 1388 935 Laurentii
1400 929 1408 940 ‚
1420 907 1477 936 five
1488 907 1613 935 Patronis
1623 928 1630 939 ,
1652 910 1680 935 δι
1689 905 1769 934 Titu-

969 949 1065 978 laribus
1077 947 1279 985 particularium
1290 947 1465 977 Ecclesiarum
1475 967 1482 974 ·
1505 949 1584 976 Inter
1593 947 1716 976 ORavas
1725 956 1771 974 au-

968 999 1025 1018 tem
1045 988 1162 1018 Domini
1176 987 1206 1016 sit
1225 988 1352 1026 aliqualis
1362 987 1518 1016 differentia
1530 1000 1537 1019 ς
1548 989 1578 1016 in
1590 988 1682 1027 primo
1691 987 1770 1015 enim

969 1030 1052 1069 gradu
1062 1051 1071 1063 ,
1080 1029 1143 1058 sunt
1153 1027 1261 1057 Paschae
1273 1049 1281 1061 ‚
1301 1032 1329 1057 δ(
1341 1028 1514 1058 Pentecostes
1523 1051 1531 1062 ‚
1551 1039 1611 1067 qux
1623 1029 1686 1057 alias
1697 1027 1771 1060 festi-

969 1072 1068 1100 vitates
1078 1092 1086 1104 ,
1109 1079 1159 1098 nec
1169 1069 1301 1098 Titularis
1312 1091 1320 1102 ‚
1340 1080 1390 1098 nec
1401 1071 1514 1098 Patroni
1531 1070 1684 1098 admittunt
1694 1088 1700 1096 .
1723 1069 1772 1097 Se-

973 1111 1056 1140 cundi
1074 1111 1171 1150 gradus
1181 1110 1219 1138 est
1228 1111 1324 1139 ostava
1346 1109 1508 1148 Epiphaniae
1521 1132 1528 1143 ,
1551 1120 1611 1149 quae
1623 1110 1713 1138 solum
1721 1111 1772 1138 Pa-

969 1163 1065 1181 tronos
1076 1173 1084 1185 ‚
1096 1155 1125 1180 δι
1134 1151 1270 1190 Titulares
1279 1172 1287 1184 ‚
1298 1154 1326 1179 ὃ(
1336 1150 1532 1180 Dedicationis
1540 1151 1615 1180 diem
1625 1149 1751 1179 admittit
1761 1161 1772 1180 ς

969 1192 1016 1222 sed
1026 1203 1085 1221 non
1103 1192 1133 1220 in
1145 1192 1190 1221 die
1199 1193 1295 1220 octava
1306 1212 1314 1224 ,
1336 1191 1400 1230 quia
1410 1192 1440 1220 in
1450 1202 1484 1220 eo
1502 1192 1654 1220 celebratur
1671 1188 1775 1228 baptis-

973 1243 1033 1262 mus
1045 1233 1194 1262 Salvatoris
1204 1252 1211 1260 .
1233 1233 1358 1261 Durand.
1369 1233 1415 1261 lib.
1428 1244 1455 1266 7.
1465 1242 1521 1270 cap.
1538 1243 1580 1266 17.
1601 1241 1682 1271 quam
1691 1233 1773 1259 Offa-

970 1285 1039 1304 vam
1044 1274 1226 1312 suppletionis
1238 1273 1311 1302 idem
1324 1282 1423 1306 vocat,
1444 1283 1506 1302 cum
1517 1274 1546 1302 in
1558 1284 1588 1302 ea
1605 1281 1773 1301 commemo·

970 1314 1041 1344 ratio
1049 1314 1155 1353 pi·.esati
1166 1314 1292 1352 baptismi
1303 1313 1462 1352 suppleatur
1471 1335 1478 1342 .
1490 1316 1526 1343 In
1538 1314 1624 1342 tertio
1635 1323 1702 1342 vero
1712 1323 1775 1352 gra-

971 1356 1007 1384 du
1016 1355 1130 1384 habetur
1137 1356 1232 1384 ostava
1242 1356 1377 1393 Corporis
1387 1355 1505 1388 Christi,
1517 1365 1576 1394 quae
1589 1353 1713 1383 admittit
1723 1354 1776 1382 du-

972 1396 1071 1436 plicia5
1084 1407 1143 1424 non
1154 1406 1221 1425 vero
1233 1397 1362 1425 translata
1372 1417 1380 1429 ,
1401 1396 1452 1425 nisi
1463 1395 1547 1425 ell'ent
1557 1393 1755 1424 solemniffima
1765 1416 1776 1428 ,

978 1448 1011 1466 ex
1021 1437 1135 1465 decreto
1151 1437 1268 1475 Joannis
1279 1438 1372 1465 XXII.
1392 1437 1438 1475 qui
1450 1436 1601 1465 declaravit
1611 1457 1619 1468 ‚
1637 1435 1712 1474 quod
1723 1437 1774 1465 In-

975 1478 1127 1517 dulgentiae
1140 1476 1266 1506 concess'ae
1286 1478 1316 1505 in
1325 1477 1370 1505 die
1381 1478 1494 1510 alicujus
1503 1477 1592 1506 saneti
1605 1487 1614 1507 ς
1637 1477 1703 1505 licet
1713 1486 1776 1514 pro-

973 1528 1035 1558 pter
1044 1518 1274 1557 impedimentum
1284 1517 1395 1553 alicujus
1405 1519 1522 1547 octava:
1533 1539 1541 1551 ,
1560 1517 1594 1546 de
1613 1527 1646 1545 eo
1657 1528 1716 1546 non
1727 1516 1777 1546 fiat

974 1559 1089 1590 sestums
1109 1558 1293 1587 nihilominus
1314 1559 1345 1586 ab
1365 1558 1617 1587 intervenientibus
1635 1558 1668 1586 ad
1679 1557 1777 1587 divina

975 1600 1068 1629 officia
1077 1599 1211 1628 currentis
1230 1599 1286 1627 diei
1296 1600 1487 1637 acquirantur,
1508 1598 1583 1637 quod
1593 1598 1777 1627 decretumin

975 1640 1146 1670 Bibliotheca
1167 1641 1192 1669 S.
1206 1640 1305 1668 Isidori
1325 1642 1424 1669 Romae
1443 1639 1589 1668 asservatur
1598 1660 1605 1667 .
1631 1641 1688 1669 FR.
1706 1640 1778 1667 Sacr-

976 1682 1038 1711 Rit.
1053 1682 1198 1720 Congreg.
1209 1681 1254 1709 die
1266 1691 1312 1709 21.
1326 1682 1405 1719 Junii
1420 1688 1502 1714 1670.
1514 1680 1583 1708 fac'to
1595 1680 1667 1718 prius
1690 1680 1777 1709 verbo

976 1732 1037 1750 curn
1049 1720 1239 1754 Sanctiffimo,
1249 1720 1390 1759 prohibuit
1402 1743 1408 1754 ,
1421 1732 1455 1749 ne
1465 1722 1493 1748 in
1504 1722 1639 1759 posterum
1653 1720 1724 1751 infra
1732 1721 1778 1750 0-

976 1764 1080 1792 &avam
1089 1763 1225 1800 Corporis
1236 1761 1343 1791 Christi
1353 1762 1440 1792 Missae
1451 1772 1556 1790 votive
1580 1771 1757 1800 quecumque
1767 1783 1778 1794 ,

977 1805 1025 1833 vel
1038 1813 1088 1842 pro
1098 1803 1246 1832 Defunctis
1268 1803 1517 1837 celebrarentur:112
1531 1802 1647 1840 Insuper
1663 1802 1779 1831 infesti-

979 1844 1113 1873 vitatibus
1132 1843 1251 1872 Domini
1263 1844 1455 1872 Eccleiiamon
1464 1842 1534 1871 solet
1554 1845 1695 1880 complere
1704 1843 1780 1871 ofta-

977 1895 1040 1913 vam
1051 1885 1144 1915 diem5
1165 1884 1268 1912 namin
1279 1885 1388 1913 Ostava
1399 1884 1563 1913 Nativitatis
1573 1883 1693 1919 ejusdem
1702 1884 1779 1912 cele·

976 1927 1067 1954 hiatur
1087 1925 1166 1963 ipsius
1185 1925 1389 1956 Circumcisioz
1410 1926 1440 1952 in
1458 1925 1552 1952 ostava
1574 1924 1737 1963 Epiphaniae
1747 1923 1781 1952 fit

977 1966 1204 1995 commemoratio
1214 1965 1248 1993 de
1258 1968 1314 2001 ejus
1324 1964 1462 2003 Baptismo
1474 1986 1481 1993 .
1503 1966 1612 1994 octava
1620 1975 1710 1994 autem
1720 1963 1781 1993 Pas-

980 2007 1038 2036 cliae
1053 2028 1060 2039 ‚
1083 2010 1109 2035 δε
1121 2006 1293 2035 Pentecostes
1303 2006 1336 2034 ad
1347 2007 1487 2035 Sabbatum
1498 2007 1662 2035 terminatur
1671 2028 1679 2039 ,
1703 2005 1780 2044 quod

978 2059 1036 2077 non
1045 2048 1100 2076 sine
1110 2048 1241 2082 mysterio
1253 2046 1284 2074 fit
1295 2047 1324 2074 ab
1335 2047 1451 2076 Ecclefia
1460 2069 1468 2079 ,
1479 2047 1513 2075 ad
1523 2047 1717 2079 denotandam,
1728 2045 1781 2074 sci-

979 2089 1045 2117 licet
1056 2110 1062 2120 ,
1073 2087 1219 2126 perfectam
1229 2088 1375 2115 Salvatoris
1383 2088 1501 2126 gloriam
1513 2109 1520 2121 ‚
1532 2097 1590 2116 tum
1601 2088 1710 2121 anime,
1721 2097 1780 2115 tum

978 2130 1101 2167 corporis
1111 2150 1118 2157 .
1142 2130 1176 2157 In
1188 2126 1355 2156 Asccnlione
1367 2129 1500 2167 siquidem
1509 2138 1618 2157 tantum
1638 2139 1696 2157 tota
1705 2129 1780 2156 osta.-

981 2181 1013 2198 va
1023 2170 1176 2207 completur
1186 2168 1321 2206 perfectu
1345 2170 1374 2197 in
1385 2180 1414 2198 ea
1423 2171 1498 2198 enim
1517 2171 1642 2198 ultimata
1653 2169 1780 2197 humani-

982 2211 1046 2240 tatis
1055 2212 1143 2250 gloria
1154 2209 1339 2238 manifestatur
1350 2231 1356 2237 .
1375 2212 1408 2239 In
1418 2221 1516 2249 quarto
1527 2211 1610 2249 gradu
1620 2209 1682 2239 sunt
1694 2211 1780 2238 Osta-

983 2262 1025 2280 γε
1037 2250 1204 2281 Nativitatis
1216 2271 1223 2282 ‚
1246 2254 1273 2279 δι
1284 2249 1458 2280 Asceniionis
1468 2251 1584 2280 Domini
1598 2273 1604 2284 ,
1617 2255 1642 2279 δε
1664 2251 1783 2278 aliorum

985 2294 1142 2322 amc-torum
1153 2313 1161 2324 ‚
1181 2291 1210 2318 in
1219 2292 1313 2329 quibus
1321 2292 1506 2320 admittuntur
1525 2293 1609 2320 etiam
1621 2290 1781 2329 semidupli-

987 2334 1028 2362 cia
1038 2355 1045 2361 .
1068 2334 1150 2362 Circa
1161 2332 1240 2361 dubia
1250 2353 1258 2365 ,
1280 2342 1340 2371 quae
1353 2334 1384 2362 in
1391 2334 1495 2362 oetavis
1505 2343 1648 2361 occurrere
1659 2330 1766 2371 polliint
1777 2356 1788 2369 ‚

1418 2376 1473 2413 Gg
1517 2386 1531 2403 ι.
1699 2373 1749 2401 ali-
