1866 2526
457 37 571 82 GY

111 103 170 129 tare
180 96 269 128 solet.
289 99 346 127 PR.
365 95 410 125 seu
422 97 513 135 potius
531 96 604 125 idem
623 94 724 125 malum
739 92 880 133 augurium
899 103 912 122 a

109 139 268 168 mortalibus
286 147 409 167 avertere
427 135 538 176 superos
547 136 657 176 rogavit
674 135 720 165 hic
734 136 840 164 Aue'tor
852 156 860 168 ,
880 135 912 163 ad

108 180 300 218 Antiquorum
309 177 459 207 sententias
468 177 592 206 alludens
602 199 609 210 ,
624 177 670 216 qui
684 176 798 205 vulturis
809 175 912 215 appari-

107 221 216 249 tionem
228 218 326 257 infelix
337 217 510 257 paestiientiae
520 218 650 247 nuncium
660 217 913 256 reputabant:quan-

108 259 260 299 doquidem
269 259 373 288 Plinius
385 258 431 287 lib.
447 269 488 287 io.
499 269 556 298 cap.
567 266 593 287 6.
606 258 640 287 sic
650 257 801 297 scripserat:
817 264 828 292 [
840 257 912 286 Um-

105 298 204 329 bricius
213 299 364 338 arupiscum
376 299 469 328 nosti-0
479 310 542 328 ,tvo
561 298 738 337 peritissimus
755 298 840 326 tradit
850 297 911 325 vul-

108 350 182 368 tures
192 340 286 368 triduo
297 349 361 368 ante
372 361 378 371 ,
390 349 434 367 aut
444 340 528 368 biduo
540 340 633 367 volare
644 340 687 367 ubi
699 338 830 367 cadavera
841 337 910 365 futu-

108 390 137 409 ra
147 379 210 409 sunt
219 382 249 411 .]
265 383 305 409 Ac
316 380 427 409 Planus
438 380 467 408 in
477 383 558 408 Truc.
577 380 674 408 clai-ius
683 377 812 417 expressit
823 398 831 410 ,
851 387 913 405 eum

107 421 143 449 de
161 419 322 459 quibusdam
342 420 543 448 divinatoribus
562 420 654 458 lepide
671 420 797 448 dixerat:
822 423 833 451 [
851 419 913 455 Jam

106 462 181 500 quali
193 461 308 489 vulturii
320 461 412 489 triduo
423 461 495 499 prius
505 461 724 499 praedivinabant
734 480 741 486 .
754 460 766 488 ]
779 458 863 493 Quod
875 468 913 500 ta-

107 512 172 531 men
181 501 265 539 pollet
277 502 437 529 naturaliter
447 500 606 534 succedere,
627 509 688 528 cum
706 510 739 528 ex
758 497 826 540 aeris
846 499 914 526 inle-

107 543 199 571 ctione
220 543 340 570 vultures
350 540 479 570 assues-isti
498 542 659 570 animalium
677 538 840 568 mortac-iiiia
863 538 915 565 fre-

107 592 239 620 quentare
251 603 257 614 ,
277 583 315 609 eis
328 581 453 610 funerum
466 581 563 609 fercula
582 581 715 609 abundare
724 578 894 618 praevideant
906 590 912 606 :

109 624 175 651 liciit
195 626 220 650 ἃ
240 622 396 651 lnlcedines
416 631 479 650 aves
499 622 528 649 in
546 622 637 660 rigido
658 621 767 656 hyemis
790 629 913 657 tempore

107 672 162 700 pra:
168 661 223 690 nos<
232 672 281 691 unt
291 662 504 697 halcyoniadum
513 662 671 700 quindecim
680 660 835 690 serenitatis
845 659 913 690 dies,

110 713 139 731 iii
151 704 245 741 quibus
262 703 294 731 ad
305 703 398 730 littora
411 712 501 730 earum
522 712 575 730 ova
593 702 716 740 pariant,
736 701 865 733 foveant,
886 710 913 728 ac

113 745 202 782 pullos
213 743 289 771 illico
298 743 429 771 educant:
450 743 484 771 lic
493 742 577 770 etiam
595 752 699 770 caetcrae
710 741 820 770 marinae
835 741 913 769 volu-

108 794 164 812 cres
182 793 244 811 ante
265 783 452 821 tempestatem
462 804 470 816 ,
499 784 557 819 ejus
578 784 729 811 adventum
753 781 913 810 naturaliter

107 822 281 862 praenoscunt
291 845 299 851 .
783 822 787 826 ’

1271 37 1315 80 Η
1348 36 1389 78 A
1644 51 1722 95 357

965 92 1046 122 Dabo
1065 102 1155 123 autem
1165 103 1276 133 operam
1287 115 1296 127 ,
1315 97 1344 122 δι
1364 93 1518 132 frequenter
1529 93 1627 124 habere
1651 107 1700 126 vos
1710 95 1770 135 post

966 133 1071 162 obitum
1083 144 1173 163 meum
1183 156 1191 168 ‚
1200 144 1229 163 ut
1238 133 1340 163 horum
1350 134 1512 163 memoriam
1525 133 1628 164 faciatis
1639 158 1646 169 ‚
1659 149 1683 166 2.
1694 136 1771 165 Petri

967 185 990 203 c.
1007 185 1029 202 i.
1039 173 1224 204 Pluralubem
1236 174 1314 204 vobis
1324 173 1439 203 scribere
1451 196 1459 207 ,
1471 174 1548 214 epist.
1561 187 1586 204 2.
1597 176 1632 204 D.
1644 179 1688 214 Jo.
1699 176 1772 205 Mul-

966 225 993 243 ta
1014 213 1091 243 habui
1102 216 1152 243 tibi
1163 214 1276 244 scribere
1287 237 1294 248 ‚
1313 213 1434 250 ejusdem
1450 216 1495 253 Jo.
1518 216 1596 254 epist.
1608 227 1635 254 3.
1649 219 1661 248 ]
1677 217 1729 245 Sed
1741 227 1770 245 re

966 265 1029 284 vera
1048 255 1078 284 in
1095 254 1253 291 hujusmodi
1273 254 1408 294 phrasibus
1427 256 1610 295 intelligenda
1631 257 1668 285 est
1685 257 1773 285 dictio

966 297 1070 333 Neceffe
1081 318 1089 329 ‚
1106 306 1135 324 ut
1145 297 1177 325 in
1187 297 1266 335 epist.
1277 296 1356 333 Judae
1369 297 1483 333 ponitur
1494 297 1626 334 explicite
1636 319 1645 330 ‚
1664 296 1716 326 hoc
1727 307 1771 334 pa-

966 339 1025 364 cto.-
1050 336 1182 372 [Neccsse
1193 336 1271 366 habui
1281 336 1399 365 scribere
1412 337 1488 366 vobi's
1496 341 1524 370 .]
1547 338 1590 366 De
1600 348 1651 376 qua
1661 336 1772 377 expres-

969 377 1044 405 lione
1054 375 1125 415 saepe
1146 378 1177 405 in
1187 388 1263 406 novo
1274 377 1455 406 testamento.
1476 377 1574 416 [Jesus
1589 388 1679 407 autem
1696 378 1772 407 dixit

967 417 1005 445 eis
1016 438 1023 449 ,
1034 428 1091 446 non
1102 416 1204 446 habent
1214 416 1316 447 necefle
1326 418 1365 445 ire
1374 438 1383 450 ,
1396 417 1496 446 Mattli.
1507 429 1530 446 c.
1545 429 1588 453 14·
1611 419 1719 448 Primus
1728 418 1772 446 di-

967 457 1008 485 xit
1020 479 1027 489 ,
1039 459 1134 486 villam
1144 460 1197 487 emi
1210 480 1218 491 ,
1235 462 1263 487 ὃς
1275 456 1375 486 necesse
1389 456 1476 487 habeo
1486 459 1563 487 exire
1574 480 1583 491 ,
1601 461 1664 487 Luc.
1681 471 1705 488 c.
1724 470 1732 486 i
1741 470 1769 494 4.

968 498 1080 527 Nccesse
1092 509 1182 527 autem
1193 498 1304 527 habebat
1313 498 1455 527 dimittere
1465 499 1503 527 eis
1520 509 1568 538 per
1590 499 1663 528 diem
1675 500 1772 529 festum

968 548 1063 570 unuin,
1074 539 1141 568 ibid.
1152 550 1175 567 c.
1189 551 1221 578 23
1228 560 1235 567 .
1245 539 1278 567 de
1288 538 1418 567 charitate
1427 549 1516 568 autem
1526 540 1703 569 fraternitatis
1712 550 1771 568 non.

969 578 1070 607 necess'e
1080 579 1204 608 habemus
1215 579 1331 608 scribere
1346 579 1434 612 vobis,
1456 591 1478 608 ι.
1490 579 1606 610 ΤΙιθΠΞιΙ.
1617 591 1673 619 cap.
1684 593 1711 616 4.
1735 584 1771 609 Et

968 629 1026 647 non
1035 620 1136 648 necess'e
1147 619 1251 649 habetis
1260 641 1268 653 ‚
1286 630 1315 648 ut
1324 619 1422 658 aliquis
1433 620 1529 649 doceat
1540 632 1588 650 vos
1597 643 1606 654 ‚
1625 622 1703 659 epist.
1714 621 1772 660 pri-

968 669 1010 687 ma
1019 662 1065 698 Jo.
1076 671 1098 688 c.
1112 673 1139 689 2.
1151 663 1162 692 ]
1175 662 1238 689 licet
1248 671 1262 688 e
1271 659 1406 688 converso
1417 682 1424 694 ‚
1436 670 1465 689 ut
1475 661 1533 689 dixi
1554 662 1584 690 in
1602 663 1667 690 diet.
1686 663 1771 690 Debi-

968 709 1030 728 tum
1042 722 1050 734 ‚
1060 701 1134 739 quod
1144 701 1293 739 aliquando
1302 700 1402 728 dicitur
1418 726 1422 733 ,
1433 712 1489 730 non
1499 701 1586 730 solum
1595 701 1716 740 respectu
1735 702 1772 730 il-

968 742 1018 769 lius
1029 763 1037 775 ‚
1048 743 1093 780 qui
1105 740 1184 770 habet
1194 740 1311 771 solveres
1322 740 1368 768 sed
1381 741 1460 769 etiam
1470 742 1639 782 intelligitur
1647 741 1771 780 respestu

969 781 1042 814 illius
1054 804 1061 814 ‚
1074 792 1119 820 qui
1129 785 1170 816 jus
1179 781 1261 809 habet
1272 781 1422 819 exigendi5
1434 783 1506 811 unde
1515 786 1606 812 Habeo
1616 804 1624 815 ‚
1646 787 1674 812 ἀ
1683 783 1772 812 Debeo

970 822 1122 860 promiscue
1131 843 1140 855 ‚
1151 821 1198 850 sed
1207 822 1333 851 inusitate
1341 831 1424 850 unum
1434 832 1485 861 pro
1495 824 1551 851 alio
1558 822 1697 862 usurpatur
1704 842 1714 851 .

68 866 265 896 Gi-noviious,
277 864 488 902 erraticussspud
500 866 587 894 Patres
597 864 913 899 usitatiffimum.[Quc-r-
928 864 1121 892 HAiziAticus
1132 883 1139 890 .
1163 863 1236 892 Vide
1254 864 1408 892 Abiaticus
1420 883 1428 890 .

107 914 165 931 tum
175 914 260 943 genus
269 905 306 933 est
324 904 522 934 Monachorum
534 927 542 938 ,
563 907 638 944 quod
659 907 817 934 nominatur
827 913 912 942 gyr02
929 904 1068 933 Haniws
1087 906 1314 933 Pitffiinirius.
1338 904 1411 932 Vide
1431 905 1511 942 Vestes
1524 905 1700 943 palantia,
1719 909 1770 935 Re-

109 954 207 983 vagum
219 966 227 977 ,
248 945 296 984 qui
307 955 363 974 tota
376 946 431 973 vita
444 945 487 974 sua
498 956 545 984 per
556 947 675 975 diversas
686 946 842 985 provincia>-
859 954 914 972 ter-

967 945 1078 983 le'giosus
1088 966 1095 973 .

108 985 149 1012 nis
159 985 252 1013 diebus
263 995 310 1023 per
322 985 494 1015 diversorum
505 987 585 1015 cellas
594 987 771 1025 hospitinmr
782 1008 789 1020 ‚
809 985 915 1022 semper
929 986 1118 1015 ΗΑεΕιυΑΜΑ
1129 1007 1138 1019 ‚
1149 997 1205 1015 vox
1216 985 1351 1015 Chaldaea
1359 987 1513 1015 Kakeldam
1522 1008 1530 1020 ,
1538 987 1608 1016 idest
1620 1008 1628 1019 ,
1638 997 1701 1025 ager
1709 985 1771 1016 san-

113 1025 177 1063 vagi
188 1046 195 1057 ,
207 1029 235 1053 oc
246 1036 382 1064 nunquam
392 1027 496 1055 stabiles
505 1049 513 1060 ,
534 1031 561 1055 ὃς
573 1029 692 1066 propriis
711 1026 894 1064 voluptatibus
904 1047 912 1058 ›

107 1068 135 1093 ὃς
153 1065 222 1104 gulae
242 1066 378 1095 illecebris
389 1065 539 1096 servientes
551 1089 559 1100 ‚
579 1069 609 1096 in
619 1069 725 1107 Regula
735 1069 760 1096 S.
772 1066 912 1096 Benedicti

107 1115 165 1144 reg.
182 1117 204 1133 i.
225 1108 368 1136 Venerunt
388 1107 422 1135 ad
441 1119 489 1136 nos
509 1109 564 1136 duo
576 1110 734 1137 Sacerdotes
756 1107 892 1147 gyrovagi
904 1127 912 1138 ›

107 1145 253 1184 ingressum
264 1157 386 1185 petentes
397 1159 404 1178 ς
415 1149 448 1176 de
457 1159 573 1187 quorum
584 1149 784 1188 perseverantia
795 1157 855 1176 cnm
867 1157 912 1185 pe-

109 1197 143 1214 ne
153 1187 227 1215 nulla
240 1187 304 1216 ellet
316 1188 392 1216 nobis
402 1188 460 1227 spes
471 1211 477 1221 ,
490 1200 618 1228 negatum
627 1191 664 1219 est
675 1191 723 1222 eis,
735 1189 809 1228 quod
821 1189 910 1226 postu-

109 1227 214 1261 labant,
236 1227 338 1257 Caesar.
358 1229 403 1256 lib.
419 1240 441 1257 i.
463 1240 520 1268 cap.
544 1241 586 1258 io.

66 1270 174 1296 Graii-iu
187 1289 193 1295 .
203 1270 259 1297 FR.
268 1269 396 1297 circuitus
406 1291 413 1301 ‚
430 1271 627 1299 &translative
637 1271 732 1309 capitis
743 1269 909 1308 vertiginem

969 1026 1060 1064 guinis
1070 1048 1077 1059 ‚
1091 1026 1191 1055 Matth.
1204 1038 1250 1059 27.
1271 1028 1339 1055 Aeta
1349 1026 1446 1064 Apost-
1462 1037 1484 1054 ι.
1505 1029 1559 1056 FR.
1572 1028 1771 1057 Andricomius

968 1066 998 1093 in
1008 1066 1193 1107 descriptione
1204 1065 1471 1102 Hierosolyniitanae
1484 1067 1570 1096 Urbis
1585 1079 1614 1096 n.
1625 1075 1692 1096 216.
1712 1072 1771 1097 Ha-

968 1107 1093 1136 celdama
1103 1108 1140 1136 ait
1151 1107 1200 1136 elle
1210 1108 1243 1136 ad
1254 1108 1339 1136 latum
1349 1107 1502 1136 Australem
1513 1109 1618 1136 Montis
1629 1109 1694 1137 Sion
1707 1119 1772 1145 ‚cu-

967 1149 1009 1183 jus
1019 1148 1166 1187 longitudo
1176 1151 1213 1177 est
1224 1147 1394 1186 septuaginta
1402 1148 1519 1177 duorum
1529 1149 1630 1187 pedum
1641 1171 1649 1182 ‚
1670 1153 1698 1177 ἁ
1710 1149 1771 1177 lati-

968 1188 1035 1216 tudo
1044 1191 1246 1228 quinquaginta
1257 1211 1264 1222 ,
1283 1199 1296 1216 a
1309 1189 1401 1217 Sancta
1414 1189 1521 1218 Helena
1531 1200 1610 1218 muro
1620 1189 1772 1218 circumda-

966 1237 1024 1256 tum
1034 1251 1042 1262 ,
1053 1240 1244 1268 arcuatumque
1255 1239 1316 1257 cum
1326 1229 1432 1267 septem
1441 1230 1591 1268 spiraculis,
1601 1241 1649 1269 pcr
1658 1240 1717 1268 qux
1729 1229 1771 1259 se-

965 1270 1105 1306 peliuntur
1116 1271 1306 1299 detunctorum
1317 1269 1540 1299 Christianorum
1550 1272 1681 1300 cadavera
1691 1291 1699 1298 .

108 1308 243 1347 fignificat
255 1329 262 1336 .
279 1313 337 1344 [Et
348 1310 413 1338 sicut
426 1333 432 1343 ‚
445 1321 490 1348 qui
501 1313 683 1350 corporaliter
694 1310 771 1340 saltat
783 1321 790 1339 ς
804 1310 910 1338 volubi-
926 1310 997 1338 Hffic
1009 1312 1082 1339 Dies
1094 1333 1102 1344 ,
1114 1312 1204 1347 Quam
1213 1312 1304 1340 Fieri·
1315 1312 1458 1342 Dommus
1469 1316 1522 1340 διε.
1544 1311 1649 1346 versus,
1670 1312 1718 1350 qui
1728 1321 1771 1340 re-

108 1349 186 1377 litate
194 1349 377 1378 membrorum
387 1348 414 1378 se
423 1360 551 1380 exercens
561 1374 568 1385 ‚
587 1362 687 1391 gyrum
708 1352 753 1380 sibi
773 1350 908 1378 salutatio-

966 1350 1065 1378 citatur
1076 1353 1106 1380 in
1115 1353 1210 1380 officio
1219 1351 1341 1379 Pascliali
1351 1372 1358 1379 .
1382 1352 1455 1381 Vide
1473 1353 1565 1389 Versus
1577 1373 1585 1381 .

109 1389 151 1417 nis
160 1390 275 1428 acquirit
284 1411 291 1417 .
301 1391 467 1420 D.Ambr0s.
479 1394 563 1420 Serm.
576 1398 620 1421 80.
632 1395 643 1423 ]
656 1403 737 1430 quem
747 1394 837 1421 locum
847 1401 908 1430 per·
923 1391 1170 1421 Hffimoiiiuioinrs
1182 1413 1190 1420 .
1214 1392 1286 1421 Vide
1303 1394 1410 1422 [zuche
1421 1414 1429 1425 ‚
1440 1393 1549 1430 Rhagas
1560 1415 1568 1426 ‚
1579 1395 1669 1431 Vts'cus
1677 1413 1688 1422 .

108 1439 199 1468 peram
210 1432 350 1460 Antonius
361 1433 484 1462 Dadinus
493 1439 590 1473 syrum
599 1432 668 1471 legit
680 1453 686 1459 .

70 1523 906 1534 ——-—-——.—————--·————————

165 1699 204 1717 *·:
244 1682 391 1708 Aeacum(
401 1680 563 1709 Paomim
575 1699 583 1706 .
604 1679 677 1707 Vide
693 1678 889 1717 Dascophorus.

246 1722 351 1749 Hanno
364 1741 371 1751 ,
385 1730 434 1757 pro
445 1720 546 1749 debeo:
565 1720 728 1757 [Subrogato
737 1719 767 1747 in
778 1720 838 1747 loco
847 1729 910 1748 meo

133 1792 141 1797 ,
159 1788 179 1800 n
229 1762 237 1798 ξ
261 1760 397 1798 Episcopo
407 1781 414 1792 ,
425 1761 499 1798 quod
513 1761 634 1789 nondum
647 1761 744 1788 lactum
755 1765 803 1791 eit,
813 1764 840 1788 ὅ(
853 1759 909 1797 spc-

152 1788 224 1826 222.AE
258 1813 289 1829 ro
298 1823 306 1834 ‚
328 1801 401 1839 quod
413 1811 461 1828 ricc
470 1801 616 1840 aliquando
625 1800 685 1829 fieri
696 1801 775 1828 habet
786 1820 793 1827 .
817 1801 910 1828 Anail.

110 1844 142 1871 in
154 1844 227 1871 Exil.
247 1844 273 1871 S.
285 1842 395 1870 Martini
408 1843 484 1879 Papa:
494 1862 500 1869 .
521 1842 642 1870 Habebat
652 1842 765 1870 induere
775 1840 890 1868 homine
901 1861 908 1868 .

112 1884 272 1912 Vic'torinus
292 1882 337 1909 lib.
357 1892 378 1908 i.
398 1881 524 1910 adversus
536 1886 630 1911 Arium
641 1884 673 1913 .]
689 1882 791 1910 Phraiis
802 1881 913 1920 quidem

110 1926 290 1954 Grumum,
313 1923 359 1960 qui
381 1922 492 1950 verbum
511 1921 583 1961 ἔχω,
602 1933 653 1960 pro
661 1922 748 1950 habeo
760 1943 768 1955 ‚
791 1922 914 1950 &debeo

112 1964 265 2003 promiscue
275 1961 403 2000 usurpant
416 1985 422 1996 ,
436 1962 501 1992 liinc
511 1963 706 1992 Nazianzenus
716 1972 806 2001 inquit
819 1974 825 1989 :
842 1964 912 1998 [Ha-

111 2006 162 2034 beo
173 2005 281 2033 brevius
292 2004 368 2041 loqui
379 2024 385 2031 .
398 2005 478 2033 Orat.
493 2015 538 2032 20.
551 2006 563 2035 ]
576 2004 619 2031 ubi
633 2004 723 2032 Habeo
732 2005 782 2031 stat
794 2004 856 2031 loco
867 2004 910 2031 dc-

109 2047 176 2074 beo.
200 2048 254 2074 FR.
268 2044 375 2072 verbum
391 2045 481 2072 Habeo
502 2043 548 2072 sub
568 2044 696 2082 praedicra
713 2044 911 2082 significatione

109 2086 206 2124 pallini
216 2086 246 2113 in
257 2087 334 2114 Sacra
345 2086 482 2122 Scriptura
490 2086 626 2122 reperitur
636 2106 643 2117 ‚
656 2094 686 2112 ut
699 2095 705 2111 :
727 2090 738 2119 [
752 2085 827 2120 Quid
845 2094 911 2123 ergo

109 2127 197 2155 habeo
207 2127 281 2162 yusta:
295 2126 410 2163 querelae
422 2146 430 2157 ‚
449 2135 492 2153 aut
501 2126 569 2163 quid
579 2123 682 2163 poll'um
693 2128 746 2153 &c.
768 2136 794 2153 z.
804 2127 876 2164 Reg.
886 2136 909 2152 c.

114 2178 158 2202 19.
170 2170 182 2198 ]
196 2167 263 2195 iden
278 2187 284 2197 ,
295 2166 361 2203 quid
371 2166 465 2198 debeo,
477 2176 520 2194 aut
532 2166 597 2204 quid
609 2164 722 2203 polliim.
736 2171 748 2199 [
760 2166 854 2193 Simon
863 2165 909 2194 ha-

109 2207 159 2235 bco
170 2207 274 2245 aliquid
285 2207 334 2234 tibi
345 2207 435 2235 dicere
447 2227 454 2233 .
464 2208 542 2235 Luc-x
555 2217 578 2234 c.
588 2218 615 2239 7.
627 2208 638 2236 ]
651 2215 749 2243 nempe
760 2226 768 2237 ,
779 2206 863 2234 debeo
874 2207 909 2234 ti-

108 2246 136 2275 bi
145 2247 250 2285 aliquid
259 2247 350 2275 dicere
374 2253 385 2282 [
397 2247 531 2283 Quotidie
539 2247 645 2275 morior
664 2256 712 2284 per
724 2247 838 2274 vestram
847 2248 909 2285 glo-

107 2287 177 2316 riam
186 2288 279 2316 tratres
290 2293 387 2326 {quani
399 2289 484 2316 liabeo
494 2289 524 2316 iii
534 2287 649 2317 Christo
659 2287 784 2316 Domino
795 2288 888 2316 nostro
898 2310 906 2321 ,

111 2328 309 2357 1,.Corinth.c.
324 2339 333 2356 i
344 2339 368 2363 5.
381 2331 392 2360 ]
416 2329 468 2357 lioc
490 2329 527 2357 cst
537 2350 545 2362 ,
567 2338 646 2366 quani
655 2328 741 2356 debeo
750 2329 781 2356 in
792 2326 907 2357 Christo

105 2370 161 2396 ἃς.
183 2368 289 2405 [Nihil
300 2368 400 2397 liabens
411 2369 503 2399 dicere
521 2370 555 2400 de
565 2369 657 2404 vobis,
679 2369 713 2399 ad
723 2369 819 2400 Titum
836 2379 859 2398 c.
880 2381 905 2399 ι.

147 2410 337 2440 ffierolexi'con
357 2414 450 2440 Macri
461 2431 468 2439 .

924 1432 1183 1462 HAEMMORRl-{OISSA
1196 1453 1202 1460 .
1216 1434 1317 1462 Mulier
1326 1455 1334 1465 ,
1346 1443 1406 1471 quae
1419 1432 1558 1471 sanguinis
1568 1436 1670 1462 fluxum
1681 1432 1768 1472 patie-

964 1472 1041 1501 batur
1049 1494 1058 1506 ,
1068 1477 1095 1502 ὃ(
1107 1485 1120 1502 a
1131 1473 1248 1503 Christo
1258 1474 1383 1502 Domino
1393 1473 1485 1501 sanata
1494 1473 1532 1501 est
1543 1496 1551 1507 ,
1561 1475 1595 1502 de
1606 1485 1658 1512 qua
1667 1473 1769 1502 Mitth.

963 1523 1017 1549 c-9.
1027 1518 1054 1542 δ(
1065 1516 1127 1543 Luc.
1138 1520 1191 1544 c.8.
1202 1518 1228 1543 &-
1241 1515 1274 1542 de
1285 1516 1378 1543 eadem
1391 1513 1517 1542 Eusebius
1528 1515 1573 1543 lib.
1584 1526 1610 1547 7.
1621 1514 1684 1544 hist.
1694 1525 1733 1542 c.1
1742 1525 1770 1549 4.

964 1554 1047 1582 refert
1059 1577 1066 1588 ,
1081 1557 1155 1593 quod
1166 1566 1225 1584 cum
1237 1555 1300 1583 ess‘et
1309 1554 1451 1588 ditilliiiia‚
1461 1558 1488 1583 ὅ(
1501 1555 1667 1584 nobilislima
1676 1555 1770 1583 foemi-

966 1606 999 1623 iia
1009 1616 1017 1628 ‚
1036 1606 1069 1623 ex
1081 1596 1202 1625 Caesarea
1214 1595 1334 1635 Philippi
1347 1596 1482 1625 ormnda÷
1496 1595 1560 1623 duas
1581 1596 1677 1625 statuas
1688 1605 1769 1624 aereas

965 1636 1179 1675 eju§‚sU1nptibtls
1191 1639 1224 1666 ob
1244 1647 1403 1665 memoriani
1420 1636 1524 1674 accepti
1532 1637 1656 1666 beneficii
1672 1646 1769 1665 erexe-

965 1687 1005 1705 rat
1015 1699 1023 1710 ‚
1043 1688 1124 1706 unam
1134 1677 1239 1706 scilicet
1249 1699 1257 1710 ‚
1280 1688 1340 1716 qua:
1358 1676 1432 1705 suam
1442 1679 1565 1715 effigiem
1572 1679 1746 1716 genuflexam
1758 1697 1768 1709 ,

966 1718 1141 1757 manibusque
1161 1719 1278 1747 extenlis
1298 1729 1327 1746 in
1340 1719 1397 1746 :ie‘tu
1407 1718 1571 1757 implorandi
1591 1717 1770 1756 repraesenta-

965 1759 1007 1787 bat
1019 1782 1026 1792 ,
1046 1764 1074 1788 ὃ(
1086 1762 1197 1788 alteram
1209 1759 1271 1797 Jesu
1283 1758 1390 1788 Christi
1401 1759 1511 1792 stantis,
1533 1759 1611 1787 talari
1633 1758 1705 1788 veste
1725 1759 1768 1787 in*

967 1801 1038 1833 duri,
1051 1811 1131 1839 atque
1140 1811 1196 1836 εμις
1207 1801 1348 1829 dexteram
1357 1799 1388 1827 :id
1398 1800 1512 1828 eandem
1526 1799 1666 1828 foeminam
1677 1800 1769 1838 porri-

970 1842 1077 1879 gciitis5
1088 1842 1121 1869 ad
1132 1840 1219 1870 'oiscm
1231 1851 1320 1869 autem
1332 1837 1438 1869 Christi
1449 1840 1539 1869 statua:
1552 1841 1632 1869 hei-ba
1642 1840 1767 1879 quaedam

966 1881 1122 1910 nascebatur
1133 1904 1140 1914 ‚
1154 1893 1213 1920 qus:
1225 1882 1257 1909 ad
1267 1881 1400 1910 fimbriam
1412 1881 1569 1909 vestimenti
1580 1881 1746 1910 succrescent
1756 1903 1766 1914 ,

964 1932 992 1949 :ic
1003 1932 1184 1961 pertingens,
1208 1922 1339 1951 virtutem
1350 1921 1503 1959 acquirebat
1511 1923 1673 1960 praediehim
1692 1931 1768 1950 mor-

967 1962 1029 1991 bum
1040 1962 1151 1991 sanandi
1161 1975 1169 1994 ,-
1180 1962 1250 1991 lianc
1261 1972 1446 1991 nii-rationem
1458 1962 1533 1992 idem
1543 1964 1649 1992 Austor
1661 1973 1690 1992 ut
1700 1973 1766 1992 ocu-

966 2003 1034 2032 latus
1045 2003 1119 2032 tellis
1128 2003 1211 2031 refert
1229 2003 1300 2041 apud
1309 2006 1457 2032 Baroriium
1474 2014 1516 2031 an.
1527 2014 1575 2042 3¹·
1595 2015 1624 2032 n.
1636 2014 1683 2039 75.
1704 2004 1766 2038 Qua

967 2044 1052 2072 statua
1061 2055 1073 2072 a
1084 2045 1198 2082 Juliano
1208 2043 1337 2082 Apostnta
1346 2044 1478 2072 demolita
1490 2065 1498 2076 ‚
1508 2044 1538 2072 in
1549 2048 1605 2080 ejus
1616 2045 1679 2073 loco
1689 2044 1765 2073 suam

967 2084 1058 2122 posuit
1070 2106 1076 2112 .
1096 2087 1191 2113 Baroii.
1201 2095 1244 2112 an.
1257 2092 1324 2121 362.
1334 2095 1362 2113 n.
1380 2095 1387 2112 i
1398 2089 1442 2120 58.
1460 2087 1592 2114 Attamen
1609 2085 1638 2113 in
1649 2085 1766 2123 quadim

967 2126 1033 2153 MS.
1045 2135 1132 2163 graeca
1144 2124 1257 2153 liiltoria
1269 2135 1296 2152 in
1307 2124 1478 2154 Bibliotheca
1488 2128 1573 2165 Regis
1585 2125 1765 2155 Christianis-

966 2166 1025 2194 liiiii
1034 2164 1158 2194 aflei-vata
1171 2186 1179 2197 ,
1189 2169 1216 2194 δι
1230 2175 1243 2193 a
1253 2165 1396 2194 francisco
1409 2166 1548 2195 Combefis
1557 2167 1697 2195 latinitate
1715 2167 1767 2194 do·

965 2215 1045 2239 nata,
1065 2217 1093 2234 ac
1102 2206 1209 2235 Parisiis
1225 2217 1287 2234 ann.
1303 2214 1388 2242 1664.
1406 2206 1529 2245 impress'a
1539 2207 1668 2240 liabetur,
1690 2208 1765 2244 quod

963 2246 1094 2284 Julianus
1105 2258 1162 2275 non
1171 2246 1244 2275 suani
1255 2248 1377 2286 effigiem
1388 2269 1396 2280 ,
1405 2246 1451 2276 secl
1462 2249 1526 2277 duas
1536 2250 1632 2277 statuas
1641 2269 1649 2280 ‚
1661 2247 1741 2285 Jovis
1755 2269 1764 2280 ‚

964 2286 1069 2316 scilicet
1082 2310 1089 2321 ‚
1100 2292 1127 2316 ἃ
1139 2288 1254 2316 Veneris
1263 2298 1396 2322 erexerat,
1408 2299 1469 2317 cuni
1480 2288 1676 2327 inscriptione:
1690 2292 1702 2322 [
1713 2288 1765 2324 Jo-

963 2338 992 2356 γι
1003 2329 1126 2357 omnium
1137 2327 1285 2366 inspectori
1296 2349 1302 2356 .
1314 2330 1434 2367 Julianus
1445 2332 1520 2361 δια]
1543 2331 1671 2357 Narratur
1690 2326 1765 2356 insu-

962 2378 1010 2407 per
1022 2370 1120 2399 ibidem
1130 2391 1137 2403 ,
1148 2369 1223 2408 qued
1235 2369 1451 2401 Haemorrhoissa
1460 2371 1506 2398 illa
1524 2381 1537 2397 a
1548 2368 1664 2398 Christo
1673 2367 1765 2400 sanata

1404 2412 1427 2440 Z
1471 2421 1485 2447 3
1673 2413 1724 2443 BC:
