1866 2526
501 42 604 87 Po

138 103 217 135 bonis
227 102 444 144 porticanorum,
454 112 517 132 cum
527 102 574 132 fibi
585 112 695 142 quoque
709 101 783 132 idem
793 105 835 139 jus
845 101 936 132 aii'ene-

130 157 180 176 -ret
188 169 197 181 ,
209 146 239 175 in
250 145 364 176 Concil.
375 146 536 174 Lateranen.
547 144 665 173 vetitum
677 143 751 173 fuissc
761 142 810 172 sub
819 144 935 173 Calixto

139 187 181 217 11.
190 185 305 216 arbitror
315 208 322 220 ‚
333 184 380 224 qui
390 188 418 213 δι
427 183 538 213 infestus
548 193 606 213 erat
616 185 750 214 Prael'efto
763 204 771 212 .
794 185 877 214 Enim
888 195 935 215 ve—

140 220 292 256 mcivitas
309 225 433 257 Leonina
442 235 502 253 cum
515 225 661 254 Portucnfi
673 225 910 264 conjungebatur.
922 226 934 256 ]

139 268 267 297 Alterum
279 277 375 296 votum
393 264 575 296 studiolissimi
586 266 648 294 Viri
659 287 667 299 ‚
686 269 714 295 δι
724 267 782 296 Sac.
794 265 934 295 Eruditio-

139 318 204 337 num
224 307 404 337 literatiffimi
414 309 450 336 R.
460 308 490 335 P.
509 307 546 335 D.
558 306 704 335 Doniinici
726 306 816 336 Galesi
827 307 935 336 Ruben.

138 347 228 386 Episc.
248 350 318 380 olim
335 350 392 378 Sac.
410 348 505 387 Cong.
523 347 628 376 Indicis
649 345 828 376 Consultoris
840 368 848 380 ‚
866 350 894 375 δε
907 346 935 374 in

137 391 222 418 Rom.
233 390 426 419 Univcrlitate
443 389 498 417 Sne.
510 389 582 416 Can.
593 391 621 416 &
632 387 760 416 Pande-st.
780 389 887 425 Interp.
899 396 934 414 ta-

140 430 167 465 le
175 431 299 459 extiterit
312 443 318 459 :
342 436 354 466 [
365 432 555 467 Interrogatus
567 428 632 467 quid
641 426 758 471 sentiam
767 437 818 466 pro
830 437 935 471 germa—

138 480 174 499 na
187 493 193 502 ‚
207 481 236 500 ac
245 471 357 510 propria
366 470 523 507 acceptione
533 469 657 497 vocabuli
666 470 876 512 porticanorum
888 477 933 495 tri<

139 511 250 549 pliciter
260 513 288 540 in
299 522 356 540 can.
373 523 416 540 iz.
427 511 518 539 Cone.
529 511 617 538 Later.
627 508 755 536 celebrati
766 517 838 536 anno
852 519 861 536 i
873 519 881 536 i
891 520 903 537 2
911 520 935 536 ε..

139 551 184 580 sub
196 553 312 581 Calixto
323 554 393 590 Papa
403 551 479 586 hujus
493 550 612 580 nominis
621 549 662 577 11.
672 546 862 586 Omiffis‚qu:e
875 549 923 576 lon

1291 46 1325 88 P
1354 46 1396 88 0
1650 62 1728 105 537

991 100 1148 132 suetudines
1167 112 1181 131 a
1193 102 1430 141 praedecessoribus
1447 101 1500 132 suis
1509 104 1593 134 Rom.
1612 106 1795 137 Pontificibus

992 152 1089 172 contra
1107 143 1234 172 Eccleliae
1254 145 1406 175 libertatem
1416 143 1492 182 exigi
1513 143 1605 173 solitas
1622 148 1792 187 denegavit.

994 183 1070 220 Quin
1088 187 1116 212 δι
1136 182 1224 221 ipsum
1235 186 1322 215 Urbis
1338 184 1501 214 Praefectum
1513 206 1521 218 ‚
1539 187 1585 223 qui
1598 187 1632 215 ad
1641 190 1697 223 ejus
1706 187 1792 227 usque

992 233 1116 263 tempora
1135 223 1279 255 fidelitatis
1295 230 1452 262 juramento
1469 227 1635 264 Imperatori
1658 229 1792 267 obligatus

994 265 1080 294 fuerat
1090 287 1098 299 ‚
1117 268 1145 293 δι
1156 266 1187 293 ab
1196 275 1230 294 co
1248 267 1417 305 praelectum:
1428 266 1597 305 dignitatem
1606 268 1714 296 tenebat
1726 289 1735 302 ‚
1758 269 1792 297 ad

992 306 1089 344 ligiam
1100 305 1260 335 fidelitatem
1271 307 1375 345 recepit
1385 329 1393 340 ‚
1415 316 1445 335 ut
1456 317 1490 335 ex
1503 310 1560 343 ejus
1569 308 1636 337 vitat
1649 309 1726 338 Afris
1738 307 1795 338 fuse

992 356 1100 375 enarrat
1110 348 1206 375 Baton.
1231 358 1382 386 extantque
1394 349 1491 377 Innoc.
1504 347 1591 376 dehis
1610 349 1696 378 literae
1706 350 1754 378 lib.
1770 360 1794 377 i.

993 387 1070 424 epist.
1087 398 1096 416 i
1106 396 1131 422 ς.
1143 398 1189 425 23.
1203 399 1248 421 27.
1261 399 1274 426 3
1284 393 1308 417 8.
1323 393 1368 417 88.
1381 389 1554 425 403.Tradit
1564 392 1668 429 Roger.
1689 391 1736 430 qui
1746 389 1795 419 sub

993 428 1144 456 Innocent-
1156 429 1213 457 111.
1234 430 1383 468 Anglicam
1395 428 1457 458 hist.
1469 429 1631 468 conscripsit
1641 453 1650 464 ‚
1668 434 1695 460 ὅ(
1707 431 1793 469 pleno

993 469 1097 497 calamo
1107 477 1176 496 noto
1187 479 1216 497 iit
1227 470 1292 497 meis
1303 479 1454 499 comment·
1464 470 1497 498 ad
1506 480 1563 509 cap.
1573 480 1634 499 cum
1644 471 1792 503 vcniii'ent,

991 508 1025 536 de
1045 508 1075 536 in
1095 509 1196 547 integr.
1207 510 1268 538 rest.
1279 520 1388 539 necnon
1407 510 1438 538 in
1455 510 1543 540 altero
1552 521 1635 550 opere
1655 512 1793 550 inscripto

992 548 1140 577 Pontifices
1160 550 1340 588 Legislatores
1353 551 1382 578 in
1402 551 1504 580 not-ad
1524 553 1792 582 vitaminnoc.111.

137 602 171 630 ga
183 594 327 621 verborum
337 592 405 621 sci-ie
413 592 448 620 de
458 589 605 629 multiplici
614 598 671 625 eyus
681 587 758 617 sensu
768 589 860 617 dicere
875 587 935 627 pos·
951 589 1184 632 Concludendum
1196 600 1339 629 propterca
1348 591 1466 620 arbitror
1477 613 1484 624 ‚
1493 593 1653 622 Porticanos
1662 592 1735 622 suam
1744 593 1794 622 de-

139 631 195 660 sem
209 645 214 661 :
227 634 255 662 in
265 634 339 662 illam
350 633 512 670 opinionem
521 629 687 659 descendere
697 639 805 667 nequeo
815 651 822 662 ‚
833 639 885 668 qua
894 628 932 658 as-

137 671 238 702 seritur
253 674 412 703 Porticanos
421 671 494 700 idem
506 670 557 700 ell'e
567 693 575 704 ‚
584 680 613 698 ac
624 669 798 702 portuenses,
808 668 935 708 suari-ique

137 724 150 741 a
161 723 240 752 portu
252 712 374 744 Ostiensi
384 711 642 741 denominationem
653 711 812 739 Porticanos
825 709 934 739 :ill'ume-

137 763 166 782 re
176 774 183 782 .
195 755 279 782 Prout
287 753 371 782 etiam
383 753 414 781 ab
423 762 517 780 eorum
526 751 664 780 sententia
674 750 786 780 discedo
797 773 805 784 ‚
815 752 861 789 qui
874 762 934 780 ver-

135 793 197 822 bum
208 794 346 822 porticani
358 793 479 823 referunt
489 791 595 821 fortass'e
604 792 637 820 ad
648 791 737 820 Indiae
750 792 865 830 populos
884 792 934 820 cit-

134 843 165 862 ca
175 834 275 863 Indum
286 836 400 864 fluvium
409 833 563 862 habitantes
573 855 580 865 ‚
598 832 672 871 quod
682 834 844 861 Porticanos
856 843 934 861 voca-

134 873 159 902 ri
170 875 281 904 testatur
291 876 387 905 Strabo
397 877 502 913 Geogr.
513 874 574 902 liba
584 883 609 908 5.
621 876 654 901 Et
665 872 729 900 licet
738 873 781 902 ubi
794 873 932 912 propriam

133 914 245 950 alicujus
255 917 377 945 nominis
390 915 580 953 acceptionem
588 912 736 951 expressam
746 913 872 942 habemus
884 937 890 948 ,
902 914 934 942 ad

133 953 293 993 sophisticas
303 956 480 985 inventiones
491 954 604 983 ulterius
615 954 744 993 progredi
755 953 874 983 otiosum
885 964 933 992 po-

135 995 188 1024 tius
200 1018 206 1028 ,
218 1007 298 1034 quam
307 998 376 1025 utile
387 997 436 1027 fit5
449 1005 570 1024 attamen
581 994 652 1023 nihil
663 995 701 1023 est
711 1015 719 1027 ‚
732 995 806 1034 quod
814 993 932 1028 suadeat,

133 1036 168 1065 de
177 1038 285 1074 populis
293 1038 364 1066 circa
383 1037 483 1066 Indum
501 1036 618 1064 fluvium
638 1035 820 1064 habitantibus
839 1035 932 1074 praefa—

143 1086 203 1105 tum
221 1077 407 1106 Lateranenfis
424 1076 550 1106 Concilii
569 1087 701 1105 canonem
713 1076 810 1115 loqui,
827 1086 888 1105 cum
899 1077 933 1104 de

140 1117 306 1150 Porticanis,
316 1117 356 1146 uti
371 1117 652 1156 temporalidominio
662 1120 794 1147 Romana:
809 1117 932 1146 Ecclefae

133 1157 257 1193 subjedis
268 1159 395 1197 loquatur
404 1180 412 1191 ,
425 1159 499 1196 quod
507 1158 539 1186 :id
551 1157 658 1186 literam
668 1158 811 1197 colligitur
823 1158 874 1186 ibi:
890 1159 933 1186 Ita

133 1208 226 1226 tamen
236 1220 243 1231 ,
253 1209 284 1227 ut
295 1199 436 1228 Porticani
449 1200 480 1227 in
492 1201 624 1228 Romanae
638 1199 762 1227 Ecclesia:
772 1220 780 1231 ,
792 1203 820 1227 δ(
831 1198 931 1230 nostra,

132 1238 344 1278 nostrorumque
363 1238 547 1268 Successbrum
563 1239 738 1271 obedientia,
757 1243 785 1268 ὅ(
797 1238 932 1267 fidelitate

134 1289 308 1317 permaneant
317 1300 324 1307 .
344 1280 464 1308 Verbum
485 1279 560 1307 enim
578 1284 769 1307 Permaneant
780 1301 787 1312 ,
815 1279 931 1317 praeexi-

131 1319 260 1348 stentiam
268 1319 400 1358 supponit
410 1332 422 1353 ,-
444 1329 528 1348 nemo
540 1319 644 1349 etenim
655 1320 751 1348 alicubi
773 1329 931 1357 permanere

133 1360 222 1398 potest
233 1382 240 1393 ‚
258 1361 308 1389 nili
329 1361 402 1398 prius
415 1359 574 1389 verificetur
585 1381 592 1392 ,
615 1360 689 1398 quod
709 1360 744 1388 ibi
755 1360 828 1388 adest
842 1381 849 1387 .
873 1363 932 1389 Nec

132 1401 311 1430 frustraneum
320 1401 424 1430 dicatur
436 1401 553 1438 id,quod
564 1401 593 1428 in
603 1401 699 1429 ultima
712 1411 788 1438 parte
797 1401 865 1429 dicii
877 1402 931 1430 Ca-

131 1441 214 1470 nonis
227 1451 275 1479 per
288 1440 467 1470 lateranense
480 1441 642 1470 Concilium
655 1441 776 1479 exigitur
786 1452 800 1470 a
810 1442 930 1470 Portica-

132 1481 176 1509 nis
185 1502 192 1513 ,
203 1481 222 1509 fi
232 1482 307 1510 Sedis
322 1481 417 1519 Apost.
428 1481 574 1518 temporali
583 1481 710 1510 dominio
720 1481 820 1510 subditi
830 1493 909 1510 erant
922 1494 928 1513 3

132 1529 194 1548 cum
203 1521 234 1549 ab
246 1521 307 1558 ipfis
318 1522 412 1559 exigat
421 1521 629 1557 obedientiam,
648 1525 675 1549 ὃ(
686 1521 849 1551 fidelitatem
859 1535 866 1552 ς
878 1522 931 1551 sru-

132 1561 184 1589 stra
195 1570 262 1589 vcro
282 1561 311 1588 id
322 1571 460 1599 quaeratur
472 1582 480 1593 ,
500 1562 573 1598 quod
585 1560 696 1601 habetur
705 1582 713 1589 .
736 1564 808 1590 Nam
817 1562 930 1601 respon-

134 1601 187 1629 deo
198 1622 205 1632 ,
224 1601 342 1638 qualiter
353 1600 532 1629 Lateranense
553 1602 716 1631 Concilium
723 1603 907 1632 obedientiam
919 1626 926 1636 ,

132 1645 161 1670 δε
173 1641 336 1669 fidelitatem
345 1652 358 1669 :i
371 1641 522 1669 Porticanis
534 1642 695 1680 simpliciter
706 1654 762 1671 non
773 1645 872 1683 exigit:
884 1643 930 1673 sed

131 1682 348 1719 permanentiam
359 1683 387 1710 in
399 1682 554 1710 obedientia
565 1704 572 1715 ,
581 1687 608 1711 δε
621 1683 753 1712 fidelitate
764 1706 770 1716 ‚
779 1695 793 1713 a
805 1695 856 1723 qua
866 1696 930 1724 pro-

135 1722 222 1750 babile
232 1722 271 1750 est
283 1744 290 1754 ‚
301 1723 376 1760 quod
385 1722 536 1751 defecerint
547 1724 714 1761 temporibus
725 1725 833 1753 Calixti
843 1747 851 1758 ,
871 1727 929 1764 qui-

132 1763 178 1790 bus
187 1763 277 1791 dirum
288 1762 402 1791 schisma
411 1774 422 1790 τι
434 1764 570 1792 Mauritio
582 1764 705 1793 Bordino
718 1767 787 1794 Viro
799 1765 929 1794 sceleriis-

131 1802 200 1830 fimo
220 1803 369 1832 Bracarenii
382 1803 598 1842 Archiepiscopo
617 1815 714 1833 contra
732 1806 869 1839 Gelasium
879 1809 928 1835 Pa-

131 1851 193 1880 pam
213 1844 318 1871 Calixti
330 1843 490 1872 decessorem
502 1844 651 1873 excitatum
663 1867 670 1878 ‚
689 1846 832 1875 Ecclesiam
843 1847 928 1876 adhuc

133 1883 246 1911 vexr'mt
258 1903 265 1911 .
280 1884 348 1918 Quae
359 1885 476 1922 pluribus
487 1895 576 1913 narrat
588 1887 688 1914 B2r0n.
698 1897 742 1915 an.
757 1898 810 1915 112
819 1898 841 1915 i.

94 1923 275 1952 Verxiimilius
296 1933 384 1952 autem
396 1935 462 1962 puto
483 1926 630 1963 appolitam
653 1927 848 1956 conditionem
867 1938 926 1966 pei·-

131 1963 281 1992 m:nentiae
296 1965 324 1992 in
337 1965 495 1994 obedientia
507 1987 514 1995 .
533 1970 560 1995 ὃ(
573 1966 708 1996 fidelitate
717 1968 792 1996 Sedis
810 1969 927 2006 Aposto-

131 2004 176 2032 iia:
190 2026 196 2036 ,
215 2005 290 2042 quod
300 2005 440 2034 Porticani
451 2006 481 2034 in
501 2016 588 2044 parics
598 2008 722 2036 Prxsec‘ti
741 2009 826 2037 Urbis
846 2009 926 2038 incli-

130 2043 244 2076 nallent‚
258 2045 305 2082 qui
316 2046 482 2084 temporibus
493 2047 600 2076 Calixri
610 2049 650 2076 11.
661 2049 746 2078 Urbis
756 2049 926 2078 administra-

129 2084 235 2113 tionem
247 2086 275 2113 ιιι
287 2087 481 2123 temporalibus
491 2088 629 2116 violenter
642 2099 719 2127 aeque
729 2111 738 2122 ‚
758 2099 786 2117 ac
796 2089 926 2130 sacrilege

129 2125 175 2153 fibi
192 2125 317 2163 usurpare
331 2127 450 2155 studebat
460 2126 532 2166 ipsos
556 2131 696 2158 Romanos
707 2129 856 2159 Pontifices
867 2133 925 2170 post

129 2164 366 2195 tonsecmtionem
377 2167 410 2195 ad
418 2177 522 2196 certum
531 2168 641 2197 censum
663 2170 842 2207 praestandum
852 2183 926 2201 com-

128 2206 233 2243 pellens
242 2227 249 2233 .
270 2208 338 2241 Qaa:
349 2207 460 2246 quidem
478 2207 598 2248 scrilegae
607 2231 615 2242 ‚
640 2209 757 2239 absurdae
768 2233 775 2243 ‚
793 2215 820 2240 δι
833 2212 924 2252 impie

128 2247 288 2275 vexationes
302 2268 308 2280 ‚
331 2249 431 2277 nedum
450 2248 562 2277 fedei-ite
579 2250 697 2280 Calixto
708 2273 715 2283 ,
734 2250 782 2280 sed
799 2251 926 2292 usquead

127 2296 250 2324 tempora
261 2289 359 2316 Innoc.
371 2291 427 2318 111.
439 2292 571 2319 Romanae
585 2291 710 2321 Eccleiiae
721 2293 868 2331 candorem
881 2317 888 2326 ,
899 2300 925 2324 δε

126 2326 284 2357 libertatem
294 2329 485 2358 labefaftarant
498 2352 505 2358 .
520 2332 703 2360 Innocentius
713 2334 788 2362 enim
797 2335 855 2363 111.
868 2337 925 2365 Ur-

127 2367 166 2399 bis
175 2369 234 2399 1³1ae
240 2369 311 2400 festo
320 2391 328 2405 ‚
347 2370 505 2412 caeterisque
514 2372 647 2413 Romanis
655 2373 781 2404 redditur
792 2396 801 2410 ,
821 2379 849 2406 &
857 2387 922 2406 con-

991 630 1213 659 nominationem
1232 630 1337 661 sumere
1347 642 1361 660 a
1380 633 1488 670 porticu
1497 654 1506 666 ‚
1524 637 1552 662 &
1562 635 1711 664 Canonem
1720 636 1790 664 XII·

990 672 1104 699 Concil.
1115 671 1276 701 Latermcn.
1286 673 1363 712 loqui
1375 673 1409 701 de
1421 672 1463 701 his
1473 694 1480 705 ‚
1500 674 1546 712 qui
1559 677 1660 704 Romae
1669 675 1790 713 porticus

989 711 1146 739 habitabant
1154 731 1162 739 .
1183 715 1283 742 Romae
1295 713 1430 752 siquidem
1440 724 1502 742 ante
1511 715 1690 744 Barbarorum
1702 716 1792 745 vasta·

990 752 1082 780 tiones
1092 773 1099 784 ,
1120 754 1147 779 ὅ(
1159 752 1287 782 incendia
1298 774 1306 786 ,
1327 754 1453 792 ingentes
1465 755 1576 783 aderant
1584 757 1705 794 porticus
1714 778 1722 790 ‚
1741 754 1788 786 ubi

989 792 1132 830 Peregrini
1144 794 1345 832 recipiebantur
1355 815 1363 826 ,
1383 804 1499 832 quorum
1511 795 1595 834 aliqui
1607 806 1686 826 erant
1695 808 1708 825 a
1718 796 1790 826 Basi-

988 833 1038 861 lica
1056 833 1192 871 Principis
1203 835 1398 872 Apostolorum
1409 833 1492 874 usque
1501 836 1534 864 ad
1552 837 1660 866 Molem
1670 837 1789 866 Hadria-

989 883 1053 902 naua
1062 894 1071 907 ,
1092 883 1121 902 ut
1132 873 1215 903 refert
1233 875 1362 914 Sigonius
1381 875 1455 904 Hist.
1467 877 1530 905 Ital.
1549 881 1625 906 Ann.
1640 889 1649 906 i
1661 889 1724 914 ¹45·
1735 877 1788 906 fol.

993 925 1005 949 5
1016 925 1059 949 ¹4·
1069 914 1130 943 Alii
1139 925 1207 943 vcro
1217 926 1230 944 a
1241 916 1350 945 Balilica
1360 917 1449 944 Sancti
1459 918 1535 947 Pauli
1545 917 1628 957 usque
1636 919 1668 948 ad
1681 928 1791 958 portam

989 954 1076 984 Urbis
1086 976 1093 987 ,
1105 965 1135 983 ut
1145 956 1290 995 colligitur
1305 967 1337 985 ex
1348 959 1466 996 Procop.
1478 958 1512 986 de
1524 959 1604 988 Bello
1612 959 1699 989 Goth.
1709 960 1790 989 him.

990 998 1068 1024 Aret.
1079 995 1113 1024 de
1124 996 1194 1024 Bell.
1204 998 1267 1026 Ital.
1278 997 1324 1026 lib.
1339 1009 1362 1026 i.
1375 999 1534 1028 Habitantes
1543 1009 1633 1029 autem
1654 1000 1683 1030 in
1697 1000 1788 1038 porti-

987 1035 1060 1063 cibus
1072 1057 1079 1068 ‚
1098 1036 1249 1066 Porticiani
1262 1039 1443 1072 vocabantur,
1466 1050 1516 1068 nec
1534 1051 1648 1079 parvum
1660 1041 1790 1080 ipsorum

988 1077 1064 1105 fuille
1083 1087 1228 1106 numerum
1245 1078 1391 1107 deducitur
1401 1089 1434 1107 ex
1456 1081 1570 1110 illorum
1581 1082 1768 1111 trucidatione
1777 1102 1789 1115 ‚

986 1116 1097 1146 sedente
1108 1119 1234 1157 Eugenio
1245 1120 1302 1148 III.
1311 1130 1325 1148 a
1336 1120 1471 1149 Romanis
1479 1121 1510 1150 in
1522 1121 1582 1160 ipso
1591 1123 1700 1161 porticu
1710 1123 1790 1157 fasta,

989 1167 1069 1196 quam
1080 1168 1186 1187 enarrat
1196 1160 1291 1198 Sigon.
1303 1161 1337 1189 de
1346 1161 1423 1190 Bello
1441 1162 1506 1190 Ital.
1516 1162 1562 1191 lib.
1580 1174 1623 1192 ii.
1642 1174 1686 1192 an.
1702 1175 1712 1192 i
1723 1174 1791 1200 145-

987 1198 1141 1227 Evideiiter
1149 1210 1258 1238 quoque
1268 1201 1413 1240 colligitur
1423 1223 1431 1235 ,
1453 1203 1564 1232 verbum
1573 1203 1713 1233 Porticani
1732 1215 1791 1233 non

989 1238 1060 1278 poll'e
1077 1240 1200 1279 intelligi
1211 1241 1245 1269 de
1254 1243 1460 1276 Pormentibus,
1480 1244 1555 1282 quod
1565 1245 1713 1274 pontificia
1729 1245 1786 1274 Di-

989 1281 1118 1319 plumata,
1128 1285 1156 1310 ὅ(
1168 1282 1393 1311 constitutiones
1403 1294 1457 1312 tam
1468 1284 1790 1324 Praedeceflorum,quau1

988 1320 1170 1350 successbrum
1180 1323 1288 1351 Calixti
1299 1325 1378 1361 Papae
1390 1325 1430 1353 ΙΙ.
1440 1324 1600 1355 Ostiensem
1612 1329 1726 1355 Portum
1737 1326 1785 1355 ha-

986 1362 1104 1390 bitantes
1114 1384 1121 1395 ,
1134 1373 1271 1401 nunquam
1281 1364 1441 1394 Porticanos
1451 1387 1459 1398 ‚
1478 1364 1527 1394 sed
1538 1366 1695 1396 invariabili
1705 1377 1789 1400 vocas

986 1403 1049 1430 bulo
1060 1402 1223 1431 Portuenses
1233 1405 1372 1442 appellant
1383 1426 1390 1432 .
1399 1406 1486 1434 Unde
1496 1405 1618 1445 sequitur
1627 1409 1790 1437 Porticanos

987 1454 1001 1471 a
1012 1443 1161 1481 porticibus
1178 1444 1355 1474 denominari
1366 1445 1518 1484 pernecefle
1529 1447 1671 1476 fatendum
1682 1469 1689 1481 ,
1708 1449 1786 1486 quod

986 1487 1012 1512 ὃ(
1025 1483 1130 1512 senfiss‘e
1141 1485 1258 1514 invenio
1272 1487 1430 1515 Antonium
1443 1489 1514 1525 Aug.
1526 1488 1555 1516 in
1565 1488 1611 1516 lib.
1624 1489 1658 1517 de
1676 1489 1788 1518 emend.

987 1525 1115 1553 Gratiani
1135 1526 1249 1565 Dialog.
1264 1536 1288 1562 5.
1311 1527 1360 1554 foi.
1371 1533 1438 1556 206.
1448 1527 1507 1556 Ubi
1529 1529 1695 1566 explicando
1706 1530 1788 1559 verba

987 1565 1014 1592 d.
1025 1566 1095 1594 Can.
1104 1567 1170 1594 XII.
1181 1567 1251 1594 dicit
1266 1578 1272 1594 τ
1295 1569 1398 1595 Fratres
1419 1569 1590 1606 interpretor
1600 1570 1766 1599 cardinales
1775 1592 1788 1605 ,

986 1609 1014 1633 ὃς
1025 1605 1174 1644 Episcopos
1186 1619 1192 1634 :
1215 1608 1330 1636 Curiam
1341 1618 1407 1637 vero
1426 1610 1540 1637 Curiam
1554 1612 1708 1639 Romanam
1725 1622 1786 1640 non

987 1646 1162 1675 Clericorum
1174 1668 1182 1679 ‚
1203 1646 1248 1675 sed
1260 1648 1376 1677 Civium
1397 1651 1587 1678 Rornanorum
1599 1661 1605 1678 t
1624 1651 1788 1680 Praesestum

986 1697 1075 1715 autem
1087 1687 1173 1716 Urbis
1185 1690 1282 1717 Romae
1294 1688 1455 1717 Praefectum
1466 1701 1473 1720 3
1495 1691 1654 1720 Porticanos
1663 1691 1712 1720 sus
1708 1692 1787 1730 pico:

987 1727 1080 1766 inepte
1093 1727 1180 1756 dic'los
1189 1739 1246 1756 non
1255 1740 1268 1757 a
1289 1730 1438 1767 porticibus
1449 1752 1456 1763 ,
1467 1729 1512 1759 sed
1523 1742 1535 1759 a
1548 1741 1629 1769 portu
1638 1733 1763 1762 Ostiensi
1774 1754 1784 1766 ,

986 1771 1013 1796 ὃ(
1023 1769 1082 1797 aliis
1093 1789 1102 1801 ‚
1113 1779 1160 1807 qui
1171 1771 1296 1807 portoria
1305 1771 1448 1809 exigerent
1459 1791 1466 1798 .
1476 1773 1488 1802 J
1503 1773 1558 1801 FR-
1571 1776 1632 1812 Ego
1644 1782 1736 1802 tamen
1747 1774 1783 1803 fic

986 1807 1056 1837 sensi
1066 1830 1072 1840 ,
1087 1809 1218 1837 nimirum
1229 1830 1240 1846 ‚
1263 1815 1473 1839 Por-titanorum
1485 1813 1646 1841 vocabulum
1657 1814 1731 1842 varie
1741 1814 1784 1842 in-

986 1849 1138 1888 telligisssed
1147 1860 1242 1879 omnes
1251 1854 1308 1886 ejus
1318 1852 1531 1890 fignificationes
1541 1854 1573 1882 ad
1585 1854 1702 1883 eundem
1718 1864 1784 1894 pro.

985 1890 1101 1927 positum
1113 1892 1270 1920 coincidere
1280 1912 1286 1919 .
1306 1894 1360 1920 Pro
1377 1903 1428 1930 qua
1440 1903 1468 1921 re
1477 1893 1620 1923 sciendum
1630 1896 1668 1924 est
1680 1917 1687 1928 ,
1709 1896 1787 1934 quod

983 1931 1014 1958 in
1025 1931 1158 1959 Concilio
1169 1933 1331 1960 Lateranen.
1351 1933 1384 1960 dc
1395 1935 1449 1970 quo
1459 1935 1550 1972 agitur
1561 1935 1589 1963 in
1597 1946 1656 1964 can.
1668 1938 1719 1965 XI.
1737 1937 1781 1966 lo-

983 1980 1097 2008 quutum
1117 1970 1203 2000 fuerat
1214 1973 1247 2000 de
1258 1975 1415 2011 Peregrinus
1426 1995 1434 2006 ‚
1457 1978 1484 2002 ἃ
1493 1976 1698 2015 Crucelignatis
1710 1978 1783 2006 Hie-

985 2010 1152 2045 rosolymam
1162 2034 1169 2044 ,
1180 2015 1206 2040 ὃ(
1216 2012 1250 2040 ad
1262 2015 1298 2041 D.
1307 2013 1439 2050 Jicobum
1451 2016 1695 2053 compostellanum
1705 2039 1714 2050 ,
1724 2017 1782 2048 five

982 2051 1016 2079 de
1029 2052 1230 2090 Crucelignatis
1247 2053 1279 2081 ad
1290 2052 1458 2092 hispanicum
1469 2057 1569 2085 bellum
1591 2067 1688 2087 contra
1707 2063 1784 2098 Aga-

984 2102 1064 2120 rcnos
1075 2103 1127 2121 iter
1137 2094 1276 2131 agentibus
1288 2115 1296 2127 ,
1308 2103 1463 2133 inquorum
1473 2096 1595 2126 favorem
1605 2099 1642 2127 ait
1651 2099 1689 2128 ibi
1700 2112 1707 2126 :
1720 2105 1732 2135 [
1744 2103 1781 2129 Et

981 2133 1078 2161 domos
1089 2155 1098 2166 ‚
1119 2133 1270 2162 &familias
1281 2156 1287 2167 ,
1308 2145 1388 2173 atque
1397 2137 1492 2166 omnia
1512 2138 1582 2167 bona
1602 2150 1696 2168 eorum
1709 2142 1739 2169 in
1749 2143 1781 2170 Β.

981 2175 1068 2206 Petri,
1080 2178 1107 2203 ἃ
1119 2176 1252 2202 Roman-³:
1265 2176 1387 2205 Eccleliae
1399 2179 1608 2215 protectionem,
1621 2181 1686 2209 licut
1697 2182 1780 2210 aDo-

980 2224 1059 2242 mino
1069 2215 1163 2243 nostro
1174 2217 1244 2253 Papa
1255 2216 1370 2246 Urbano
1380 2217 1508 2248 statutum
1519 2219 1570 2248 suit
1581 2241 1588 2252 ,
1601 2219 1759 2258 suscipimus
1770 2242 1779 2250 .

981 2254 1154 2293 Quicumque
1164 2266 1230 2294 ergo
1241 2266 1271 2284 ea
1280 2257 1429 2288 distrahere
1442 2281 1450 2293 ‚
1462 2260 1508 2289 vel
1516 2261 1619 2289 auferre
1631 2282 1638 2293 ‚
1658 2262 1779 2300 quandiu

981 2296 1012 2324 in
1024 2296 1069 2324 via
1083 2297 1128 2324 illa
1139 2306 1280 2326 morantur
1290 2319 1298 2331 ‚
1310 2297 1546 2338 presumpserint,
1555 2302 1778 2331 excommunica-

982 2335 1068 2364 tionis
1077 2337 1187 2365 ultione
1198 2338 1352 2375 piestenmr
1363 2360 1370 2367 .
1381 2341 1394 2371 ]
1404 2341 1446 2369 Sic
1457 2342 1486 2370 in
1497 2352 1556 2370 can.
1567 2341 1639 2371 subse·
1661 2343 1737 2372 uenti
1747 2343 1779 2373 in

981 2376 1105 2405 lavorcm
1123 2377 1339 2418 Peregrinarum
1355 2381 1537 2411 morientium
1555 2353 1696 2423 proi-iilum
1707 2383 1772 2420 fuit,

1710 2433 1742 2454 ut
