1866 2526
85 140 276 170 FArtiNAitrmu
287 161 294 173 ,
312 139 503 169 molendinum
514 136 600 167 tritici
613 158 619 166 .
643 144 655 174 [
668 137 843 175 Qiaproptei'·
853 144 915 174 prz·
976 133 1116 174 originem
1124 133 1218 164 habuit
1229 132 1465 173 Martytologium
1476 154 1483 161 .
1506 137 1519 167 [
1530 133 1620 161 Habes
1637 91 1697 163 iiius
1708 144 1771 162 cen-

123 180 228 210 sentem
248 181 438 210 aufloritaoem
459 179 578 208 nostram
590 201 597 212 ,
624 189 705 218 quam
727 177 921 217 perpetualiter
976 174 1018 204 sus
1032 197 1040 209 ‚
1049 185 1109 204 tuos
1119 175 1213 208 sallon
1226 175 1325 205 niltibi
1336 184 1397 203 cum
1406 173 1513 213 gaudiis
1522 172 1612 202 saeculi
1623 194 1630 201 .
1651 174 1770 204 Tertull.

126 221 276 251 mansuram
288 220 338 250 effe
345 222 464 258 jubemus
476 243 484 254 ‚
493 230 524 248 ut
535 219 670 248 farinariis
680 241 686 251 ,
696 218 864 256 adjacentiis,
873 220 920 255 'ap-
977 215 1024 245 lib.
1039 227 1061 245 r.
1070 216 1105 245 de
1113 226 1208 246 coron.
1219 217 1304 245 milit.
1314 226 1338 244 c.
1355 226 1398 253 ¹3·
1764 212 1766 216 ’

124 262 259 301 pendiciis
269 267 320 291 &a
332 261 458 291 Marculf·
468 261 514 290 lib·
529 272 551 289 ¹·
561 261 670 289 formul·
680 270 738 299 tap-
755 260 820 294 14-]
843 261 877 286 Et
887 259 919 286 de
937 259 1103 287 rameii-ni
1113 279 1121 291 ,
1130 257 1325 287 Baldacliinum
1336 277 1342 284 .
1355 262 1367 292 [
1380 255 1453 284 Fecit
1462 265 1619 294 argenteum
1634 254 1770 294 sastigiuni

123 303 220 331 codem
230 303 261 332 fit
271 302 376 332 mentio
387 303 417 331 in
429 302 504 331 Bulla
515 301 611 330 Caroli
623 301 708 339 Regis
717 300 751 328 :id
762 298 882 327 favorem
894 300 918 327 S.
976 298 1104 327 battutile
1115 320 1123 331 ,
1133 299 1207 337 qnod
1218 297 1298 328 habet
1308 298 1337 326 in
1347 296 1438 325 fronte
1447 296 1615 325 Salvator-em
1623 295 1771 324 sedentem.

125 344 240 372 Martini
250 343 410 372 Monasterii
423 365 429 376 ,
449 343 543 378 [Cum
554 342 645 370 vineis
656 340 787 373 „culturis
796 360 804 372 ‚
814 337 917 376 sylvis,
977 338 1127 368 Anastasius
1138 340 1167 367 in
1179 339 1308 368 Silvestre
1319 359 1326 366 .
1338 339 1349 369 ]
1362 339 1534 376 Argenteum
1545 337 1683 368 battutile,
1695 335 1774 367 idest,

124 384 209 422 pratis
218 405 226 418 ‚
237 384 373 412 farinariis
381 387 434 412 &a
446 385 456 414 ]
470 385 527 413 PR.
540 382 673 421 Bigonius
682 380 712 409 in
724 380 797 410 notis
807 379 840 408 :id
852 378 918 415 ejus·
977 390 1010 409 ex
1023 378 1119 408 lamina
1127 390 1257 419 argentea
1267 400 1274 407 .
1297 378 1371 408 Vide
1382 377 1538 407 Battutilis
1547 398 1554 406 .
1577 377 1650 406 Vide
1667 377 1772 405 Balaa-

121 424 184 453 dem
195 425 316 453 Mzrciiifi
328 424 517 452 formulariuin
532 445 538 456 ,
562 423 614 451 hoc
626 422 787 450 vocabulum
797 429 917 448 autumat
975 421 1087 449 chinum
1099 439 1106 447 .

124 466 233 493 iiirnum
244 465 410 504 significae:
423 463 468 493 sed
478 475 532 504 quo
545 462 724 492 fundamento
733 462 828 489 astruat
839 481 848 493 ,
870 470 918 488 nc-
937 463 1221 491 FAsTioiarissisius
1234 484 1242 494 ,
1263 457 1464 499 superbiffimus
1475 479 1482 486 .
1506 459 1583 494 [Sed
1593 457 1697 487 servata
1707 466 1770 494 pace

121 503 206 534 scitur
215 526 224 545 ·,
975 502 1155 540 reliquorum,
1165 503 1220 531 duo
1229 498 1431 541 fastigiatiss‘imi
1443 499 1597 528 consulares
1607 497 1768 528 Gennadius

83 546 215 575 FAitsuitA
227 568 235 579 ‚
246 546 503 584 adimplemenriim,
513 544 660 574 affluentia.
671 545 799 583 [Ferrem
811 540 915 581 patien·
975 543 1100 570 Avienus
1110 564 1117 574 ‚
1140 547 1167 572 ὃ(
1177 543 1302 572 Cecinna
1313 541 1423 571 Basilius
1433 549 1486 579 prae
1508 540 1612 568 caetcris
1620 537 1773 577 conspicie-

122 586 207 618 mus-‚fi
218 587 252 616 ad
263 587 451 617 cisterciensis
460 587 578 618 Ordinis
587 584 787 614 observantiam
797 594 823 611 te
834 592 916 609 tram·-
974 582 1072 611 bantur
1080 603 1087 610 .
1111 584 1206 612 Sidon.
1217 584 1262 612 lib.
1279 597 1299 611 ι.
1311 581 1388 622 epist.
1398 592 1427 618 9.
1439 580 1485 610 Ad
1494 591 1584 609 arcem
1594 577 1770 620 fastigiatiffi—

122 626 205 655 ferres
216 648 223 654 .
233 628 260 656 Si
272 629 346 656 enim
359 628 387 655 in
401 627 539 666 proposito
548 627 712 665 religionem
722 623 801 652 habes
822 623 916 661 proba·
975 633 1025 651 mae
1038 622 1188 652 l‘oelicitatis
1197 625 1305 653 evetius
1317 644 1324 652 .
1346 622 1425 652 Idem
1435 621 1480 650 lib.
1494 633 1520 650 2.
1529 621 1607 660 epist.
1620 633 1647 657 4.

121 667 221 696 r³ffima
232 667 376 707 religionis
385 667 476 696 schola
484 667 521 695 est
535 689 541 699 ,
560 665 678 695 suminus
689 666 723 694 ibi
735 665 874 694 modeitiae
888 674 916 690 u-
935 665 1084 692 Fisrosus
1096 685 1103 691 .
1127 664 1201 693 Vide
1209 665 1434 702 Philocompicus.
1638 664 1640 667 ’

119 707 162 736 siis
173 730 180 741 ,
203 719 309 736 morum
323 708 496 746 regularitas,
520 706 698 736 fraternitatis
716 705 821 743 :iffefflo
834 727 841 737 ,
864 714 915 742 pax
932 706 1102 733 rii-Atius
1113 725 1119 732 .
1142 705 1226 742 Apud
1237 705 1388 742 Scriptores
1406 702 1530 731 Eccicfiae
1552 713 1602 740 pro
1613 700 1769 730 ncceffitate

120 750 205 777 :inimi
218 749 358 782 ‚omnium
369 747 584 776 communicatio
597 770 602 779 ,
615 756 707 775 mutua
717 745 844 784 obsequia
857 766 864 777 ‚
875 744 916 771 di·
974 744 1090 772 nitur-:ili
1100 744 1241 783 usurpatur
1252 755 1258 775 i
1281 744 1329 773 sed
1342 754 1398 772 non
1407 742 1504 781 absque
1513 742 1648 771 concursu
1658 741 1767 770 divinae

120 787 247 826 sciplinae
258 799 339 826 vigor
354 811 360 821 ,
371 798 447 816 amor
455 788 634 820 obedientius,
646 788 788 816 vimulum
801 785 916 814 tharim·
974 784 1158 822 providentiae
1168 805 1174 812 .
1189 786 1317 820 [Gratias
1327 795 1378 823 ago
1388 785 1450 812 Deo
1461 805 1469 816 ‚
1481 785 1528 822 qui
1537 782 1664 812 adversus
1676 779 1768 810 neces-

120 829 155 856 tis
167 850 174 860 ,
184 829 271 857 carnis
281 828 399 858 servitiis
411 851 418 861 ,
428 828 626 867 hospitalitatis
636 827 774 856 exhibitio
787 850 794 859 ,
806 825 916 864 legendi
972 824 1046 852 sariae
1067 824 1209 854 fatalitatis
1220 825 1358 864 urgentias
1376 824 1496 862 benigne
1506 833 1557 862 pro
1577 823 1685 852 afflictis
1694 821 1770 850 exci-

119 869 230 898 libertas
241 892 248 902 ,
260 870 419 908 vigiliarum
431 870 561 901 excubie,
573 869 650 907 quies
661 869 833 897 meditationi
843 886 859 899 ‚‚
870 866 916 894 de·
975 866 1055 902 piens
1064 886 1072 898 ,
1095 864 1205 894 suscitat
1216 887 1223 898 ,
1244 868 1321 902 juxta
1333 864 1444 894 verbum
1455 866 1542 892 Amos
1551 885 1558 896 ‚
1580 864 1615 892 de
1625 862 1690 891 filiis
1700 864 1768 891 Pro-

119 909 198 938 votio
209 909 365 948 psalmodiae
376 932 383 938 .
403 910 478 945 Quid
489 909 581 948 quaeso
592 909 744 938 dulcedinis
755 930 762 941 ,
773 917 818 936 <nit
829 908 921 936 devo-¹
975 905 1069 945 phetas
1081 926 1089 938 ‚
1111 910 1140 935 ἃ.
1149 906 1182 934 de
1191 906 1336 942 juvenibus
1349 907 1493 934 Nazaraeos
1505 925 1512 932 .
1523 906 1598 933 Petr.
1609 901 1716 933 Blcsen.
1725 912 1770 941 ep.

117 949 204 978 tionis
214 951 340 979 invenies
350 951 420 990 apud
433 961 477 978 eos
490 972 495 981 ‚
508 945 602 988 qubus
614 949 691 979 versa
701 949 737 978 est
751 949 779 977 in
791 947 916 977 nauseam
977 957 1040 982 ¹²7·
1050 946 1095 975 Ut
1106 946 1171 975 sicut
1182 947 1290 975 turbato
1301 944 1441 974 fatalitatis
1452 945 1552 973 ordine
1561 944 1633 974 filius
1645 954 1693 972 vos
1703 953 1772 982 pra:-

117 990 261 1019 numerosa
273 1013 280 1023 ‚
293 1002 373 1030 :itque
382 990 491 1020 confusa
502 991 614 1019 iteratio
628 1012 633 1021 ,
654 995 682 1019 ὃ(
693 988 788 1018 sai-suri
799 986 915 1028 psalmo-
972 985 1047 1015 ceffit
1055 986 1088 1015 ad
1099 997 1217 1016 mortem
1228 999 1235 1017 ;
1259 987 1294 1016 fic
1305 985 1436 1015 ordinato
1447 985 1525 1020 hujus
1535 984 1712 1014 mortalitatis
1723 995 1770 1012 ex-

121 1035 200 1060 rum?
223 1033 296 1059 Petr.
308 1031 404 1060 Biesen
426 1031 504 1069 epist.
516 1036 562 1059 86.
580 1031 612 1059 ad
623 1031 783 1069 Magistrum
795 1030 917 1058 Alexan·
971 1025 1048 1055 cursu
1057 1038 1171 1057 caeteros
1181 1027 1339 1067 prxcedatis
1349 1027 1382 1056 :id
1395 1026 1481 1055 vitam
1492 1049 1499 1055 .
1520 1026 1600 1055 Idem
1611 1024 1690 1064 epist.
1701 1035 1727 1053 ι..

118 1081 178 1099 rum
190 1073 275 1100 Mon:
287 1071 360 1099 *hum
369 1075 399 1103 .]
414 1072 532 1109 Optima
542 1072 653 1110 quidem
663 1080 714 1110 pro
725 1070 914 1100 Ecclesiasticis
933 1070 1144 1098 Piri-stomun
1157 1089 1164 1097 .
1186 1068 1260 1097 Vide
1280 1068 1477 1104 faldistorium
1488 1086 1496 1093 .

117 1112 271 1140 admonitio
281 1133 288 1144 ‚
307 1113 373 1140 dum
384 1113 414 1140 in
433 1112 651 1150 adimplemento
673 1111 834 1150 quantitatis
847 1109 915 1148 psal—
934 1111 1085 1137 FArtsims
1098 1130 1106 1141 ‚
1117 1113 1144 1138 ἃ
1154 1112 1280 1138 Fatiti'us
1290 1129 1296 1135 .
1311 1110 1367 1137 FR.
1380 1107 1496 1136 Advena
1507 1128 1515 1139 ,
1525 1105 1569 1134 seu
1578 1103 1749 1135 adventitius
1759 1125 1769 1138 ,

117 1153 217 1180 modia:
236 1153 333 1190 putant
344 1153 542 1192 obligationem
563 1153 732 1181 recitationis
750 1151 895 1180 consistere
907 1172 913 1183 ,
971 1148 1072 1177 Bullar·
1081 1149 1174 1178 Calin.
1184 1159 1252 1178 torn.
1267 1161 1291 1177 ι.
1301 1148 1443 1176 constitut.
1455 1154 1501 1182 46.
1514 1158 1561 1183 79.
1571 1151 1599 1176 &
1614 1158 1623 1174 1
1636 1157 1678 1179 ¹7·

117 1193 190 1232 quisi
201 1193 239 1220 nil
260 1193 334 1222 aliud
344 1193 523 1232 exigarDcus
533 1215 540 1226 ‚
560 1203 640 1231 qnam
649 1202 793 1221 externam
803 1214 811 1225 ,
826 1202 854 1220 :ic
868 1190 914 1220 fri-
932 1192 1087 1219 Pii-icium
1098 1212 1106 1223 ‚
1117 1190 1209 1218 labor:
1232 1189 1296 1217 hinc
1306 1191 1407 1226 fatiga
1418 1187 1509 1216 italice
1519 1208 1526 1214 .
1539 1189 1721 1225 [Numquam
1732 1185 1768 1213 fa-

118 1234 211 1262 volam
229 1229 418 1262 recitationem
429 1253 435 1260 .
457 1235 513 1262 PR.
536 1233 734 1262 advertendum
756 1242 847 1261 tamen
859 1232 895 1260 est
908 1254 914 1264 ,
973 1229 1038 1268 tigii
1048 1230 1151 1259 montis
1159 1231 1237 1266 hujus
1247 1228 1366 1257 ascensus
1378 1250 1385 1261 ,
1398 1228 1477 1256 nimis
1489 1238 1554 1256 tunc
1565 1237 1621 1255 erat
1631 1223 1750 1255 clivosus
1761 1248 1769 1260 ,

118 1273 193 1312 quod
201 1275 297 1301 Petrus
318 1273 449 1302 Biescnfis
459 1274 494 1301 de
505 1273 647 1312 postremis
659 1273 688 1302 in
710 1273 790 1302 allata
800 1273 915 1301 austori-
972 1272 1058 1299 arcius
1066 1292 1075 1304 ‚
1097 1274 1125 1299 δ(
1134 1270 1263 1299 horridus
1271 1291 1277 1297 .
1288 1272 1323 1299 In
1332 1268 1440 1298 Chron.
1453 1267 1545 1298 Calin.
1555 1268 1600 1296 lib.
1615 1278 1642 1306 3.
1652 1277 1675 1295 c.
1689 1271 1737 1296 28.

117 1324 173 1342 tite
185 1314 272 1342 verbis
282 1313 310 1343 se
321 1315 523 1348 tetradas-eret,
533 1313 578 1344 seu
589 1315 685 1344 melius
695 1313 768 1342 suam
780 1315 916 1343 intentio·
935 1314 1035 1341 FAvoN
1046 1332 1053 1339 .
1077 1311 1151 1340 Vide
1173 1317 1266 1340 Fanon
1276 1331 1283 1338 .

117 1365 182 1383 nem
191 1355 375 1392 explicaverat
391 1378 398 1388 ‚
410 1355 552 1394 inquiens:
576 1362 588 1391 [
600 1357 715 1394 Propter
726 1354 779 1383 hoc
790 1354 916 1383 adversus
932 1355 1112 1382 FEBRICITAS
1125 1374 1131 1384 ‚
1143 1352 1220 1380 febris
1233 1372 1239 1379 .
1265 1357 1277 1386 [
1290 1353 1329 1379 At
1340 1361 1410 1379 nunc
1425 1353 1451 1378 δι
1465 1349 1628 1378 febricitates
1637 1370 1646 1382 ,
1669 1346 1688 1376 ὸ
1698 1349 1769 1376 Mar-

116 1394 278 1434 Magistrum
290 1394 478 1425 Alex'aridrum
487 1397 517 1424 in
527 1396 640 1434 epistola
650 1396 764 1435 quadam
776 1405 861 1434 nuper
870 1406 916 1423 ex·
973 1393 1077 1422 cionita
1086 1414 1094 1425 ,
1114 1396 1142 1421 ὅ(
1152 1403 1264 1421 caeteros
1283 1392 1396 1419 tribulos
1407 1412 1415 1424 ‚
1433 1394 1460 1419 &
1471 1389 1561 1428 spinas
1579 1389 1662 1417 dolor
1681 1389 1770 1416 carnis

117 1436 216 1464 candui
228 1447 236 1467 ς
257 1440 284 1464 δ(
297 1436 380 1464 verbs
391 1459 398 1468 ,
420 1447 479 1475 quae
491 1433 578 1474 ipsum
590 1436 748 1476 specialiter
769 1437 916 1474 coiitinge—
974 1443 1028 1462 ιιι-ε
1041 1433 1089 1462 tibi
1099 1434 1157 1462 edit
1171 1454 1178 1465 ,
1187 1432 1304 1462 Tertull.
1317 1432 1361 1459 lib.
1380 1442 1402 1458 i.
1411 1429 1514 1460 advers.
1526 1430 1660 1458 Marcion.
1669 1439 1693 1456 c.
1705 1430 1768 1464 ιφ]

117 1477 182 1505 bant
194 1498 202 1509 ‚
222 1476 305 1514 palliis
314 1476 373 1504 sum
391 1478 420 1504 in
431 1477 612 1515 quorumdam
631 1476 760 1506 offensam
771 1476 898 1505 licentius
907 1499 915 1510 ,
973 1475 1008 1503 fic
1017 1474 1134 1512 corrigit
1151 1473 1223 1502 hunc
1237 1474 1328 1501 locum
1337 1469 1530 1499 eruditissimus
1541 1469 1664 1498 Latinius
1673 1478 1770 1497 contra

118 1525 198 1554 quam
207 1517 343 1554 oportuit,
353 1517 480 1555 evagari:
494 1516 590 1549 fateor,
602 1518 676 1556 quod
688 1517 843 1555 psalmodiae
855 1527 917 1555 pro-
973 1516 1125 1545 Pamelium
1137 1536 1145 1547 ‚
1166 1515 1213 1553 qui
1224 1512 1359 1541 febricitas
1371 1533 1380 1544 ‚
1392 1522 1421 1539 ac
1431 1511 1450 1539 fi
1461 1510 1524 1538 ess'et
1535 1510 1646 1538 verbum
1655 1531 1663 1542 ,
1685 1519 1771 1547 expo-

118 1556 209 1585 lixitas
219 1576 229 1591 ,
240 1557 259 1585 si
270 1566 303 1584 ex
313 1556 466 1584 devotione
477 1558 602 1594 procedit
615 1579 623 1590 ‚
634 1556 806 1585 saluberrima
817 1558 855 1585 est
868 1579 874 1589 ,
897 1558 915 1586 fi
976 1555 1018 1583 nit
1029 1577 1036 1588 ‚
1060 1555 1165 1584 scilicet
1175 1565 1184 1585 ς
1207 1553 1401 1592 Etfebricitas
1411 1553 1423 1579 ὃ
1434 1553 1559 1579 Marcion
1571 1570 1578 1577 .

120 1597 241 1625 acediam
252 1607 308 1624 non
317 1595 398 1625 habet
408 1595 515 1624 sociam:
526 1598 671 1636 occupa'tio
683 1607 775 1626 tamen
786 1598 820 1626 efl
830 1595 915 1626 hone·
932 1598 1072 1626 Fzsuizxs
1082 1617 1090 1628 ,
1114 1594 1269 1623 lebricitans
1280 1615 1286 1621 .
1311 1599 1323 1628 [
1336 1593 1404 1627 Quis
1415 1590 1529 1619 febriens
1539 1590 1686 1630 aegrotanti
1698 1590 1770 1618 tastu

119 1638 166 1669 sta,
178 1641 205 1665 δ(
218 1637 237 1665 fi
250 1647 333 1676 vagos
344 1636 467 1666 excursus
476 1637 576 1666 mentis
585 1638 702 1666 omnino
712 1647 769 1666 non
780 1638 915 1677 reprimit,
973 1635 1080 1676 pulsum
1089 1636 1239 1674 distinguat
1249 1633 1423 1663 incolumen.
1435 1631 1532 1660 Sidon.
1541 1632 1588 1658 lib.
1601 1637 1628 1659 6.
1637 1630 1770 1668 epist.1.]

116 1688 163 1717 per
172 1688 229 1706 eam
241 1676 334 1706 saltem
345 1678 439 1706 studiis
449 1677 648 1708 honestioribus
657 1677 916 1718 assiiescit,epist.97.
974 1677 1047 1707 Vide
1056 1679 1237 1715 Frigoriticus
1247 1696 1254 1703 .

117 1719 188 1747 circa
198 1718 296 1747 finem.
935 1720 1054 1747 Fzmus.
1083 1717 1152 1745 Vide
1169 1714 1349 1754 Inaqualitas
1359 1734 1366 1742 .
1378 1718 1467 1751 Typus
1477 1732 1484 1740 .

79 1761 196 1788 saurus
208 1779 215 1786 .
241 1760 296 1787 PR.
306 1767 424 1787 monetae
445 1758 547 1798 species
559 1761 589 1788 in
600 1760 693 1789 Sicilia
703 1781 710 1788 .
735 1766 747 1795 [
760 1760 842 1795 Quod
854 1759 916 1788 mil·
935 1761 1035 1788 Piscosi
1046 1778 1052 1785 .
1074 1759 1129 1787 PR.
1139 1756 1310 1784 territorium
1323 1777 1329 1787 ,
1352 1750 1605 1783 voc'aouiuniadhuc
1617 1751 1646 1778 in
1657 1750 1750 1779 Sicilia
1760 1771 1770 1784 ,

118 1800 144 1826 le
155 1798 267 1837 quidem
286 1799 417 1828 sartorum
425 1810 541 1828 annuam
553 1801 712 1838 pensionem
733 1807 743 1833 (
757 1802 784 1829 in
803 1811 853 1839 qua
865 1811 915 1838 pro
974 1803 1001 1828 ἅ
1012 1799 1107 1827 Melita
1119 1807 1266 1825 retentum.
1280 1794 1488 1830 [Concedimus
1498 1796 1550 1821 &c-
1560 1792 1681 1829 exceptis
1692 1791 1767 1819 obla-

119 1840 215 1867 eodem
228 1841 329 1877 Regno
350 1839 398 1877 ipsi
411 1841 527 1869 Eccleiia
547 1844 672 1870 Romana
684 1842 848 1874 tenebatur)
870 1851 917 1879 per
973 1840 1093 1867 tionibus
1103 1842 1154 1866 διε.
1167 1843 1193 1866 ὅ(
1203 1846 1325 1874 exceptis
1334 1845 1457 1874 equitum
1468 1831 1764 1872 fegis‚iivebeneficiis,

120 1889 222 1907 novem
230 1889 317 1906 annos
329 1899 336 1910 ,
359 1883 386 1908 ὃ(
398 1881 515 1918 amplius
535 1880 643 1909 solvere
653 1882 828 1919 pretermiiit
839 1902 846 1910 .
869 1882 914 1910 De
974 1890 1007 1907 ex
1018 1880 1122 1918 quibus,
1133 1878 1275 1909 videlicet,
1287 1876 1320 1904 dc
1331 1874 1469 1904 beneficiis
1479 1883 1612 1912 equitum,
1623 1875 1650 1900 ὃ(
1662 1871 1769 1900 manuh-

118 1919 258 1948 sententia
269 1940 277 1951 ‚
289 1922 316 1947 δε
326 1928 354 1946 re
365 1920 480 1954 judicata
490 1943 497 1953 ,
508 1921 537 1949 in
546 1921 625 1950 sexto
639 1944 643 1953 ,
655 1932 678 1949 c.
690 1934 716 1950 ι.
972 1920 1005 1948 lis
1017 1918 1209 1950 cotiventi13,1i
1222 1926 1370 1956 poterimus
1383 1937 1390 1948 ,
1401 1916 1464 1943 alibi
1474 1924 1511 1942 eis
1522 1913 1710 1941 concambium
1720 1912 1768 1940 da-

77 1962 268 1989 FASCINATOR
279 1979 286 1986 .
298 1959 372 1988 Vide
383 1964 507 1999 Caragus
519 1983 527 1995 ‚
539 1963 754 1998 Hydromantia,
765 1963 914 1999 obligatur.
973 1962 1098 1992 bimum<
1111 1957 1166 1997 ipsa
1179 1959 1272 1986 omnia
1284 1957 1381 1996 sega&
1393 1956 1526 1983 minuans
1537 1957 1548 1986 ]
1560 1958 1587 1982 δ(
1599 1953 1667 1981 infra
1679 1954 1768 1989 [Prae-

77 2003 228 2030 FAsrttiA
240 2021 247 2031 ,
260 1998 338 2027 fastm-
349 2021 357 2032 ,
380 2000 498 2039 ligamen
509 2023 516 2030 .
542 1998 635 2038 [Fecit
646 2003 852 2040 coopertorium
873 2002 914 2030 su-
973 2002 1022 2029 fata.
1031 2000 1150 2029 Ciste'sta
1161 1999 1193 2027 ad
1206 1998 1259 2027 hoc
1272 1996 1471 2037 perficiendum
1478 2005 1545 2033 opus
1554 1994 1766 2023 constituemus.

118 2052 167 2080 per
178 2042 273 2069 Altate
284 2049 346 2067 cum
355 2041 439 2070 clavis
450 2064 457 2075 ‚
467 2046 494 2070 ὅ(
507 2042 617 2070 {anellis
627 2063 634 2070 .
649 2042 770 2071 Anastas.
781 2043 914 2071 Biblioth.
974 2045 1012 2070 Ex
1026 2041 1132 2079 Regiil.
1146 2039 1252 2067 Farsen.
1265 2038 1384 2067 Abbatiae
1395 2058 1403 2070 ‚
1416 2047 1442 2064 n.
1458 2047 1467 2064 i
1479 2047 1486 2063 i
1497 2042 1541 2071 56.

118 2083 148 2110 in
171 2080 321 2110 Benedicio
330 2081 371 2108 11·
384 2083 396 2112 ]
417 2084 454 2111 In
463 2083 593 2120 aliquibus
602 2083 739 2111 codicibus
748 2083 866 2120 Fistellls
876 2085 912 2111 le-
934 2086 1060 2112 iniiro
1074 2103 1081 2113 ,
1101 2079 1203 2119 exsugo
1214 2102 1222 2112 ‚
1239 2079 1349 2118 mulgeo
1361 2100 1368 2110 ,
1392 2078 1502 2106 verbum
1512 2075 1746 2114 frequentativum
1756 2095 1763 2103 .

117 2123 211 2161 gitur.
234 2122 289 2150 PR.
301 2119 407 2150 fortass’e
425 2124 543 2160 Fastella
559 2133 690 2161 eucarpus
702 2145 708 2155 ‚
732 2127 758 2151 δε
779 2124 914 2152 coiumnae
973 2126 1153 2160 [Exugerent
1173 2120 1321 2149 fellitantes
1331 2127 1455 2147 mammae
1468 2138 1475 2145 .
1494 2121 1600 2149 Arnob.
1620 2117 1667 2145 lib.
1680 2128 1705 2145 γ..
1716 2115 1764 2144 ad-

119 2162 277 2201 capitellum
289 2160 326 2188 est
338 2182 345 2192 ‚
359 2162 434 2199 quo‘d
443 2164 526 2192 etiam
539 2163 676 2202 fastigium
685 2162 915 2193 :isublim'iorico-
971 2161 1040 2190 vers.
1051 2165 1155 2190 Gentes
1166 2181 1173 2188 .
1500 2168 1502 2170 ·

120 2204 221 2232 lunmae
233 2211 310 2240 pute
319 2202 420 2232 dicitur
432 2225 440 2236 ‚
452 2203 516 2232 hinc
527 2205 607 2242 Virg.
619 2199 737 2233 AEneid'.
753 2214 774 2231 i.
930 2206 1059 2232 Paos-ni
1071 2224 1078 2235 ,
1089 2202 1203 2230 rebellio
1214 2221 1220 2228 .
1245 2200 1380 2236 [Felonia
1392 2222 1399 2231 ‚
1408 2199 1484 2237 eulpa
1494 2220 1501 2231 ,
1514 2198 1569 2227 five
1580 2197 1690 2235 injuria,
1701 2207 1763 2236 pro-

162 2255 303 2263 ’--’-·-
389 2248 423 2274 Et
436 2244 539 2284 fastigia
548 2244 661 2283 suscipit
672 2243 756 2272 Urbis
767 2263 774 2271 .
974 2253 1035 2282 pter
1044 2252 1123 2282 quam
1144 2240 1264 2270 vass'illus
1274 2240 1378 2268 amittit
1388 2240 1497 2268 feudum
1507 2260 1515 2268 .
1535 2240 1653 2267 Hoiticn
1667 2240 1697 2269 .]
1721 2240 1763 2265 Ex

116 2284 182 2315 Itali
192 2287 297 2324 Festone
307 2286 448 2324 appellant
458 2306 465 2314 .
972 2284 1057 2313 verbo
1068 2283 1225 2322 'germanico
1234 2281 1317 2311 Felen
1326 2281 1465 2310 derivatur
1473 2302 1482 2313 ‚
1500 2279 1574 2319 quod
1584 2286 1672 2308 errare
1682 2277 1767 2316 ligni-

76 2325 170 2356 risu
181 2349 189 2360 ‚
201 2327 346 2356 ethnicum
357 2327 516 2356 vocabulum
526 2336 534 2356 ς
545 2325 594 2355 sed
604 2337 618 2354 a
627 2325 795 2355 Christianis
813 2322 916 2355 Cilcn-
974 2325 1035 2353 ficat
1044 2346 1050 2352 .

117 2367 222 2396 d=rium
234 2367 405 2408 intelligitur
415 2390 422 2400 ,
445 2368 475 2396 in
486 2377 542 2406 quo
550 2367 634 2396 totius
650 2367 716 2395 anni
727 2366 915 2395 solemnitates
931 2368 1064 2394 Ffflziii
1075 2386 1083 2397 ,
1093 2364 1178 2392 feri-ea
1189 2362 1279 2392 ansula
1291 2385 1298 2396 ,
1309 2373 1342 2392 ex
1352 2363 1499 2402 quajahuae
1509 2359 1636 2400 pulsatile
1645 2357 1747 2397 pendet
1755 2376 1766 2386 .

117 2409 281 2439 nominatur
289 2430 298 2443 ,
308 2412 336 2439 ὃς
344 2409 376 2438 ab
384 2407 428 2438 his
437 2407 511 2438 fastis
521 2407 624 2438 deinde
633 2428 643 2442 ‚
662 2408 703 2437 uti
715 2408 752 2437 ait
763 2407 895 2439 Batonius
904 2380 928 2471 ,J
973 2405 1062 2446 Regia
1073 2404 1231 2443 monasterii
1240 2404 1382 2435 circellum
1390 2404 1486 2475 ὴαξίοπ
1505 2402 1621 2431 ferreum
1631 2401 1662 2428 in
1671 2398 1768 2472 fssnel·

1489 2453 1508 2477 4
1683 2471 1704 2477 ..
1719 2459 1735 2477 ι
