1866 2526
425 26 536 69 AL

69 86 172 119 chivio
183 85 304 124 ejusdem
318 84 445 116 Ecclefiae
455 79 626 113 conservatis
633 89 746 120 apparet
754 102 761 114 ,
783 79 857 119 quod

74 130 110 160 de
120 138 197 159 enno
212 131 296 162 1482-
309 126 456 156 vocabatur
464 125 601 154 Altan'us
612 125 770 151 canonicus
779 141 787 149 .
801 123 857 150 PR.

72 169 130 200 Hic
140 166 264 197 succeffit
275 167 304 195 in
315 167 378 196 loco
390 165 550 197 Affifiorum
561 185 569 197 ‚
581 173 611 192 ut
624 163 744 192 dicemus
753 162 783 191 in
791 161 857 191 diet.

73 208 164 248 Affifii
175 229 183 237 .
205 207 309 238 Altaris
318 207 434 246 pallium
443 227 451 234 .
470 205 544 235 Vide
554 205 758 242 Antipetasma
767 224 776 237 ‚
789 203 857 232 Cho—

72 261 120 280 rus
129 271 138 283 ‚
159 255 244 279 Sacra
265 250 360 286 mensa
370 269 379 281 ,
400 247 573 285 Superaltare
585 264 592 272 .

30 292 259 320 ALTARAth-t.
282 289 357 318 Vide
378 289 575 324 Alteragium.

32 333 180 360 Avi-nus
191 351 200 364 ,
218 328 376 360 sublevatus
385 350 394 362 ‚
417 332 445 358 δ(
454 328 483 355 in
494 327 578 356 altum
589 325 729 355 subvectus
739 346 748 359 ‚
772 326 857 364 [Jam

71 382 121 401 ver
133 369 243 400 decedit
252 370 357 403 aestati,
379 374 406 398 ὅ(
420 368 564 407 perlineas
580 363 627 396 'sol
648 367 747 395 altatus
766 375 858 394 extre-

72 422 128 441 mas
138 433 148 446 ,
168 412 199 440 in
208 421 287 440 axem
295 410 451 447 scythicum
472 408 626 447 porrigitur
636 428 644 435 .
666 407 763 436 Sidon.
775 406 820 434 lib.
833 417 858 434 ι.

72 463 115 491 ep.
127 463 151 481 c.
163 455 212 484 πμ]
235 450 362 481 describit
373 473 380 484 ,
400 450 504 479 scilicet
516 470 524 481 ,
548 448 695 477 solstitium
715 446 840 476 aestivum
850 465 858 472 .

31 494 238 522 Αιτεκᾼωυικι
249 514 256 525 ,
269 493 372 521 oblatio
382 491 462 530 super
474 491 573 520 Altare
582 489 666 527 posita
676 507 682 515 .
699 493 718 522 '[
729 486 857 525 Affignt-

73 534 149 562 batur
158 532 233 562 sexta
243 543 302 571 pars
314 534 386 561 iilius
407 529 618 560 existimationis
638 530 668 557 in
680 527 858 556 obventioni-

74 574 120 602 bus
130 574 326 613 alteragiorum
336 572 437 602 Matth.
447 569 529 601 Paris.
540 571 571 600 in
582 571 642 598 vita
653 568 758 598 Guliel.
770 567 854 598 Abb.]

73 614 134 644 Alii
147 624 212 642 vero
223 614 385 652 probabilius
397 614 580 649 Altaragium
592 611 706 649 legunt..
828 646 833 651 ᾖ

33 656 231 684 Arum-xus
244 675 252 683 .
275 654 470 684 Alternativa.
494 657 506 686 [
523 651 578 686 Qui
599 661 679 679 unica
697 649 808 677 'fervens
827 657 856 675 in

73 705 136 724 eum
159 695 264 724 amoris
285 694 416 723 charitate
435 692 568 732 gaudebat
578 712 586 724 ,
608 695 635 720 ὅ(
646 691 755 719 dolebat
767 698 859 717 mutua

78 735 164 764 animi
185 735 344 764 alternitate
355 754 361 762 .
384 736 420 763 In
431 734 488 762 vita
500 734 526 761 S.
539 732 670 761 Adelardi
686 731 778 761 Abb.]
804 731 861 758 PR.

76 776 178 804 Eadem
200 775 290 814 phrafi
311 774 371 803 usus
405 774 443 803 est
467 774 564 803 Accius
593 772 671 811 apud>
686 770 832 801 Nonnium
852 791 860 802 ,

73 826 156 854 atque
178 816 308 853 Viciffitas
331 826 381 854 pro
404 813 592 844 vicissitudine
614 812 688 842 dixit
702 832 709 840 .

36 857 229 886 isti-stennon
242 876 249 883 .
275 858 332 885 PR.
355 856 482 884 volucris
504 854 658 893 Epitheton
670 875 676 881 .
702 853 770 887 [Ut
780 851 861 880 bestia

75 896 181 935 magi55
204 907 285 935 quam
296 897 354 926 avis
365 897 429 924 licet
441 905 562 934 pennata
572 917 580 928 ‚
589 896 668 924 brevi
677 894 767 931 capite
779 914 787 925 ,
801 903 860 931 pro.

72 938 157 965 traeht
176 938 303 971 cervice,
325 947 423 966 caetera
441 936 580 975 altegrada
591 957 598 964 .
614 935 738 966 Tei-tull.
756 934 791 962 de
804 935 860 962 Vc<

871 243 1061 270 Amicnmu
1079 258 1087 266 .

1174 19 1299 60 AM
1587 33 1640 72 47

912 76 943 107 in
951 75 1034 106 calice
1043 76 1118 106 Ord.
1127 77 1235 107 Rom-1
1258 79 1298 105 Ex
1318 71 1372 102 hoc
1392 76 1523 103 vocabulo
1534 78 1628 106 Graeci
1638 77 1693 106 foe-

913 115 976 147 tass'e
985 115 1099 153 ἄγαμοι,
1122 127 1224 146 vocant
1242 116 1342 147 vinum
1355 124 1406 153 pro
1416 115 1554 146 Sacrificio
1575 117 1693 146 destina-

910 167 970 187 turn
979 178 988 191 ‚
997 156 1148 195 composita
1156 167 1215 188 vox
1226 167 1261 186 ex
1272 155 1324 187 dni
1335 176 1343 188 ,
1352 159 1383 184 in
1394 155 1549 195 signifians
1559 178 1567 189 ,
1578 160 1607 185 ὃ(
1618 156 1693 193 ἅμα.

911 198 982 228 idest
991 197 1136 231 ,tirceolus
1147 219 1155 232 ,
1177 208 1206 227 ac
1219 197 1238 227 st
1261 197 1413 226 inutceolo
1421 196 1540 235 positum
1550 197 1675 226 dicerent
1686 219 1693 226 .

1121 241 1177 269 FR.
1199 238 1309 268 Pedites
1339 237 1444 266 milites
1466 259 1474 271 ,
1505 238 1607 267 arabica
1639 248 1695 266 vox

911 278 1086 316 Mghabbar,
1109 290 1169 318 quae
1183 280 1297 319 pulvere
1319 278 1448 317 plenum,
1470 279 1697 316 pulverulentum

912 318 1067 358 significan
1086 321 1163 349 ,unde
1172 319 1311 359 Hispani,
1334 320 1380 357 qui
1392 319 1479 347 multa
1490 319 1594 349 arabica
1612 329 1697 348 voca-

913 360 972 389 bula
995 359 1136 395 retinent,
1157 363 1323 399 Amagabar
1345 361 1475 388 dixemnt
1498 360 1621 400 peditem
1644 360 1697 389 mi-

914 401 994 429 litem
1006 411 1039 428 ex
1051 402 1184 438 pulvere,
1207 413 1289 441 quem
1302 401 1509 441 progrediendo
1530 402 1560 429 in
1581 399 1609 430 se
1629 411 1696 430 exu-

912 440 1012 470 scitat.
1035 441 1077 471 Sic
1098 444 1248 472 exercitum
1272 443 1444 482 fugientem,
1468 442 1549 482 Virg.
1574 453 1621 470 ιι.
1636 441 1696 474 AE-

914 481 990 510 neid.
1012 480 1151 522 descripfit
1166 506 1174 518 ‚
1196 483 1340 522 inquiens:

912 535 1056 543 ·—··-
1080 525 1212 564 Verfiquc
1236 523 1352 553 vicissim

952 566 1148 597 Pulverulenta
1167 566 1228 605 fuga
1243 565 1344 595 Rutuli
1364 564 1432 593 dant
1451 571 1528 604 terga
1539 570 1587 604 per
1599 574 1679 603 agi-os
1690 578 1697 591 .-

911 609 1009 647 Itaque
1027 608 1062 636 de
1080 608 1223 636 Ranzerio
1233 606 1319 645 Regis
1330 605 1480 644 Aragoniae
1502 605 1696 644 Petrigenito-

920 659 967 681 re,
989 648 1073 677 refert
1094 647 1271 686 Nicephorus
1281 649 1410 686 Gregore.
1431 647 1476 675 lib.
1488 658 1514 678 7.
1536 658 1559 675 c.
1577 646 1699 684 153.h:1-

915 688 1000 718 buiss'e
1022 689 1053 717 in
1073 687 1122 716 suo
1140 690 1282 717 exercitu:
1308 687 1412 721 [Mille
1421 688 1609 726 amagabaros,
1631 695 1699 726 quos

875 751 879 756 -
914 730 1007 759 Latini
1030 729 1135 768 pedites
1157 739 1275 758 vocant·
1299 731 1311 759 ]
1337 728 1400 763 Quo
1423 729 1556 757 vocabulo
1577 727 1638 757 usus
1658 737 1701 756 ct-

916 771 971 799 iam
993 770 1031 799 est
1053 772 1098 809 Jo.
1122 770 1267 799 Villanus.

873 813 923 841 Am
932 821 1077 841 fflAtoTH.
1088 810 1164 844 Quid
1174 809 1299 839 hebraice
1307 808 1445 847 significet
1453 827 1461 836 .
1475 808 1549 837 Vide
1559 809 1698 846 Psalmus.

874 854 1057 881 ΑΜΑιεςιτΑ
1071 872 1078 879 .
1099 853 1156 880 PR.
1167 851 1202 879 de
1211 861 1266 890 quo
1278 850 1410 880 vocabulo
1421 848 1492 888 saepe
1501 850 1531 877 in
1541 850 1620 878 Sacra
1629 850 1700 878 Scri-

906 903 992 931 vptura
1004 905 1010 920 :
1034 891 1170 921 Amalech
1181 913 1189 925 ‚
1214 890 1328 930 'populus
1351 891 1474 919 lambens
1499 890 1701 928 interpretatur

913 944 927 961 a
949 935 987 963 D.
997 935 1117 972 Gregor.
1140 932 1275 971 hom.36.
1297 931 1328 960 in
1349 940 1407 968 cap.
1432 941 1477 966 54.
1500 932 1600 960 Lucae.

58 977 147 1006 'land.
171 978 252 1016 Virg.
271 980 283 1009 ]
309 977 369 1006 Alii
388 978 603 1015 Altergmdiam
628 978 744 1014 legunt.
768 976 857 1010 Quam
874 977 1003 1003 Amiano.
1025 978 1159 1003 Amarum
1168 974 1275 1011 aliquid
1287 972 1421 1004 reddere,
1443 972 1490 1000 vel
1499 971 1611 1010 sapere.
1637 973 1701 1006 [A-

73 1017 160 1054 aliqui
172 1019 294 1045 Fulicam
306 1039 315 1050 ,
337 1017 385 1045 alii
396 1017 543 1046 ciconiam
555 1039 562 1050 ‚
585 1017 634 1045 alii
653 1016 724 1045 Ibim
742 1025 858 1054 putant.

75 1058 143 1085 Haec
157 1057 214 1085 avis
226 1078 234 1090 ‚
257 1056 302 1085 seu
314 1057 395 1085 bestia
405 1058 492 1085 credit
511 1057 539 1086 se
549 1058 602 1085 efle
611 1066 700 1085 tutam
712 1067 726 1084 a
745 1065 858 1084 venato-

73 1097 156 1130 sibus,
169 1097 189 1126 fi
201 1106 280 1135 caput
290 1097 445 1126 abscondat.-
457 1098 533 1136 quod
541 1099 659 1136 applicat
672 1097 858 1126 Tertullianus

77 1137 111 1165 ad
120 1136 184 1165 illos
194 1158 202 1170 ,
221 1138 308 1175 quiin
319 1138 434 1166 Ecclesia
444 1137 594 1175 loquuntur
605 1160 613 1171 ‚
623 1142 650 1166 δε
662 1137 758 1175 palmae
778 1146 857 1165 manu

75 1176 172 1206 faciem
191 1176 377 1210 abscondunt,
405 1187 530 1215 putantes
549 1178 655 1206 nullum
676 1188 722 1205 eos
741 1175 838 1206 videre
850 1205 857 1212 ,

34 1220 191 1248 Anien-A
203 1239 212 1251 ,
234 1218 370 1257 quidquid
386 1228 420 1246 ex
438 1217 479 1247 sui
497 1228 593 1247 natura
614 1217 684 1256 petit
704 1217 734 1245 in
743 1218 847 1246 altum.

76 1265 89 1294 [
102 1258 211 1288 Levites
220 1258 294 1288 enim
305 1259 395 1287 omnis
417 1259 531 1297 altipeta
549 1259 588 1288 est
599 1258 706 1287 Paulin.
718 1258 797 1296 epist.
811 1268 856 1286 21.

73 1299 108 1328 ad
118 1300 239 1328 Amand.
252 1302 264 1331 ]
289 1302 347 1329 PR.
369 1299 467 1328 eodem
479 1300 562 1329 modo
575 1300 637 1328 Cic.
648 1298 808 1327 Altivolans
819 1298 858 1326 ait

73 1340 121 1369 lib.
135 1351 161 1368 2.
171 1339 205 1368 de
215 1341 285 1369 Div.
311 1346 322 1375 [
335 1342 430 1370 Servat
447 1351 534 1380 genus
545 1339 767 1370 Altivolantium
778 1361 786 1372 ‚
799 1342 811 1371 ]
830 1342 857 1367 ὅ(

75 1379 181 1410 PlinIus
190 1391 213 1408 c.
228 1392 272 1417 ¹9·
293 1381 341 1409 lib.
359 1393 400 1409 10.
412 1382 577 1412 Altivolum
588 1381 662 1408 dixit
672 1400 679 1408 .
703 1380 757 1409 Sed
774 1381 858 1409 Alti-

73 1421 172 1450 volans
182 1441 192 1454 ,
214 1424 242 1450 ὃ(
263 1422 410 1450 Altivolus
433 1422 467 1450 de
485 1422 562 1450 omni
589 1421 703 1449 volucre
725 1420 859 1459 praedica-

74 1470 136 1489 tur.
160 1461 286 1499 Altipeta
308 1472 375 1491 vero
396 1461 477 1490 habet
494 1462 649 1502 generalius
660 1462 838 1499 predicatum
850 1472 857 1490 ς

913 1024 1000 1043 marat
1020 1014 1095 1042 enim
1112 1014 1260 1047 nimietas,
1282 1014 1357 1052 quod
1369 1022 1476 1050 poterat
1493 1013 1610 1041 condire
1623 1021 1700 1040 men-

912 1054 971 1083 sura
982 1074 989 1081 .
1012 1053 1148 1089 Chrysol.
1157 1053 1239 1082 serm·
1253 1066 1261 1083 i
1271 1066 1284 1084 2
1293 1064 1317 1090 5·
1328 1055 1341 1084 ]
1366 1055 1439 1082 Item
1450 1056 1585 1083 Amarico
1595 1074 1602 1086 ,
1614 1052 1645 1080 in
1653 1063 1700 1080 eo-

903 1095 976 1124 .dem
987 1094 1142 1133 significatu
1152 1115 1159 1122 .
1184 1100 1197 1129 [
1209 1095 1281 1131 Quia
1294 1094 1513 1123 amaricaverunt
1522 1103 1568 1122 me
1579 1093 1628 1132 ipfi
1641 1114 1650 1126 ‚
1669 1096 1700 1121 δε

912 1144 1108 1174 patreseorum
1120 1156 1127 1162 .
1147 1135 1269 1164 Lucifer.
1281 1134 1435 1163 Caralitan.
1449 1134 1500 1162 lib.
1510 1134 1546 1162 de
1556 1144 1616 1162 non
1624 1143 1699 1171 parc.

913 1177 943 1204 in
955 1177 1047 1205 Deum
1055 1176 1161 1213 delinq.
1174 1177 1186 1207 ]
1214 1177 1270 1205 PR.
1280 1176 1353 1204 Item
1362 1175 1512 1211 Amaresco
1522 1195 1528 1202 .
1545 1173 1682 1203 Palladius
1693 1194 1702 1201 .

915 1222 928 1252 [
942 1217 1113 1255 Amygdalus
1122 1215 1142 1244 fi
1152 1215 1264 1244 rodatur
1275 1237 1283 1249 ,
1293 1213 1434 1247 amarescit
1442 1234 1450 1241 .
1462 1217 1474 1246 ]
1499 1215 1571 1243 Item
1582 1217 1702 1244 Amari-

914 1269 956 1287 cor
965 1278 972 1285 .
986 1263 997 1292 [
1012 1257 1086 1285 Facit
1108 1257 1249 1285 amaricari
1261 1261 1389 1285 ventrem
1399 1275 1406 1283 .
1416 1256 1575 1294 Apocalyp.
1585 1265 1673 1294 capa.
1687 1257 1700 1286 ]

912 1302 947 1327 Et
962 1301 1150 1327 Amas-icarus
1162 1317 1169 1325 .
1190 1297 1298 1327 Ibidem
1331 1297 1527 1332 [Am-,tricatus
1544 1296 1582 1325 est
1599 1303 1702 1325 venter

914 1349 988 1367 meus
997 1358 1005 1366 .
1016 1342 1029 1370 ]
1052 1341 1176 1376 Eumque
1185 1346 1200 1366 a
1213 1348 1256 1367 me
1267 1338 1374 1367 tristem
1388 1359 1395 1370 ,
1416 1337 1646 1376 amaricatumque
1657 1346 1700 1364 re-

915 1379 989 1418 puli.
1011 1380 1049 1408 D.
1062 1381 1182 1418 Gregor.
1202 1379 1233 1407 in
1245 1379 1352 1418 Regist.
1363 1378 1410 1406 lib.
1426 1390 1435 1407 1
1444 1389 1470 1407 ι..
1479 1378 1557 1416 epist.
1568 1389 1614 1416 30.
1626 1379 1703 1406 Item

916 1422 1052 1449 Amarior
1062 1419 1281 1458 comparativum
1294 1441 1300 1448 .
1313 1425 1326 1455 [
1339 1419 1444 1448 Inveni
1451 1419 1618 1447 amariorem
1627 1428 1700 1447 mor·

916 1470 943 1489 te
955 1481 963 1488 .
986 1460 1088 1489 Eccles.
1110 1470 1168 1499 cap.
1189 1471 1218 1494 7.
1240 1472 1269 1489 n.
1292 1471 1339 1493 27·
1361 1463 1374 1492 ]

75 1511 140 1529 nam
161 1502 246 1530 etiam
266 1512 308 1531 res
329 1502 492 1531 inanimatas
504 1525 511 1536 ,
534 1513 564 1531 ac
581 1503 656 1531 leves
677 1501 859 1540 comprehen-
875 1504 1094 1531 AMARTIGEMA
1106 1523 1114 1534 ‚
1126 1504 1383 1539 &Hamamgenia
1395 1523 1401 1533 ,
1425 1499 1620 1539 οἶμαρτιγνύεωι
1631 1509 1702 1539 grae«

76 1541 137 1570 dits
159 1551 190 1568 ut
211 1552 244 1570 ex
265 1542 384 1572 Paulino
405 1543 484 1582 supra
505 1541 591 1572 citato
614 1543 719 1581 liquet.

36 1583 154 1609 Atvzus
167 1600 173 1607 ·
196 1581 269 1611 Vide
293 1586 383 1610 Curia
403 1589 546 1613 Romana.

39 1623 241 1650 AtrTARcuzs
253 1642 260 1650 .
285 1624 342 1652 PR.
353 1632 440 1660 graeca
453 1634 508 1653 vox
519 1621 696 1662 dxvvvc‘pxm,
716 1623 862 1662 praesidens

78 1662 112 1690 ad
132 1660 281 1700 spestecula
303 1675 309 1690 :
342 1663 471 1692 Sacerdos
503 1674 562 1693 erat
584 1662 747 1693 Antiochiae
761 1685 768 1696 ,
790 1666 862 1698 cujus

78 1702 205 1772 pilgicmm
227 1703 398 1746 'Alytarchia
418 1703 577 1737 dicebatur,
599 1704 699 1733 Codex
722 1701 860 1733 Theodos.

116 1762 124 1771 .
150 1753 193 1771 ιο.
215 1751 259 1771 tit.
285 1754 307 1771 1.

40 1783 233 1812 Aunuxus.
258 1785 315 1813 PR.
338 1783 446 1813 solidus
466 1805 473 1817 ,
495 1783 687 1814 indissblnbilis
708 1806 716 1818 ‚
738 1795 752 1813 a
774 1795 864 1824 graeco

79 1820 159 1865 >stit-J,
176 1823 272 1860 solvo,
294 1825 440 1863 praepofita
463 1826 594 1863 particula
616 1825 637 1855 α’
658 1846 666 1858 ,

84 1862 268 1905 [Simulque‚
290 1869 317 1894 δε
337 1866 399 1894 vela
419 1864 503 1895 serica
521 1866 649 1902 alythina
669 1876 800 1904 quatuor.
824 1869 862 1895 A-

84 1901 230 1931 nast.B1b1.
248 1905 279 1933 in
289 1905 422 1934 Zacharia
431 1909 520 1945 Papa.
543 1909 616 1936 Item
634 1907 671 1934 ibi
691 1906 776 1944 ipsam
800 1905 864 1934 fecit

84 1941 244 1987 vestem-de
267 1945 380 1975 fundato
402 1947 534 1982 :ilythino
551 1968 560 1980 ,
591 1946 740 1977 habentem
760 1948 790 1975 in
807 1947 858 1975 cir-

82 1989 158 2011 cuitu
180 1984 318 2021 periclifin
338 1987 372 2015 de
382 1987 499 2016 olovero
512 2010 519 2021 ,
543 1989 622 2017 Idem
640 1988 670 2016 in
678 1985 859 2020 Paschali1.]

43 2025 115 2052 ΛΜΑ
128 2044 137 2055 ‚
158 2025 285 2058 Amul&
306 2031 420 2061 Hama,
443 2030 587 2062 Hamula,
611 2029 701 2057 italice
731 2029 862 2066 Ampulli-

917 1553 946 1570 (a
957 1552 1012 1570 vox
1024 1563 1032 1574 ,
1050 1552 1110 1580 quae
1134 1552 1310 1581 peccatorum
1327 1541 1466 1580 originem
1489 1541 1643 1580 fignificat:
1667 1540 1702 1568 fic

918 1582 1076 1611 intitulavit
1094 1584 1229 1621 quandam
1249 1582 1324 1611 suam
1341 1582 1569 1620 compositionem
1579 1582 1704 1610 Pruden-

918 1623 971 1652 tius
982 1645 990 1656 ,
1014 1632 1043 1650 ut
1056 1624 1188 1652 Vincent'.
1200 1622 1378 1652 Belovacens.
1396 1624 1425 1651 in
1434 1621 1545 1660 speculo
1561 1620 1703 1650 ‘historiali

917 1675 951 1692 ex
963 1663 1113 1693 Gennadio
1123 1664 1157 1692 de
1168 1665 1322 1693 Prudentio
1334 1664 1388 1692 ait:
1415 1669 1426 1697 [
1439 1662 1608 1700 Composuit
1628 1667 1655 1691 δε
1668 1661 1703 1690 li-

919 1704 1005 1733 bellos
1015 1726 1023 1737 ,
1045 1714 1112 1743 quos
1120 1715 1209 1743 gizeca
1222 1705 1409 1743 appellatione
1430 1703 1615 1741 praetitulavit
1626 1705 1703 1740 Apo-

919 1745 1020 1773 theosis
1031 1766 1038 1776 ,
1050 1744 1250 1779 Sychomachia
1263 1767 1269 1778 ‚
1282 1744 1490 1782 Hamartigenia
1501 1766 1508 1776 ‚
1522 1743 1602 1776 idest,
1612 1743 1648 1773 de
1658 1743 1703 1771 di-

920 1786 1088 1818 vinitate‚de
1098 1786 1324 1825 compugnantia,
1334 1786 1368 1813 de
1379 1784 1488 1823 origine
1497 1785 1702 1822 peccatorum-J

699 1825 838 1864 privativa
857 1837 862 1852 :
878 1829 989 1855 AMBAR
1003 1848 1010 1859 ,
1023 1827 1163 1855 ambarum
1175 1848 1182 1854 .
1198 1829 1253 1856 FR.
1267 1827 1360 1855 Graeci
1371 1825 1439 1853 teste
1449 1825 1536 1853 Aetio
1548 1823 1652 1863 ἔμβαρ
1661 1834 1702 1852 et-

918 1867 972 1895 iam
984 1877 1085 1895 vocant
1099 1889 1106 1899 ,
1117 1867 1184 1896 Itali
1193 1868 1371 1896 Ambrac.me
1384 1887 1391 1897 ,
1413 1865 1682 1903 odoramentigenus
1693 1886 1702 1898 ‚

919 1908 985 1935 vide
996 1908 1090 1936 Avell.
1102 1908 1180 1936 him.
1189 1918 1212 1935 c.
1226 1919 1271 1940 27.
1286 1910 1302 1941 Η
1317 1909 1332 1940 Η
1344 1926 1350 1933 .
1362 1905 1541 1944 Revulsoque
1552 1905 1702 1944 Sarcopha-

917 1948 944 1986 gi
956 1949 1087 1985 operculo
1107 1947 1223 1976 mirifice
1245 1947 1355 1975 virtutis
1366 1946 1471 1975 ambare
1489 1945 1613 1974 suaviter
1621 1946 1702 1974 redo-

919 1989 1003 2016 lentis
1015 1988 1069 2016 viri
1089 1988 1187 2016 faciem
1207 1987 1396 2016 demonstrans
1406 2007 1414 2014 .
1432 1988 1468 2015 In
1480 1987 1558 2016 Actis
1566 1988 1593 2016 S.
1604 1986 1703 2016 Sebast.

918 2030 1000 2057 Mart.

83 2075 122 2092 na
132 2085 141 2096 ‚
166 2074 211 2091 vas
223 2064 342 2094 eid-usum
353 2067 458 2097 Altaris
467 2069 596 2098 Sacrificii
607 2090 613 2097 .
639 2071 695 2098 PR.
706 2068 844 2098 Urceolus
855 2091 862 2101 ,
880 2072 1099 2098 AMBASCIATOR
1113 2090 1121 2102 ‚
1143 2073 1170 2098 δ(
1187 2068 1371 2105 Ambafflator
1382 2089 1389 2100 ,
1411 2067 1516 2107 legatus
1546 2066 1684 2106 Principis
1694 2089 1702 2100 ,

83 2114 166 2142 quem
179 2105 331 2133 notabimus
341 2107 371 2134 in
381 2109 445 2137 dict.
456 2111 550 2139 orzoli
563 2131 570 2142 ‚
581 2109 673 2138 Graeci
687 2107 862 2147 Acin-,topho-

83 2154 143 2172 rum
154 2155 256 2190 vocant
278 2147 315 2180 ΗΗ
328 2165 335 2173 .
356 2148 391 2175 In
401 2150 524 2178 oratorio
545 2151 644 2178 :imulas
662 2148 844 2187 superauratas
854 2171 862 2177 .

87 2184 185 2229 Anastt
194 2196 223 2214 in
233 2188 320 2225 Greg.
331 2189 429 2217 Amam
437 2199 519 2218 unam
529 2201 562 2219 ex
573 2200 691 2229 argento
699 2210 707 2218 .
731 2190 812 2218 Idem
832 2191 862 2218 in

84 2225 291 2271 Βηρώθῃ-ΙΙΙ.
303 2228 416 2257 Amulas
423 2230 512 2259 Sacras
521 2252 530 2264 ,
553 2231 609 2260 five
620 2230 681 2260 vasa
691 2230 842 2259 historialia
855 2252 863 2263 ,

85 2268 113 2308 ὃς
124 2263 271 2309 aspergilla
279 2279 313 2297 ex
324 2279 393 2307 puro
404 2279 469 2298 auro
477 2290 486 2298 .
508 2271 642 2311 Agathias
663 2272 692 2299 in
711 2272 768 2300 vita
777 2271 862 2309 Justi-

83 2315 158 2333 niam
170 2308 272 2345 Imper.
284 2309 503 2340 Archidiaconus
511 2312 627 2341 amulam
638 2311 781 2341 pontificis
795 2322 862 2340 cum

919 2120 952 2137 ex
966 2120 1034 2138 voce
1046 2110 1228 2148 Longobarda
1237 2109 1392 2145 Ambascia
1402 2129 1410 2141 ,
1432 2118 1492 2147 quae
1513 2109 1567 2136 iter
1584 2108 1618 2136 ad
1635 2119 1705 2147 ope-

918 2150 1034 2178 randum
1041 2150 1181 2189 fignificat
1192 2170 1200 2181 ‚
1222 2158 1252 2176 ut
1261 2149 1404 2188 colligitur
1415 2159 1448 2177 ex
1461 2148 1705 2178 constitutionibus

919 2191 1104 2230 Burgundiae:
1130 2189 1320 2227 [Quicunque
1343 2189 1446 2218 alinum
1464 2189 1585 2218 alienum
1597 2210 1606 2222 ,
1626 2199 1704 2218 extra

923 2232 1032 2259 domini
1053 2231 1228 2259 voluntatem
1248 2229 1470 2268 praesumpserit,
1493 2239 1538 2258 aut
1556 2238 1606 2269 per
1621 2239 1704 2258 unam

920 2272 994 2300 diem
1004 2272 1034 2299 in
1044 2270 1174 2300 ambascia
1183 2269 1482 2309 sua-JAmbaffiator-,ssc
1492 2271 1703 2307 Ambasciator,

921 2310 1137 2350 frequentiffirne
1160 2321 1241 2349 penes
1253 2311 1326 2339 Eccl.
1337 2311 1490 2350 Scriptores
1512 2310 1704 2348 reperiuntur.

81 2345 152 2376 vino
160 2346 244 2377 sumit
253 2349 288 2379 de
299 2351 470 2382 Subdiacono
477 2373 488 2389 ,
509 2355 539 2383 &
548 2352 670 2384 refundit
680 2351 761 2392 super
771 2353 862 2381 colum
881 2354 1041 2384 Auamma
1052 2374 1061 2387 ‚
1083 2350 1198 2393 persona
1208 2351 1349 2391 utriusque
1371 2350 1448 2383 sexus
1458 2372 1468 2387 ,
1489 2349 1706 2389 hermaphrodi:

1603 2399 1664 2420 tus·
