1866 2526
126 12 201 62 362
487 8 535 52 H
566 6 603 51 E

112 76 141 93 re
151 65 227 93 enim
246 74 306 93 non
314 67 341 94 &
350 64 551 105 quinquaginta.
560 87 569 99 ,
590 69 618 96 ὃς
628 72 739 95 centum
755 72 903 103 procrean-

111 109 168 134 tur?
179 105 269 141 Quare
279 115 337 134 non
347 110 374 135 δε
385 105 504 139 Herciae,
515 110 542 135 &
554 106 708 145 Syntrophi
717 105 909 134 nominantur?

71 147 222 175 umentis
232 146 561 176 CoouomeurmmVide
569 144 904 185 Scytalosagittipelliger.

72 187 212 215 HEREMIA
222 207 231 219 ‚
250 196 354 215 eremus
364 208 373 220 ,
391 186 513 219 solitudo
524 209 533 220 ,
561 188 698 217 desertum
708 208 716 219 ,
743 195 832 225 graeca.
854 194 909 212 vox

115 223 230 265 ὶρημιόι.
256 226 373 262 [inflati
383 226 638 266 sumusiniquitatis
655 229 685 257 in
697 227 759 260 via,
781 229 808 254 ὅ(
820 224 910 262 perdi-

112 267 198 295 tionis
210 287 218 299 ,
231 271 258 296 ὃ(
270 268 465 296 ambulavimus
475 267 609 297 heremias
617 268 746 297 difficiles
758 278 766 298 ς
785 265 858 295 viam
866 275 910 293 :iu-

114 316 171 335 tem
182 307 301 336 Domini
310 308 497 347 ignoravimus
508 331 514 337 .
536 309 645 338 Lucifer
654 307 805 337 Caralitan.
823 305 868 334 lib.
888 316 910 333 i.

115 347 149 376 ad
159 348 306 376 Constant.
317 351 388 387 Imp.
399 352 411 380 ]
425 351 513 379 Verba
525 349 600 377 enim
608 349 671 378 sunt
682 347 826 386 Sapientiae
847 356 870 373 c.
886 355 910 380 5.

118 397 237 426 nempe:
262 389 378 424 [Laffiti
390 389 479 417 sumus
489 391 518 418 in
529 390 574 418 via
585 390 742 428 iniquitatis
752 409 760 420 ‚
781 390 809 415 ὁ(
821 386 909 424 perdi-

114 429 203 456 tionis
212 451 220 462 ,
243 432 270 457 ὃ(
288 429 483 458 ambulavimus
503 429 560 458 vias
571 431 715 460 difficilem
742 427 813 456 viam
821 436 910 455 autem

111 469 234 499 Domini
245 480 435 508 ignoravimus
444 491 452 498 .
465 472 476 501 ]
492 471 566 499 Vide
576 477 690 500 Eremus
701 489 708 497 .

76 508 276 539 HERIBANNUS
288 531 296 543 ‚
318 521 350 539 ex
363 510 529 539 theutonicis
551 511 717 539 dictionibus
727 512 797 538 Here
810 533 817 543 ,
839 517 911 536 nem-

116 559 151 587 pe
163 573 170 584 ‚
183 550 318 580 exercitus
328 573 335 583 ,
359 555 386 579 δε
396 557 513 580 Bannus
524 573 530 584 ‚
543 551 611 580 idest
621 573 629 584 ‚
641 549 801 579 acclamatio
810 570 818 581 ‚
841 547 912 585 saepe

117 591 152 619 de
169 591 223 619 hoc
232 592 364 620 vocabulo
384 591 414 620 in
424 593 587 620 canonibus.
613 598 625 626 [
643 591 713 620 Ideo
736 600 793 618 non
804 589 913 617 videtur

115 631 187 660 mihi
208 631 308 669 justum
317 630 385 664 esse,
407 643 437 660 ut
453 631 633 661 heribannum
655 630 762 660 solvere
779 629 895 658 debeant
906 650 913 661 ‚

115 673 162 709 qui
175 683 230 700 non
241 672 303 700 alibi
314 672 421 701 suerunt
431 695 439 706 ‚
463 673 513 701 nisi
526 674 570 701 ubi
580 672 638 711 ipse
649 674 803 709 Imperator
814 680 914 708 praece-

114 712 157 749 pit
169 734 176 745 ,
186 710 317 741 Einhard.
328 713 404 750 epist.
417 726 431 742 2
439 716 488 745 οη]
510 716 567 742 PR.
578 714 770 741 Hert-bannus
782 710 872 748 potius
882 721 913 738 ex

116 756 205 785 Heri,
227 752 315 786 idest,
335 754 455 782 Domini
466 776 474 787 ‚
497 758 525 783 ὅ(
538 760 654 783 Basmus
665 775 672 785 ,
694 752 739 780 seu
759 752 873 779 Bandus
883 750 913 778 fi-

117 802 204 830 gnum
215 814 223 825 ,
234 796 262 821 ὅ(
273 794 408 822 vexillum
420 794 572 833 significan
597 804 657 822 narn
672 793 850 821 Heribimnus
862 792 899 819 im

118 834 285 870 positionem
298 834 415 863 Domini
429 857 436 867 ,
459 834 504 863 seu
515 835 654 872 Princ1pis
665 842 814 872 quotannis
826 831 880 859 illis
902 841 915 858 a

115 872 223 902 vasallis
245 873 406 903 solvendam
427 877 541 903 denotat
552 897 559 907 ,
582 885 641 913 que
664 873 815 912 vulgariter
826 876 917 909 Caput

111 914 236 951 solidum
255 914 357 943 dicitur
370 937 377 948 ‚
400 917 421 944 l.
438 916 612 945 Heribannus
623 936 630 947 ‚
653 914 714 943 eod.
726 913 771 941 tit.
793 913 845 941 Sed
868 922 917 950 pro

117 964 201 992 poena
210 954 325 984 sumitur
335 956 364 983 in
378 957 394 984 l.
406 957 581 994 Quicumque
594 956 659 983 liber
671 955 756 982 homo
767 975 773 985 ,
794 953 828 981 de
839 963 915 980 exer-

117 995 242 1023 citalibus
253 1016 261 1023 .
284 997 356 1025 Vide
365 999 509 1034 Hertbergo
518 1017 524 1024 .
545 996 621 1025 Galli
630 1005 719 1023 tamen
729 994 815 1022 adhuc
827 1004 860 1020 ex
871 1004 916 1020 an-

119 1035 203 1074 tiquis
214 1038 395 1065 Franconibus
407 1038 458 1065 hoc
470 1037 629 1065 vocabulum
641 1035 764 1064 retinent
776 1055 782 1066 ‚
794 1033 916 1071 aliquan-

118 1075 155 1104 do
166 1075 272 1105 variant
282 1079 452 1106 Arriereban
463 1077 673 1115 pronuntiando
684 1098 691 1109 ,
715 1075 784 1114 apud
808 1084 875 1112 quos
885 1074 917 1103 li-

120 1117 233 1155 gnificat
244 1138 251 1149 ‚
275 1118 349 1156 quod
358 1118 477 1146 univerii
489 1119 521 1146 ad
535 1119 636 1146 bellum
658 1117 786 1145 incedere
799 1115 898 1143 debent
910 1135 917 1142 .

77 1157 292 1186 Hmsseitcium
303 1179 310 1185 .
335 1161 393 1187 PR.
401 1157 531 1186 castrense
540 1158 740 1186 tabernaculum
752 1178 760 1189 ,
771 1155 815 1183 scu
825 1164 917 1183 tento-

120 1198 192 1225 rium
204 1210 212 1229 ς
237 1208 269 1226 ex
282 1198 450 1226 theutonicis
460 1199 572 1227 vocibus
584 1202 654 1226 Heir
664 1219 671 1230 ,
694 1207 753 1235 quse
764 1197 849 1224 aciem
860 1216 868 1228 ,
889 1199 915 1223 &c

119 1243 222 1275 Bergea
233 1238 417 1267 diversorium
428 1239 581 1278 significant
593 1259 600 1266 .
610 1237 669 1266 Ubi
680 1237 755 1265 enim
766 1236 880 1274 legimus
890 1236 917 1263 in

120 1279 239 1307 Cantica
250 1290 275 1306 c.
295 1291 316 1307 i.
341 1280 437 1314 [Sicut
447 1279 615 1308 tabernacula
635 1278 727 1306 Cedat·
739 1280 750 1308 ]
763 1276 918 1307 Guilelmus

122 1320 210 1348 Abbas
220 1320 249 1347 in
260 1319 380 1355 ejusdem
393 1320 519 1348 Cantica:
531 1319 693 1358 praesatione
703 1339 711 1351 ‚
737 1323 748 1351 [
762 1318 836 1346 Sicut
845 1315 918 1344 heri-

120 1359 200 1398 berga
211 1361 324 1390 Cedat]
339 1361 425 1388 vertit
436 1380 443 1387 .
472 1394 478 1395 ἶ

80 1400 259 1429 Htitissmoo
270 1422 281 1429 .
299 1402 355 1429 I-R.
367 1401 487 1429 Verbum
498 1422 505 1433 ,
518 1399 648 1438 hospitor
659 1420 666 1432 ‚
676 1397 818 1428 diversors
835 1398 918 1431 [Nec

123 1451 174 1479 pro
184 1441 358 1480 heribergare
368 1463 376 1474 ‚
387 1451 437 1468 nec
447 1451 497 1478 pro
509 1441 563 1469 alio
574 1442 662 1469 banno
671 1439 852 1468 heribannum
861 1438 919 1465 Co-

122 1491 179 1509 mes
196 1483 319 1511 exaclaie
339 1481 483 1519 praesuinat
494 1502 502 1509 .
524 1483 561 1509 In
571 1480 697 1519 capitulis
716 1478 814 1508 Caroli
824 1478 918 1516 Magni

122 1521 168 1550 lib.
182 1533 207 1561 3.
218 1534 240 1550 c.
255 1528 302 1552 68.

82 1562 304 1592 Htiusuiritwi
315 1585 322 1596 ‚
333 1572 520 1601 genuspoenae
532 1561 562 1589 in
571 1562 700 1601 profugos
711 1560 812 1589 milites
823 1582 830 1594 ,
843 1568 920 1587 exer-

123 1603 209 1632 citum
218 1604 406 1643 relinquentes
415 1623 423 1631 .
447 1605 510 1631 Vox
522 1603 634 1641 quidem
646 1602 799 1641 germanica
818 1598 920 1636 Heinsi-

120 1645 180 1673 liez
190 1655 326 1673 armornm
336 1643 537 1682 depositionem
547 1644 699 1682 significans
709 1664 717 1675 ‚
728 1643 761 1671 de
772 1652 823 1681 qua
831 1641 862 1668 fit
873 1639 921 1668 sae-

122 1693 155 1722 pe
167 1686 273 1714 mentio
282 1686 311 1714 in
322 1686 426 1723 legibus
434 1685 589 1723 Longobar.
901 1720 906 1724 .

83 1725 294 1755 Heuisrnttus
306 1748 314 1754 .
333 1727 389 1755 PR.
401 1725 474 1753 locus
483 1747 491 1757 ,
502 1726 531 1752 in
543 1736 597 1763 quo
607 1724 809 1753 castrametatur
819 1731 921 1750 exerci-

124 1774 166 1793 tus
179 1787 187 1798 ‚
199 1777 232 1795 ex
245 1772 315 1796 Heir
325 1790 333 1801 ‚
358 1765 446 1798 idest,
457 1776 593 1794 exercitus
605 1787 612 1798 ,
622 1769 649 1794 δε
658 1766 719 1794 Sta!
727 1763 830 1792 mansio
842 1784 850 1796 ,
861 1772 922 1800 ger-

123 1806 238 1835 manicae
258 1818 339 1836 voces
348 1828 355 1834 .
379 1806 454 1835 Hinc
478 1806 690 1843 PeJdebonensis
709 1805 759 1834 illc
772 1802 922 1832 Monachus

123 1846 154 1874 in
163 1848 231 1875 Vita
242 1850 336 1877 Caroli
348 1847 444 1886 Magni
454 1848 554 1875 cecinit
564 1848 609 1875 lib.
626 1857 649 1874 i.

166 1889 280 1917 Nomen
291 1889 435 1918 Heriilalli
447 1888 559 1916 dederat
569 1910 577 1921 ,
600 1888 643 1916 cui
654 1887 758 1915 barbara
767 1885 860 1923 lingua
870 1887 921 1912 &a

83 1928 355 1960 HERLiNinusMiti
364 1940 394 1963 s,
414 1929 468 1957 hoc
480 1929 608 1957 vocabulo
629 1939 662 1957 ex
673 1935 833 1963 contemptu
844 1924 923 1953 Auli-

126 1978 171 1996 cos
181 1971 330 2008 appellarit
342 1974 436 2000 Pcirus
447 1969 577 2000 Bleseniis
587 1981 594 2001 5
604 1970 666 2008 quia
675 1968 761 2006 magis
769 1976 830 1995 cum
839 1974 922 2003 pocu-

125 2008 153 2035 lo
165 2009 195 2036 in
206 2020 285 2040 manu
296 2033 304 2044 ,
317 2022 395 2050 quam
406 2020 467 2039 cum
475 2011 570 2049 gladio
580 2012 724 2042 dimicant,
736 2009 770 2038 stc
782 2009 920 2049 inquiens:

128 2054 140 2082 [
152 2048 234 2078 Nunc
246 2062 334 2081 :tutem
343 2052 406 2081 sunt
416 2054 550 2086 Martyres
562 2050 655 2080 saeculi
667 2073 674 2084 ‚
685 2048 780 2078 mundi
792 2047 921 2085 proicsso-

128 2098 169 2117 res
179 2110 186 2121 ,
204 2090 331 2130 discipuli
341 2094 420 2121 curiae
433 2115 440 2126 ,
452 2091 588 2120 hei-linini
598 2091 714 2122 inilites5
734 2100 782 2129 per
796 2087 893 2115 multas
903 2086 921 2114 si

125 2129 238 2167 quidem
259 2133 450 2162 tribulationes
461 2133 565 2161 intrarit
582 2134 643 2168 justi
663 2133 692 2160 in
712 2139 827 2170 regnum
836 2128 921 2155 coelo-

125 2179 185 2213 ξῑῑῑξ]
198 2180 207 2201 3
230 2171 358 2201 hiantem
369 2185 415 2213 per
424 2174 518 2202 multas
528 2174 720 2202 tribulationes
731 2176 922 2210 promerentur

127 2212 268 2240 internum
278 2237 284 2245 ‚
307 2216 385 2251 epiit.
402 2225 442 2249 ¹4·
456 2216 466 2244 ]
490 2213 535 2243 seu
547 2215 637 2253 porius
660 2214 696 2241 ita
708 2208 921 2241 denominatiad

126 2250 264 2288 cujusdam
277 2255 421 2283 Herlinini
433 2255 545 2283 nomine
559 2256 644 2294 Angli
656 2249 919 2288 ssmilitudinern,qui

128 2301 192 2335 ⁴zevo
202 2294 321 2329 ejusdem
333 2293 462 2323 B'esenfis
473 2296 571 2323 extitit
581 2317 588 2328 ‚
610 2300 637 2324 δε
647 2306 708 2323 cum
718 2292 780 2322 eflet
788 2292 920 2320 exercitu,

129 2342 160 2361 m
169 2336 328 2365 Sarracenos
335 2335 444 2366 Dufkor
451 2357 460 2370 ,
483 2335 531 2365 sed
542 2346 637 2375 parum
647 2336 677 2365 in
685 2345 742 2366 arte
751 2332 865 2363 militari
876 2343 921 2372 pe-

1243 10 1358 55 HE

963 63 1049 98 ritus,
1071 63 1101 96 in
1110 76 1139 96 ea
1151 65 1208 98 acie
1228 78 1353 98 unacum
1372 70 1427 106 ejus
1436 67 1588 108 sequacibus
1609 68 1758 100 trucidatus

963 103 1101 135 succubuit
1116 127 1124 139 ,
1154 108 1275 138 cuodita
1284 109 1400 138 incautis
1410 110 1515 139 Aulicis
1525 110 1584 148 post
1595 110 1694 149 longos
1703 132 1710 143 ,
1731 115 1760 141 δε

962 144 1112 175 laboriosos
1129 139 1268 179 servitutis
1287 150 1430 179 conflictus
1450 149 1565 180 evenire
1586 150 1682 190 inquit·
1699 152 1761 181 Ble-

963 184 1044 214 senfis
1053 206 1062 213 .

925 226 1032 255 HERMA
1046 248 1053 259 ‚
1065 232 1207 261 Hermam,
1218 228 1263 258 seu
1271 235 1384 259 Hermes
1393 230 1478 269 ἕρμῖἱς
1487 232 1566 260 cFR.
1577 230 1662 260 latine
1673 233 1743 259 Mars
1752 249 1764 258 .

964 266 1010 310 list
1020 267 1095 296 inter
1105 267 1172 296 duos
1190 279 1306 308 purpura
1317 274 1345 299 &
1354 271 1512 300 eruditione
1528 270 1762 300 Eminentiffimos

965 317 1062 345 ingens
1084 309 1200 347 quaestio
1213 330 1221 342 ,
1243 310 1390 338 Baronium
1402 332 1409 343 ,
1430 310 1535 340 scilicet
1546 333 1554 345 ,
1571 315 1600 341 &
1618 312 1763 342 Bellariui-

965 357 1031 376 num
1043 359 1050 378 ς
1074 347 1119 376 hic
1131 349 1207 378 enim
1218 350 1253 378 de
1262 349 1438 388 scriptoribus
1459 352 1650 381 Ecclesiasticis
1663 352 1693 380 in
1702 351 1761 390 pri-

966 398 1012 416 mo
1023 387 1185 418 Christiano
1195 390 1295 419 saeculo
1306 390 1462 419 florentibus
1471 412 1480 424 ,
1501 391 1545 420 tit.
1554 392 1588 421 de
1598 393 1718 422 Auctore
1728 391 1765 420 li-'

965 428 1005 457 bri
1018 450 1025 461 ,
1048 430 1094 467 qui
1108 431 1211 459 Pastori
1221 429 1380 459 inscribitur
1391 452 1398 464 ‚
1420 430 1474 458 ait:
1500 437 1512 466 [
1525 433 1592 469 Quis
1602 441 1692 461 autem
1712 432 1762 460 iste

969 470 1098 498 Hermam
1111 471 1202 504 fuerit,
1214 482 1271 500 non
1281 481 1363 509 parva
1373 470 1488 510 quaestio
1499 472 1536 500 est
1546 492 1553 500 .
1566 475 1578 504 ]
1591 476 1684 512 Atque
1694 483 1761 501 cun-

967 509 1028 538 dem
1039 509 1112 540 fuiss'e
1122 511 1254 541 Batonius
1267 512 1352 540 :id-an.
1367 522 1375 539 i
1386 520 1431 547 59.
1444 522 1516 540 num.
1528 519 1555 541 6.
1573 522 1654 550 quern
1665 514 1761 543 Paulus

968 550 998 578 in
1006 551 1083 589 epist.
1102 552 1134 580 ad
1154 555 1296 581 Romanos
1305 551 1424 580 salutasse
1435 563 1468 580 cx
1490 553 1650 582 auctoritate
1658 554 1763 592 Orige-

969 591 1010 618 nis
1019 612 1027 624 ,
1052 591 1157 620 Eusebii
1166 614 1173 625 ,
1201 593 1372 628 Hieronymi
1383 613 1390 624 ,
1412 596 1440 621 ὃ(
1461 593 1579 621 aliorum
1599 595 1746 622 contendit
1756 613 1764 621 .

970 632 1078 660 Contra
1090 643 1156 661 vero
1169 634 1346 661 Bcllzrminus
1357 655 1364 666 ,
1373 634 1415 660 cui
1428 644 1484 661 non
1495 633 1605 662 videtui·
1615 633 1673 663 fieri
1684 633 1766 671 poss'e,

969 681 999 700 ut
1012 673 1126 701 Hermes
1137 673 1217 702 frater
1227 674 1269 702 Pii
1281 674 1421 702 Pontificis
1433 674 1480 702 ille
1490 675 1522 703 lit
1530 695 1538 708 ,
1558 685 1639 712 quem
1647 673 1768 712 Aposto-

970 714 1010 740 lus
1021 714 1053 741 ad
1064 716 1146 742 Rom.
1158 713 1275 743 scribens
1285 714 1393 742 salutari
1402 713 1518 750 jufferau
1531 725 1593 743 nain
1604 716 1677 744 inter
1689 714 1766 742 illam

969 752 1161 782 salutationem
1173 776 1180 787 ,
1192 759 1220 783 St.
1231 755 1421 783 Pontificatum
1431 756 1473 783 Pii
1486 755 1660 783 intercedunt
1673 755 1706 783 ad
1716 754 1767 782 rni-

971 804 1021 822 nus
1042 795 1105 822 anni
1116 805 1225 823 centum
1235 807 1240 822 τ
1264 794 1373 833 infupei·
1394 796 1504 833 quando
1514 795 1628 824 Hermes
1639 796 1669 824 ab
1690 797 1767 832 Apo-

971 834 1042 863 stolo
1052 834 1180 864 salutatus
1191 835 1274 864 suerat
1286 857 1292 868 ,
1311 846 1368 863 non
1379 846 1435 863 erat
1446 836 1536 864 infans
1546 857 1554 867 ,
1571 833 1618 864 sed
1630 835 1767 873 proveftae

972 875 1060 903 aetatis
1071 896 1077 903 .
1099 879 1173 915 Ergo
1183 875 1303 904 diversus
1312 876 1349 903 est
1361 877 1478 904 Hermes
1486 877 1518 905 ab
1528 877 1663 913 Apostolo
1675 874 1767 903 nomi-

973 926 1047 944 natus
1058 937 1065 948 ‚
1088 917 1119 944 ab
1131 918 1262 944 Hermete
1273 916 1315 944 Pii
1325 915 1406 944 fratre
1417 916 1513 945 asl‘ei-to
1523 917 1583 945 libri
1595 916 1711 944 Pastoris
1722 926 1771 943 au—

971 958 1044 984 &ore
1056 977 1062 984 .
1083 957 1134 985 Sed
1154 957 1308 985 reverentia
1325 957 1463 985 amborum
1482 955 1773 986 Praestantiffimoruim

972 997 1201 1026 contendentium
1213 1019 1221 1030 ‚
1238 997 1331 1025 dicere
1351 997 1463 1025 audeam
1475 1019 1482 1029 ,
1503 997 1577 1035 quod
1588 1006 1702 1034 uterque
1719 995 1767 1023 sibi

974 1039 1141 1066 contradicat
1152 1059 1159 1066 .
1182 1036 1314 1067 Raronius
1332 1038 1407 1066 enim
1428 1038 1564 1065 affirmans
1582 1037 1700 1066 eundem
1718 1034 1770 1064 effe

972 1080 1134 1107 Hermetem
1146 1101 1152 1111 ,
1162 1088 1243 1116 quem
1255 1077 1417 1106 salumverat
1429 1078 1523 1106 Paulus
1534 1098 1540 1109 ,
1552 1078 1649 1106 eodem
1661 1077 1723 1104 loco
1733 1086 1770 1104 ex

972 1119 1042 1146 libro
1052 1119 1190 1157 gestorum
1201 1118 1368 1147 Pontificum
1381 1119 1490 1146 fratrem
1502 1118 1544 1146 Pii
1555 1120 1633 1155 Papae
1645 1116 1718 1145 fuiss'e
1727 1115 1768 1144 as-

973 1158 1038 1187 serit
1051 1170 1058 1191 5
1081 1160 1146 1188 hinc
1157 1158 1299 1187 manifeste
1309 1169 1343 1187 ex
1365 1158 1539 1197 oppositione
1558 1158 1717 1186 Bellarinini
1727 1155 1773 1185 su-

973 1209 1021 1238 pra
1032 1200 1146 1227 adducta
1155 1200 1233 1231 duos,
1245 1203 1271 1228 ἃ·
1283 1210 1340 1227 non
1351 1210 1435 1227 unum
1446 1200 1608 1227 Hermetem
1618 1197 1691 1226 fuiss'e
1704 1208 1771 1226 con-

974 1241 1104 1268 vincitur.
1114 1244 1134 1268 E
1147 1249 1242 1267 contra
1251 1240 1431 1268 Bellarmiiius
1442 1239 1487 1276 qui
1499 1240 1659 1267 auctoritate
1669 1240 1770 1266 Darna-

973 1280 991 1307 si
1010 1280 1043 1308 de
1053 1280 1142 1308 Gestis
1164 1279 1329 1307 Pontificum
1341 1280 1425 1307 utitur
1446 1279 1478 1306 :id
1495 1279 1685 1307 affirmandum
1697 1280 1770 1306 Her-

973 1330 1072 1349 metem
1080 1321 1218 1355 juniorem
1229 1319 1303 1347 fuifl'e
1315 1319 1358 1348 Pii
1370 1319 1497 1350 frati-cnm
1520 1318 1549 1346 in
1560 1320 1658 1347 eodeni
1670 1318 1771 1346 deinde

973 1364 1027 1396 ejus
1037 1360 1070 1388 de
1083 1360 1264 1399 Sci-iptoribus
1276 1359 1467 1388 Ecciefiasticis
1476 1360 1547 1387 libro
1557 1360 1589 1387 ad
1600 1370 1641 1387 an.
1653 1366 1720 1396 367.
1740 1358 1772 1386 in

974 1400 1094 1430 Damaso
1104 1403 1171 1438 Papa
1181 1410 1264 1438 negat
1276 1400 1355 1428 illum
1373 1401 1472 1428 librum
1483 1400 1516 1427 dc
1527 1399 1592 1427 vitis
1600 1398 1771 1427 Pontificum

974 1453 988 1470 a
1000 1439 1118 1470 Damaso
1129 1440 1202 1469 fuisse
1211 1442 1390 1477 compositum
1400 1462 1408 1473 ,
1427 1441 1462 1468 sic
1474 1440 1615 1477 inquiens:
1638 1439 1771 1474 [Tribui-

977 1491 1021 1509 tur
1032 1483 1057 1509 S.
1071 1480 1189 1510 Damaso
1200 1481 1266 1509 liber
1277 1481 1310 1508 de
1322 1481 1387 1509 vitis
1398 1479 1563 1509 Pontificum
1574 1502 1581 1512 ,
1593 1480 1639 1517 qui
1650 1488 1726 1506 extat
1737 1478 1767 1506 in

975 1532 1052 1550 tomo
1062 1521 1153 1560 primo
1164 1522 1375 1552 Conciliort1m5
1393 1520 1440 1549 sed.
1450 1520 1517 1548 liber
1528 1520 1576 1547 ilic
1586 1520 1624 1548 est
1635 1518 1769 1548 Anastasii

979 1561 1188 1591 Bibliothecarii
1199 1583 1206 1595 ‚
1218 1573 1275 1590 non
1286 1562 1393 1590 Damafi
1406 1586 1413 1595 ,
1432 1570 1462 1589 ut
1473 1570 1569 1588 notum
1580 1560 1617 1588 est
1627 1562 1656 1591 .]
1680 1559 1772 1598 Igitur

977 1604 1045 1631 liber
1056 1603 1089 1631 de
1100 1603 1164 1633 vitis
1175 1601 1342 1631 Pontificum
1352 1623 1360 1634 ,
1381 1602 1446 1630 dum
1464 1611 1521 1629 non
1531 1600 1569 1629 est
1588 1601 1660 1629 illius
1670 1602 1749 1637 Papae
1762 1620 1772 1632 ‚

977 1655 1034 1672 non
1046 1642 1109 1672 estet
1119 1643 1237 1681 proinde
1247 1652 1330 1671 tantae
1340 1642 1519 1674 :infitoritatiz
1528 1652 1556 1669 ac
1568 1641 1656 1669 multo
1668 1639 1752 1678 magis
1764 1660 1774 1671 ,

977 1695 1038 1723 quia
1049 1695 1105 1712 non
1114 1684 1219 1712 constat
1229 1694 1262 1712 ex
1273 1682 1391 1719 ejusdem
1400 1682 1541 1712 pontificis
1549 1681 1592 1710 Pii
1600 1678 1772 1709 confeffioiie

978 1727 1140 1754 Hermetem
1151 1727 1207 1760 ejus
1217 1723 1326 1752 frati-em
1350 1722 1424 1751 fuiss'e
1435 1743 1442 1750 .
1460 1724 1515 1751 Pro
1523 1731 1575 1760 qua
1592 1731 1620 1750 re
1628 1719 1772 1749 sciendum

979 1766 1035 1798 est,
1053 1765 1126 1804 quod
1145 1775 1269 1802 tempore
1288 1763 1407 1799 ejusdem
1420 1762 1561 1791 pontificis
1573 1761 1616 1790 Pii
1633 1761 1705 1789 inter
1714 1762 1777 1789 Ro-

975 1816 1081 1834 manam
1091 1805 1276 1838 Ecclefiam‚&
1286 1804 1432 1832 nonnullas
1442 1803 1506 1831 alias
1518 1802 1639 1831 vertebat
1649 1800 1773 1840 quaestim

978 1851 1025 1875 An
1045 1848 1074 1874 in
1093 1846 1240 1874 Dominica
1258 1844 1449 1873 celebrandum
1466 1842 1530 1872 eflet
1548 1840 1772 1872 Resurrectionis

978 1886 1078 1916 Pascha
1089 1907 1096 1914 .
1107 1886 1236 1914 Pontifex
1247 1895 1336 1914 autem
1345 1887 1407 1913 Pius
1418 1894 1467 1923 pro
1478 1883 1637 1921 Apostoliczi
1645 1880 1775 1910 traditio-

977 1939 1011 1956 ne
1020 1927 1229 1965 instabat,quod,
1241 1936 1351 1964 nempe,
1363 1936 1376 1954 a
1388 1926 1425 1954 D.
1437 1927 1518 1954 Petro
1527 1922 1654 1952 celebrari
1668 1920 1770 1951 Pascha

977 1969 1007 1996 in
1016 1968 1165 1997 Dominica
1176 1967 1324 1995 stabilitum
1334 1966 1421 1994 fuerat
1431 1987 1439 1998 ,
1459 1975 1489 1993 ut
1501 1975 1534 1993 ex
1545 1963 1642 1992 eodem
1652 1961 1770 1991 Baronio

976 2013 1070 2044 an.58.
1082 2019 1109 2036 n.
1124 2013 1168 2036 ει..
1179 2012 1205 2036 &
1217 2007 1293 2046 seqq.
1305 2011 1333 2036 ὅ(
1343 2018 1385 2035 an.
1402 2015 1466 2043 159.
1479 2016 1506 2034 n.
1523 2015 1545 2032 i.
1558 2008 1585 2032 δ(
1595 2003 1706 2041 seqq-&z
1717 2002 1735 2030 l.
1747 2012 1777 2034 7.

977 2049 1103 2078 Constit.
1113 2049 1210 2086 Apost.
1220 2059 1243 2075 c.
1254 2059 1265 2085 3
1275 2059 1300 2078 7.
1312 2056 1430 2085 apparet.
1441 2045 1552 2084 Scripsit
1561 2045 1644 2084 igitur
1656 2042 1699 2071 his
1709 2051 1772 2086 vert

978 2091 1016 2118 bis
1028 2090 1090 2119 Pius
1099 2090 1170 2128 apud
1180 2091 1304 2117 Gratiam.
1315 2089 1358 2116 Dc
1367 2086 1486 2116 consecr.
1498 2086 1560 2114 dist.
1571 2096 1598 2123 3.
1608 2094 1718 2112 canao-
1728 2083 1774 2113 ubi

977 2131 1039 2158 talis
1048 2131 1145 2158 titulus
1162 2129 1274 2157 habetur
1285 2151 1292 2161 ,
1313 2135 1324 2163 [
1337 2129 1400 2157 Pius
1419 2130 1489 2165 Papa
1499 2128 1547 2155 IX.
1559 2137 1572 2154 a
1583 2127 1665 2154 Petro
1677 2123 1776 2162 Apost-

978 2170 1008 2198 in
1018 2172 1111 2209 primo
1120 2171 1241 2209 capitulo
1251 2168 1356 2198 suarum
1368 2168 1545 2197 decretalium
1554 2188 1562 2199 ,
1572 2168 1620 2200 ]»(
1631 2165 1705 2203 quod
1714 2167 1775 2200 jux-

979 2220 1005 2240 ta
1014 2211 1113 2240 seriem
1124 2210 1290 2239 Pontificum
1312 2220 1325 2238 a
1336 2212 1457 2239 Baronio
1477 2207 1607 2236 tradimm
1624 2204 1773 2244 legendum

978 2252 1016 2281 est
1027 2252 1089 2281 Pius
1098 2254 1168 2290 Papa
1178 2253 1211 2280 X.
1230 2262 1243 2279 a
1253 2253 1336 2280 Petro
1355 2253 1429 2281 Sec.)
1448 2252 1522 2284 cujus
1540 2246 1701 2285 rescriptum
1712 2243 1775 2271 talis

978 2294 1017 2322 est
1028 2314 1035 2325 ,
1058 2291 1163 2328 [Nolle
1175 2293 1299 2321 volumus
1310 2313 1318 2325 ,
1335 2291 1408 2330 quod
1421 2289 1520 2319 Pascha
1528 2287 1645 2317 Domini
1665 2292 1773 2313 tantum

979 2334 1023 2362 die
1041 2332 1195 2363 Dominico
1213 2332 1311 2363 annuis
1327 2331 1495 2372 temporibus
1513 2328 1546 2358 fit
1565 2323 1755 2357 celebrandum
1764 2342 1775 2352 ι

1672 2364 1737 2397 lini
