1866 2526
470 30 582 75 ΡΑ

122 89 235 124 Deinde
240 88 590 128 immutab-Episcopo
599 87 740 122 intonatur
757 90 798 119 ’re
807 88 899 118 Deum
911 109 919 121 ‚

123 135 171 174 qui
181 145 216 164 ex
225 132 360 171 cappella
379 130 617 170 processionaliter
626 129 660 158 ad
670 131 755 173 majus
770 130 864 159 Altare
872 129 921 174 de-

125 175 176 205 fert
187 175 387 205 Sacramentum
397 193 406 205 ‚
418 176 446 201 δι
455 172 615 211 genuflexus
624 180 828 199 extremitatem
839 180 920 209 pyxi-

1274 26 1307 71 P
1339 29 1380 74 A
1640 44 1719 84 509

975 87 1098 126 milae,&
1107 85 1248 127 sexaginta
1257 88 1316 118 cori
1328 87 1422 116 farinae
1436 109 1443 119 ‚
1451 86 1546 117 decem
1555 89 1640 118 boves
1649 91 1776 130 pingues,

975 133 1004 160 8<
1014 128 1118 169 viginti
1129 129 1214 158 boves
1224 129 1357 167 pascuales
1366 149 1374 156 .
1387 131 1400 161 ]
1420 128 1478 158 Ubi
1488 127 1607 158 hebraeus
1617 140 1708 160 textus
1719 135 1776 160 Ba-

975 171 1096 200 lammt}
1108 191 1115 202 .
1137 169 1206 198 idest
1217 191 1225 203 ,
1236 169 1320 199 boves
1331 168 1433 208 pasculi
1445 191 1452 203 ‚
1463 168 1544 198 habet
1554 189 1561 198 .

122 216 167 246 dis
175 214 328 247 osmlatur,
345 216 372 242 δε
386 212 446 252 post
455 211 619 251 Episcopum
639 211 713 240 idem
721 210 786 239 facit
801 211 918 244 Clerus,
934 214 1132 242 l’Ascqutum
1142 231 1149 238 .
1163 212 1222 240 PR.
1232 209 1314 240 herba
1326 209 1460 249 pascibilis
1471 230 1478 237 .
1500 215 1512 245 [
1525 209 1597 246 Quia
1607 219 1672 240 tunc
1689 210 1777 240 solvi-

123 254 299 295 Magistratus
309 275 316 287 ‚
327 257 355 283 δι
366 253 481 292 populus
491 273 498 280 .
514 253 623 296 Pascha⁴
631 261 839 291 nonnumquam
851 261 920 280 tem-

122 296 170 334 pus
180 294 408 333 quadragesimale
427 293 533 322 Pascliae
546 301 702 331 proximum
713 292 846 336 significat
856 314 864 326 ,
886 293 920 321 sic

115 339 251 372 Jejunare
259 336 365 369 Pascha
376 334 447 373 apud
458 333 646 364 Balsamonem
657 335 791 369 jejumum
806 333 919 372 quadra-

959 252 963 256 ”
976 262 1020 281 tur
1031 262 1065 280 ex
1085 251 1250 280 venditione
1262 250 1399 290 pascuagii
1411 273 1418 284 ,
1428 249 1474 279 seu
1485 251 1623 290 herbagii.
1635 254 1647 283 ]
1666 255 1695 280 &
1704 250 1778 280 infe-

975 293 1038 321 rius:
1052 297 1064 327 [
1075 292 1102 321 Si
1114 302 1171 320 non
1180 291 1336 322 vendantur
1345 291 1497 331 pascuagia.
1513 293 1548 321 In
1556 302 1665 322 extrav.
1674 301 1778 321 comm.

975 334 1010 362 de
1020 332 1145 362 Decimis
1157 353 1165 361 .
1592 344 1594 346 -

104 391 107 393 ·
120 375 229 415 g'efimae
239 376 354 404 denotat
367 398 374 408 ,
396 375 470 414 quod
482 376 512 403 ab
522 374 583 403 aliis
591 374 733 411 Paschalis
743 375 975 411 observantiaPA
1005 383 1131 402 ,unitum
1142 395 1150 406 ,
1167 373 1336 403 contributio
1346 384 1396 413 pro
1413 376 1473 410 jure
1483 372 1610 412 pascendi
1621 393 1627 402 .
1648 372 1777 403 Marculf-

75 431 98 436 Η
122 418 290 455 appellatur.
312 419 406 455 Atque
416 415 580 445 Timotheus
600 413 802 443 Alexandrinus
821 415 849 442 in
860 417 917 450 ejus

976 415 1022 443 lib.
1034 426 1060 442 ι..
1074 414 1245 443 formulam.
1257 420 1305 453 36.

121 457 381 496 interrogationibus
393 468 420 489 7.
433 461 456 485 S.
468 460 495 486 δε
506 467 535 493 9-
546 453 646 495 quaerit
657 475 665 486 ,
675 463 764 482 Utrum
777 454 900 482 infirmus
911 475 919 486 ‚
933 457 1103 484 Passienum
1115 476 1121 481 .
1132 457 1188 484 PR.
1200 455 1343 487 tributum,
1354 455 1429 494 quod
1437 460 1498 491 jure
1508 455 1634 485 transitus
1642 454 1776 484 solvitur.

121 498 167 527 seu
177 500 257 527 enixa
267 500 385 533 jejmare
396 507 538 525 teneatur:
551 502 563 531 [
576 496 611 524 In
620 494 747 523 Sanctum
757 493 878 526 Pascha]
891 505 919 522 ut

122 538 177 577 ipse
187 539 226 567 ait
236 559 246 574 ,
256 539 299 566 ubi
311 537 453 567 Balsamon
465 544 476 573 [
489 536 567 569 idest,
577 534 778 573 quadragesima
789 537 802 566 ]
813 534 918 578 glossat.

121 579 246 618 Pelagius
255 578 365 617 insuper
374 580 442 617 Papa
451 580 598 607 Laurentio
611 575 846 604 Centumcellenli
857 579 919 613 Epi-

121 620 204 659 scopo
216 618 333 647 scribens
344 641 353 652 ‚
363 618 400 647 ait
413 617 484 657 posl'c
494 617 606 645 ordines
617 614 743 643 conferre
755 615 806 650 [in
818 616 918 645 Domi-

122 661 181 689 nica
191 660 314 688 mediana
325 657 447 690 I’aschae]
462 668 543 696 quam
554 655 810 694 quadragesimalem
819 657 919 686 Domi-

121 701 210 730 nicam
228 699 279 729 effe
288 699 456 729 ostendimus
478 699 509 726 in
523 698 588 726 diet.
609 699 759 725 Dominica
769 698 917 725 mediana.

119 743 192 770 Item
201 741 364 770 Toletanum
374 739 488 769 Concil.
501 739 586 767 VIII.
598 737 660 764 illos
670 736 779 766 damnat
790 759 798 770 ,
819 738 866 776 qui
880 739 918 766 ci-

117 782 156 810 bis
166 780 310 821 prohibitis
332 780 560 818 Fest'apaschah'a
568 777 759 806 contaminant
768 798 774 805 .
798 778 918 807 Eodem-

115 832 168 860 que
189 821 318 850 vocabulo
339 821 426 849 Sanst.
445 820 559 858 August.
578 819 608 846 in
627 817 724 856 psalm.
743 823 792 855 98.
812 819 899 847 utitur
909 840 917 851 ‚

117 863 162 891 ubi
179 861 362 891 differentiam
381 861 551 898 jejuniorum
572 860 646 887 inter
658 858 849 888 Christianum
860 881 868 892 ,
890 863 917 887 ἃ

113 902 261 932 Gentilem
281 900 398 941 assignat
408 922 414 929 .
437 903 536 938 Itaque
556 899 720 939 appellatum
739 897 792 927 suit
813 910 918 938 tempus

924 931 927 938 ι

976 499 1092 524 Extrav.
1102 497 1148 534 Jo.
1157 497 1250 525 XXII.
1260 496 1294 524 de
1302 497 1522 525 Torneamentis.
1534 497 1634 525 Bullar.
1643 496 1778 525 Casmen-

974 545 1042 564 tom.
1057 548 1082 565 ι.
1100 537 1185 565 const.
1201 547 1264 574 ¹93·
1287 537 1340 565 Sed
1350 538 1421 575 apud
1432 538 1546 575 Equites
1566 535 1727 566 Melitenses
1735 536 1777 566 est

975 576 1098 614 quaedam
1108 576 1213 605 solutio
1223 598 1231 609 ,
1254 587 1314 615 quae
1327 577 1359 606 fit
1371 578 1400 606 in
1421 578 1580 616 receptione
1589 577 1690 616 equitis
1697 587 1777 605 com-

975 617 1052 644 muni
1063 618 1160 645 aerario
1173 639 1181 650 ‚
1200 621 1227 646 ὁ(
1240 627 1290 656 pro
1301 619 1425 656 expensis
1435 618 1513 655 phari
1529 619 1612 647 turris
1620 618 1775 657 applicatur:

974 657 1004 685 in
1014 656 1173 686 sustinendo
1192 659 1311 686 lucernas
1325 659 1358 687 ad
1379 659 1572 698 navigantium
1591 658 1778 692 commodius-R

973 707 1030 726 tem
1051 707 1174 737 tempore
1187 699 1338 728 noeturno.
1359 700 1470 728 Dicitur
1487 700 1562 728 enim
1572 698 1716 738 passagium
1737 709 1775 727 ex

975 739 1062 777 prima
1073 739 1249 767 institutione
1260 761 1267 772 ‚
1279 740 1340 778 quia
1353 750 1386 768 ex
1397 740 1516 772 oriente,
1526 740 1636 778 quando
1646 740 1705 768 haec
1715 742 1776 769 Re-

973 779 1044 818 ligio
1063 779 1269 815 Hierosolymis
1292 780 1422 809 rcfidebat
1434 801 1442 813 ,
1463 791 1561 809 navem
1579 781 1777 818 mittebacpex:

974 820 1118 848 maritimae
1132 825 1247 859 Europae
1259 821 1319 849 loca
1330 821 1363 850 ad
1374 821 1547 860 colligendos
1558 819 1685 856 Tyrones
1694 842 1702 854 ‚
1725 820 1777 860 qui

975 861 1006 888 in
1015 860 1065 889 hac
1075 862 1100 889 S.
1113 862 1221 890 Militia
1230 861 1365 890 conscribi
1374 862 1598 901 cupiebantshinc
1611 863 1716 891 nautica
1726 862 1774 890 illa

972 899 1075 930 solutio
1086 901 1230 940 panagium
1239 902 1310 931 dista
1322 901 1371 930 fuit
1381 923 1388 930 .

116 943 186 972 illud
207 942 436 981 quadragesimale
463 938 572 971 Paschae
596 940 752 979 proximum
770 961 778 972 ,
803 940 866 980 quia
886 940 917 968 ad
932 943 1098 971 PAssAGmi
1112 964 1120 975 ‚
1133 943 1285 972 Haeretici.
1307 943 1518 974 VideGazari.

116 982 215 1012 Pascha
236 984 456 1021 prccparatorium
467 992 522 1011 erat
532 1003 539 1011 .
557 981 678 1011 Tandem
687 981 794 1019 Pascha
804 985 918 1020 Agnum

117 1023 272 1053 Paschalem
308 1024 443 1063 significat
463 1044 471 1055 ,
508 1022 555 1061 qui
585 1020 749 1061 praescriptis
787 1032 916 1051 caeremo-

118 1065 172 1093 niis
182 1065 373 1093 comedebatur
384 1086 391 1097 ,
403 1063 440 1092 ita
450 1064 479 1092 in
493 1062 647 1102 Evangelio
670 1062 859 1097 [Manducare
872 1068 916 1102 pa-

117 1104 180 1134 scha
191 1107 203 1136 ]
217 1105 318 1143 legitur
329 1126 334 1132 .
349 1106 385 1133 In
395 1104 462 1133 sesto
473 1103 577 1133 Paschae
587 1103 734 1142 quotannis
744 1105 916 1133 combureba-

117 1156 160 1174 tur
173 1146 266 1183 stuppa
276 1146 306 1173 in
317 1144 463 1183 conspeetu
474 1144 616 1173 Pontificis
627 1164 634 1171 .
653 1143 726 1172 Vide
736 1145 916 1183 sedessterco-

116 1190 195 1216 uria
204 1208 211 1214 .
224 1188 268 1215 De
279 1185 383 1224 pascha·
393 1185 558 1221 synonymis
568 1205 574 1212 .
588 1184 660 1213 Vide
669 1186 814 1223 Anastafis
824 1206 831 1213 .
848 1192 916 1215 Pen-

115 1237 171 1255 teco
180 1239 230 1256 ces.
242 1229 358 1264 Propter
367 1224 472 1255 Paschae
483 1226 696 1255 celebrationem
707 1225 804 1263 ingens
812 1227 917 1255 discor-

116 1268 162 1295 dia
171 1289 178 1295 .
199 1267 271 1296 Vide
289 1268 548 1306 §Quartadecimani
560 1286 567 1294 .
587 1265 674 1295 Ratio
692 1266 854 1296 inveniendi
867 1269 916 1296 Pa-

115 1306 236 1336 schalem
247 1307 321 1335 diem
331 1327 338 1334 .
359 1308 435 1336 Vide
443 1311 555 1336 Aureus
568 1316 698 1335 numerus
709 1325 716 1332 .
728 1310 830 1345 Epaffa
842 1330 849 1337 ,
872 1309 916 1337 De

115 1348 300 1377 celebratione
311 1346 416 1386 paschae
428 1369 435 1376 .
446 1347 518 1387 Vide
528 1353 632 1376 Herma
642 1367 648 1374 .

73 1391 195 1418 Piscm
208 1391 400 1418 Axxorixmi
412 1410 418 1416 .
429 1388 502 1417 Vide
512 1392 689 1418 Annotinum
701 1390 808 1427 Pascha
818 1410 826 1417 .

75 1431 146 1459 Pas(
156 1441 196 1458 ΗΑ
209 1431 354 1458 Cclwsvm
365 1451 373 1461 ,
393 1430 431 1457 ita
450 1429 589 1457 Sabbatum
611 1429 640 1457 in
659 1430 737 1459 Albis
750 1430 916 1468 appellatum

118 1470 168 1498 fuit
182 1492 189 1502 ,
200 1480 233 1497 ex
244 1480 277 1497 eo
288 1470 351 1507 quia
361 1470 390 1497 in
401 1469 450 1497 'mc
460 1469 505 1497 die
514 1468 650 1498 clauditur
660 1469 768 1498 Paschae
781 1471 877 1499 oftava
889 1493 895 1499 .

74 1511 446 1538 PAscuAcoupinunusx
457 1530 465 1541 ‚
485 1508 530 1537 seu
541 1508 739 1546 poenitentium
750 1531 757 1537 .
775 1511 850 1540 Vide
861 1516 917 1540 Ca-

113 1550 281 1587 pitilavium
291 1568 298 1575 .

76 1593 202 1620 PAscuffi
213 1588 344 1617 hebraicae
354 1589 498 1618 calculatio
508 1609 515 1616 .
525 1589 599 1618 vide
610 1592 773 1627 Pentecostes
788 1611 795 1618 .

76 1633 193 1662 lus—cna
215 1632 339 1658 Menum
351 1651 359 1663 ,
382 1629 449 1658 idest
461 1651 469 1662 ‚
487 1630 616 1658 Mercurii
634 1631 691 1660 dies
711 1631 783 1660 infra
791 1632 916 1661 ostavam

117 1671 178 1702 Pas(
184 1670 226 1699 hee
238 1691 245 1697 .
260 1670 332 1699 Vide
342 1672 506 1706 pentecostes
517 1671 609 1699 taedia
619 1691 626 1698 .

73 1715 242 1742 Prisci-{Ares
256 1732 263 1742 .
281 1711 439 1740 dicebantur
450 1710 572 1748 epistole
583 1732 592 1744 ‚
613 1722 677 1750 quas
694 1712 729 1740 de
739 1711 915 1741 solemnitate

116 1752 236 1783 Pascliali
250 1751 378 1780 scribebat
398 1751 547 1789 Episcopus
567 1753 770 1781 Alexandrinus
782 1764 789 1784 5
812 1763 874 1781 nam
886 1754 915 1781 in

118 1792 258 1822 Conciliis
269 1791 398 1831 paschalis
409 1793 526 1820 calculus
536 1791 598 1820 huic
608 1792 743 1831 Episcopo
755 1794 910 1832 injungebat

118 1843 172 1865 tur,
187 1843 247 1860 cum
258 1833 406 1871 AEgyptus
416 1833 528 1870 optimis
537 1832 680 1872 astrologis
688 1834 832 1863 abundaret
844 1855 852 1862 .
865 1836 915 1863 Vi-

118 1874 152 1902 de
163 1873 318 1909 Epiphania
326 1893 334 1900 .

76 1919 244 1947 Pas-:nnis
257 1913 372 1941 Census
384 1933 392 1940 .
403 1912 475 1941 Vide
489 1917 588 1942 Cereus
596 1915 735 1952 paschalis
746 1935 754 1942 .

76 1959 199 1990 PASCUA
216 1975 222 1985 ‚
237 1953 266 1981 in
277 1953 406 1992 singulari
416 1963 530 1981 numero
539 1976 548 1987 ‚
559 1955 625 1984 idest
636 1976 645 1988 ‚
656 1953 792 1993 pascuum,
802 1955 858 1984 sive
871 1965 915 1993 pa-

117 1994 211 2023 scendi
222 1995 297 2022 locus
306 2014 313 2020 .
337 1994 395 2029 [In
413 1994 475 2023 loco
486 1993 588 2032 pascuae
597 2017 606 2029 ‚
625 1996 662 2024 ibi
683 2005 726 2024 me
747 1996 914 2030 collocavit,

137 2035 214 2063 salm-
230 2047 244 2063 .·.
252 2046 276 2062 2.

76 2046 246 2107 ΡΛῖ-ευᾼιις
261 2097 269 2107 ‚
280 2074 383 2103 dicitur
393 2075 426 2103 de
437 2074 548 2105 animali
558 2076 589 2105 in
600 2076 696 2114 pascuo
704 2087 800 2115 campo
811 2076 913 2116 impin-

117 2126 201 2156 guato
212 2137 219 2144 .
242 2121 253 2150 [
267 2116 416 2150 Quomodo
424 2116 535 2145 domum
555 2116 627 2145 suam
636 2118 739 2152 judicat
756 2117 894 2146 ovileDei
906 2139 913 2150 ,

118 2157 163 2191 ubi
187 2167 245 2184 non
267 2155 391 2185 Pascuale
408 2166 523 2195 germen
543 2157 595 2186 Dei
619 2167 698 2195 pecus
715 2159 761 2186 dat
779 2158 897 2186 balatum
907 2178 915 2186 .

115 2196 253 2232 Chrysol.
273 2195 354 2225 serm.
371 2200 439 2229 io.]
455 2200 553 2226 Errant
563 2198 693 2236 quidem,
715 2199 761 2237 qui
781 2199 916 2227 existima-

119 2247 186 2266 runt
195 2237 248 2265 hoc
260 2237 422 2266 vocabulum
431 2238 531 2267 animal
544 2248 594 2276 pro
611 2237 719 2267 Paschae
731 2249 855 2276 tempore
866 2240 918 2267 im-

117 2277 282 2317 pinguatum
292 2299 300 2311 ,
311 2282 338 2307 δε
347 2278 512 2307 destinatum
523 2278 674 2317 significare
685 2299 693 2307 .
704 2281 776 2308 Nam
788 2289 821 2308 ex
831 2279 878 2308 lib.
889 2291 903 2318 3
913 2299 920 2307 .

119 2321 192 2357 Reg.
203 2329 227 2347 c.
239 2330 266 2354 4.
276 2319 357 2347 aliter
368 2319 471 2347 constat
482 2340 490 2352 ,
509 2319 554 2347 ubi
564 2319 598 2348 sic
620 2318 734 2348 habetur
745 2331 751 2348 z
778 2326 790 2355 [
801 2324 864 2349 Erat
875 2329 921 2349 au-

88 2391 91 2393 ,
118 2368 176 2389 sem
186 2358 259 2390 cibus
269 2359 424 2391 Salomonis
434 2370 483 2401 per
492 2359 551 2389 dies
560 2360 680 2400 singulos
692 2360 808 2401 triginta
819 2361 876 2391 cori
887 2361 921 2391 si-

126 2426 140 2435 ι.

931 983 1040 1011 PAssm
1053 1004 1060 1015 ,
1080 984 1227 1021 Evangelii
1245 993 1303 1021 pars
1312 986 1457 1013 continens
1478 984 1585 1014 Christi
1597 984 1747 1024 passionem
1759 1005 1768 1017 ,

971 1033 1031 1061 quae
1045 1023 1073 1051 in
1084 1024 1201 1052 Ecclesia
1211 1024 1240 1052 in
1249 1025 1346 1059 majori
1358 1024 1525 1054 hebdomada
1538 1027 1645 1055 canitur
1656 1037 1691 1055 ex
1702 1025 1772 1054 Ale-

970 1064 1070 1092 xandri
1079 1066 1156 1102 Papae
1167 1065 1348 1094 ordinatione
1360 1087 1367 1098 ,
1379 1075 1407 1094 ut
1421 1067 1570 1095 Dur-andus
1580 1089 1588 1100 ‚
1598 1078 1622 1095 c.
1633 1072 1679 1096 68.
1692 1066 1774 1096 testa-

977 1114 1020 1133 tur
1029 1124 1037 1132 .
1048 1106 1085 1133 D.
1098 1109 1170 1144 Aug.
1179 1104 1259 1134 serm.
1274 1117 1337 1141 144.
1348 1106 1382 1135 de
1392 1116 1475 1146 temp.
1485 1107 1568 1135 refert
1578 1130 1586 1141 ,
1606 1109 1681 1146 quod
1693 1108 1722 1136 in
1734 1111 1774 1137 A·

973 1146 1038 1173 srica
1049 1146 1079 1173 in
1089 1156 1172 1174 unico
1182 1157 1291 1175 tantum
1300 1147 1345 1176 die
1357 1146 1471 1176 historia
1482 1147 1610 1186 passionis
1620 1147 1772 1178 secundum

971 1185 1134 1215 Martha-um
1143 1187 1284 1226 legebatur
1295 1209 1302 1220 ,
1323 1197 1348 1216 at
1357 1187 1485 1227 cumipse
1497 1199 1544 1227 per
1553 1189 1621 1218 alios
1638 1189 1696 1218 dies
1707 1189 1776 1224 reli-v

972 1237 1088 1265 quorum
1107 1228 1344 1266 Evangelistarum
1355 1227 1483 1266 paffionis
1501 1230 1671 1259 narrationes
1681 1231 1773 1270 legere

971 1266 1109 1301 statuissim
1120 1278 1216 1297 exorta
1228 1269 1315 1297 fuerat
1326 1279 1469 1308 propterea
1479 1270 1614 1309 popularis
1625 1272 1774 1300 tumultua-

972 1307 1014 1336 tio
1025 1327 1032 1334 .
1051 1309 1086 1337 In
1098 1309 1213 1338 Ecclesia
1225 1311 1403 1339 Ambrosiana
1414 1311 1517 1350 legitur
1527 1322 1633 1341 tantum
1643 1311 1774 1351 passionis·

971 1358 1062 1377 textus
1073 1351 1151 1378 Matt.
1161 1351 1207 1388 qui
1218 1350 1355 1380 dividitur
1365 1352 1395 1380 in
1407 1352 1470 1381 duas
1481 1353 1613 1382 lec'ltiones
1625 1375 1632 1387 ,
1652 1363 1748 1391 nempe
1760 1373 1772 1384 ‚

972 1399 1024 1418 una
1034 1400 1094 1428 pars
1114 1391 1216 1429 legitur
1227 1391 1256 1419 in
1268 1391 1333 1420 feria
1346 1394 1381 1420 V.
1403 1394 1493 1422 Coena
1504 1394 1589 1422 Dom.
1612 1398 1640 1423 ὅ(
1651 1395 1702 1422 alia
1712 1403 1773 1431 pars

972 1430 1003 1458 in
1013 1431 1078 1459 seria
1088 1433 1140 1460 VI.
1152 1429 1293 1470 sequenti,
1306 1433 1334 1460 in
1345 1443 1400 1471 quo
1411 1434 1457 1461 die
1468 1434 1604 1462 Diaconus
1615 1434 1772 1463 Ambrosia-

974 1471 1001 1498 ni
1012 1472 1080 1500 ritus
1091 1493 1099 1504 ,
1117 1472 1162 1510 qui
1175 1471 1326 1510 passionem
1338 1474 1412 1501 canit
1423 1495 1429 1506 ,
1443 1474 1480 1502 est
1491 1483 1564 1502 totus
1583 1475 1664 1503 rubro
1674 1475 1771 1503 colore

971 1511 1085 1540 indutus
1094 1535 1102 1546 ‚
1111 1523 1206 1551 gerens
1217 1514 1398 1541 Dalmaticaui
1410 1524 1444 1542 ex
1456 1513 1558 1543 villoso
1568 1514 1656 1544 serico
1666 1537 1673 1547 ,
1685 1526 1713 1543 ac
1722 1525 1770 1543 eo—

972 1552 1035 1580 dem
1044 1554 1138 1581 colore
1155 1555 1314 1591 cooperitur
1326 1555 1421 1583 Altare
1432 1576 1439 1587 ‚
1462 1564 1569 1592 paratur
1582 1555 1698 1584 Ecclesia
1709 1578 1716 1589 ,
1739 1558 1769 1583 δε

973 1593 1110 1626 Ministri,
1121 1593 1151 1621 in
1161 1594 1320 1622 memoriam
1331 1594 1494 1632 pretioffimi
1505 1595 1613 1624 Christi
1623 1595 1764 1634 sanguinis·

972 1632 1001 1660 in
1010 1633 1060 1662 hac
1071 1634 1117 1662 die
1127 1645 1178 1671 pro
1188 1635 1265 1662 nobis
1275 1633 1348 1663 effusi
1360 1657 1368 1668 ‚
1389 1636 1421 1664 ad
1432 1635 1590 1674 prophetica
1611 1637 1692 1666 verba
1700 1637 1771 1665 allu-

972 1674 1079 1702 dendo:
1106 1675 1347 1710 [-Quare·r11brzim
1366 1676 1404 1704 est
1424 1677 1617 1705 vestimentum
1635 1687 1712 1706 tuum
1723 1681 1732 1707 ?
1753 1678 1771 1709 1

971 1715 1088 1750 Quando
1098 1724 1188 1743 autem
1199 1717 1415 1753 pronunciantur
1426 1717 1505 1745 vei-ba
1525 1723 1536 1752 [
1550 1721 1582 1746 Et
1592 1718 1680 1747 emisit
1688 1717 1772 1757 spiri-

970 1765 1046 1783 tum:
1060 1757 1072 1786 ]
1094 1756 1182 1784 statim
1192 1757 1247 1785 duo
1267 1757 1428 1786 Subdiaconi
1438 1758 1579 1787 denudant
1601 1760 1695 1788 Altare
1707 1780 1714 1792 ,
1735 1768 1768 1788 ac

971 1805 1070 1824 caetera
1079 1797 1203 1826 Ecclesiae
1213 1807 1368 1835 paramenta
1380 1798 1538 1827 auferuntur
1549 1821 1556 1832 ‚
1568 1799 1709 1828 luminaria
1718 1810 1767 1827 ex-

971 1835 1136 1874 tinguuntur
1145 1859 1154 1869 ,
1166 1841 1193 1866 3<
1203 1848 1392 1876 campanarum
1402 1837 1481 1867 sonus
1493 1838 1664 1878 suspenditur
1675 1861 1683 1873 ,
1705 1850 1768 1879 quae

969 1877 1107 1905 moestitiae
1119 1877 1194 1915 signa
1203 1889 1352 1907 moerorem
1371 1880 1400 1907 in
1409 1879 1552 1908 astantibus
1563 1881 1685 1909 excitant
1695 1902 1703 1913 ,
1721 1891 1769 1910 eo-

972 1927 1086 1955 rumque
1095 1918 1201 1946 animos
1210 1919 1244 1947 ad
1258 1919 1434 1948 affliffionem
1443 1919 1595 1958 disponunt
1606 1922 1637 1949 in
1653 1921 1768 1950 audien-

969 1958 1003 1986 da
1013 1956 1143 1996 pastionis
1151 1959 1286 1987 concione
1295 1981 1303 1992 ,
1324 1970 1384 1997 qua:
1398 1960 1457 1997 post
1469 1962 1651 2000 Evangelium
1667 1963 1767 1991 imme-

970 1998 1043 2026 diate
1054 1998 1086 2026 fit
1096 2019 1103 2024 .
1127 1999 1181 2035 Qui
1192 2009 1288 2027 canere
1298 2000 1399 2029 debent
1423 2003 1604 2040 Evangelium
1615 2001 1759 2041 passionis,

970 2049 1003 2066 ex
1015 2038 1138 2067 Sacristia
1148 2049 1245 2068 exeant
1262 2041 1359 2068 amithi
1369 2062 1377 2073 ‚
1398 2041 1456 2069 alba
1465 2062 1473 2074 ,
1483 2043 1596 2082 cingulo
1605 2065 1614 2076 ,
1627 2043 1695 2072 stola
1705 2066 1713 2077 ‚
1735 2054 1764 2073 ac

970 2079 1111 2117 manipulo
1124 2080 1214 2108 induti
1226 2092 1234 2111 5
1254 2085 1282 2109 δε
1291 2080 1355 2109 licet
1364 2082 1394 2110 in
1403 2082 1602 2112 Caeremoniali
1615 2082 1765 2123 Episcopo-

970 2129 1031 2147 rum
1042 2130 1099 2148 non
1118 2119 1164 2148 fiat
1177 2121 1284 2148 mentio
1303 2122 1336 2150 de
1347 2122 1490 2160 manipulo
1500 2143 1509 2156 ‚
1527 2123 1557 2152 in
1565 2125 1766 2154 Caeremoniali

971 2170 1064 2188 tamen
1083 2163 1212 2189 Romano
1222 2172 1254 2189 ex
1260 2160 1342 2199 presse
1361 2161 1474 2191 habetur
1492 2162 1534 2192 his
1545 2166 1632 2194 verbis
1643 2177 1650 2194 :
1675 2168 1765 2201 [Tres

971 2211 1005 2229 ex
1016 2201 1053 2228 eis
1070 2201 1168 2229 disturi
1179 2201 1328 2240 pastionem
1339 2212 1467 2241 parantur
1475 2204 1574 2233 amic'tu
1586 2227 1594 2239 ‚
1611 2205 1669 2235 alba
1679 2227 1687 2239 ‚
1705 2206 1764 2234 cin-

971 2242 1039 2280 gulo
1050 2262 1058 2274 ,
1067 2243 1209 2280 manipulo
1218 2264 1226 2275 ,
1236 2246 1263 2272 ὅ(
1273 2242 1341 2272 stola
1352 2244 1383 2272 in
1392 2245 1505 2274 modum
1513 2245 1635 2274 Diaconi
1645 2268 1652 2280 ,
1663 2246 1764 2274 coloris

973 2282 1090 2310 violacei
1101 2303 1108 2309 .
1118 2284 1132 2313 ]
1152 2285 1193 2311 Ac
1204 2283 1304 2312 debent
1315 2283 1393 2313 exire
1410 2284 1463 2314 hoc
1482 2286 1581 2315 ordine
1591 2286 1744 2315 incedendo
1753 2307 1763 2320 ,

973 2323 1146 2360 praecedente
1156 2343 1164 2356 ‚
1185 2323 1314 2352 nimirum
1326 2349 1332 2360 ,
1353 2325 1401 2364 qui
1421 2335 1528 2355 textum
1545 2337 1643 2356 canere
1665 2327 1745 2356 debet
1756 2348 1768 2360 ‚

974 2363 1074 2392 deinde
1086 2363 1132 2402 qui
1143 2364 1247 2393 turbam
1259 2365 1446 2405 repraesentat‚
1455 2370 1483 2396 δι
1491 2367 1592 2398 ukimo
1602 2368 1649 2407 qui
1659 2366 1768 2398 Christi

1689 2417 1732 2438 Vl-
