1866 2526
198 27 251 77 48
534 22 659 65 AM

172 94 231 112 tus.
256 89 270 118 [
290 81 444 121 Ambigenti
465 91 523 110 non
541 90 655 120 generat
675 79 743 109 teste
764 78 956 119 Hippocrate.

174 122 293 154 Blesens.
315 123 393 161 epist.
415 134 463 158 90.
477 124 488 153 ]

135 164 276 194 ἈΜΒΠ-υε
286 184 294 191 .
319 166 376 193 FR.
388 161 522 198 Quamvis
532 161 722 195 Quintilianus
744 162 865 190 affirmet
885 159 954 186 hanc

175 214 274 233 vocem
294 215 344 243 pro
365 204 517 232 ambitione
534 202 683 242 aliquando
700 201 805 240 accipi,
826 199 956 238 Sulpitius

177 255 271 274 tamen
282 245 311 274 in
322 244 366 272 sua
377 244 440 272 hist.
451 244 497 272 lib.
511 256 537 273 2.
547 254 605 282 cap.
616 248 663 279 48.
677 243 724 271 illa
734 242 793 271 usus
804 242 842 269 est
855 241 883 268 in
892 239 954 268 sen-

174 285 203 314 su
212 286 309 325 gloriae
330 285 463 313 solemnis
483 294 590 323 pompae
603 305 611 316 ,
631 293 691 322 quae
702 283 731 311 in
744 281 840 312 Crucis
853 281 953 309 inven—

175 326 252 355 tione
262 326 394 354 celebrata
407 325 493 354 fuerat
506 347 514 358 ,
532 325 567 354 fic
579 324 706 363 inquiens
718 335 724 351 ε
748 330 759 358 [
770 324 847 351 Crux
861 331 952 360 reper-

175 376 221 400 ta,
240 367 381 405 dignoque
400 367 503 395 ambitu
511 364 683 394 consecrata.
705 367 718 395 ]
743 362 830 395 idest,
853 362 954 401 digno-

175 417 228 446 que
250 406 358 435 honore
371 429 379 440 ‚
402 411 430 435 δε
452 417 568 445 pompa.

134 448 224 479 'AMBO
235 449 343 477 Ambon
354 469 362 480 ,
385 447 431 476 vel
449 448 531 477 Umbo
543 468 551 479 ,
574 445 711 485 pulpitum
724 465 730 472 .
756 442 931 479 [Obsecrans
944 464 951 475 ‚

176 488 333 527 supplicans
344 509 351 520 ,
374 488 548 526 expostulans
559 509 567 521 ,
590 487 620 515 in
631 486 794 524 pavimento
815 483 895 522 ipfius
907 494 953 512 ve-

175 528 251 567 stigii
270 528 450 567 provolutus,
473 539 528 566 quo
559 527 633 556 nihil
650 526 748 555 horum
767 525 847 562 super
864 525 954 553 ambo-

177 579 241 597 nem
250 579 346 597 comra
358 568 535 597 catholicam
544 569 601 597 Dei
611 567 756 596 Ecclesiam
773 565 934 604 praedicarct
947 585 953 592 .

176 610 272 639 Antist.
284 609 415 637 Bibliotli.
428 609 583 637 Collestan.
595 608 623 636 in
635 607 719 645 Epist.
730 606 873 635 §.Maximi
886 606 953 634 Abb.

177 651 211 679 ad
229 653 340 679 Petrum
359 649 499 678 Illusti'em
516 648 688 678 aSirmondo
706 648 795 675 edita.
815 647 955 676 Diaconus

174 691 226 720 stat
247 691 277 718 in
296 690 411 718 ambone
421 711 427 717 .
452 690 559 729 Liturg.
587 690 613 717 S.
635 687 781 723 Chrysost.
794 690 807 719 1
839 689 896 716 FR.
916 687 954 714 Fi.

176 731 298 760 Blondus
320 730 349 758 in
371 730 418 758 sua
436 733 526 760 Roma
546 729 678 758 inclinata
698 729 745 756 lib.
769 738 791 755 1.
810 728 905 755 decad.
928 739 956 755 ι,

177 772 223 800 ubi
232 771 265 800 de
276 773 369 800 Leone
379 773 449 808 Papa
462 773 519 800 ΙΙΙ.
540 770 663 808 loquitur
675 792 682 802 ‚
706 769 752 807 qui
763 779 825 796 cum
836 769 923 797 vellet
942 778 955 795 a

174 811 318 841 calumniis
328 812 460 849 impositis
469 810 497 839 se
508 810 656 839 defendere
670 832 676 842 ‚
690 809 723 837 fic
735 809 842 847 inquit:
867 815 879 844 [
893 810 956 843 Quo

175 852 271 882 audito
280 852 412 880 Pontifex
426 854 482 880 Leo
500 852 644 880 ambonem
655 849 841 879 conscendens
854 871 862 881 ,
882 849 954 877 dixit

174 893 204 922 se
215 892 438 931 praedecess'orum
447 892 557 920 ssiorum
567 892 690 930 vestigiis
704 890 879 918 incedentem
892 912 898 922 ,
908 890 957 917 ob-

175 934 251 970 jectis
261 933 392 971 postridie
411 932 602 972 responsurum
612 953 618 959 .
631 935 642 964 ]
666 936 699 960 Et
717 931 812 959 cadem
820 930 916 958 decad.
931 942 955 958 2.

176 974 222 1002 lib.
235 986 261 1007 7·
282 975 316 1003 de
335 976 453 1013 Gregor.
476 975 561 1002 VIII.
581 984 614 1001 ex
627 972 773 1001 Comitum
792 969 957 999 nobiiiffima

179 1014 282 1044 familia
293 1017 376 1043 Rom.
387 1025 470 1053 agens
481 1026 486 1042 :
509 1013 593 1048 [Ubi
605 1014 720 1042 ambone
739 1011 886 1040 conscenso
896 1022 957 1040 ora-

178 1055 288 1084 tionem
304 1055 398 1083 habuit
418 1057 434 1089 Η
450 1056 465 1089 ΙΙ
486 1058 610 1090 Etymon
631 1053 771 1083 Valli-idus
794 1052 827 1080 de
840 1053 957 1081 exordio

176 1106 266 1125 terum
279 1096 352 1124 Eccl.
362 1096 396 1124 fic
407 1096 518 1124 deducit
529 1107 534 1123 :
559 1095 674 1130 [Ambo
694 1095 725 1122 ab
734 1094 879 1122 ambiendo
889 1093 957 1121 dici-

181 1146 226 1165 tur
240 1158 246 1168 ,
258 1137 321 1174 quia
332 1137 485 1164 intrantem
494 1136 577 1164 ambit
588 1138 619 1166 .]
639 1135 692 1163 Sed
703 1135 792 1162 multo
803 1134 897 1162 melius
909 1144 956 1161 ex-

178 1177 295 1215 plicatur
314 1177 345 1205 ab
367 1176 537 1214 Honuphi‘io
555 1175 682 1205 Panvino
702 1175 735 1202 de
754 1175 826 1203 Eccl.
848 1174 956 1202 vocibus

181 1217 256 1246 vei-b.
267 1218 357 1246 Ambo
367 1239 374 1250 ‚
394 1217 441 1256 qui
452 1217 564 1245 deducit
574 1215 625 1244 hoc
637 1225 739 1244 nomen
748 1225 761 1242 a
773 1215 856 1243 verbo
866 1225 957 1253 graeco

181 1256 303 1294 α’μβοὶνω
317 1279 325 1290 ,
349 1258 417 1286 idest
435 1259 572 1294 ascendo-¹
589 1259 647 1285 PR.
667 1255 739 1284 Mihi
757 1264 850 1283 tamen
869 1255 956 1283 Valafi

178 1298 277 1336 opinio
297 1299 382 1337 magis
399 1299 521 1329 arridet5
540 1307 602 1327 nam
622 1297 703 1325 umbo
715 1303 774 1334 pars
791 1296 874 1324 etiam
884 1304 956 1335 togae

176 1340 280 1368 dicitur
293 1360 300 1372 ‚
312 1349 346 1367 ex
358 1350 392 1367 eo
401 1339 464 1377 quia
473 1339 557 1367 ambit
569 1360 577 1371 ,
586 1347 617 1366 ut
629 1337 772 1365 ostendam
784 1337 813 1364 in
822 1336 956 1365 dictflm-

178 1381 227 1408 bo:
250 1390 318 1418 ergo
337 1379 403 1408 ficut
422 1390 480 1418 pars
501 1379 547 1407 illa
565 1378 646 1407 vestis
657 1378 753 1406 Umbo
772 1378 803 1405 ab
812 1376 959 1405 ambiendo

180 1421 376 1449 denomlnatur
388 1442 395 1453 ,
420 1421 456 1448 ita
468 1419 512 1448 hic
523 1420 607 1448 etiam
617 1419 670 1447 erit
690 1418 839 1446 dicendum
850 1438 857 1445 .
876 1419 958 1453 Quod

179 1461 200 1489 fi
210 1461 240 1489 ab
250 1460 423 1490 ascendendo
434 1461 578 1489 deducitur
591 1482 598 1493 ‚
609 1469 726 1495 etymon
739 1460 830 1498 potius
841 1457 892 1486 hoc
904 1458 959 1486 sca-

180 1501 214 1528 lis
224 1502 326 1540 pulpiti
339 1524 347 1536 ,
357 1513 438 1540 quam
447 1501 507 1540 ipso
517 1501 626 1540 pulpito
637 1500 767 1539 applicari
778 1500 898 1532 deberet,
912 1500 960 1527 lic-

180 1552 210 1570 ut
219 1543 318 1581 gradus
329 1554 342 1571 a
353 1543 506 1581 gradiendo
517 1563 523 1570 .
549 1543 639 1576 Quare
650 1542 724 1570 idem
741 1540 804 1570 ess'et
816 1562 823 1573 ,
847 1550 875 1568 ac
886 1540 903 1568 fi
914 1541 956 1568 di-

179 1593 300 1612 ceremus
317 1594 330 1611 a
342 1584 426 1612 verbo
444 1584 552 1616 Ambo,
569 1583 690 1611 derivari
712 1583 828 1610 latinum
848 1581 959 1609 verbum

180 1625 320 1659 Ambulo‚
342 1635 401 1663 quse
415 1624 495 1652 verba
504 1633 611 1662 graece,
634 1634 663 1652 ac
683 1623 767 1650 latine
788 1631 912 1653 motum,
930 1626 956 1650 ὅ(

180 1675 238 1693 non
249 1665 371 1703 quietem
383 1664 501 1694 sonanu
524 1674 550 1692 at
562 1665 650 1693 Ambo
669 1662 836 1691 conti-arium
858 1662 961 1700 signifi-

179 1713 224 1732 cat
233 1725 240 1732 .
264 1707 326 1733 Imo
336 1706 476 1743 Ulpianus
487 1715 534 1742 per
545 1705 681 1734 Ambones
700 1703 795 1732 calices
813 1703 961 1730 intellexe-

179 1753 220 1772 rat
231 1765 239 1772 .
262 1745 336 1774 Vide
345 1746 512 1784 Calepinum
523 1746 587 1773 did.
599 1745 734 1774 Ambones
744 1765 750 1772 .
775 1742 889 1781 Insuper
901 1754 962 1770 vei·-

181 1785 244 1814 bum
257 1783 375 1823 ἅμβαῖω
387 1807 393 1817 ,
416 1786 486 1824 apud
497 1796 599 1825 graecos
610 1785 737 1813 accedere
749 1806 756 1817 ,
779 1788 806 1813 ὃ(
817 1784 961 1822 ingredere

182 1826 295 1863 proprie
327 1826 461 1864 significat
475 1848 482 1858 ,
506 1826 581 1864 quod
612 1826 746 1853 barbarice
778 1824 863 1852 hodie
883 1823 961 1859 ἕμίῖω

183 1867 273 1893 Greci
285 1866 399 1894 dicunt.
422 1867 512 1895 Etiam
532 1866 633 1895 Arabes
652 1866 781 1893 Mambar
791 1864 961 1892 Cathedmm

183 1915 283 1933 vocant
296 1928 302 1938 ‚
326 1911 353 1935 ὃς
367 1907 396 1935 in
408 1907 459 1934 illo
470 1906 616 1944 Evangelii
629 1906 691 1933 loco
702 1927 709 1938 ,
720 1906 763 1933 iibi
777 1915 825 1931 nos
837 1905 961 1943 legimus,

182 1950 263 1981 Super
275 1948 444 1976 Cathedram
453 1947 675 1985 Adoyfisederunt
688 1967 693 1976 ,
709 1945 766 1978 &a
778 1944 860 1983 super
870 1951 962 1973 Mam-

181 1985 232 2015 bar
253 1985 296 2013 illi
316 1986 418 2016 habent
432 2010 439 2021 ‚
464 1987 654 2026 praeponendo
675 1986 795 2013 litteram
814 1987 863 2017 M,
886 1988 962 2021 juxta

180 2034 276 2053 eorum
287 2028 492 2064 grammaticam
504 2050 512 2061 ‚
535 2038 594 2066 quat·
606 2027 687 2055 docet
700 2026 729 2053 in
742 2025 813 2057 loci,
824 2029 850 2053 δ(
864 2026 963 2053 insti-ii-

180 2066 271 2095 menti
283 2067 481 2104 significatione
494 2091 500 2100 ,
524 2069 642 2096 litteram
653 2068 681 2094 M
694 2088 701 2098 ,
722 2066 846 2103 praeponi
857 2068 885 2093 M
897 2066 962 2094 licut

178 2106 293 2134 Achasn
305 2106 392 2138 seditv·
416 2109 552 2137 Madame
565 2130 572 2140 ,
584 2108 673 2136 locum
683 2106 798 2134 sedendi
807 2106 903 2133 dicunt
915 2108 930 2139 Η
946 2107 960 2139 Η

185 2147 299 2180 [Ambo
317 2152 328 2180 (
339 2147 431 2185 inquit
442 2149 478 2176 D.
493 2150 610 2176 Hieron.
623 2148 653 2176 in
663 2146 752 2175 theor.
764 2150 777 2177 )
797 2145 911 2184 figuram
924 2147 961 2173 la-

181 2185 254 2223 pidis
272 2186 355 2214 sanfti
373 2190 547 2216 monumenti
566 2189 708 2226 delignn,
738 2196 818 2226 quem
838 2187 961 2224 Angelus

182 2236 243 2253 cum
262 2226 408 2255 evolviss‘et
432 2238 463 2255 ex
474 2229 544 2257 ostio
564 2227 758 2260 monumenti,
777 2226 959 2264 proclamabat

183 2264 410 2295 resin-restionem
422 2269 557 2296 Domini.
570 2273 581 2300 ]
607 2269 718 2297 Dicitur
727 2268 871 2304 pulpitum
882 2286 888 2293 .
910 2268 960 2294 Vi-

182 2307 217 2335 de
228 2308 350 2344 Pulpitor
360 2328 367 2335 .
393 2310 465 2336 Item
478 2310 644 2346 Analogium
657 2330 663 2337 .
687 2307 865 2338 Bellarminus
874 2307 920 2335 lib.
935 2318 959 2335 2.

182 2347 218 2389 de
227 2346 303 2377 Miss'a
311 2358 335 2377 c.
350 2356 391 2380 16,
412 2353 440 2377 ἅ
451 2348 540 2377 Valaf.
562 2350 680 2378 lococit.
694 2348 803 2388 inquit:
830 2347 958 2382 [Analo-

1271 19 1396 61 AM

1012 73 1091 120 gium
1102 95 1110 109 ‚
1128 76 1205 125 quod
1223 74 1253 104 in
1264 87 1297 105 eo
1310 77 1422 106 verbum
1431 75 1487 108 Dei
1498 77 1606 118 legatur
1618 98 1627 110 ,
1647 75 1793 108 &amitini

1012 125 1119 150 cietur,
1140 123 1223 154 λογος
1239 118 1315 146 enim
1324 127 1412 157 graece
1423 119 1536 149 verbum
1548 141 1556 153 ‚
1575 118 1621 148 vel
1640 119 1711 148 ratio
1720 119 1792 147 dici-

1013 166 1058 185 tur
1067 177 1074 185 .
1085 160 1097 190 ]
1110 160 1151 187 Ac
1161 158 1194 186 de
1204 157 1333 187 Diacono
1345 159 1528 198 Evangelium
1537 160 1657 198 legente,
1676 160 1788 189 dicitur:

1015 203 1029 232 s
1040 198 1225 233 Acolytorum
1233 200 1358 228 officinm
1377 200 1413 228 est
1425 210 1487 229 ante
1497 202 1654 230 Diaconum
1664 199 1735 230 ferre
1745 211 1790 229 ce-

1012 248 1088 266 reum
1109 238 1250 268 accensum
1267 250 1331 268 cum*
1350 241 1516 269 ceroferario
1532 241 1615 280 usque
1631 240 1666 269 ad
1683 241 1790 270 Analo-

1011 279 1089 317 gium
1100 300 1107 311 ,
1126 282 1154 307 δε
1164 289 1258 309 tenere
1268 281 1369 310 deberit
1381 304 1386 315 ‚
1397 282 1462 310 duni
1474 282 1577 321 legitur
1588 282 1771 322 Evangelium
1781 303 1789 311 .

1011 319 1107 358 Steph.
1118 319 1154 347 de
1164 321 1336 360 Sace-Ahar.
1348 333 1370 350 c.
1381 334 1407 358 4.
1420 324 1431 353 ]
1452 323 1543 351 Graeci
1555 332 1647 351 tamen
1665 332 1790 352 recentes

1010 358 1155 398 α’ναλὸγισν
1173 383 1181 394 ,
1192 361 1392 399 pluteumillud
1401 385 1409 396 ,
1428 366 1455 391 ὃ(
1465 363 1657 401 repositorium
1669 385 1676 396 ‚
1696 363 1725 391 in
1736 374 1792 402 quo

1011 402 1125 438 ponitur
1144 401 1213 431 libel·
1230 401 1418 432 sustentandus
1430 425 1436 435 ,
1465 404 1530 432 dum
1549 405 1652 444 legitur·
1670 405 1792 438 (Italice

1010 445 1086 479 Legio
1097 446 1109 474 )
1128 442 1291 482 intelligunt
1300 463 1308 471 .
1328 445 1470 480 Pulpitum
1481 444 1548 473 item
1561 455 1643 474 vocat
1652 446 1690 474 D.
1700 446 1792 484 Cypr-

1010 482 1057 510 lib.
1072 494 1097 511 z.
1116 494 1160 522 ep.
1175 493 1199 525 5.
1222 484 1404 512 EtTribunal
1422 484 1496 512 idem
1515 485 1559 514 lib.
1571 498 1597 521 4.
1608 486 1685 524 epist.
1701 495 1726 521 5.
1751 488 1793 515 Ac

1010 526 1168 553 Differium
1191 524 1300 553 Bafilius
1319 525 1422 552 Seleuc.
1451 527 1544 562 Atque
1569 529 1720 556 Lec‘t'orimn
1734 547 1741 559 ‚
1764 530 1793 555 δε

1010 568 1156 601 Lampium
1170 587 1177 598 ‚
1202 566 1226 594 S.
1238 565 1302 593 Ifid.
1312 565 1437 593 Tandem
1454 567 1618 595 Lefiricium
1633 570 1773 605 Rupertus
1783 588 1790 594 .

1011 604 1085 632 Vide
1094 607 1258 634 Led-ricium
1270 625 1276 632 .
1287 605 1361 633 Vide
1372 605 1456 633 etiam
1469 611 1564 634 Roma.
1577 608 1633 637 FR.
1644 610 1717 636 Item
1727 614 1793 637 Suo-

1007 646 1094 682 gestus
1115 645 1217 674 dicitur
1228 667 1234 673 .
1247 646 1321 674 Vide
1339 647 1475 683 Suggestus
1488 667 1494 674 .
1507 646 1624 685 Insuper
1633 652 1659 676 ὃ(
1669 638 1788 688 Ρχνςιιῖ,

1010 685 1073 722 quia
1085 686 1122 714 est
1133 687 1167 715 ad
1187 687 1298 715 modum
1317 687 1398 714 turris
1410 708 1416 718 ,
1440 687 1513 715 unde
1523 697 1652 726 corrupto
1663 689 1794 717 vocabulo

1011 726 1108 754 Italice
1129 733 1256 766 Pergamo
1269 748 1274 754 .
1298 729 1334 756 In
1350 726 1468 765 quodam
1488 729 1603 766 antiquo
1623 729 1732 767 pulpito
1742 731 1794 757 Ec-

1011 767 1098 795 clefiae
1111 769 1287 806 Metropolit.
1300 771 1443 796 Ravennae
1455 767 1514 796 hm
1524 768 1669 806 inscriptio
1682 770 1792 809 legitur:

1015 813 1026 842 [
1040 808 1137 836 Servus
1147 809 1255 838 Christi
1266 808 1401 847 Agnellus
1412 807 1558 846 Episcopus
1570 819 1688 848 pyrgum
1698 810 1792 843 fecit,]

1013 857 1042 876 ut
1054 849 1167 877 testatur
1189 850 1358 884 Hieronym.
1371 849 1452 877 Faber
1474 849 1503 877 in
1513 848 1566 877 suis
1576 851 1631 878 Sac.
1643 860 1724 878 mem.
1737 855 1795 881 Ra-

1013 899 1077 917 ven.
1090 898 1145 927 par.
1162 901 1185 917 i.
1198 900 1257 929 pag.
1271 902 1297 925 4.
1309 891 1324 924 ΙΙ
1339 891 1354 924 Η
1368 892 1407 918 At
1418 890 1603 918 communiter
1614 891 1793 920 ecclesiastici

1013 930 1165 968 Scriptores
1183 933 1333 959 Leclorium
1353 940 1454 958 vocant
1466 951 1472 957 .
1495 933 1552 960 FR-
1573 933 1608 959 In
1626 931 1794 961 hist-Castu.

1013 972 1098 1000 Leon.
1108 971 1218 1000 Ostien.
1230 971 1277 999 lib.
1289 981 1315 1008 3.
1327 981 1349 997 c.
1364 982 1412 1000 zo.
1425 970 1484 998 haec
1503 971 1655 999 habentur:
1681 973 1758 1006 [Sed
1767 969 1795 1000 ⁴&

1012 1011 1125 1050 gradum
1138 1033 1146 1044 ,
1168 1016 1220 1040 &c⁸
1233 1012 1262 1039 in
1272 1011 1407 1040 ammonis
1418 1011 1530 1038 modum
1540 1032 1547 1038 .
1562 1014 1572 1042 ]
1594 1013 1754 1047 Legendum
1765 1015 1796 1040 in

1012 1053 1145 1080 Ambonis
1157 1053 1267 1080 modum
1278 1072 1285 1079 .
1297 1052 1417 1089 Reliqua
1429 1049 1575 1086 fynonima
1586 1072 1592 1079 .
1605 1043 1679 1081 Vide
1692 1058 1777 1082 Be’ma
1789 1072 1796 1079 .

1012 1093 1156 1129 Pulpitum
1167 1113 1173 1120 .
1195 1092 1322 1129 Thymele
1345 1092 1375 1120 in
1396 1091 1460 1119 ἀίἃ.
1483 1092 1656 1129 Thymelicus
1668 1115 1675 1121 .

971 1134 984 1147 '‘
1007 1135 1094 1160 AMsso
1106 1152 1112 1158 .
1135 1133 1198 1160 Sive
1207 1133 1352 1168 Pulpirum
1362 1144 1373 1164 ;
1393 1132 1465 1159 locus
1475 1129 1531 1160 erat
1541 1133 1684 1163 leftoribus
1696 1138 1722 1163 &z
1734 1144 1797 1161 cari-

1011 1172 1113 1199 toribus
1123 1171 1284 1209 clericisque
1295 1172 1323 1198 in
1335 1171 1418 1207 Mtffa
1430 1173 1694 1203 catechumenorum
1717 1173 1800 1202 mini-

1013 1211 1154 1240 strantibus
1176 1211 1322 1250 assignatus
1335 1232 1341 1238 .
1364 1214 1477 1240 Nomen
1503 1212 1616 1241 habebat
1628 1235 1634 1246 ,
1656 1226 1713 1243 non
1725 1237 1733 1248 ,
1756 1213 1798 1242 uti

1015 1252 1194 1290 Vl'azlafi‘ia'tts
1213 1253 1307 1280 strabo
1324 1252 1372 1280 sibi
1401 1251 1528 1290 pei-suasit
1540 1275 1546 1285 ,
1571 1254 1601 1281 ab
1633 1255 1776 1283 ambiendo
1788 1275 1797 1287 ,

1016 1293 1090 1329 quod
1103 1314 1110 1325 ,
1133 1292 1219 1330 quiin
1231 1302 1264 1319 eo
1274 1292 1326 1320 fint
1339 1314 1346 1324 ,
1370 1293 1468 1320 ambiat
1481 1314 1488 1325 ,
1511 1292 1559 1320 sed
1569 1294 1599 1321 ab
1619 1292 1766 1331 dvassokvav
1790 1315 1798 1327 ,

1013 1333 1044 1360 ab
1055 1333 1221 1369 ascendendo
1231 1354 1238 1364 ,
1261 1332 1323 1370 quia
1334 1333 1407 1360 locus
1419 1342 1475 1360 erat
1487 1333 1577 1360 editus
1590 1352 1604 1366 ,ν
1617 1335 1650 1362 ad
1659 1345 1740 1373 quem
1751 1344 1800 1372 pei·

1014 1373 1111 1411 gradus
1120 1372 1312 1401 ascendebatur
1321 1394 1327 1400 .
1350 1375 1463 1401 Nomen
1475 1372 1549 1402 enim
1568 1374 1749 1412 primitivum
1760 1375 1800 1403 est

1013 1412 1110 1450 ἂμβων
1122 1437 1128 1447 ,
1149 1414 1223 1452 quod
1234 1435 1242 1445 ,
1260 1414 1490 1452 quemadmodum
1502 1413 1626 1443 observat
1638 1415 1778 1443 Habemus
1790 1435 1800 1446 ,

1017 1454 1045 1481 in
1056 1455 1175 1493 antiquis
1186 1458 1282 1483 Graecis
1293 1455 1473 1493 scriptoribus
1483 1455 1605 1491 AEfchylo
1615 1459 1641 1483 ὅ(
1656 1455 1800 1490 Eustathio

1015 1496 1186 1523 acclivitates
1196 1499 1223 1524 δε
1235 1494 1340 1534 fastigia
1350 1494 1486 1523 montium
1508 1491 1660 1532 significan
1685 1498 1711 1522 ἃ
1733 1493 1800 1521 hinc

1017 1535 1114 1563 fxftum
1123 1536 1164 1564 est
1177 1557 1184 1568 ,
1203 1545 1233 1563 ut
1242 1534 1315 1564 hunc
1327 1536 1416 1564 locum
1427 1535 1575 1563 editiorem
1584 1534 1613 1561 in
1624 1533 1740 1562 Ecclelia
1752 1534 1800 1561 de-

1016 1586 1096 1604 notet
1109 1598 1115 1604 .
1137 1583 1297 1605 sozomenus
1309 1598 1317 1609 ,
1340 1577 1358 1604 l.
1373 1581 1396 1604 8.
1418 1586 1440 1603 c.
1455 1587 1479 1609 5.
1500 1585 1602 1602 nomen
1620 1572 1744 1610 Βιῖμσιτος
1765 1584 1799 1601 ex

1018 1617 1110 1646 eadem
1130 1616 1237 1645 ratione
1256 1617 1281 1644 ei
1303 1617 1399 1645 tribuit
1409 1637 1415 1644 .
1434 1616 1478 1644 Ut
1499 1625 1589 1643 autem
1610 1615 1639 1643 ab
1650 1614 1737 1642 altero
1757 1615 1802 1642 be-

1018 1667 1093 1686 mate
1104 1679 1110 1690 ,
1123 1657 1195 1695 quod
1209 1667 1264 1685 erat
1277 1657 1463 1685 Sanftimrium
1474 1655 1519 1683 seu
1530 1655 1626 1684 Altare
1636 1655 1800 1692 distinguat,

1017 1698 1096 1733 [δ”-μα
1116 1698 1214 1733 γνωςῶν
1226 1718 1234 1729 ,
1257 1698 1336 1725 bema
1347 1698 1476 1725 lec‘Jorscm
1486 1705 1566 1724 vocat
1577 1717 1584 1728 ,
1608 1705 1668 1723 cum
1680 1694 1801 1722 alterum

1018 1739 1087 1766 illud
1099 1740 1175 1766 bema
1187 1737 1273 1776 magis
1283 1739 1393 1775 proprie
1406 1736 1602 1774 Episcoporum
1613 1734 1676 1762 esset
1688 1744 1715 1762 ac
1725 1734 1805 1763 Pres-

1018 1779 1178 1814 bytci‘orum
1189 1799 1196 1805 .
1219 1778 1302 1816 Apud
1313 1781 1483 1815 Cyprianum
1494 1797 1501 1807 ,
1525 1786 1567 1813 ep.
1582 1786 1626 1812 33.
1637 1779 1662 1802 a&
1677 1785 1723 1811 34.
1741 1775 1805 1812 pul-

1014 1827 1108 1856 pttnm
1127 1819 1226 1846 dicitur
1248 1822 1275 1846 ἃ
1285 1817 1423 1846 Tribunal
1441 1815 1563 1844 Ecclesiae
1578 1837 1585 1847 ,
1609 1813 1720 1851 ejusque
1742 1813 1804 1842 usus

1020 1860 1058 1887 i'ta
1068 1860 1099 1887 ab
1111 1869 1144 1887 eo
1154 1859 1332 1896 explanatur,
1355 1867 1384 1884 nt
1400 1856 1472 1883 idem
1485 1856 1517 1884 fit
1529 1877 1537 1888 ,
1559 1866 1588 1883 ac
1607 1854 1698 1883 mensa
1720 1855 1804 1883 lefto-

1018 1911 1078 1928 rum
1090 1920 1097 1928 .
1118 1899 1172 1927 Hic
1182 1898 1256 1926 enim
1267 1898 1380 1926 let‘lores
1394 1896 1494 1924 stabant
1516 1898 1638 1934 legentes
1652 1896 1806 1933 Evangelia.

1018 1945 1045 1969 ἃ
1058 1939 1190 1978 Epistolas
1203 1960 1210 1971 ,
1233 1948 1262 1966 ut
1275 1949 1306 1966 ex
1319 1938 1349 1966 iis
1360 1936 1485 1965 discimus
1496 1958 1503 1968 ,
1526 1947 1585 1974 qux
1599 1936 1632 1964 de
1643 1934 1765 1969 Celerino
1776 1939 1804 1963 ὃ(

1018 1981 1133 2010 Aurelio
1161 1979 1262 2007 duobus
1280 1977 1427 2006 notiffimis
1450 1975 1655 2006 Confefforibus
1685 1984 1774 2002 narrat
1795 1996 1805 2008 ‚

1019 2032 1085 2059 quos
1095 2021 1219 2048 Lectores
1229 2019 1369 2047 ordinarat
1381 2040 1388 2051 ,
1401 2027 1432 2046 ut
1443 2040 1450 2051 ‚
1473 2017 1519 2055 qui
1532 2015 1713 2055 Evangelium
1724 2016 1806 2043 Chri-

1017 2064 1050 2096 [ῐι
1063 2070 1154 2089 coram
1164 2059 1312 2088 tortoribus
1324 2069 1401 2087 erant
1411 2057 1522 2087 confess'i
1536 2079 1544 2090 ‚
1569 2057 1596 2084 id
1607 2056 1690 2084 ctiam
1700 2055 1734 2082 dc
1742 2055 1806 2092 pul-

1012 2105 1073 2139 pito
1085 2123 1092 2134 ‚
1114 2100 1159 2128 seu
1173 2100 1300 2128 tribunali
1314 2099 1438 2127 Ecclesii:
1461 2100 1616 2127 lectitarent
1628 2116 1634 2123 .
1659 2095 1713 2123 Hic
1732 2096 1806 2122 locus

1019 2143 1102 2169 ctiam
1113 2150 1168 2169 erat
1181 2142 1335 2169 Cantorum
1347 2161 1354 2172 ‚
1376 2150 1406 2167 ut
1426 2149 1459 2167 ex
1480 2147 1583 2166 canone
1595 2135 1720 2164 Concilii
1741 2141 1807 2163 Lao-

1019 2184 1111 2210 deceni
1124 2190 1198 2219 patet
1209 2203 1217 2213 ,
1240 2191 1263 2207 c.
1282 2191 1288 2207 i
1300 2191 1323 2215 5.
1334 2180 1378 2208 ubi
1389 2180 1491 2208 dicitur
1501 2200 1509 2211 ,
1527 2189 1579 2206 non
1589 2183 1808 2213 oporterepraeter

1019 2225 1167 2250 Canonicos
1181 2225 1311 2249 emtores
1324 2242 1330 2253 ,
1342 2221 1388 2258 qui
1401 2218 1517 2256 ἅμβωνα
1527 2239 1534 2250 ,
1550 2217 1702 2254 suggestum
1712 2215 1806 2252 ascen-

1019 2264 1092 2291 dunt
1102 2284 1110 2295 ‚
1122 2269 1156 2295 ζῇν
1166 2273 1199 2289 ex
1209 2262 1372 2289 membrana
1382 2261 1475 2298 legunt
1486 2280 1494 2291 ‚
1516 2259 1622 2296 aliquos
1634 2256 1700 2283 alios
1711 2265 1807 2282 canere

1016 2307 1046 2331 in
1062 2302 1183 2339 Ecclesia
1194 2321 1201 2328 .
1224 2302 1278 2330 Hic
1291 2302 1374 2329 etiam
1384 2297 1530 2338 Diptycha
1540 2297 1701 2335 legebantur
1711 2315 1719 2327 ,
1741 2304 1806 2331 que-

1016 2354 1042 2371 m
1052 2343 1199 2372 admodum
1211 2352 1243 2371 ex
1265 2342 1384 2380 quodam
1394 2339 1518 2372 Concilii
1532 2334 1808 2379 Constantinopolim-

1738 2384 1766 2403 m
