1866 2526
450 45 569 88 VR

100 115 162 137 cen
169 102 253 144 aliqui
261 101 400 142 corrigere
410 102 588 133 crediderunt
600 105 760 131 Pam-aren
773 97 821 128 sed
830 96 893 127 talis

100 145 183 176 1οᾶἰο
191 142 392 184 magisobscura
404 165 411 177 ,
433 154 462 172 ac
484 152 612 181 corrupta
623 142 765 170 redditur.
787 141 893 189 I-e'gcgi-

102 187 168 217 dum
177 195 243 224 ergo
254 184 346 224 potius
354 187 505 214 Pinaeorea
513 194 546 212 ex
555 192 643 222 groeca
653 181 776 211 distione
785 188 872 217 τινας
881 198 892 222 ².

103 236 162 266 φιτ
168 225 303 263 Ρίἂιιηιιι
313 224 447 264 fignificat
457 246 465 258 ,
487 227 514 253 ε(
525 223 738 253 Pinaehotecam
752 222 843 264 locum
851 220 894 247 ubi

102 266 214 305 pifiurae
223 264 422 295 conservantur
432 286 440 298 ,
452 264 664 303 appellaverunt
673 264 818 291 Vitruvius
829 280 839 296 ,
850 260 894 304 lib.

105 316 128 334 ι.
140 316 196 344 cap.
210 317 235 334 2.
253 310 280 335 &c
292 305 364 334 Plin.
383 305 429 334 lib.
441 315 454 344 3
464 315 489 339 ς.
509 315 567 342 cap.
583 314 625 332 ιι.
645 304 692 342 qui
712 304 785 331 locus
798 301 895 343 ltaliee

101 346 228 374 Galleria
246 346 362 374 dicitur.
386 347 443 375 PR.
457 343 555 375 Adhuc
574 353 665 372 tamen
684 343 743 372 haec
760 341 896 384 correftio

101 396 158 414 non
169 386 280 416 videtur
298 385 452 415 satisfacere
464 407 472 419 ,
495 395 554 414 non
574 383 648 413 enim
666 382 773 412 sensum
792 381 894 426 Biblio-

101 425 218 455 tliecarii
227 427 346 466 explicat
359 437 367 457 ς
391 437 453 455 nam
461 426 567 455 dixerat
578 427 732 461 Imaginem
744 435 751 451 :
774 420 821 464 sed
830 424 849 449 li
861 421 895 449 ad

99 467 250 505 imaginem
261 467 405 496 adderetur
414 469 557 496 Piffuram
568 476 576 496 ς
593 463 657 493 esset
668 464 741 492 idern
751 472 799 501 per
810 461 892 493 idem,

100 509 127 535 ὁ(
139 507 173 536 lic
187 508 225 536 nil
235 507 346 537 ulterius
356 508 503 546 explicaret
512 520 520 535 .·
534 506 620 544 magis
629 515 663 534 eo
670 504 809 551 crederem
819 507 887 530 Vota·

98 558 173 575 ntea
184 548 379 577 restituendum
388 557 421 576 ex
432 557 525 586 greco
535 545 666 575 vocabulo
678 546 815 589 Bonpiuog·
825 563 832 574 ,
852 542 892 569 id-

98 587 134 615 est
149 608 156 619 ,
180 588 335 626 pastoraliS,
357 587 405 617 sed
415 588 524 623 multia,
547 597 561 614 a
582 595 673 625 graeco
683 586 790 613 Βκλεκι
800 582 888 626 consi-

98 628 165 655 lium
176 639 184 658 ς
209 628 238 656 in
246 627 295 657 hac
305 627 382 656 enim
393 628 513 666 imagine
521 626 673 662 symbolice
689 623 737 653 sex
748 624 867 652 concilia
879 645 886 656 ,

99 670 126 695 St
137 667 280 705 pastoralia
291 669 398 697 decreta
407 668 591 706 figurabantur
599 687 606 694 .

57 707 168 736 vuum
180 727 186 735 .
210 708 327 737 PR.hoc
341 708 497 737 vocabulum
516 706 629 736 diversis
646 705 763 735 sensibus
782 703 891 747 usurpa-

98 757 142 775 tur
151 768 158 774 .
179 747 272 777 Primo
280 748 354 777 enim
367 748 501 788 fignificat
512 769 519 781 ,
537 747 649 786 quando
660 746 757 785 aliquis
766 743 891 788 disponit

96 797 176 826 agere
187 797 254 825 opus
263 788 366 818 bonum
376 811 384 822 ‚
401 793 429 818 ὃς
441 788 614 816 meritorium
623 810 632 821 ‚
656 791 683 816 ὃ(
704 796 768 814 tunc
780 794 891 824 proprie

92 827 193 855 dicitur
208 829 399 863 Deliberatio,
426 839 483 858 can.
505 828 552 867 qui
570 829 638 857 bona
651 849 658 860 ,
684 838 726 859 ¹7·
747 827 841 864 qnaest.
868 835 890 852 1.

93 870 122 896 δε
140 878 199 895 can.
219 868 360 908 integritas
373 891 381 903 ,
405 882 452 908 3²·
471 869 567 908 quaest.
587 881 613 897 2.
631 868 707 907 quod
725 867 744 895 fi
765 877 825 895 non
843 876 892 904 po-

94 916 206 936 neretur
224 909 252 937 in
273 911 456 943 executione,
479 908 542 938 esset
561 918 670 937 tantum
700 907 824 937 veniale:
845 906 892 950 sed

93 947 113 976 fi
131 947 246 977 firmiter
273 951 375 979 bonum
394 951 463 979 illud
482 949 581 988 exequi
601 948 711 981 statuit,
735 958 800 976 tunc
821 948 891 990 dici-

93 997 138 1015 tur
164 991 346 1028 Propofitum,
367 1003 379 1019 a
399 1002 454 1030 quo
477 991 496 1020 si
525 990 648 1022 recedit,
669 987 818 1018 secundum
841 989 890 1016 ali-

93 1037 161 1065 quos
182 1038 272 1067 peccat
295 1032 441 1060 venialiter
454 1053 462 1065 ‚
480 1030 628 1060 secundum
647 1031 798 1068 Hugonem
818 1039 890 1056 mor-

93 1068 204 1100 taliteri
227 1070 274 1099 sed
291 1082 305 1100 a
327 1083 413 1105 voto,
437 1072 512 1111 quod
530 1072 619 1100 verbis
648 1070 833 1108 exprimitur,
857 1069 889 1097 fi-

93 1117 129 1136 ve
148 1119 209 1138 cum
227 1109 420 1147 solemnitate,
444 1114 500 1141 five
522 1112 577 1141 fine
595 1123 625 1141 ea
647 1121 706 1139 non
723 1111 788 1138 licet
809 1120 884 1138 rece-

91 1148 156 1179 dere
166 1150 221 1179 sine
233 1154 343 1182 mortali
357 1163 467 1192 peccato
489 1151 635 1182 secuudum
656 1161 752 1180 omnes
763 1173 771 1183 ,
794 1160 824 1179 ut
841 1161 889 1179 ex-

90 1199 162 1219 trav.
174 1202 229 1229 cap.
241 1194 288 1231 qui
308 1195 373 1223 cler.
392 1199 420 1223 ὅ(
432 1205 534 1223 voven.
556 1193 600 1221 De
610 1204 661 1232 qua
680 1202 709 1222 re
727 1191 793 1220 vide
811 1191 889 1220 fufius

89 1230 210 1259 Glossam
222 1232 249 1261 in
259 1245 318 1262 can.
328 1236 402 1273 quod
413 1245 501 1263 autem
510 1254 520 1270 ‚
536 1245 581 1266 27·
591 1234 684 1272 quaest.
698 1244 721 1262 1.
733 1236 759 1262 δ(
769 1231 889 1262 Οὶοέῑὲιιι

90 1270 188 1299 incan.
202 1274 276 1310 quod
288 1285 422 1304 voventes
434 1296 442 1308 ‚
466 1275 531 1304 ibid.
551 1275 594 1303 ubi
613 1275 749 1306 declarat,
771 1273 837 1311 quid
857 1274 890 1303 fit

88 1309 213 1340 solemne
234 1324 347 1348 votum,
369 1320 397 1345 &
416 1317 483 1355 quid
498 1316 610 1354 simplex
623 1335 630 1343 .
654 1316 727 1343 Item
745 1313 839 1343 Gloss'a
860 1314 888 1342 in

89 1361 146 1379 can.
157 1354 287 1382 nubentes
299 1378 306 1389 ,
329 1356 390 1385 dist.
405 1368 450 1390 ²7-
472 1367 532 1395 quae
551 1356 637 1384 tribus
647 1356 738 1384 modis
756 1355 792 1384 ibi
802 1355 888 1384 aflerit

1272 41 1313 82 U
1342 40 1387 82 R
1615 55 1697 98 713

948 95 1014 126 litus
1033 107 1088 126 erat
1099 118 1108 131 ,
1126 94 1294 127 diversarum
1312 98 1420 126 urbium
1429 97 1549 128 honores
1568 98 1695 129 (imiliter
1704 110 1754 140 pe-

949 138 1010 178 ragi
1028 137 1163 167 urbicario
1183 138 1358 177 mimologo.
1380 139 1507 177 Fulgent.
1526 139 1572 169 lib.
1584 152 1611 170 ι..
1631 140 1755 176 mythol.

949 177 980 207 in
999 178 1119 208 Ixione.
1140 181 1152 211 ]
1177 181 1235 210 FR-
1266 180 1304 208 In
1333 178 1465 217 aliquibus
1487 189 1580 212 tamen
1603 181 1758 211 codicibus

950 219 1071 258 legitur:
1096 225 1108 254 [
1131 219 1318 249 Diversarum
1336 220 1443 248 urbium
1471 219 1591 249 honores
1612 221 1757 251 somniali-

951 269 993 288 ter
1013 260 1106 298 peragi
1122 260 1274 289 rubricario
1287 260 1464 299 mimologo]
1490 262 1528 295 :lh
1541 263 1755 291 suburbicarias

950 309 1040 328 autem
1059 301 1129 338 apud
1148 300 1347 330 Eccleliallicos
1365 302 1520 340 Scriptores
1539 301 1664 341 intelligi
1683 302 1755 331 solet

951 340 984 368 de
1006 341 1128 370 Eccleliis
1138 351 1216 371 extra
1234 341 1320 370 Urbis
1339 343 1461 375 moenia,
1481 341 1528 371 sed
1548 342 1577 371 in
1598 345 1653 379 ejus
1664 342 1756 372 distri-

949 381 994 408 ἃιι
1015 381 1211 415 existentibus,
1241 381 1275 410 fic
1298 383 1442 420 Episcopus
1467 384 1702 420 suburbicarias,
1725 386 1754 412 ἀ

948 421 1068 458 Ecclesia
1081 423 1282 458 suburbicaria
1293 422 1398 450 dicitur
1410 442 1418 450 .
1440 423 1563 462 Suntque
1579 422 1627 452 sex
1639 423 1753 462 Episco-

949 470 1024 498 patus
1044 462 1176 501 dignitati
1194 462 1389 492 Cardinalitioe
1401 463 1522 497 adnexi,
1544 473 1661 502 quorum
1669 465 1752 500 juris-

948 501 1085 531 diiftiones
1105 502 1138 531 ad
1155 501 1302 532 suburbana
1322 505 1421 533 Rome
1451 504 1510 532 loca
1525 504 1680 542 antiquitus
1700 515 1749 534 ex-

948 542 1130 572 tendebantur
1141 565 1149 577 ,
1172 554 1202 573 ut
1223 545 1254 573 in
1270 543 1410 574 ciaconio
1427 544 1563 574 refertur.

908 582 1046 611 URBlcus
1060 604 1068 616 ,
1092 585 1149 614 FR.
1170 585 1218 623 qui
1239 587 1394 614 Romanam
1415 586 1510 614 urbem
1529 585 1650 620 incolit;
1674 585 1750 615 idem

947 633 976 650 ac
996 622 1140 653 Urbanus:
1161 636 1224 654 cum
1243 624 1320 654 enim
1343 625 1477 655 Martialis
1497 626 1621 661 dixerit,
1654 627 1700 655 lib.
1725 639 1750 656 ι.

945 664 1034 702 epigr.
1057 675 1104 702 3²·

989 705 1117 734 Urbanus
1139 706 1187 734 tibi
1209 708 1310 738 Caecili
1334 707 1453 739 videris:

988 746 1056 773 Non
1073 756 1117 780 ες,
1140 748 1221 776 crede
1242 749 1330 778 mihi:
1352 749 1420 787 quid
1440 759 1507 787 ergo
1527 753 1574 778 es?
1597 759 1682 779 verna
1698 759 1746 782 es,

987 786 1051 814 Hoc
1073 787 1147 825 quod
1169 789 1374 819 transtiberinus
1395 789 1545 818 ambulator
1566 793 1616 819 διε.

947 825 1067 854 Inferius
1089 826 1195 856 subdit:

991 867 1075 903 Quod
1097 879 1154 897 non
1176 869 1296 908 optimus
1317 871 1423 901 urbicus
1441 872 1542 899 Poeta:

988 908 1080 943 Quare
1101 909 1193 938 desine
1213 914 1266 946 jam
1289 912 1339 941 tibi
1363 911 1473 944 videri,

991 948 1075 984 Quod
1096 948 1150 978 soli
1173 951 1223 979 tibi
1247 952 1348 981 Caecili
1371 952 1493 981 videris.

946 987 989 1017 Sic
1009 988 1092 1017 etiam
1110 992 1272 1029 ‘Episcopum
1283 993 1416 1022 Urbicum
1425 992 1585 1031 Cyprianus
1597 1013 1604 1025 ,
1628 991 1706 1031 epist.
1717 1003 1746 1028 4.

945 1029 1112 1058 Pontificem
1131 1033 1290 1061 Romanum
1308 1033 1479 1071 appellavit5
1503 1033 1538 1062 sic
1557 1033 1749 1071 Zepherinum

944 1069 1112 1099 Pontificem
1131 1072 1252 1110 Optatus
1280 1074 1402 1103 Milevit.
1419 1074 1592 1112 appellavit,
1615 1077 1642 1102 δε
1670 1075 1748 1102 Pres-

944 1109 1038 1145 byteri
1058 1113 1179 1141 Romani
1198 1115 1355 1144 Sacerdotes
1377 1115 1470 1145 Urbici
1488 1125 1502 1142 a
1523 1116 1562 1143 D.
1581 1114 1747 1147 Ambrofio,

944 1150 1022 1188 epist.
1043 1162 1091 1189 3¹·
1110 1152 1348 1187 denomimnrurq
1370 1155 1469 1184 eodem
1490 1156 1569 1193 pasto
1592 1166 1622 1183 in
1638 1155 1746 1183 Conci-

947 1191 988 1220 lio
1014 1193 1120 1221 Arelat.
1144 1194 1168 1222 Ι.
1190 1205 1248 1223 can.
1273 1206 1296 1222 1.
1319 1196 1440 1224 Diaconi
1463 1195 1587 1225 Romani
1609 1204 1745 1224 vocantur

944 1234 1066 1260 Diaconi
1094 1235 1207 1263 Urbici.
1230 1238 1265 1264 Et
1292 1237 1414 1275 Optatus
1443 1236 1567 1264 Milevit.
1595 1235 1641 1264 lib.
1661 1247 1687 1264 2.
1710 1235 1746 1265 de

943 1273 1063 1301 incolatu
1094 1275 1295 1304 nonnullorum
1328 1279 1428 1306 Romae
1467 1276 1679 1305 Donatistarum
1707 1275 1743 1304 fic

943 1314 999 1341 ait:
1025 1319 1036 1349 [
1059 1314 1130 1346 Quia
1148 1315 1306 1353 quibusdam
1327 1317 1403 1347 Afris
1426 1317 1513 1346 urbica
1541 1317 1645 1356 placuit
1666 1326 1743 1346 com-

943 1363 1078 1382 moratio-

87 1390 265 1424 solemnizari
280 1406 375 1425 votum
388 1417 395 1424 .
417 1398 510 1426 Glolla
533 1397 561 1424 in
569 1407 628 1425 can.
639 1396 822 1434 Nuptiarum,
846 1406 887 1424 ea·
902 1394 985 1423 Unsss
997 1397 1098 1424 Remi
1110 1417 1119 1429 ,
1142 1397 1405 1437 Constantinopolis
1414 1399 1549 1437 appellata
1568 1398 1620 1427 fuit
1632 1413 1640 1427 .-
1655 1400 1744 1433 [Fra-

88 1431 151 1460 dem
164 1445 209 1466 27·
221 1437 313 1472 quaest.
330 1447 353 1465 ι.
376 1438 460 1465 verbo
471 1457 478 1464 .
500 1437 552 1464 Sed
571 1437 652 1464 etiam
670 1438 709 1464 ait
720 1458 728 1470 ,
751 1436 826 1475 quod
837 1447 885 1465 vo-

89 1481 149 1499 tum
172 1483 229 1501 non
247 1475 362 1513 simplex
381 1497 390 1508 ,
409 1476 456 1505 sed
473 1476 596 1505 solemne
614 1477 726 1505 dirimit
744 1477 886 1505 matrimo-

88 1511 184 1540 nium.
206 1515 295 1543 Glossa
314 1517 343 1544 in
353 1527 412 1545 can.
423 1517 498 1555 quod
510 1526 661 1550 voventes,
685 1528 732 1550 27·
751 1517 845 1555 quaest.
863 1528 885 1546 ι.

87 1552 223 1581 ubietiam
233 1555 348 1585 declarat
361 1579 369 1590 ,
392 1559 458 1595 quid
481 1558 513 1586 fit
531 1556 653 1585 solemne
665 1579 673 1590 ,
691 1561 719 1587 ὅ(
737 1557 804 1596 quid
821 1557 881 1586 firn-

86 1593 154 1631 plex
167 1613 174 1620 .
198 1596 270 1623 Item
281 1601 373 1625 Wnuxn
386 1619 393 1629 ,
415 1602 441 1627 δ(
453 1602 520 1626 Dies
531 1607 660 1626 votorum
669 1598 770 1626 dicitur
792 1599 884 1627 matri-

85 1634 215 1662 monium
228 1656 235 1667 ,
258 1637 277 1663 l.
289 1637 306 1665 li
319 1647 378 1675 quis
387 1639 582 1676 Longobatdus
592 1661 598 1672 ,
623 1649 649 1676 3.
661 1638 694 1667 de
707 1637 882 1673 anemone,

85 1676 115 1702 ἀ
137 1674 235 1710 injure
246 1677 393 1706 Canonico
411 1689 441 1707 in
452 1679 549 1708 eodem
565 1678 643 1708 sensu
656 1679 831 1717 reperitur5]
855 1681 881 1709 Si

87 1724 155 1744 vero
165 1716 196 1743 ad
209 1715 325 1746 secunda
335 1729 401 1747 vota
412 1719 486 1747 idem
499 1719 542 1747 vir
551 1740 559 1751 ,
578 1723 604 1748 δ(
618 1729 688 1748 uxor
705 1730 764 1748 non
786 1720 882 1758 migra,

87 1755 182 1783 verint
192 1778 201 1789 ,
224 1768 246 1785 c.
258 1769 285 1793 9.
299 1759 333 1787 de
345 1760 451 1788 testibus
464 1781 472 1792 ‚
495 1762 521 1787 ὅ(
533 1759 620 1788 attest.
633 1762 646 1791 ]
669 1763 697 1789 ὄε
714 1760 744 1788 in
753 1760 881 1789 decretali

84 1794 121 1822 de
139 1794 328 1833 sponsalibus,
349 1810 372 1827 c.
396 1810 426 1836 5.
449 1800 518 1835 [Ad
537 1799 591 1828 alia
610 1809 674 1828 vota
692 1801 880 1833 transferre.]

86 1835 161 1863 Item
183 1846 279 1866 votum
302 1849 352 1877 pro
371 1841 533 1869 voluntate.
555 1839 648 1869 Gloss'a
666 1850 698 1869 iu
709 1851 768 1870 can.
787 1851 884 1881 magna

89 1875 194 1912 pietas,
217 1878 251 1905 de
272 1880 372 1916 poenit.
395 1881 457 1909 dist.
481 1891 503 1908 1.

45 1917 111 1945 Vox
122 1917 218 1945 Mom
231 1919 301 1948 Non
315 1922 428 1949 Auniiu
439 1940 446 1948 .
470 1923 527 1950 FR.
538 1919 598 1949 haec
614 1918 882 1961 scriptumlfflpjm-

86 1955 119 1984 fis
137 1958 279 1993 penuriam
299 1959 386 1988 vietus
395 1961 546 1999 fignificat:
573 1961 711 1996 [Perdam
730 1973 764 1991 ex
776 1963 820 1993 eis
832 1973 882 1993 vo-

85 2006 144 2024 cem
163 1998 275 2035 gaudii,
297 2003 326 2028 ὃ(
346 2011 443 2030 vocem
463 2001 586 2034 laetitiae,
610 2012 706 2031 vocem
723 2002 831 2041 sponsi,
853 2007 881 2033 ὃ(

85 2046 183 2065 vocem
201 2037 307 2077 sponsae
320 2062 328 2073 ,
352 2051 449 2070 vocem
468 2042 568 2071 molae.
592 2042 655 2071 Isai.
666 2054 690 2071 c.
703 2046 774 2079 25.]
797 2047 831 2073 Et
850 2044 880 2072 in

85 2077 184 2106 eodem
196 2078 294 2107 sensu:
319 2086 331 2115 [
345 2083 409 2110 Vox
422 2082 502 2111 molae
521 2093 579 2112 non
597 2083 722 2112 audietur
741 2084 771 2113 in
789 2094 817 2113 te
825 2094 881 2113 am-

82 2118 154 2156 plius
164 2139 172 2146 .
194 2121 362 2158 Apocalyps.
373 2133 397 2150 c.
411 2134 420 2151 1
429 2127 454 2151 8.

43 2158 192 2188 Uannius
213 2162 295 2190 ΡΑΡΛ
318 2163 403 2192 VIII.
426 2163 647 2193 commendatus.
681 2163 754 2193 Vide
780 2171 877 2199 Icona,

82 2200 252 2237 speculator.

43 2239 234 2269 Πιιιιιειιιιιυς
245 2263 253 2274 ,
277 2242 366 2271 Αξὶοτ
376 2264 384 2276 ,
406 2245 434 2273 &
447 2243 578 2273 Recitans
589 2243 619 2273 in
629 2244 745 2283 quadam
765 2247 881 2276 Comoe-

81 2281 144 2312 dia,
166 2291 226 2319 quae
243 2283 377 2312 Urbicum
396 2284 555 2318 dicebnur,
577 2285 640 2324 quia
656 2285 686 2314 in
707 2296 737 2314 ea
756 2287 881 2316 coutine-

82 2322 182 2350 bantur
199 2324 346 2362 elegantiae
359 2345 366 2357 ,
389 2328 416 2354 δ(
438 2325 600 2354 urbanitates
615 2326 734 2361 juvenili
755 2327 881 2357 honesta-

80 2362 102 2390 ti
122 2362 274 2402 adaptatae.
300 2365 458 2405 [Demque
476 2366 615 2397 Beatinius
634 2376 718 2407 augur
735 2367 828 2398 dicere
838 2367 881 2398 so·

941 1444 1002 1468 ter,
1024 1439 1052 1464 δι
1064 1436 1251 1476 Coepiscopus
1271 1440 1363 1468 noster
1382 1439 1554 1469 marinianus
1575 1439 1609 1467 ad
1627 1438 1743 1468 Urbem

939 1475 1043 1513 regiam
1062 1486 1112 1514 pro
1124 1478 1250 1506 Eccleliae
1272 1478 1325 1508 suae
1344 1479 1512 1509 utilitatibus
1532 1479 1691 1508 Diaconum
1699 1479 1742 1508 su,

940 1525 986 1545 um
1006 1515 1034 1544 se
1052 1518 1126 1546 velle
1144 1517 1331 1548 transmittere
1352 1519 1460 1558 scriplit
1472 1543 1478 1549 .
1502 1521 1539 1549 D.
1559 1523 1681 1560 Gregor.
1692 1521 1740 1549 lib.

938 1567 968 1593 9.
985 1557 1062 1595 epist.
1088 1569 1129 1594 ¹4·
1151 1560 1164 1590 ]
1189 1559 1278 1595 Quam
1304 1561 1503 1590 Constantinus
1530 1562 1644 1599 Magnus
1666 1571 1740 1590 anno

937 1595 1032 1626 salutis
1050 1608 1118 1636 350.
1141 1600 1310 1634 aedificavit,
1333 1605 1361 1629 &
1382 1604 1472 1630 Beatae
1492 1601 1624 1639 Virgini,
1647 1611 1677 1629 ut
1696 1611 1741 1630 re-

938 1637 991 1666 fert
1010 1638 1203 1677 Nicephorus,
1222 1641 1269 1669 lib.
1290 1647 1314 1670 8.
1334 1651 1391 1679 cap.
1403 1649 1430 1670 6.
1454 1641 1559 1669 dicavit
1571 1663 1577 1674 ,
1597 1651 1678 1680 atque
1688 1641 1740 1671 hu-

935 1681 979 1714 jus
997 1679 1083 1707 Urbis
1105 1682 1225 1709 natalem
1243 1682 1277 1710 ad
1295 1682 1369 1710 diem
1392 1692 1434 1710 io.
1445 1682 1512 1710 Maii
1533 1682 1682 1720 quotannis
1691 1693 1739 1710 ce-

937 1718 1034 1746 lebrari
1051 1719 1133 1749 refert
1152 1722 1346 1761 Menologium
1366 1725 1512 1751 Graecum.
1536 1725 1592 1752 FR.
1612 1723 1739 1752 Zolimus

938 1758 968 1787 in
994 1762 1052 1794 ejus
1076 1760 1140 1789 hist.
1172 1772 1244 1790 nova
1265 1763 1306 1791 uti
1329 1763 1470 1796 Idolum,
1502 1767 1530 1792 ὅ(
1552 1763 1737 1793 Constantini

939 1801 1119 1838 Imperatoris
1136 1802 1264 1831 inimicus
1276 1803 1349 1832 inter
1366 1804 1420 1832 alia
1430 1813 1606 1837 commenta,
1629 1814 1690 1843 quae
1701 1805 1736 1833 de

938 1840 989 1868 illo
1011 1842 1233 1880 excogitaverat,
1255 1844 1300 1872 lib.
1314 1856 1339 1873 2.
1363 1843 1445 1872 refert
1465 1843 1537 1872 hunc
1558 1845 1633 1882 pium
1643 1846 1736 1883 Impe-

936 1890 1056 1909 ratorem
1083 1881 1226 1911 aedificass'e
1255 1883 1284 1912 in
1318 1884 1632 1922 Constantinopolitana
1655 1885 1736 1915 Urbe

936 1923 1090 1959 ternplum,
1112 1923 1187 1961 quod
1215 1922 1302 1952 Rhea:
1324 1926 1450 1953 Deorum
1470 1925 1555 1953 Matri
1577 1925 1737 1955 dicaverat.

937 1962 990 1990 Sed
1010 1962 1161 1996 mentitur,
1184 1964 1246 2002 quie
1264 1965 1411 2003 Deiparae,
1433 1975 1463 1993 ut
1491 1965 1571 2004 supra
1591 1976 1625 1995 ex
1649 1967 1736 1996 Nice-

936 2002 1025 2041 plioro
1042 2002 1146 2031 constat
1160 2025 1167 2036 ‚
1187 2003 1379 2034 consecravit.
1401 2009 1496 2044 Atque
1516 2006 1619 2035 ibidem
1643 2007 1678 2036 fic
1700 2009 1735 2037 de

934 2043 984 2071 hac
997 2043 1084 2072 Urbis
1100 2044 1283 2074 aedificatione
1301 2055 1394 2075 narrat
1410 2045 1552 2075 zosimus:
1578 2048 1715 2083 [Senatus
1724 2069 1734 2082 ,

934 2093 1016 2122 atquc
1037 2086 1133 2122 populi
1153 2085 1248 2114 odium
1271 2085 1405 2119 incurrit,
1438 2087 1547 2124 (idest,
1575 2090 1734 2126 Constanti-

934 2128 1008 2156 nus)
1031 2125 1177 2164 Quumque
1194 2125 1328 2163 profertas
1343 2127 1376 2156 ab
1392 2127 1537 2161 omnibus,
1558 2139 1644 2167 prope
1653 2129 1733 2157 dixe-

935 2166 1006 2198 rim,
1029 2167 1216 2195 execrationes
1239 2166 1312 2196 haud
1340 2168 1441 2202 ferret,
1462 2168 1600 2206 quandam
1630 2172 1730 2199 Romae

934 2215 1038 2244 partein
1059 2207 1212 2244 quati-ebat,
1243 2207 1273 2236 in
1293 2218 1344 2247 qua
1364 2209 1499 2247 palatium
1522 2208 1579 2248 ipse
1599 2209 1646 2238 fibi
1663 2220 1731 2238 con-

934 2246 1031 2274 deret.
1053 2247 1152 2285 Itaque
1178 2258 1240 2276 cum
1259 2247 1316 2278 isset
1335 2250 1366 2278 in
1384 2249 1538 2282 Troadem,
1561 2253 1588 2278 &
1611 2248 1730 2288 priscum

936 2286 1009 2315 illud
1039 2287 1140 2320 Ilium,
1163 2288 1284 2318 invento
1312 2290 1373 2318 loco
1396 2290 1470 2320 Urbi
1496 2290 1647 2319 condendae
1667 2290 1730 2320 ido-

934 2337 1007 2361 neo,
1030 2326 1207 2358 fundamenta
1229 2329 1316 2365 jecit,
1340 2335 1368 2359 δι
1400 2330 1471 2358 muri
1490 2340 1595 2368 partem
1613 2331 1733 2370 aliquam

933 2367 965 2398 in
980 2369 1063 2407 altum
1081 2368 1139 2408 egit
1150 2390 1159 2405 ,
1182 2380 1263 2409 quam
1280 2370 1368 2403 adhuc
1380 2371 1474 2401 videre
1493 2371 1531 2400 est
1540 2392 1549 2407 ,
1571 2371 1593 2402 fi
1610 2372 1734 2441 quisver2

1663 2423 1692 2442 us
