1866 2526
485 18 592 66 'PL

91 86 328 120 Protin-remum,
347 78 516 111 sudariolum
533 81 567 111 :td
585 80 766 122 detergendas
785 81 932 117 lacrymas.

1300 21 1329 62 Ρ
1359 23 1401 64 0
1657 38 1732 82 533

990 79 1124 110 vocabulo
1140 77 1200 108 usus
1235 79 1274 111 est
1303 80 1440 109 Palladius
1472 90 1529 119 cap.
1553 87 1615 112 iia.
1644 83 1741 114 histor·

135 134 148 164 [
161 126 278 166 sumplit
285 123 387 154 secrete
397 123 535 162 quoddam
547 124 725 162 ploratorium
745 122 865 159 ejusdem
876 124 932 151 Ma·
948 120 1064 150 PocitiA
1075 141 1081 148 .
1095 121 1167 150 Vide
1176 123 1312 160 Biffacius
1323 143 1331 156 ‚
1343 120 1412 150 idest
1420 143 1428 156 ‚
1438 122 1544 162 Bulgiae
1555 143 1564 155 ‚
1575 133 1609 151 ex
1623 125 1722 163 gallico
1731 134 1782 155 vo-

133 169 185 199 tris
192 175 283 197 totum
295 164 434 194 madidum
445 163 593 199 lachrymis
603 184 610 191 .
630 166 665 194 In
685 164 742 193 vita
751 166 781 193 B.
792 163 928 193 Collefiae

138 217 166 240 ⁶,
175 205 268 239 Martii
277 227 284 234 .
298 207 310 238 ]
322 204 397 234 Vide
406 205 570 240 Synonyma
579 204 609 233 in
620 205 685 234 dict.
697 205 872 234 sudariolum
882 224 888 231 .

987 162 1079 191 cabulo
1088 163 1173 191 Poche
1185 183 1193 190 .

946 202 1138 232 Pociiinou
1149 223 1157 231 .
1169 202 1244 231 Vide
1253 203 1472 234 Archiomochus
1482 221 1490 230 .

94 253 276 282 Pituntium
289 268 297 279 ‚
307 245 437 284 pulvinar
447 255 480 274 ex
493 246 592 284 plumis
612 247 669 282 [In
679 256 734 285 quo
745 245 861 274 interius
870 245 929 283 plu·
945 243 1040 272 Ρουεκ
1052 263 1060 270 .
1069 244 1125 273 FR.
1137 241 1278 282 poflbffio,
1289 244 1459 272 territorium
1472 242 1638 282 [Philippus
1649 243 1704 273 Dei
1713 254 1777 283 gra-

135 290 250 320 inscium
266 297 299 316 ex
310 285 465 315 holoserico
475 285 672 325 superpositum
681 307 689 315 .
708 285 801 315 Anast.
814 286 884 314 Bibl.
897 286 927 314 in

131 329 246 370 Sergio.
264 329 276 359 ]
302 327 397 365 Aliqui
416 326 593 367 credglerunt
610 327 709 356 textile
730 326 882 366 significare
893 337 926 354 cx

130 371 212 400 variis
220 368 356 398 coloribus
368 368 400 396 :id
411 368 524 396 modum
534 368 668 397 Indorum
677 388 686 400 ,
696 366 741 396 seu
753 368 905 405 plumarum
918 389 926 400 ‚

984 283 1020 311 tia
1028 284 1093 312 Dux
1105 282 1208 313 'tusci-e
1220 306 1228 317 ‚
1239 288 1268 314 δε
1278 284 1417 314 Dominus
1426 285 1510 313 totius
1520 285 1630 322 poderis
1641 285 1780 314 Comitis-

982 322 1152 394 Ξξηῖἴῗηιὶἰειίίες
1172 324 1206 353 de
1216 335 1290 354 anno
1306 336 1315 354 ι
1325 334 1390 361 195.
1400 325 1430 353 in
1441 325 1539 354 Bullar.
1554 325 1648 354 Calin.
1669 335 1742 355 tom.
1752 337 1778 355 ι.

130 411 206 451 quod
216 409 300 439 hodie
321 409 350 436 in
362 409 445 437 Italia
465 419 480 436 :i
500 413 590 437 Panto
598 408 730 444 franensi.-
741 408 859 438 dicuni-5
879 407 925 436 sed
940 406 1068 435 PODERls
1080 425 1088 433 .
1112 405 1185 434 Vide
1207 407 1283 435 Alba
1293 426 1299 434 .
1322 406 1426 441 Polrri's
1438 426 1445 434 .

129 462 226 481 eorum
235 459 311 479 error
323 458 355 477 ex
367 449 404 477 D.
419 449 573 482 Ambrosio,
582 449 630 477 lib.
645 457 671 483 5.
680 458 704 476 c.
716 459 762 480 27·
772 447 924 487 detegitur,
941 447 1057 474 vonum
1069 466 1077 473 .
1100 446 1174 475 Vide
1196 448 1353 485 Apodiatus
1364 467 1371 474 .
1390 449 1560 476 Meuianum
1571 467 1579 475 .
1600 449 1712 485 Pogium
1722 468 1729 475 .

132 493 176 522 ubi
187 493 212 521 S.
224 491 330 520 Doctor
351 489 384 517 de
395 490 419 518 S.
431 490 540 528 Hygini
552 489 638 517 exilio
646 498 728 528 agens
738 509 749 526 ,
767 489 814 528 qui
823 491 876 524 jam
885 487 925 516 se-
940 487 1040 514 Pon-NA
1051 506 1059 514 .
1082 486 1156 515 Vide
1176 488 1319 524 Anscada
1328 507 1335 515 .
1360 490 1547 524 Epitimium.

131 543 184 562 nex
195 532 232 561 ait
242 553 249 564 ‚
262 529 336 569 quod
348 540 404 558 non
414 530 560 558 debebatur
568 530 624 559 {inc
634 529 790 568 pulvinari,
810 539 839 557 ac
851 528 923 557 veste
939 527 1075 555 POENALE
1086 548 1092 554 .
1104 529 1160 557 FR.
1174 537 1256 566 poena.
1265 527 1381 567 dignum
1393 547 1400 555 .
1423 526 1511 557 Glossl
1530 528 1561 556 in
1580 537 1640 556 can.
1651 527 1759 567 poentile
1769 547 1778 561 ,

128 572 247 612 expelli,
261 572 294 600 sic
305 570 406 608 inquit.-
418 576 429 605 [
439 572 483 598 Nc
494 570 550 599 line
561 569 634 597 veste
645 591 653 602 ‚
665 569 723 598 fine
732 569 868 607 plumacio
879 578 923 607 pa-

985 577 1028 602 14.
1039 568 1134 605 quaest.
1148 578 1174 603 ς.-

128 623 232 642 tererui·
242 611 352 640 extrudi
361 610 454 639 sei-iem
464 612 476 640 ]
488 613 550 648 Eius
559 609 748 646 synonymum
759 628 767 635 -
777 609 850 638 Vide
858 610 922 638 Pul·
939 608 1157 637 Pomm-mni.
1169 610 1224 638 PR.
1235 609 1436 638 Sacramentum
1447 620 1460 637 a
1470 607 1588 638 Christo
1596 609 1724 638 Domino
1734 609 1779 637 in-

131 654 219 682 villus
230 673 237 680 .

87 697 258 725 Pitinum
268 713 276 726 ‚
285 702 369 732 genus
381 690 509 728 martyrii
521 712 529 724 ‚
550 691 587 720 de
593 701 648 730 quo
657 691 726 730 saepe
736 691 766 720 in
776 693 922 726 Martyrol.

129 733 277 773 Flagellum
294 743 328 760 ex
349 732 477 760 funiculis
494 741 552 760 erat
562 754 570 765 ,
589 733 623 760 ad
641 735 715 768 cujus
735 732 923 761 extremitates

129 774 285 813 pendebant
297 773 427 811 plumbeae
438 773 532 811 pilulae
544 794 551 805 ,
573 783 629 811 quo
638 783 743 801 tautum
765 774 805 802 rei
815 773 920 801 nobiles

126 813 346 853 percutiebantur
357 835 365 847 ‚
387 813 451 843 sicut
469 824 483 842 e
493 823 588 841 contra
598 814 726 852 equuleus
735 823 792 842 erat
802 814 920 852 plebejo-

131 865 192 884 rum
212 863 382 883 tormentum
393 874 401 882 .
419 854 495 882 Hinc
518 854 685 884 Prudentius
703 855 738 882 de
755 856 781 883 S.
798 855 918 883 Romani

125 895 262 930 martyrio
270 916 278 928 ‚
288 905 386 923 canens
397 916 404 927 ,
415 896 454 923 :iit
464 916 472 927 ,
483 895 558 932 quod
567 905 664 923 contra
685 894 758 923 hunc
770 897 921 931 Martyrcm

981 647 1105 677 stitutum
1115 671 1123 682 ‚
1136 659 1194 678 can.
1207 649 1352 688 multiplex
1364 671 1372 682 ‚
1391 650 1425 678 de
1434 651 1513 678 Poen.
1523 649 1587 678 dist.
1602 660 1625 678 ι.
1635 651 1672 680 D.
1684 648 1739 678 Th.
1751 659 1782 687 3.

981 699 1007 727 p.
1018 699 1045 727 q.
1059 693 1103 724 84.
1115 699 1166 718 art.
1178 701 1204 722 7.
1216 693 1312 718 &cam
1321 700 1401 728 quem
1412 711 1419 722 ‚
1443 690 1476 718 de
1486 700 1560 728 poen.
1569 691 1633 719 dist.
1649 702 1672 719 i.
1684 689 1718 718 fic
1729 689 1779 718 ha—

979 730 1056 758 betur
1069 732 1216 764 [Lazarum
1233 730 1309 758 enim
1318 731 1352 758 de
1362 739 1543 759 monumento
1551 734 1607 766 jam
1618 730 1779 761 stistitatum

979 770 1082 799 obtulit
1098 771 1238 800 Dominus
1257 769 1411 809 Discipulis
1431 769 1596 800 solvendum
1616 793 1623 804 ,
1654 780 1705 810 pei·
1722 770 1776 799 hoc

975 811 1122 840 ostendens
1133 811 1295 850 potestatem
1312 810 1442 840 solvendi
1463 812 1612 841 conceffim
1623 811 1778 841 Sacerdoti-

977 852 1024 881 bus
1033 873 1040 879 .
1063 858 1075 887 [
1087 853 1159 881 Vide
1169 857 1327 890 Deputatus
1337 856 1367 880 in
1373 854 1573 890 paem'tentiam
1581 873 1590 880 .
1612 853 1758 882 Paenitudo
1768 872 1776 879 .

979 892 1105 932 Confessio
1121 894 1341 930 fizcramentalis
1352 913 1359 920 .

123 935 253 975 equuleus
273 945 439 974 praepciratus
458 946 532 966 er2t5
552 945 647 964 arcum
663 935 920 964 animadvertissent
938 934 1142 963 POENITENTIA
1155 954 1161 961 .
1175 935 1230 963 FR.
1241 943 1292 971 pro
1300 933 1565 972 satisfaftione‚quae
1576 945 1589 962 :i
1602 935 1774 966 Confess'ario

126 975 312 1015 persecutores
321 975 400 1004 illurn
411 975 484 1004 fuine
495 976 617 1005 nobilem
629 998 636 1009 ,
660 977 806 1015 plumbatis
815 977 920 1015 percuti

124 1015 253 1052 iuss‘erunt
264 1027 271 1043 .·
283 1015 319 1044 lic
331 1016 378 1044 ille
389 1017 417 1044 in
426 1019 481 1052 ejus
492 1016 617 1052 hymno:

165 1057 247 1094 Jubet
269 1056 390 1086 amoveri
414 1058 552 1086 noxialem
576 1057 716 1096 stipitem,

163 1097 269 1132 Plebeja
287 1097 390 1125 clerum
413 1107 492 1136 poena
515 1109 573 1126 non
594 1100 707 1127 damnet
729 1099 818 1127 virum
831 1119 838 1130 ,

163 1138 346 1171 Tundanvn,
370 1138 483 1176 inquit,
506 1148 581 1178 terga
603 1140 702 1168 crebris
725 1139 840 1171 ictibus,

162 1178 332 1216 Plumboque
352 1179 448 1206 cervix
471 1181 607 1208 verberata
629 1181 788 1209 extuberet.

163 1217 282 1248 Persona
303 1228 418 1257 quaeque
438 1229 628 1258 competenter
650 1221 796 1259 plasticam

162 1260 314 1298 Magnique
336 1259 419 1287 refert
442 1260 526 1294 vilis,
548 1272 583 1289 an
605 1261 637 1289 fit
660 1260 777 1289 nobilis.

163 1299 256 1328 Gradu
278 1309 386 1328 reorum
407 1299 494 1329 forma
515 1303 660 1330 tormentis
683 1302 780 1330 datur.

122 1340 359 1369 FR.contrariuni
378 1350 471 1370 tamen
480 1341 594 1371 habetur
606 1343 636 1370 in
655 1342 729 1371 cod.
741 1339 880 1370 Theodos.
900 1341 918 1368 1.

124 1386 170 1409 80·
180 1381 215 1409 de
225 1381 316 1409 decur.
326 1382 344 1409 1.
355 1393 382 1416 4.
393 1385 421 1410 δ(
431 1393 458 1415 7.
468 1382 502 1410 de
514 1384 600 1411 exest.
611 1383 628 1411 l.
644 1393 690 1418 54.
701 1383 735 1410 de
745 1381 879 1410 Hseretic.
891 1385 916 1409 ὃ(

122 1422 142 1449 l.
155 1432 180 1449 2.
190 1422 224 1449 de
233 1421 326 1460 quaest.
336 1432 368 1450 ex
380 1423 474 1460 quibus
485 1424 628 1462 colligitur
649 1424 782 1461 ingenuos
794 1422 925 1454 homines,

120 1460 259 1499 supplicio
278 1461 331 1489 hoc
341 1463 467 1490 mulftssre
487 1463 560 1491 nefas
571 1463 621 1491 ess'e
632 1485 640 1496 ,
662 1465 693 1492 ab
710 1473 796 1501 eoque
806 1459 926 1499 omnem}

121 1501 250 1529 curialem
260 1502 387 1530 ordinem
398 1513 556 1540 exemptum
567 1502 642 1532 suiss'e
651 1523 658 1530 ·

83 1544 234 1572 ΡιυΜειιΑ
247 1563 255 1574 ,
279 1542 392 1570 culcitra
411 1543 516 1580 plumea
529 1555 536 1574 ς
563 1544 735 1578 [Nilaurem
755 1543 918 1581 supeream,

122 1591 184 1609 cum
194 1581 353 1620 quiesceret,
363 1582 504 1614 sternebm
517 1584 567 1613 nili
579 1594 685 1612 tantum
695 1595 756 1612 cuni
769 1583 914 1612 vestimen-

122 1632 151 1650 to
162 1643 170 1654 ,
187 1632 242 1660 quo
253 1622 363 1651 indutus
373 1633 430 1651 erat
441 1644 449 1655 ,
470 1623 643 1653 decumbebat
653 1647 661 1658 ‚
673 1635 720 1654 nec
732 1624 799 1653 :ilios
818 1623 918 1653 habens

122 1671 225 1701 tapetes
235 1685 242 1695 ‚
262 1664 404 1701 plumsllss
418 1685 425 1696 ‚
445 1674 490 1693 aut
502 1665 617 1704 stragula
628 1687 635 1699 ‚
659 1676 714 1704 quo
723 1665 781 1694 haec
791 1666 914 1702 operire-

122 1713 166 1731 tin·
176 1723 183 1730 .
203 1706 321 1742 Gregor-
331 1708 424 1733 Turon
445 1705 480 1733 de
492 1706 543 1734 vir.
553 1707 641 1735 Sanft.
651 1717 674 1734 c.
688 1708 736 1738 ὃς]
758 1708 821 1742 Ejus
832 1705 917 1741 syno-

123 1753 205 1779 nyma
216 1764 223 1771 .
247 1745 321 1773 Vide
341 1746 470 1773 σκίαινα
478 1765 486 1772 .

84 1786 226 1813 Prvsmip
239 1805 246 1812 .
260 1787 315 1814 I-R.
327 1787 500 1813 Mortuerum
511 1785 643 1824 spoliator
653 1808 661 1820 ,
671 1789 690 1816 1.
700 1787 719 1817 fi
728 1797 796 1816 unus
806 1808 814 1820 ,
825 1786 860 1815 de
868 1785 916 1815 ho.

123 1824 238 1852 micidio
258 1825 337 1853 liberi
357 1825 479 1854 hominis
490 1846 497 1853 .

84 1866 233 1895 PivviAiae
245 1885 251 1891 .
275 1865 347 1893 Vide
356 1871 447 1903 Cappa
457 1887 463 1893 .
475 1867 548 1896 Cum
561 1867 678 1906 pluviali
701 1878 758 1896 non
765 1868 852 1896 fertur
861 1878 914 1896 ma-

123 1905 230 1941 nipulus
241 1925 248 1932 .
262 1905 334 1933 Vide
344 1907 508 1943 Manipulus
520 1928 527 1935 .
548 1910 615 1937 Non
624 1908 745 1937 defertur
756 1909 874 1947 pluviale
884 1909 917 1937 ad

120 1946 287 1973 Matutinum
299 1966 306 1972 .
319 1946 390 1974 Vide
401 1952 582 1977 Matutmum
593 1970 600 1976 .
611 1949 735 1978 Pluviale
744 1949 851 1977 rubrum
863 1948 916 1978 fert

121 1986 192 2023 Papa
204 1986 370 2020 jejuniorum
381 1997 504 2026 tempore
513 2008 520 2015 .
533 1989 606 2018 Vide
617 1990 787 2018 sticharium
800 2009 808 2017 .

79 2028 294 2056 Psrunnicus
306 2027 433 2056 Docron
446 2050 454 2061 ‚
465 2030 546 2057 Pater
554 2029 705 2067 spiritualis
715 2051 723 2063 ‚
732 2030 788 2058 (ive
797 2029 916 2058 Confes-

121 2066 203 2095 sarius
215 2089 222 2099 ,
234 2077 266 2095 ex
276 2077 365 2106 graecn
374 2068 495 2097 distione
503 2067 690 2106 πγόὺμαῃκὸς
700 2091 708 2103 ,
721 2080 780 2108 quae
790 2067 916 2108 spiriiua-

120 2108 174 2135 lem
186 2108 319 2146 lignilicat
332 2129 340 2136 .

80 2149 365 2177 Picentini-omacius
376 2170 384 2182 ‚
394 2147 537 2179 haereticus
548 2148 718 2189 in‘Spiritum
727 2151 862 2182 Sanfituint
873 2151 916 2180 di-

119 2189 174 2216 dio
185 2189 258 2216 enim
269 2199 357 2228 graeca
366 2188 612 2231 πιώμανόμαχος
621 2214 629 2225 ,
646 2190 756 2230 spiritui
773 2201 915 2231 oppugna.-

117 2238 208 2257 torem
218 2229 355 2268 iignificat
367 2251 373 2261 ,
386 2231 450 2268 quia
460 2232 594 2260 Haeretici
603 2231 658 2260 hoc
669 2232 786 2261 nomine
795 2234 913 2271 appella-

120 2269 142 2296 ti
152 2270 284 2307 Spiritum
295 2272 420 2299 Sanctum
432 2282 583 2301 crenturim
594 2272 645 2301 efle
653 2271 799 2301 afferebant
812 2275 915 2308 [Pneu-

115 2309 281 2338 matomachi
292 2332 299 2343 ,
308 2321 353 2349 qui
367 2312 500 2349 Spiritum
508 2313 685 2342 contendunt
695 2311 747 2342 effe
757 2323 913 2349 creaturam,

116 2348 282 2390 servumque
293 2354 380 2381 Pan-is
391 2372 398 2379 .
408 2353 515 2392 zonara
529 2354 560 2385 in
566 2354 642 2385 Can·
655 2354 799 2394 Apostol.]
812 2355 914 2385 Eodem

158 2393 348 2432 Hiegolexicon
358 2397 450 2424 Macri
458 2413 466 2422 .

978 975 1128 1012 poenitenti
1138 974 1299 1012 adjungitur
1310 995 1318 1006 ‚
1328 974 1395 1002 licet
1406 974 1439 1002 su
1450 974 1521 1003 levis
1531 997 1538 1007 ‚
1549 975 1693 1006 excusatur
1713 990 1727 1006 :i
1737 979 1778 1007 D.

979 1014 1160 1049 Hieronymo
1171 1036 1178 1047 ‚
1198 1014 1228 1042 in
1247 1025 1304 1042 can.
1318 1014 1474 1044 Mensuram
1487 1036 1494 1048 ,
1514 1016 1548 1043 de
1559 1017 1662 1054 poenit.
1673 1018 1736 1046 dist.
1752 1029 1775 1046 i.

977 1055 1035 1084 imo
1045 1054 1198 1084 consulitur
1209 1065 1222 1083 a
1235 1054 1438 1090 Chrysostomo
1447 1076 1456 1089 ,
1467 1055 1497 1083 in
1507 1066 1565 1084 can.
1577 1057 1696 1096 alligant
1704 1079 1712 1092 ,
1727 1065 1775 1088 26.

978 1096 1071 1134 quaest.
1091 1107 1118 1128 7.

938 1137 1146 1165 Ροικιτεκτιᾼ
1158 1158 1166 1169 ,
1179 1136 1245 1165 idest
1256 1157 1265 1168 ,
1288 1136 1481 1166 mortificatio.
1506 1136 1578 1166 Vide
1588 1141 1758 1176 Epitimium
1768 1161 1774 1168 .

977 1178 1110 1205 Palmata
1121 1197 1127 1204 .
1149 1183 1291 1206 Metanoea
1302 1198 1309 1205 .

937 1219 1145 1247 ΡοεκιτεΝΠΑ
1157 1220 1254 1246 Pam
1265 1238 1271 1245 .
1290 1220 1345 1247 FR-
1360 1218 1429 1247 idest
1440 1240 1447 1251 ,
1470 1218 1599 1252 Publica,
1610 1219 1703 1249 Gloss'a
1713 1241 1721 1253 ‚
1745 1221 1775 1250 in

976 1269 1033 1286 can.
1044 1258 1118 1296 quod
1128 1258 1146 1286 li
1158 1259 1325 1296 poenitenria
1336 1280 1344 1291 ,
1368 1271 1413 1292 27-
1425 1270 1471 1298 qu.
1486 1270 1508 1287 i.
1528 1259 1600 1288 Vide
1612 1266 1773 1290 Metanoea.

974 1302 1142 1327 Poenitentes
1153 1319 1160 1326 .
1183 1305 1350 1339 hyemantes
1361 1320 1369 1327 .
1390 1302 1445 1329 Pro
1457 1301 1632 1339 poenitentia:
1650 1302 1776 1331 remedio

973 1339 1158 1367 adhibendum
1169 1340 1207 1368 est
1217 1342 1291 1368 Petri
1305 1339 1434 1369 Blesenfis
1443 1342 1589 1371 consilium
1598 1364 1606 1375 ,
1618 1343 1694 1380 quod
1704 1364 1713 1371 .
1726 1343 1775 1371 Vi-

973 1380 1008 1408 de
1019 1379 1049 1407 in
1059 1379 1124 1408 dide.
1140 1382 1245 1417 Scapha
1256 1401 1263 1407 .
1285 1380 1435 1410 Neceffitas
1455 1383 1586 1420 puniendi
1599 1393 1707 1421 peccata
1724 1393 1776 1411 ex-

975 1419 1092 1449 trinsece
1114 1421 1217 1458 triplici
1238 1432 1270 1449 ex
1283 1421 1371 1460 capite
1382 1431 1464 1450 etiam
1485 1423 1555 1460 apud
1565 1423 1697 1452 Etlmicos
1714 1423 1776 1452 eni-

974 1470 1044 1489 tuit.
1066 1461 1156 1496 Quare
1167 1462 1276 1491 Gellius
1288 1483 1296 1494 ‚
1317 1462 1363 1490 lib.
1375 1468 1401 1490 6.
1419 1473 1476 1501 cap.
1492 1474 1536 1498 ¹4·
1554 1463 1593 1491 ita
1611 1462 1774 1502 scripserat.-

977 1507 988 1537 [
1002 1502 1153 1530 Puniendis
1166 1512 1280 1540 peccatis
1291 1503 1354 1530 treis
1366 1501 1417 1530 else
1427 1503 1525 1532 debere
1535 1503 1622 1532 causas
1632 1504 1774 1533 existima-

973 1552 1031 1570 tum
1040 1542 1079 1571 est
1088 1563 1095 1570 .
1106 1542 1172 1571 Una
1186 1553 1244 1581 quie
1255 1540 1359 1573 v392‘c71'x
1371 1565 1378 1575 ‚
1391 1544 1434 1571 vel
1445 1540 1562 1578 m'Mco-rg
1573 1566 1580 1577 ‚
1593 1545 1638 1572 vel
1650 1542 1776 1584 παρᾶινε-

973 1595 1015 1618 σις
1027 1604 1034 1615 ,
1046 1583 1147 1611 dicitur
1160 1595 1166 1610 ;
1184 1594 1243 1612 cuni
1256 1593 1338 1621 poenti
1349 1582 1493 1612 adhibetur
1503 1585 1651 1622 castigandi
1664 1606 1673 1618 ‚
1691 1595 1774 1623 atque

973 1623 1136 1652 emendandi
1147 1624 1252 1662 giutid:
1272 1634 1301 1652 ut
1323 1624 1343 1651 is
1355 1645 1362 1656 ,
1383 1624 1429 1662 qui
1441 1624 1556 1653 fortuito
1570 1625 1691 1663 deliquit
1701 1647 1709 1659 ,
1732 1635 1773 1654 at-

975 1664 1081 1692 tentior
1092 1664 1138 1692 fiat
1149 1685 1157 1696 ‚
1168 1665 1371 1702 correctiorque
1384 1685 1391 1692 .
1405 1666 1500 1694 Altera
1510 1665 1548 1693 est
1560 1686 1567 1697 ,
1577 1676 1659 1704 quam
1668 1665 1688 1694 ii
1701 1687 1709 1699 ,
1721 1665 1771 1705 qui

975 1705 1103 1733 vocabula
1113 1704 1160 1733 ista
1170 1705 1298 1734 curiolius
1307 1704 1463 1734 diviserunt
1474 1703 1604 1743 τιμωρίαν
1614 1707 1752 1745 appellant
1762 1728 1773 1740 ,

974 1755 1002 1773 ea
1013 1744 1087 1773 causa
1097 1746 1337 1775 animadvertendi
1350 1746 1387 1774 est
1396 1767 1404 1778 ‚
1429 1756 1489 1774 cum
1501 1747 1625 1785 dignitas
1635 1769 1642 1780 ,
1653 1747 1785 1784 austori-⁴

974 1785 1065 1824 resque
1076 1796 1132 1821 ejus
1145 1808 1152 1818 ,
1176 1788 1204 1814 in
1213 1797 1294 1825 quem
1304 1787 1342 1815 est
1354 1796 1495 1825 peccatum
1508 1809 1516 1820 ‚
1538 1787 1638 1816 tuenda
1658 1787 1713 1819 ests
1736 1798 1773 1817 ne

972 1826 1148 1864 praeterinisl'a
1163 1827 1363 1856 animadversio
1375 1849 1382 1860 ,
1403 1837 1592 1866 contemptum
1603 1838 1658 1863 eius
1667 1828 1772 1866 pariat,

973 1871 1001 1895 δ(
1013 1866 1149 1895 honorem
1160 1868 1234 1896 levet
1243 1888 1249 1895 .
1262 1867 1424 1906 Idcircoque
1435 1868 1463 1896 id
1473 1878 1498 1896 ei
1510 1869 1671 1897 vocabulum
1681 1879 1694 1897 :i
1702 1879 1772 1898 con-

972 1906 1129 1937 servatione
1139 1907 1254 1936 honoris
1267 1908 1363 1936 faftum
1373 1918 1480 1946 putant.
1493 1909 1585 1938 Tertio.
1597 1910 1667 1938 ratio
1678 1909 1772 1946 vindi-

971 1949 1021 1977 ἂεε
1034 1947 1072 1977 est
1081 1969 1090 1980 ‚
1101 1958 1162 1987 quae
1173 1944 1357 1987 παρείδὲιγμκ
1369 1959 1383 1976 a
1391 1948 1498 1978 Graecis
1509 1950 1683 1979 nominatur:
1708 1961 1771 1980 cum

974 1989 1083 2026 punitio
1094 1998 1209 2027 propter
1220 1989 1378 2027 exemplum
1388 1989 1427 2018 est
1437 1988 1579 2019 necefl'aria
1588 2011 1597 2023 ,
1614 2000 1644 2019 ut
1653 1992 1773 2021 tarteria

972 2029 1104 2058 fimilibus
1124 2030 1242 2068 peccatis
1254 2050 1262 2062 ‚
1285 2039 1344 2068 quae
1367 2028 1507 2068 prohiberi
1529 2031 1673 2069 publicitus
1696 2032 1770 2062 inte·

973 2070 1025 2098 rest
1047 2074 1099 2099 διε.

932 2111 1044 2140 Pon-12
1053 2120 1144 2140 εκτες
1155 2130 1161 2137 .
1176 2111 1232 2139 FR.
1243 2110 1290 2149 qui
1301 2120 1352 2149 pro
1361 2110 1517 2140 homicidio
1528 2133 1538 2146 ‚
1560 2113 1606 2142 vel
1615 2123 1667 2152 pro
1677 2114 1771 2142 diver-

973 2152 1005 2180 fis
1017 2171 1025 2184 ‚
1036 2149 1216 2189 gravibusque
1225 2152 1392 2185 criminibus,
1403 2157 1431 2181 δε
1439 2153 1556 2191 peccatis
1567 2155 1700 2192 publicam
1710 2164 1771 2192 Ρω-

974 2191 1122 2220 nitentiam
1131 2200 1244 2230 rigentes
1256 2213 1264 2224 ‚
1287 2191 1334 2220 sub
1343 2192 1438 2221 cilicio
1446 2193 1481 2221 ad
1490 2195 1574 2222 altare
1587 2205 1664 2223 erant
1673 2205 1771 2223 recon-

973 2232 1059 2261 ciliati
1071 2253 1080 2266 ,
1092 2243 1152 2260 can.
1165 2232 1268 2270 placuit
1279 2254 1288 2266 ‚
1297 2232 1361 2261 dist.
1374 2243 1419 2269 50.
1431 2234 1504 2263 Vide
1516 2239 1696 2275 Hyemantes,
1709 2240 1772 2264 Me-

973 2283 1070 2302 ranoea
1080 2294 1089 2306 ‚
1100 2274 1362 2312 Pcenitentiaplena
1371 2294 1379 2302 .
1389 2275 1531 2303 Poenitens
1540 2276 1662 2313 publicus
1672 2295 1680 2302 .
1697 2276 1770 2305 Vide

972 2318 1133 2351 Depatatus
1152 2316 1183 2341 in
1198 2317 1397 2351 poem‘tenti'am
1407 2335 1414 2343 .
1432 2319 1584 2344 Viaticum.
1597 2314 1716 2347 Quando
1726 2327 1771 2346 re-

973 2353 1192 2384 conciliabantur
1201 2374 1208 2383 .
1221 2354 1296 2384 Vide
1306 2356 1485 2386 Hebdomada
1493 2362 1580 2395 major
1591 2376 1598 2384 .

1379 2396 1422 2427 Li
1465 2407 1478 2436 3
1654 2399 1728 2427 Ροε-
