1866 2526
149 66 230 114 706
490 61 532 105 V
564 62 584 103 1

101 119 249 150 visamus
261 142 268 153 ,
288 118 440 152 castoreus5
458 118 505 149 scd
521 116 655 149 Pibrinus
673 116 868 148 scribendunia
890 115 934 147 Fi-

139 162 208 195 bro,
229 160 275 189 seu
292 161 407 191 Castore
425 161 554 192 animali;
577 160 650 189 unde
671 160 850 198 corrigendus
871 157 934 186 ess‘et

137 212 229 231 textus
248 202 279 230 in
290 202 396 241 Regula
418 203 444 231 S.
455 200 607 232 Caesariae,
623 200 668 228 ubi
688 200 723 230 fic
739 201 795 229 ait:
821 198 936 236 [Vesti-

136 252 231 272 menta
241 243 330 271 lucida
340 264 347 275 ,
369 243 413 271 vel
427 242 504 281 nigra
514 263 523 274 ,
546 240 593 269 vel
610 250 670 269 cum
680 250 798 280 purpura
809 263 817 274 ‚
839 240 885 269 vel
895 240 935 268 vi-

138 285 213 313 brina
231 289 244 317 (
262 284 316 321 lege
329 284 438 320 fibrina
455 286 468 314 )
491 291 631 320 nunquam
652 281 683 310 in
700 281 748 310 usu
769 281 934 313 habeantur,

137 335 195 364 cap.
208 337 236 362 9.
247 325 273 355 §-
289 334 332 359 15.
347 326 358 355 ]
386 325 443 351 PR.
454 323 500 352 De
511 321 564 351 hoc
583 322 696 351 animali
713 321 819 351 Plinius
831 344 839 355 ,
850 322 896 350 lib.
910 325 934 349 8.

135 364 301 404 cap.31.ita
311 364 363 392 ait:
389 363 509 399 [Simile
520 363 588 391 fibro
599 363 782 402 &ingenium
793 384 800 390 .
823 362 934 391 Evomit

137 406 174 435 fel
187 405 260 434 suum
270 425 281 441 ,
300 404 334 434 ad
344 405 428 433 multa
442 403 640 433 medicamenta
651 404 719 432 utile
730 425 736 432 .
749 406 761 435 ]
785 403 883 432 Castor
895 403 934 430 di-

133 447 226 479 citur,
246 456 279 474 eo
290 445 365 484 quod
385 444 413 473 se
424 445 527 473 castrat.
540 444 648 472 Ibidem
658 445 729 472 Plin.
743 455 766 472 c.
779 454 826 481 30.
848 443 936 473 Unde

135 498 169 516 ex
181 487 251 516 fibro
269 486 380 515 fibrinus
389 485 492 514 dicitur
504 505 511 512 .
533 491 547 520 [
557 485 646 513 Falccs
664 495 725 513 cuin
749 485 801 513 sint
815 493 935 513 exacutae

133 528 231 557 fibrina
241 527 312 565 pelle
322 527 469 565 detergent
479 547 486 554 .
497 525 577 554 Idem
589 525 663 555 Plin.
675 525 721 555 lib.
737 536 780 559 17·
792 535 848 564 cap.
863 537 876 554 2
885 527 934 556 8.]

137 568 210 598 Vide
222 570 412 605 Castorinatus
423 588 430 595 .

94 612 232 640 Vicimus
246 629 254 641 ,
276 607 323 646 qui
342 608 372 636 in
384 608 457 636 Vico
467 606 566 636 habitat
578 618 586 638 ς
609 606 646 636 ita
663 606 693 636 in
703 605 873 637 ArimInenfi
884 605 934 636 Ci-

134 651 223 680 vitate
241 649 380 678 dicebatur
391 648 502 685 alicujus
516 648 571 676 vici
584 648 675 677 incola
687 670 695 681 ,
717 655 778 677 cum
790 659 819 676 ea
840 647 935 676 civitas

136 690 167 719 in
177 689 284 728 sePtem
297 690 425 728 regiones
435 688 524 718 divisa
535 688 617 719 effet5
640 689 714 718 unde
727 689 934 725 Vzcanussepti-

135 743 180 760 ma
200 733 314 759 vicaria
326 752 333 762 ,
357 730 403 769 qui
414 729 562 769 septimum
581 730 652 759 urbis
675 730 767 760 vicum
779 729 916 758 incolebat
925 750 933 762 ,

135 772 272 800 dicebatur
282 791 290 799 .

94 813 232 842 Vxenum
245 814 427 841 Memmium
440 832 447 839 .
470 811 544 841 Vide
553 814 700 841 formaria
710 831 717 839 .

95 853 246 883 vicimus
257 873 265 881 .
289 855 346 882 PR.
357 852 403 890 qui
422 852 574 890 Superioris
587 853 664 891 gerit
675 853 748 881 vices
760 873 768 885 ,
791 852 838 881 seu
848 861 861 879 a
880 849 932 879 Vi-

134 894 172 922 cis
182 915 190 926 ,
212 894 241 922 in
253 893 348 932 quibus
357 892 579 928 jurisdictionem
589 894 749 922 exercebant
758 915 765 925 ,
787 903 817 922 ut
827 893 856 921 in
866 891 932 920 diet.

132 938 263 963 Decuma
272 934 375 963 dieiurn
387 933 437 961 suit
447 954 454 960 -
477 934 575 963 Hodie
584 944 673 962 tamen
683 934 713 962 in
723 934 842 972 qualibet
853 932 931 960 Dioe-

133 975 184 1003 cesi
194 976 283 1012 plures
298 974 404 1003 Vicat-ii
422 975 595 1012 reperiuntur
607 997 615 1008 ‚
639 975 771 1003 nimirum
786 999 791 1008 ,
813 978 932 1002 Genera-

132 1016 169 1043 lis
187 1018 309 1044 Va'carius
322 1036 330 1047 ,
352 1015 400 1053 qui
421 1025 503 1053 penes
526 1015 692 1053 Episcopum
715 1016 812 1045 residet
825 1036 832 1048 ,
854 1019 882 1044 ὃ(
892 1023 933 1042 to-

137 1056 193 1084 tius
213 1055 347 1084 Dioeceiis
366 1065 456 1083 curam
476 1054 557 1083 habet
567 1077 574 1084 .
597 1058 671 1085 Item
692 1060 792 1085 Vicarii
802 1055 913 1094 foranei
926 1076 931 1086 ‚

131 1096 188 1125 five
200 1097 299 1124 Villam
311 1117 319 1129 ,
342 1095 376 1124 de
386 1096 481 1134 quibus
490 1096 595 1135 egimus
606 1097 635 1125 in
646 1098 712 1125 diet.
724 1099 911 1125 Centenarius
924 1115 930 1121 .

133 1137 338 1174 chorepiscopus
348 1157 355 1164 .
376 1141 506 1165 Decuma
516 1157 523 1164 .
535 1141 693 1166 firmarius
706 1158 713 1164 .
724 1142 740 1165 S
743 1146 854 1166 ervator
863 1136 912 1164 loci
925 1156 932 1162 .

133 1177 178 1206 De
197 1177 309 1205 Vicario
331 1176 400 1205 Sede
423 1179 546 1205 Vacante
556 1198 564 1206 .
594 1178 668 1206 Vide
690 1179 914 1207 Archtdmcomcs
926 1196 932 1202 .

134 1218 179 1246 De
190 1216 303 1245 Vicario
322 1218 422 1246 Curati
434 1238 440 1245 .
464 1217 537 1246 Vide
558 1220 743 1256 Personatus.
764 1220 809 1247 De
819 1216 933 1246 Vicario

134 1257 246 1287 Abbatis
257 1279 265 1291 ,
287 1257 332 1286 seu
354 1257 588 1286 Archimandritae
602 1278 609 1285 .
632 1260 706 1288 Vide
729 1261 915 1286 Deuterarius
926 1278 932 1284 .

135 1302 183 1328 An
194 1297 319 1327 Vicat-ius
331 1296 439 1326 Christi
448 1320 455 1331 ‚
467 1298 512 1326 vel
522 1297 597 1326 Petri
609 1297 716 1326 dicatur
726 1298 849 1326 Summus
862 1300 932 1325 Pon-

132 1339 204 1371 tisex
216 1358 222 1365 .
246 1338 321 1366 Vide
331 1344 422 1376 Papa.
445 1341 479 1367 Et
488 1338 532 1366 adi
543 1340 642 1367 Baton.
664 1341 719 1367 An.
732 1349 800 1373 740.
820 1346 894 1368 num.
906 1348 932 1371 4.

134 1383 162 1408 ὅ(
173 1380 210 1407 ibi
221 1378 381 1407 Postillator
390 1399 397 1405 .

95 1422 236 1449 Vicn‘m
249 1440 257 1452 ,
278 1419 376 1448 viatim
387 1440 393 1451 ‚
415 1428 464 1456 por
476 1419 535 1447 vias
549 1439 556 1446 .
582 1419 678 1454 [Cum
689 1417 802 1447 interim
814 1418 873 1456 plus
885 1428 933 1445 no-

135 1461 188 1490 stra
201 1458 390 1488 misericordia
400 1458 514 1487 insumit
525 1459 638 1487 vicatim
649 1481 657 1492 ‚
679 1469 760 1497 quam
771 1460 858 1487 vestra
869 1457 933 1485 reli-

133 1502 182 1540 gio
192 1501 366 1539 templatim.
389 1499 507 1529 Termll.
519 1499 624 1528 advers.
635 1502 720 1529 Gent.
730 1509 785 1538 cap.
797 1500 866 1534 4²·]
890 1498 933 1527 ubi

131 1542 304 1579 Templatim
315 1550 362 1579 per
375 1541 478 1578 templa
489 1540 623 1578 significat
633 1560 640 1568 .

93 1583 394 1612 Vicichmcnmuius
405 1602 412 1608 .
436 1581 509 1609 Vide
521 1581 714 1610 Cana-ellarius
724 1600 732 1609 .

90 1624 266 1652 Vicrcomzs
279 1643 286 1650 .
309 1624 365 1652 FR.
386 1621 442 1658 Qui
471 1621 592 1650 Comitis
609 1623 700 1650 vicem
719 1620 791 1661 gerit
801 1641 808 1648 .
832 1619 933 1649 Bullar.

133 1663 263 1692 Casium.
286 1673 354 1692 tom.
367 1675 392 1692 2.
405 1661 490 1690 const.
501 1673 548 1696 47.
573 1663 656 1698 Quod
675 1663 800 1691 officium
812 1659 934 1699 prohibi-

132 1713 193 1732 tum
203 1704 240 1732 cst
252 1704 374 1732 exerceri
395 1714 408 1732 a
419 1703 604 1731 Sacerdotibus
616 1715 622 1730 :
649 1709 660 1738 [
673 1705 718 1731 Ne
737 1702 864 1732 Sacerdos
874 1701 934 1729 offi-

132 1744 206 1772 cium
225 1744 320 1773 habeat
333 1743 532 1776 Vicecomitis,
551 1753 597 1772 aut
616 1744 760 1781 Praepositi
779 1742 934 1774 fistularis,

131 1785 178 1813 lib.
191 1796 219 1822 3.
238 1785 378 1814 Decretal.
399 1794 456 1822 cap.
472 1794 497 1818 ς.
516 1787 544 1812 8(
565 1784 602 1812 ibi
612 1783 722 1812 Glossa.

94 1828 346 1855 chcnoruumvs
359 1846 365 1852 .
387 1826 443 1854 FR.
454 1824 631 1852 Viccdomini
641 1825 765 1853 officium
780 1824 932 1859 [Quicum

134 1876 189 1904 quc
209 1866 464 1897 vicedominatum,
485 1865 621 1893 velaliam
641 1865 875 1894 ecclesiasticarum
895 1873 935 1891 re—

1301 61 1395 105 VI

994 114 1179 146 Vicedomino
1190 117 1287 148 Palatii
1299 119 1499 159 ApostoliciD.
1510 119 1679 160 Gregorius,
1699 121 1746 153 lib.
1761 125 1785 154 ι’.

994 169 1067 196 capa
1079 169 1102 186 ι.
1111 159 1141 187 in
1151 158 1257 198 Regist.
1268 159 1327 189 haec
1338 160 1434 191 habet:
1461 168 1472 198 [
1485 163 1700 192 Vicedominum
1710 165 1788 194 enim

993 199 1184 228 constituimus
1195 221 1203 233 ‚
1224 203 1297 236 cujus
1307 201 1418 230 arbitrio
1431 202 1593 241 Episcopum
1603 205 1786 235 commisimus

993 240 1203 279 dispensandum
1215 243 1247 273 .]
1272 243 1330 272 FR.
1341 241 1463 271 Latinius
1471 246 1640 283 Episcopium
1660 245 1690 274 in
1711 245 1785 275 hunc

993 282 1085 310 locum
1102 282 1217 321 corrigit
1229 303 1236 310 .
1258 283 1334 312 Vide
1353 283 1382 311 in
1390 284 1503 311 correft.
1520 285 1558 312 D.
1569 287 1655 325 Greg-
1666 287 1709 315 tit.
1721 287 1787 325 Epi-

994 322 1087 352 stolar.
1104 322 1150 351 lib.
1166 334 1188 351 1.
1200 334 1256 363 cap.
1274 334 1283 352 i
1296 335 1318 352 ι.
1329 324 1367 358 :lh
1389 324 1487 362 dequo
1497 324 1590 352 officio
1609 325 1720 365 saepein
1729 330 1785 364 ejus

993 363 1117 402 epistolis
1139 365 1312 394 mentionem
1333 363 1399 393 facit
1408 385 1416 397 ,
1448 363 1494 392 ubi
1515 363 1655 403 colligitur
1682 368 1764 397 etiam
1775 388 1784 400 ‚

993 405 1068 444 quod
1079 415 1129 443 pro
1150 406 1266 435 Ecclesia
1276 404 1450 435 Lateranensi
1461 405 1605 443 peculiaris
1625 406 1784 437 Vicedomi-

993 456 1042 474 nus
1052 446 1218 476 constitutus
1227 451 1286 475 erat
1297 467 1304 474 .
1328 446 1529 475 Vicedominus
1538 445 1635 474 Palatii
1644 449 1785 485 Apostoli-

993 487 1018 515 ci
1030 486 1086 515 fere
1098 497 1156 516 erat
1165 487 1312 526 Episcopus
1322 508 1330 520 ,
1356 491 1382 516 δε
1394 486 1531 525 equitabat
1540 484 1612 517 secus
1623 488 1785 519 Pontificem

993 527 1151 556 immediate
1161 549 1168 556 .
1193 529 1279 565 [Post
1298 538 1397 567 equum
1417 538 1484 556 vero
1504 526 1534 555 hi
1546 525 1610 555 sunt
1619 549 1627 560 ‚
1651 528 1698 566 qui
1710 530 1784 569 equi.

992 577 1052 597 tant
1062 589 1070 601 ,
1090 569 1290 599 Vicedominus
1302 591 1309 601 ,
1330 568 1478 598 Vestiarius
1489 590 1496 601 ,
1516 568 1720 597 Nomenclator
1729 591 1737 602 ,
1747 580 1789 599 at<

991 620 1044 648 que
1054 610 1209 639 Sacellarius
1220 631 1228 639 .
1249 610 1333 639 Ordo
1344 629 1350 636 .
1364 611 1469 640 Rom]
1494 608 1589 637 Hodie
1606 619 1673 638 vero
1684 614 1789 647 Major-

989 652 1085 679 domus
1105 650 1207 679 dicitur
1216 671 1223 679 .
1249 653 1306 680 FR.
1325 651 1413 679 Verba
1431 651 1469 679 D.
1481 652 1567 688 Greg.
1589 649 1667 688 supra
1688 649 1768 678 allata
1777 671 1787 683 ‚

991 701 1051 729 quae
1063 691 1218 731 incipiunt:
1243 691 1459 720 Vicedominum
1468 691 1659 719 constituimus
1666 694 1719 720 διε.
1741 689 1789 719 ha-

989 732 1085 761 bentur
1096 732 1128 760 in
1146 732 1257 761 decreto
1265 731 1394 760 Gratiani
1414 733 1443 760 in
1453 742 1512 760 can.
1532 732 1692 760 Diaconum
1702 753 1710 764 ,
1723 731 1787 760 dist.

992 776 1038 809 89.
1061 773 1107 802 Ad
1125 771 1335 801 Clementinam
1355 772 1501 801 Pati-iciam
1513 794 1520 804 ,
1537 772 1653 808 ajentis:
1679 771 1789 807 [Vice-

991 812 1136 841 dominum
1146 814 1227 842 ⁴enim
1239 812 1430 841 constituimus
1439 834 1447 845 ,
1466 815 1540 850 cujus
1550 813 1664 842 arbitrio
1674 811 1787 850 Episco-

990 853 1066 891 pium
1084 854 1267 882 commisimus
1289 852 1543 891 dispensandum.]
1567 854 1627 883 Ubi
1647 852 1740 882 Gloffi
1752 853 1787 882 sic

989 895 1085 924 habet:
1112 900 1124 929 [
1137 898 1177 924 Ex
1188 893 1241 923 hoc
1251 903 1326 932 patet
1336 914 1345 926 ‚
1366 893 1441 932 quod
1451 894 1647 923 Vicedoniinus
1658 894 1696 922 est
1708 914 1718 929 ‚
1739 892 1787 932 qui

989 936 1068 964 habet
1078 936 1239 973 potestatem
1247 934 1326 973 super
1337 945 1377 963 res
1389 934 1467 973 ipsius
1478 933 1652 973 Episcopatus
1665 946 1671 961 :
1693 935 1789 964 Oeco-

990 986 1087 1005 nomus
1098 997 1106 1009 ‚
1129 976 1175 1014 qui
1184 975 1263 1015 super
1274 986 1315 1004 res
1326 975 1554 1004 canonicorum.-
1577 976 1641 1008 cui,
1659 974 1763 1004 scilicet
1776 996 1785 1007 ‚

989 1027 1031 1045 res
1042 1016 1223 1046 Ecclesiastica
1239 1017 1414 1055 gubernanda
1426 1016 1567 1045 mandatur
1576 1037 1583 1043 .
1607 1017 1680 1045 cod.
1691 1016 1724 1043 de
1744 1017 1788 1045 Sa-

990 1057 1137 1086 crosmeffis
1159 1058 1303 1090 Ecclefiis,
1325 1058 1345 1085 l.
1356 1058 1476 1093 jubemus
1489 1078 1496 1090 ‚
1518 1057 1547 1085 in
1562 1057 1650 1095 princ.
1674 1061 1708 1085 Et
1719 1057 1786 1085 sicut

991 1097 1139 1137 Episcopus
1158 1097 1296 1136 dispensat
1317 1108 1358 1126 res
1380 1097 1544 1136 episcopales
1568 1098 1614 1127 sub
1624 1096 1787 1126 testimonio

991 1138 1171 1168 vicedomini
1182 1150 1188 1166 ,⁴
1214 1139 1248 1167 lic
1259 1137 1398 1167 canonici
1408 1149 1448 1167 res
1459 1138 1644 1167 ecclesiasticas
1656 1138 1701 1167 sub
1713 1137 1788 1167 testi-

992 1180 1090 1208 monio
1107 1179 1268 1209 Oeconomi
1281 1201 1289 1212 ,
1311 1182 1339 1207 &
1351 1190 1365 1207 e
1382 1179 1536 1212 converso,
1555 1189 1585 1207 ut
1601 1187 1643 1208 16.
1654 1179 1747 1218 quaest.
1760 1189 1788 1211 7·

988 1232 1047 1249 can.
1058 1220 1190 1259 quoniam
1201 1242 1209 1253 ‚
1219 1224 1247 1249 δε
1262 1231 1304 1248 12.
1315 1230 1360 1258 qu.
1376 1231 1399 1248 ι.
1410 1231 1470 1248 can.
1481 1219 1636 1248 manifesta.
1662 1220 1717 1249 Iste
1726 1219 1788 1248 Oe-

987 1271 1119 1290 conomus
1129 1261 1159 1289 in
1177 1259 1334 1299 quibusdam
1347 1261 1470 1290 Ecclesiis
1482 1261 1634 1299 appellatur
1656 1259 1789 1297 Praeposi-

990 1311 1030 1332 ως
1041 1322 1047 1328 .
1060 1304 1072 1331 ]
1099 1301 1216 1330 Facultas
1227 1301 1405 1329 Vicedomini
1415 1300 1574 1339 episcopalis
1585 1301 1685 1329 Palatii
1697 1300 1787 1329 decla-

989 1350 1062 1369 ratur
1073 1340 1101 1367 in
1109 1350 1168 1367 can.
1178 1341 1311 1367 Volumus
1324 1362 1331 1371 ,
1352 1341 1410 1368 cad.
1423 1341 1485 1368 dist.
1503 1346 1547 1376 89.
1566 1341 1610 1368 ubi
1623 1342 1657 1369 fic
1669 1341 1785 1368 dicitur:

992 1387 1004 1416 [
1015 1381 1148 1409 Volumus
1159 1401 1167 1412 ‚
1187 1388 1217 1406 ut
1228 1378 1308 1406 frater
1325 1378 1416 1406 noster
1434 1380 1585 1407 Paschasius
1596 1400 1603 1411 ,
1626 1385 1652 1407 8<
1665 1380 1788 1409 Vicedo—

991 1421 1099 1449 minum
1108 1420 1154 1448 fibi
1170 1441 1176 1451 ,
1200 1423 1227 1447 ὃ(
1238 1420 1374 1454 Majoreni
1396 1418 1507 1446 ordinet
1519 1419 1632 1451 domus,
1655 1428 1788 1457 quatenus

992 1459 1074 1499 possit
1085 1481 1093 1492 ‚
1114 1460 1159 1488 vel
1169 1458 1319 1498 hospitibus
1336 1457 1591 1496 supervenientibus
1605 1480 1610 1489 ‚
1632 1460 1678 1487 vel
1688 1460 1768 1488 causis
1778 1481 1787 1492 ,

990 1511 1050 1539 quae
1063 1500 1196 1529 eveniunt
1209 1521 1216 1531 ‚
1235 1508 1339 1536 paratus
1351 1519 1357 1530 ‚
1380 1501 1406 1526 ὃ(
1418 1498 1533 1527 idoneus
1547 1498 1678 1527 existere.
1692 1502 1704 1531 ]
1728 1500 1789 1528 Ubi

990 1540 1083 1570 Glossiz
1092 1551 1124 1569 ex
1140 1539 1267 1578 Hugonis
1276 1539 1413 1577 opinione
1423 1539 1459 1566 ait
1478 1538 1528 1567 esse
1540 1538 1615 1567 idem
1625 1538 1789 1568 Vicedomi-

992 1591 1057 1610 num
1071 1603 1079 1614 ‚
1101 1591 1130 1609 ac
1139 1582 1338 1610 Oeconomum
1347 1599 1358 1616 ,
1369 1579 1398 1606 in
1407 1579 1434 1610 ξ.
1447 1579 1661 1608 vicedominum
1672 1600 1679 1607 .
1703 1580 1788 1615 Quod

991 1621 1152 1651 Oeconomi
1170 1621 1294 1649 officium
1313 1619 1537 1648 constituendum
1555 1620 1593 1648 est
1614 1621 1644 1648 in
1659 1621 1789 1649 omnibus

992 1663 1118 1692 Ecclesiis
1136 1661 1295 1691 habentibus
1314 1660 1496 1699 Episcopum.
1523 1661 1618 1696 [Quia
1638 1660 1667 1690 in
1679 1659 1790 1700 quibus-

992 1704 1054 1732 dam
1065 1702 1190 1732 Ecclesiis
1212 1707 1223 1735 (
1234 1702 1299 1730 sicut
1308 1701 1342 1729 ad
1355 1711 1403 1729 nos
1414 1701 1564 1739 pervenit)
1586 1702 1642 1730 fine
1652 1703 1788 1731 O'econo-

992 1754 1038 1772 mo
1050 1765 1057 1776 ,
1077 1742 1204 1781 Episcopi
1216 1753 1255 1770 res
1267 1741 1462 1770 Ecclesiasticas
1471 1743 1585 1770 tractant
1598 1764 1604 1774 ,
1617 1741 1718 1779 placuit
1728 1751 1789 1769 om-

992 1795 1038 1812 nes
1055 1784 1182 1812 Ecclesias
1204 1782 1336 1812 habentes
1348 1781 1532 1820 Episcopum,
1553 1783 1636 1810 etiam
1653 1783 1787 1812 Oecono-

991 1834 1066 1853 mum
1076 1825 1176 1852 habere
1187 1823 1220 1852 de
1230 1821 1345 1861 proprio
1355 1822 1442 1850 Clero
1453 1844 1459 1854 ,
1483 1823 1530 1861 qui
1542 1824 1674 1860 gubernet
1684 1833 1725 1851 res
1736 1825 1789 1851 Ec-

990 1865 1076 1893 clefiae
1097 1868 1148 1893 &c-
1169 1875 1227 1892 can.
1246 1864 1326 1901 quia,
1344 1862 1406 1890 dist.
1422 1866 1491 1898 89.]
1520 1864 1592 1891 Vide
1601 1869 1766 1892 oeconomus
1779 1883 1789 1890 .

133 1918 193 1935 rum
207 1907 473 1936 administrationem
485 1927 492 1937 ,
516 1916 563 1944 per
583 1906 727 1944 pecuniam
738 1905 864 1934 obtinere
885 1915 933 1933 vo-
952 1907 1129 1934 ViczNNmM
1143 1925 1150 1931 .
1174 1906 1231 1933 FR.
1242 1903 1359 1941 spatium
1369 1903 1473 1941 viginti
1485 1914 1620 1931 annorum
1632 1924 1639 1930 .
1663 1905 1790 1941 [Neque

136 1948 241 1977 luerint
252 1969 260 1981 ,
278 1957 332 1976 tam
359 1957 481 1975 ementes
492 1969 498 1979 ,
519 1957 598 1984 quam
620 1946 773 1976 vendentes
784 1967 791 1979 ,
814 1955 875 1974 cum
894 1945 934 1973 Si-

136 1999 221 2017 mone
232 1990 416 2027 percelluntur
429 2009 437 2020 ,
460 1991 487 2015 ὁ(
497 1988 586 2015 sibilla
597 1988 713 2016 Ecclesia
724 2009 731 2019 ,
743 1987 773 2015 in
784 1989 858 2022 cujus
870 1996 934 2014 con-

991 1947 1126 1977 decenni,
1149 1954 1236 1983 neque
1256 1943 1399 1975 vicennii,
1420 1945 1560 1972 velXXX.
1579 1953 1712 1972 annorum
1723 1941 1790 1982 pos-

990 1985 1069 2015 sessio
1080 2008 1088 2018 ,
1110 1984 1169 2014 can.
1182 1995 1270 2023 neque
1282 2007 1290 2017 ,
1317 1990 1360 2011 16.
1383 1994 1428 2021 qu.
1441 1996 1467 2019 4.

136 2030 277 2058 tumeliam
289 2030 352 2058 dare
362 2029 503 2067 pecuniam
515 2050 522 2061 ‚
545 2031 572 2056 δ(
582 2030 702 2067 accipere
714 2028 862 2056 volucrunt
876 2049 882 2059 ,
894 2029 934 2061 ju·
952 2029 1100 2056 Viccswm
1114 2048 1118 2058 ,
1140 2026 1243 2055 dicitur
1263 2024 1344 2054 tertia
1364 2022 1533 2056 hebdomada
1559 2024 1770 2064 quadragesimae
1780 2043 1790 2051 .

134 2069 174 2098 ste
184 2070 370 2099 excluduntur
380 2092 387 2103 ‚
410 2080 467 2107 cap.
481 2068 627 2097 consulere
638 2091 645 2102 ,
668 2069 702 2097 de
712 2068 875 2099 Simonia.]
899 2070 934 2096 Et

996 2068 1069 2096 Vide
1079 2066 1246 2104 Tricesima.

135 2110 235 2139 ibidem
249 2111 278 2138 in
290 2111 336 2138 rit.
357 2110 390 2139 de
401 2110 492 2148 poenis
502 2131 509 2142 ,
531 2120 588 2147 cap.
607 2121 649 2138 12.
661 2110 695 2138 sic
706 2108 835 2138 habetur:
862 2110 935 2142 [Pa—
953 2110 1129 2137 VictsstrAs
1141 2128 1147 2135 .
1173 2107 1245 2135 Vide
1263 2106 1426 2135 Alternitas
1437 2126 1445 2134 .

135 2151 213 2178 troni
224 2150 447 2188 juspmronarus,
471 2151 610 2179 Advocati
631 2150 820 2182 advocatiam,
844 2147 934 2176 feuda·
954 2149 1107 2178 Vicrwm.
1131 2148 1204 2176 Vide
1214 2148 1304 2185 Thya:
1318 2168 1325 2175 .

134 2191 197 2220 tarii
218 2190 347 2224 seudum,
370 2191 549 2224 vicedomini
564 2191 825 2223 Vicedominatum‚
846 2192 932 2218 &Be-
953 2191 1091 2218 Vicum&-
1113 2191 1261 2217 PascuAri
1281 2189 1413 2218 LAunrs.
1436 2186 1520 2216 Mifllz
1540 2184 1682 2227 sequentia
1700 2194 1714 2213 a
1734 2194 1790 2224 quo

134 2231 256 2260 neficiati
267 2232 395 2260 beneficia
405 2231 512 2269 prorsus
523 2232 650 2260 amittant
664 2252 670 2260 .

991 2230 1139 2267 compoiita
1151 2249 1158 2256 .
1181 2229 1254 2257 Vide
1264 2231 1345 2266 Profa
1354 2251 1361 2257 .

96 2274 311 2302 Vicznoiiiuus
323 2294 331 2306 ‚
353 2273 533 2302 Oeconomus
543 2273 668 2301 Ecclesiae
682 2294 689 2305 ‚
701 2271 747 2310 qui
758 2269 828 2299 varii
839 2279 932 2298 erant:
952 2272 1149 2299 Vicioumus
1162 2270 1286 2298 Hymnus
1300 2290 1306 2297 .
1333 2269 1405 2301 Vide
1414 2271 1530 2298 SanHus
1542 2267 1598 2301 &m
1627 2304 1632 2308 .

137 2323 201 2341 nam
212 2314 299 2352 aliqui
318 2323 396 2342 erant
407 2313 585 2342 vicedomini
599 2313 797 2343 Ecclefiarum‚
818 2311 934 2340 aliired-
953 2313 1107 2340 VicrthLr.
1119 2331 1125 2338 .
1148 2312 1204 2339 FR.
1225 2310 1328 2338 dicitur
1346 2310 1506 2339 distributio
1525 2306 1684 2346 quotidiana
1698 2326 1704 2338 ⁵
1727 2314 1789 2343 ‘121ae

137 2353 246 2382 dituurn
266 2353 465 2392 Episcoporiun
478 2376 485 2387 ‚
503 2355 550 2382 alii
562 2353 673 2382 tandem
690 2352 787 2382 Palatii
798 2350 933 2390 episcopa-

135 2393 187 2428 lis,
210 2394 243 2423 de
263 2395 357 2433 quibus
376 2395 481 2424 dicium
499 2395 537 2424 est
558 2395 587 2424 in
606 2395 670 2424 dict.
690 2399 870 2424 Oeconomus.
891 2393 934 2420 De

990 2352 1022 2380 fit
1053 2361 1125 2379 mter
1153 2351 1333 2381 Canonic0s;
1358 2361 1384 2380 at
1405 2349 1564 2388 praebenda,
1591 2349 1789 2387 Communitfzs

991 2392 1161 2431 appellatur.
1187 2392 1375 2427 [statuimus‚
1396 2388 1634 2421 neaCanonicis,
1656 2387 1743 2459 dofec
1757 2395 1788 2412 m

1495 2435 1498 2438 ⁴
1707 2436 1750 2458 CI<
