<?xml version="1.0" encoding="UTF-8"?>
<!DOCTYPE html PUBLIC "-//W3C//DTD XHTML 1.0 Transitional//EN"
    "http://www.w3.org/TR/xhtml1/DTD/xhtml1-transitional.dtd">
<html xmlns="http://www.w3.org/1999/xhtml" xml:lang="en" lang="en">
 <head>
  <title>
</title>
<meta http-equiv="Content-Type" content="text/html;charset=utf-8" />
  <meta name='ocr-system' content='tesseract 3.04.00' />
  <meta name='ocr-capabilities' content='ocr_page ocr_carea ocr_par ocr_line ocrx_word'/>
</head>
<body>
  <div class='ocr_page' id='page_1' title='image "./dominicimacrimel00magr/dominicimacrimel00magr_0563.png"; bbox 0 0 1866 2526; ppageno 0'>
   <div class='ocr_carea' id='block_1_1' title="bbox 0 0 1728 116">
    <p class='ocr_par' dir='ltr' id='par_1_1' title="bbox 0 0 1728 116">
     <span class='ocr_line' id='line_1_1' title="bbox 0 0 1728 116; baseline -0.001 -2"><span class='ocrx_word' id='word_1_1' title='bbox 0 0 28 114; x_wconf 78' lang='lat' dir='ltr'>l</span> <span class='ocrx_word' id='word_1_2' title='bbox 488 57 592 99; x_wconf 66' lang='lat' dir='ltr'>po</span> <span class='ocrx_word' id='word_1_3' title='bbox 1285 57 1391 101; x_wconf 65' lang='lat'>1³0</span> <span class='ocrx_word' id='word_1_4' title='bbox 1651 73 1728 116; x_wconf 57' lang='lat'>⁵³5</span> 
     </span>
    </p>
   </div>
   <div class='ocr_carea' id='block_1_2' title="bbox 0 112 1790 2469">
    <p class='ocr_par' dir='ltr' id='par_1_2' title="bbox 0 112 1784 159">
     <span class='ocr_line' id='line_1_2' title="bbox 0 112 1784 159; baseline 0.001 -14"><span class='ocrx_word' id='word_1_5' title='bbox 0 115 6 146; x_wconf 62' lang='lat'><em>1</em></span> <span class='ocrx_word' id='word_1_6' title='bbox 130 118 223 159; x_wconf 73' lang='lat' dir='ltr'>patior</span> <span class='ocrx_word' id='word_1_7' title='bbox 234 115 374 158; x_wconf 74' lang='lat' dir='ltr'>suggestus</span> <span class='ocrx_word' id='word_1_8' title='bbox 382 135 390 143; x_wconf 85' lang='lat'><strong>.</strong></span> <span class='ocrx_word' id='word_1_9' title='bbox 398 114 516 144; x_wconf 85' lang='lat' dir='ltr'>Tertull.</span> <span class='ocrx_word' id='word_1_10' title='bbox 524 114 559 144; x_wconf 87' lang='lat' dir='ltr'>de</span> <span class='ocrx_word' id='word_1_11' title='bbox 569 113 682 153; x_wconf 65' lang='lat' dir='ltr'>speflac.</span> <span class='ocrx_word' id='word_1_12' title='bbox 698 123 750 149; x_wconf 90' lang='lat' dir='ltr'>c.7.</span> <span class='ocrx_word' id='word_1_13' title='bbox 763 115 842 147; x_wconf 67' lang='lat' dir='ltr'>JFR.</span> <span class='ocrx_word' id='word_1_14' title='bbox 854 114 935 144; x_wconf 83' lang='lat' dir='ltr'>Idem</span> <span class='ocrx_word' id='word_1_15' title='bbox 989 112 1047 144; x_wconf 82' lang='lat' dir='ltr'>sola</span> <span class='ocrx_word' id='word_1_16' title='bbox 1057 112 1151 153; x_wconf 79' lang='lat' dir='ltr'>lignea</span> <span class='ocrx_word' id='word_1_17' title='bbox 1169 115 1283 146; x_wconf 78' lang='lat' dir='ltr'>materia</span> <span class='ocrx_word' id='word_1_18' title='bbox 1292 116 1330 144; x_wconf 87' lang='lat' dir='ltr'>est</span> <span class='ocrx_word' id='word_1_19' title='bbox 1341 115 1496 153; x_wconf 67' lang='lat' dir='ltr'>compastus</span> <span class='ocrx_word' id='word_1_20' title='bbox 1505 137 1514 149; x_wconf 89' lang='lat'><em>‚</em></span> <span class='ocrx_word' id='word_1_21' title='bbox 1532 119 1560 146; x_wconf 72' lang='lat'>3&lt;</span> <span class='ocrx_word' id='word_1_22' title='bbox 1570 115 1613 146; x_wconf 83' lang='lat' dir='ltr'>cui</span> <span class='ocrx_word' id='word_1_23' title='bbox 1625 117 1697 147; x_wconf 78' lang='lat' dir='ltr'>nihil</span> <span class='ocrx_word' id='word_1_24' title='bbox 1706 117 1766 147; x_wconf 79' lang='lat' dir='ltr'>aeris</span> <span class='ocrx_word' id='word_1_25' title='bbox 1774 139 1784 152; x_wconf 84' lang='lat'>.</span> 
     </span>
    </p>

    <p class='ocr_par' dir='ltr' id='par_1_3' title="bbox 0 147 1790 280">
     <span class='ocr_line' id='line_1_3' title="bbox 0 147 1786 196; baseline -0.001 -6"><span class='ocrx_word' id='word_1_26' title='bbox 0 147 4 156; x_wconf 50' lang='lat'>¹</span> <span class='ocrx_word' id='word_1_27' title='bbox 128 161 262 196; x_wconf 73' lang='lat' dir='ltr'>adjefflve</span> <span class='ocrx_word' id='word_1_28' title='bbox 281 155 453 195; x_wconf 75' lang='lat' dir='ltr'>Pompaticus</span> <span class='ocrx_word' id='word_1_29' title='bbox 471 155 503 184; x_wconf 93' lang='lat' dir='ltr'>in</span> <span class='ocrx_word' id='word_1_30' title='bbox 521 157 598 184; x_wconf 60' lang='lat' dir='ltr'>traci.</span> <span class='ocrx_word' id='word_1_31' title='bbox 617 155 651 184; x_wconf 91' lang='lat' dir='ltr'>de</span> <span class='ocrx_word' id='word_1_32' title='bbox 669 156 746 185; x_wconf 80' lang='lat' dir='ltr'>culm</span> <span class='ocrx_word' id='word_1_33' title='bbox 764 155 872 184; x_wconf 86' lang='lat' dir='ltr'>foemin.</span> <span class='ocrx_word' id='word_1_34' title='bbox 890 155 933 184; x_wconf 89' lang='lat' dir='ltr'>di-</span> <span class='ocrx_word' id='word_1_35' title='bbox 989 164 1034 184; x_wconf 82' lang='lat' dir='ltr'>aut</span> <span class='ocrx_word' id='word_1_36' title='bbox 1045 154 1109 184; x_wconf 83' lang='lat' dir='ltr'>ferri</span> <span class='ocrx_word' id='word_1_37' title='bbox 1129 157 1228 186; x_wconf 79' lang='lat' dir='ltr'>addere</span> <span class='ocrx_word' id='word_1_38' title='bbox 1239 158 1306 187; x_wconf 85' lang='lat' dir='ltr'>licet</span> <span class='ocrx_word' id='word_1_39' title='bbox 1314 178 1323 190; x_wconf 91' lang='lat'>‚</span> <span class='ocrx_word' id='word_1_40' title='bbox 1345 156 1394 185; x_wconf 91' lang='lat' dir='ltr'>ille</span> <span class='ocrx_word' id='word_1_41' title='bbox 1403 156 1497 185; x_wconf 86' lang='lat' dir='ltr'>Tiberi</span> <span class='ocrx_word' id='word_1_42' title='bbox 1518 156 1671 196; x_wconf 71' lang='lat' dir='ltr'>imposuisse</span> <span class='ocrx_word' id='word_1_43' title='bbox 1682 158 1767 188; x_wconf 79' lang='lat' dir='ltr'>fertur</span> <span class='ocrx_word' id='word_1_44' title='bbox 1775 180 1786 193; x_wconf 90' lang='lat'><em>,</em></span> 
     </span>
     <span class='ocr_line' id='line_1_4' title="bbox 129 195 1788 237; baseline -0.001 -7"><span class='ocrx_word' id='word_1_45' title='bbox 129 202 171 230; x_wconf 84' lang='lat' dir='ltr'>xit</span> <span class='ocrx_word' id='word_1_46' title='bbox 181 222 189 230; x_wconf 93' lang='lat'>.</span> <span class='ocrx_word' id='word_1_47' title='bbox 208 203 242 230; x_wconf 79' lang='lat' dir='ltr'>Et</span> <span class='ocrx_word' id='word_1_48' title='bbox 250 210 264 229; x_wconf 80' lang='lat' dir='ltr'>a</span> <span class='ocrx_word' id='word_1_49' title='bbox 283 201 369 229; x_wconf 80' lang='lat' dir='ltr'>Petro</span> <span class='ocrx_word' id='word_1_50' title='bbox 388 195 506 226; x_wconf 79' lang='lat' dir='ltr'>Blesenli</span> <span class='ocrx_word' id='word_1_51' title='bbox 516 196 673 225; x_wconf 67' lang='lat' dir='ltr'>abstraetivc</span> <span class='ocrx_word' id='word_1_52' title='bbox 683 196 847 236; x_wconf 80' lang='lat' dir='ltr'>Pompositas</span> <span class='ocrx_word' id='word_1_53' title='bbox 858 195 935 226; x_wconf 78' lang='lat' dir='ltr'>usur·</span> <span class='ocrx_word' id='word_1_54' title='bbox 989 205 1070 236; x_wconf 85' lang='lat' dir='ltr'>quem</span> <span class='ocrx_word' id='word_1_55' title='bbox 1087 197 1122 225; x_wconf 85' lang='lat' dir='ltr'>ad</span> <span class='ocrx_word' id='word_1_56' title='bbox 1131 197 1184 226; x_wconf 87' lang='lat' dir='ltr'>hoc</span> <span class='ocrx_word' id='word_1_57' title='bbox 1195 197 1280 237; x_wconf 88' lang='lat' dir='ltr'>usque</span> <span class='ocrx_word' id='word_1_58' title='bbox 1302 206 1408 236; x_wconf 81' lang='lat' dir='ltr'>tempus</span> <span class='ocrx_word' id='word_1_59' title='bbox 1417 195 1530 226; x_wconf 84' lang='lat' dir='ltr'>servant</span> <span class='ocrx_word' id='word_1_60' title='bbox 1539 219 1546 230; x_wconf 86' lang='lat'><em>,</em></span> <span class='ocrx_word' id='word_1_61' title='bbox 1568 196 1672 226; x_wconf 81' lang='lat' dir='ltr'>sacrum</span> <span class='ocrx_word' id='word_1_62' title='bbox 1693 199 1788 228; x_wconf 76' lang='lat' dir='ltr'>existi-</span> 
     </span>
     <span class='ocr_line' id='line_1_5' title="bbox 131 238 1790 280; baseline 0.003 -17"><span class='ocrx_word' id='word_1_63' title='bbox 131 252 209 280; x_wconf 59' lang='grc' dir='ltr'>μω,-</span> <span class='ocrx_word' id='word_1_64' title='bbox 218 261 225 269; x_wconf 80' lang='grc'><strong>,</strong></span> <span class='ocrx_word' id='word_1_65' title='bbox 988 247 1094 266; x_wconf 76' lang='lat' dir='ltr'>mantes</span> <span class='ocrx_word' id='word_1_66' title='bbox 1103 258 1110 265; x_wconf 92' lang='lat'><strong><em>.</em></strong></span> <span class='ocrx_word' id='word_1_67' title='bbox 1132 239 1216 274; x_wconf 87' lang='lat' dir='ltr'>Quod</span> <span class='ocrx_word' id='word_1_68' title='bbox 1225 240 1243 269; x_wconf 80' lang='lat' dir='ltr'>fi</span> <span class='ocrx_word' id='word_1_69' title='bbox 1255 249 1306 278; x_wconf 77' lang='lat' dir='ltr'>qua</span> <span class='ocrx_word' id='word_1_70' title='bbox 1315 240 1373 275; x_wconf 83' lang='lat' dir='ltr'>ejus</span> <span class='ocrx_word' id='word_1_71' title='bbox 1391 247 1450 276; x_wconf 86' lang='lat' dir='ltr'>pars</span> <span class='ocrx_word' id='word_1_72' title='bbox 1459 238 1560 267; x_wconf 79' lang='lat' dir='ltr'>laboret</span> <span class='ocrx_word' id='word_1_73' title='bbox 1570 260 1578 272; x_wconf 92' lang='lat'><em>‚</em></span> <span class='ocrx_word' id='word_1_74' title='bbox 1601 248 1660 267; x_wconf 79' lang='lat' dir='ltr'>eam</span> <span class='ocrx_word' id='word_1_75' title='bbox 1670 239 1790 268; x_wconf 68' lang='lat' dir='ltr'>Pontifi-</span> 
     </span>
    </p>

    <p class='ocr_par' dir='ltr' id='par_1_4' title="bbox 89 277 1790 402">
     <span class='ocr_line' id='line_1_6' title="bbox 89 277 1789 318; baseline -0.002 -6"><span class='ocrx_word' id='word_1_76' title='bbox 89 284 195 312; x_wconf 64' lang='lat' dir='ltr'>Pompo</span> <span class='ocrx_word' id='word_1_77' title='bbox 205 303 212 310; x_wconf 89' lang='lat'>.</span> <span class='ocrx_word' id='word_1_78' title='bbox 226 282 284 310; x_wconf 82' lang='lat' dir='ltr'>FR.</span> <span class='ocrx_word' id='word_1_79' title='bbox 294 281 404 310; x_wconf 79' lang='lat' dir='ltr'>verbum</span> <span class='ocrx_word' id='word_1_80' title='bbox 416 302 422 313; x_wconf 97' lang='lat'><em>,</em></span> <span class='ocrx_word' id='word_1_81' title='bbox 434 278 502 308; x_wconf 83' lang='lat' dir='ltr'>idest</span> <span class='ocrx_word' id='word_1_82' title='bbox 513 301 520 311; x_wconf 97' lang='grc'><em>,</em></span> <span class='ocrx_word' id='word_1_83' title='bbox 542 287 671 317; x_wconf 83' lang='lat' dir='ltr'>pompam</span> <span class='ocrx_word' id='word_1_84' title='bbox 680 287 732 317; x_wconf 82' lang='lat' dir='ltr'>ago</span> <span class='ocrx_word' id='word_1_85' title='bbox 743 299 751 312; x_wconf 90' lang='lat'><em>‚</em></span> <span class='ocrx_word' id='word_1_86' title='bbox 773 278 830 307; x_wconf 83' lang='lat' dir='ltr'>five</span> <span class='ocrx_word' id='word_1_87' title='bbox 841 277 932 307; x_wconf 88' lang='lat' dir='ltr'>osten·</span> <span class='ocrx_word' id='word_1_88' title='bbox 991 288 1033 307; x_wconf 80' lang='lat' dir='ltr'>ees</span> <span class='ocrx_word' id='word_1_89' title='bbox 1042 287 1137 308; x_wconf 77' lang='lat' dir='ltr'>curant</span> <span class='ocrx_word' id='word_1_90' title='bbox 1147 301 1155 313; x_wconf 90' lang='lat'><em>‚</em></span> <span class='ocrx_word' id='word_1_91' title='bbox 1175 280 1303 318; x_wconf 62' lang='lat' dir='ltr'>quedam</span> <span class='ocrx_word' id='word_1_92' title='bbox 1313 278 1399 318; x_wconf 73' lang='lat' dir='ltr'>parri:</span> <span class='ocrx_word' id='word_1_93' title='bbox 1409 277 1538 308; x_wconf 73' lang='lat' dir='ltr'>sacrificia</span> <span class='ocrx_word' id='word_1_94' title='bbox 1549 278 1681 308; x_wconf 79' lang='lat' dir='ltr'>facientes</span> <span class='ocrx_word' id='word_1_95' title='bbox 1693 301 1700 312; x_wconf 93' lang='lat'><em>‚</em></span> <span class='ocrx_word' id='word_1_96' title='bbox 1722 281 1789 309; x_wconf 81' lang='lat' dir='ltr'>dum</span> 
     </span>
     <span class='ocr_line' id='line_1_7' title="bbox 127 317 1788 360; baseline -0.001 -9"><span class='ocrx_word' id='word_1_97' title='bbox 127 323 164 351; x_wconf 91' lang='lat' dir='ltr'>do</span> <span class='ocrx_word' id='word_1_98' title='bbox 176 343 183 350; x_wconf 94' lang='lat'>.</span> <span class='ocrx_word' id='word_1_99' title='bbox 205 328 217 358; x_wconf 86' lang='grc'>[</span> <span class='ocrx_word' id='word_1_100' title='bbox 230 324 333 351; x_wconf 85' lang='lat' dir='ltr'>Merito</span> <span class='ocrx_word' id='word_1_101' title='bbox 343 345 349 354; x_wconf 95' lang='lat'><em>,</em></span> <span class='ocrx_word' id='word_1_102' title='bbox 368 331 397 349; x_wconf 89' lang='lat' dir='ltr'>ut</span> <span class='ocrx_word' id='word_1_103' title='bbox 408 319 518 360; x_wconf 62' lang='lat' dir='ltr'>qnidam</span> <span class='ocrx_word' id='word_1_104' title='bbox 529 323 746 349; x_wconf 71' lang='lat' dir='ltr'>Metrocanorius</span> <span class='ocrx_word' id='word_1_105' title='bbox 756 319 784 347; x_wconf 88' lang='lat' dir='ltr'>in</span> <span class='ocrx_word' id='word_1_106' title='bbox 795 319 843 348; x_wconf 90' lang='lat' dir='ltr'>suo</span> <span class='ocrx_word' id='word_1_107' title='bbox 854 330 931 358; x_wconf 83' lang='lat' dir='ltr'>pom·</span> <span class='ocrx_word' id='word_1_108' title='bbox 988 317 1078 358; x_wconf 89' lang='lat' dir='ltr'>ipsum</span> <span class='ocrx_word' id='word_1_109' title='bbox 1086 319 1204 349; x_wconf 80' lang='lat' dir='ltr'>sarciunt</span> <span class='ocrx_word' id='word_1_110' title='bbox 1216 322 1248 352; x_wconf 81' lang='grc'>,1</span> <span class='ocrx_word' id='word_1_111' title='bbox 1261 320 1334 350; x_wconf 87' lang='lat' dir='ltr'>Vide</span> <span class='ocrx_word' id='word_1_112' title='bbox 1347 319 1485 348; x_wconf 78' lang='lat' dir='ltr'>Latinium</span> <span class='ocrx_word' id='word_1_113' title='bbox 1497 321 1526 348; x_wconf 83' lang='lat' dir='ltr'>in</span> <span class='ocrx_word' id='word_1_114' title='bbox 1533 321 1663 350; x_wconf 70' lang='lat' dir='ltr'>Correct·</span> <span class='ocrx_word' id='word_1_115' title='bbox 1670 321 1704 350; x_wconf 78' lang='lat' dir='ltr'>ad</span> <span class='ocrx_word' id='word_1_116' title='bbox 1714 322 1788 350; x_wconf 84' lang='lat' dir='ltr'>Mar-</span> 
     </span>
     <span class='ocr_line' id='line_1_8' title="bbox 128 359 1790 402; baseline -0.001 -10"><span class='ocrx_word' id='word_1_117' title='bbox 128 364 204 401; x_wconf 76' lang='lat' dir='ltr'>pavit</span> <span class='ocrx_word' id='word_1_118' title='bbox 215 372 342 402; x_wconf 73' lang='lat' dir='ltr'>poemate</span> <span class='ocrx_word' id='word_1_119' title='bbox 353 366 406 391; x_wconf 66' lang='grc' dir='ltr'><strong><em>δι’..</em></strong></span> <span class='ocrx_word' id='word_1_120' title='bbox 418 363 452 390; x_wconf 90' lang='lat' dir='ltr'>In</span> <span class='ocrx_word' id='word_1_121' title='bbox 461 373 477 390; x_wconf 92' lang='lat' dir='ltr'>v</span> <span class='ocrx_word' id='word_1_122' title='bbox 485 360 521 388; x_wconf 83' lang='lat' dir='ltr'>ita</span> <span class='ocrx_word' id='word_1_123' title='bbox 530 361 555 389; x_wconf 88' lang='lat' dir='ltr'>S.</span> <span class='ocrx_word' id='word_1_124' title='bbox 564 359 668 399; x_wconf 79' lang='lat' dir='ltr'>Reguli</span> <span class='ocrx_word' id='word_1_125' title='bbox 680 359 770 398; x_wconf 87' lang='lat' dir='ltr'>Episc.</span> <span class='ocrx_word' id='word_1_126' title='bbox 990 359 1075 394; x_wconf 85' lang='lat' dir='ltr'>tyrol.</span> <span class='ocrx_word' id='word_1_127' title='bbox 1087 372 1118 397; x_wconf 87' lang='lat'>9.</span> <span class='ocrx_word' id='word_1_128' title='bbox 1129 363 1198 399; x_wconf 86' lang='lat' dir='ltr'>Apr.</span> <span class='ocrx_word' id='word_1_129' title='bbox 1211 361 1254 390; x_wconf 84' lang='lat' dir='ltr'>lit.</span> <span class='ocrx_word' id='word_1_130' title='bbox 1263 362 1290 390; x_wconf 75' lang='lat' dir='ltr'>d.</span> <span class='ocrx_word' id='word_1_131' title='bbox 1309 360 1429 390; x_wconf 81' lang='lat' dir='ltr'>Eandem</span> <span class='ocrx_word' id='word_1_132' title='bbox 1439 361 1640 400; x_wconf 75' lang='lat' dir='ltr'>etymologiam</span> <span class='ocrx_word' id='word_1_133' title='bbox 1651 359 1728 390; x_wconf 70' lang='lat' dir='ltr'>affert</span> <span class='ocrx_word' id='word_1_134' title='bbox 1750 362 1790 390; x_wconf 79' lang='lat' dir='ltr'>D.</span> 
     </span>
    </p>

    <p class='ocr_par' dir='ltr' id='par_1_5' title="bbox 87 400 1789 566">
     <span class='ocr_line' id='line_1_9' title="bbox 87 400 1789 441; baseline -0.003 -7"><span class='ocrx_word' id='word_1_135' title='bbox 87 405 302 434; x_wconf 52' lang='lat' dir='ltr'>pompolentus</span> <span class='ocrx_word' id='word_1_136' title='bbox 315 425 322 435; x_wconf 91' lang='lat'><em>,</em></span> <span class='ocrx_word' id='word_1_137' title='bbox 334 401 478 441; x_wconf 77' lang='lat' dir='ltr'>pomposus</span> <span class='ocrx_word' id='word_1_138' title='bbox 492 408 504 438; x_wconf 86' lang='lat'>[</span> <span class='ocrx_word' id='word_1_139' title='bbox 516 403 601 438; x_wconf 78' lang='lat' dir='ltr'>Cujus</span> <span class='ocrx_word' id='word_1_140' title='bbox 611 400 757 438; x_wconf 77' lang='lat' dir='ltr'>dignitatis</span> <span class='ocrx_word' id='word_1_141' title='bbox 770 400 879 428; x_wconf 88' lang='lat' dir='ltr'>honore</span> <span class='ocrx_word' id='word_1_142' title='bbox 892 400 932 428; x_wconf 80' lang='lat' dir='ltr'>in—</span> <span class='ocrx_word' id='word_1_143' title='bbox 990 401 1142 430; x_wconf 75' lang='lat' dir='ltr'>Bet-nardus</span> <span class='ocrx_word' id='word_1_144' title='bbox 1151 402 1280 440; x_wconf 79' lang='lat' dir='ltr'>epist-42.</span> <span class='ocrx_word' id='word_1_145' title='bbox 1291 402 1323 430; x_wconf 88' lang='lat' dir='ltr'>ad</span> <span class='ocrx_word' id='word_1_146' title='bbox 1335 401 1487 431; x_wconf 84' lang='lat' dir='ltr'>Henricum</span> <span class='ocrx_word' id='word_1_147' title='bbox 1500 402 1640 430; x_wconf 84' lang='lat' dir='ltr'>Senonen.</span> <span class='ocrx_word' id='word_1_148' title='bbox 1652 401 1789 440; x_wconf 83' lang='lat' dir='ltr'>Archiep.</span> 
     </span>
     <span class='ocr_line' id='line_1_10' title="bbox 128 439 1788 482; baseline -0.002 -7"><span class='ocrx_word' id='word_1_149' title='bbox 128 445 245 475; x_wconf 63' lang='lat' dir='ltr'>dustanus</span> <span class='ocrx_word' id='word_1_150' title='bbox 256 467 262 477; x_wconf 94' lang='lat'>,</span> <span class='ocrx_word' id='word_1_151' title='bbox 284 448 310 473; x_wconf 65' lang='grc' dir='ltr'>ἃ</span> <span class='ocrx_word' id='word_1_152' title='bbox 322 456 335 472; x_wconf 88' lang='lat' dir='ltr'>a</span> <span class='ocrx_word' id='word_1_153' title='bbox 346 443 469 481; x_wconf 81' lang='lat' dir='ltr'>Principe</span> <span class='ocrx_word' id='word_1_154' title='bbox 481 442 561 482; x_wconf 79' lang='lat' dir='ltr'>regni</span> <span class='ocrx_word' id='word_1_155' title='bbox 581 441 710 480; x_wconf 80' lang='lat' dir='ltr'>legaliter</span> <span class='ocrx_word' id='word_1_156' title='bbox 723 439 931 469; x_wconf 74' lang='lat' dir='ltr'>inthronizatus</span> <span class='ocrx_word' id='word_1_157' title='bbox 988 439 1117 471; x_wconf 75' lang='lat' dir='ltr'>scribens:</span> <span class='ocrx_word' id='word_1_158' title='bbox 1127 444 1205 478; x_wconf 89' lang='lat' dir='ltr'>[Hoc</span> <span class='ocrx_word' id='word_1_159' title='bbox 1216 443 1291 471; x_wconf 87' lang='lat' dir='ltr'>enim</span> <span class='ocrx_word' id='word_1_160' title='bbox 1301 452 1393 481; x_wconf 82' lang='lat' dir='ltr'>agens,</span> <span class='ocrx_word' id='word_1_161' title='bbox 1405 441 1531 482; x_wconf 81' lang='lat' dir='ltr'>implebit</span> <span class='ocrx_word' id='word_1_162' title='bbox 1543 453 1601 471; x_wconf 87' lang='lat' dir='ltr'>non</span> <span class='ocrx_word' id='word_1_163' title='bbox 1609 441 1698 471; x_wconf 83' lang='lat' dir='ltr'>solum</span> <span class='ocrx_word' id='word_1_164' title='bbox 1709 445 1749 473; x_wconf 86' lang='lat' dir='ltr'>Po</span> <span class='ocrx_word' id='word_1_165' title='bbox 1755 453 1788 470; x_wconf 91' lang='lat' dir='ltr'>n-</span> 
     </span>
     <span class='ocr_line' id='line_1_11' title="bbox 128 480 1786 523; baseline -0.003 -7"><span class='ocrx_word' id='word_1_166' title='bbox 128 497 187 516; x_wconf 87' lang='lat' dir='ltr'>non</span> <span class='ocrx_word' id='word_1_167' title='bbox 203 485 324 515; x_wconf 79' lang='lat' dir='ltr'>efficitur</span> <span class='ocrx_word' id='word_1_168' title='bbox 337 483 531 523; x_wconf 81' lang='lat' dir='ltr'><strong>philopompus</strong></span> <span class='ocrx_word' id='word_1_169' title='bbox 543 504 551 515; x_wconf 85' lang='lat'><em>‚</em></span> <span class='ocrx_word' id='word_1_170' title='bbox 572 491 627 510; x_wconf 87' lang='lat' dir='ltr'>non</span> <span class='ocrx_word' id='word_1_171' title='bbox 636 502 644 514; x_wconf 92' lang='lat'><em>,</em></span> <span class='ocrx_word' id='word_1_172' title='bbox 655 489 685 508; x_wconf 91' lang='lat' dir='ltr'>ut</span> <span class='ocrx_word' id='word_1_173' title='bbox 698 481 786 518; x_wconf 82' lang='lat' dir='ltr'>plures</span> <span class='ocrx_word' id='word_1_174' title='bbox 796 480 911 509; x_wconf 79' lang='lat' dir='ltr'>assblent</span> <span class='ocrx_word' id='word_1_175' title='bbox 920 503 928 515; x_wconf 86' lang='lat'><em>‚</em></span> <span class='ocrx_word' id='word_1_176' title='bbox 989 481 1072 510; x_wconf 83' lang='lat' dir='ltr'>tificis</span> <span class='ocrx_word' id='word_1_177' title='bbox 1081 483 1225 514; x_wconf 67' lang='lat' dir='ltr'>officium</span> <span class='ocrx_word' id='word_1_178' title='bbox 1243 482 1290 512; x_wconf 87' lang='lat' dir='ltr'>sed</span> <span class='ocrx_word' id='word_1_179' title='bbox 1301 487 1327 512; x_wconf 75' lang='grc' dir='ltr'>δε</span> <span class='ocrx_word' id='word_1_180' title='bbox 1339 483 1541 522; x_wconf 80' lang='lat' dir='ltr'>etymologiam</span> <span class='ocrx_word' id='word_1_181' title='bbox 1554 483 1674 512; x_wconf 84' lang='lat' dir='ltr'>nominis</span> <span class='ocrx_word' id='word_1_182' title='bbox 1685 505 1692 516; x_wconf 84' lang='lat'><em>,</em></span> <span class='ocrx_word' id='word_1_183' title='bbox 1716 493 1786 521; x_wconf 89' lang='lat' dir='ltr'>pon-</span> 
     </span>
     <span class='ocr_line' id='line_1_12' title="bbox 130 520 1789 566; baseline -0.002 -10"><span class='ocrx_word' id='word_1_184' title='bbox 130 527 323 566; x_wconf 86' lang='lat' dir='ltr'>pompolentus</span> <span class='ocrx_word' id='word_1_185' title='bbox 332 546 340 553; x_wconf 89' lang='lat'><strong>.</strong></span> <span class='ocrx_word' id='word_1_186' title='bbox 363 526 399 554; x_wconf 92' lang='lat' dir='ltr'>In</span> <span class='ocrx_word' id='word_1_187' title='bbox 412 525 480 554; x_wconf 79' lang='lat' dir='ltr'>Vita</span> <span class='ocrx_word' id='word_1_188' title='bbox 499 525 524 554; x_wconf 91' lang='lat' dir='ltr'>S.</span> <span class='ocrx_word' id='word_1_189' title='bbox 535 521 665 553; x_wconf 82' lang='lat' dir='ltr'>Ad&#39;elardi</span> <span class='ocrx_word' id='word_1_190' title='bbox 676 520 747 550; x_wconf 87' lang='lat' dir='ltr'>Abb.</span> <span class='ocrx_word' id='word_1_191' title='bbox 988 531 1043 550; x_wconf 86' lang='lat' dir='ltr'>tem</span> <span class='ocrx_word' id='word_1_192' title='bbox 1053 522 1148 562; x_wconf 82' lang='lat' dir='ltr'>utique</span> <span class='ocrx_word' id='word_1_193' title='bbox 1159 523 1259 553; x_wconf 73' lang='lat' dir='ltr'>faciens</span> <span class='ocrx_word' id='word_1_194' title='bbox 1269 524 1342 552; x_wconf 86' lang='lat' dir='ltr'>inter</span> <span class='ocrx_word' id='word_1_195' title='bbox 1353 524 1442 553; x_wconf 89' lang='lat' dir='ltr'>Deum</span> <span class='ocrx_word' id='word_1_196' title='bbox 1455 546 1462 557; x_wconf 97' lang='lat'><em>,</em></span> <span class='ocrx_word' id='word_1_197' title='bbox 1475 527 1502 553; x_wconf 71' lang='grc' dir='ltr'>ὅ(</span> <span class='ocrx_word' id='word_1_198' title='bbox 1513 523 1668 562; x_wconf 78' lang='lat' dir='ltr'>proximum</span> <span class='ocrx_word' id='word_1_199' title='bbox 1678 544 1685 551; x_wconf 91' lang='lat'><em>.</em></span> <span class='ocrx_word' id='word_1_200' title='bbox 1697 524 1711 554; x_wconf 80' lang='grc'>1</span> <span class='ocrx_word' id='word_1_201' title='bbox 1729 525 1789 553; x_wconf 80' lang='lat' dir='ltr'>De-</span> 
     </span>
    </p>

    <p class='ocr_par' dir='ltr' id='par_1_6' title="bbox 86 563 1790 600">
     <span class='ocr_line' id='line_1_13' title="bbox 86 563 1790 600; baseline -0.002 -3"><span class='ocrx_word' id='word_1_202' title='bbox 86 569 278 597; x_wconf 62' lang='lat' dir='ltr'>Posummsus</span> <span class='ocrx_word' id='word_1_203' title='bbox 288 587 295 594; x_wconf 86' lang='lat'><strong><em>.</em></strong></span> <span class='ocrx_word' id='word_1_204' title='bbox 319 565 392 595; x_wconf 89' lang='lat' dir='ltr'>Vide</span> <span class='ocrx_word' id='word_1_205' title='bbox 412 564 598 600; x_wconf 76' lang='lat' dir='ltr'>Gtcrmmosus</span> <span class='ocrx_word' id='word_1_206' title='bbox 609 581 618 589; x_wconf 71' lang='grc' dir='ltr'><strong><em>ο</em></strong></span> <span class='ocrx_word' id='word_1_207' title='bbox 988 563 1052 591; x_wconf 84' lang='lat' dir='ltr'>bcnt</span> <span class='ocrx_word' id='word_1_208' title='bbox 1062 564 1210 592; x_wconf 77' lang='lat' dir='ltr'>Pontifices</span> <span class='ocrx_word' id='word_1_209' title='bbox 1227 563 1437 594; x_wconf 74' lang='lat' dir='ltr'>Amecessbrum</span> <span class='ocrx_word' id='word_1_210' title='bbox 1446 566 1565 594; x_wconf 80' lang='lat' dir='ltr'>Decreta</span> <span class='ocrx_word' id='word_1_211' title='bbox 1577 563 1697 594; x_wconf 75' lang='lat' dir='ltr'>validare</span> <span class='ocrx_word' id='word_1_212' title='bbox 1709 586 1716 597; x_wconf 87' lang='lat'><em>,</em></span> <span class='ocrx_word' id='word_1_213' title='bbox 1739 574 1790 593; x_wconf 81' lang='lat' dir='ltr'>cu·</span> 
     </span>
    </p>

    <p class='ocr_par' dir='ltr' id='par_1_7' title="bbox 87 601 928 798">
     <span class='ocr_line' id='line_1_14' title="bbox 87 601 928 644; baseline -0.005 -7"><span class='ocrx_word' id='word_1_214' title='bbox 87 610 206 644; x_wconf 56' lang='lat' dir='ltr'>Poxmz</span> <span class='ocrx_word' id='word_1_215' title='bbox 232 611 337 637; x_wconf 64' lang='lat' dir='ltr'>Eum</span> <span class='ocrx_word' id='word_1_216' title='bbox 351 607 456 634; x_wconf 49' lang='lat' dir='ltr'>Minus</span> <span class='ocrx_word' id='word_1_217' title='bbox 466 626 473 633; x_wconf 95' lang='lat'>.</span> <span class='ocrx_word' id='word_1_218' title='bbox 498 607 554 634; x_wconf 77' lang='lat' dir='ltr'>FR.</span> <span class='ocrx_word' id='word_1_219' title='bbox 576 602 674 630; x_wconf 79' lang='lat' dir='ltr'>cedere</span> <span class='ocrx_word' id='word_1_220' title='bbox 684 623 691 634; x_wconf 88' lang='lat'><em>,</em></span> <span class='ocrx_word' id='word_1_221' title='bbox 716 602 762 631; x_wconf 81' lang='lat' dir='ltr'>vel</span> <span class='ocrx_word' id='word_1_222' title='bbox 784 601 928 631; x_wconf 79' lang='lat' dir='ltr'>restituere</span> 
     </span>
     <span class='ocr_line' id='line_1_15' title="bbox 129 642 927 688; baseline -0.008 -10"><span class='ocrx_word' id='word_1_223' title='bbox 129 649 264 688; x_wconf 80' lang='lat' dir='ltr'>significat</span> <span class='ocrx_word' id='word_1_224' title='bbox 273 669 280 675; x_wconf 88' lang='lat'>.</span> <span class='ocrx_word' id='word_1_225' title='bbox 291 652 304 683; x_wconf 88' lang='lat'><strong>[</strong></span> <span class='ocrx_word' id='word_1_226' title='bbox 314 648 373 675; x_wconf 89' lang='lat' dir='ltr'>Nec</span> <span class='ocrx_word' id='word_1_227' title='bbox 383 647 461 674; x_wconf 82' lang='lat' dir='ltr'>liceat</span> <span class='ocrx_word' id='word_1_228' title='bbox 474 645 529 674; x_wconf 87' lang='lat' dir='ltr'>illis</span> <span class='ocrx_word' id='word_1_229' title='bbox 543 642 610 682; x_wconf 85' lang='lat' dir='ltr'>ipsas</span> <span class='ocrx_word' id='word_1_230' title='bbox 621 642 749 672; x_wconf 78' lang='lat' dir='ltr'>Ecclesias</span> <span class='ocrx_word' id='word_1_231' title='bbox 760 664 768 676; x_wconf 88' lang='lat'><em>,</em></span> <span class='ocrx_word' id='word_1_232' title='bbox 782 643 825 672; x_wconf 72' lang='lat' dir='ltr'>vel</span> <span class='ocrx_word' id='word_1_233' title='bbox 836 642 927 682; x_wconf 89' lang='lat' dir='ltr'>perso-</span> 
     </span>
     <span class='ocr_line' id='line_1_16' title="bbox 129 683 928 718; baseline -0.008 0"><span class='ocrx_word' id='word_1_234' title='bbox 129 699 176 718; x_wconf 77' lang='lat' dir='ltr'>nas</span> <span class='ocrx_word' id='word_1_235' title='bbox 186 690 219 718; x_wconf 82' lang='lat' dir='ltr'>:id</span> <span class='ocrx_word' id='word_1_236' title='bbox 230 686 434 717; x_wconf 84' lang='lat' dir='ltr'>distrahendum</span> <span class='ocrx_word' id='word_1_237' title='bbox 445 707 452 718; x_wconf 97' lang='lat'><em>,</em></span> <span class='ocrx_word' id='word_1_238' title='bbox 465 685 511 714; x_wconf 90' lang='lat' dir='ltr'>vel</span> <span class='ocrx_word' id='word_1_239' title='bbox 520 683 697 712; x_wconf 83' lang='lat' dir='ltr'>alienandum</span> <span class='ocrx_word' id='word_1_240' title='bbox 708 705 715 716; x_wconf 85' lang='lat'><em>‚</em></span> <span class='ocrx_word' id='word_1_241' title='bbox 727 693 773 712; x_wconf 88' lang='lat' dir='ltr'>aut</span> <span class='ocrx_word' id='word_1_242' title='bbox 782 693 861 713; x_wconf 82' lang='lat' dir='ltr'>extra</span> <span class='ocrx_word' id='word_1_243' title='bbox 873 694 928 712; x_wconf 70' lang='lat' dir='ltr'>ma-</span> 
     </span>
     <span class='ocr_line' id='line_1_17' title="bbox 126 723 927 768; baseline -0.006 -10"><span class='ocrx_word' id='word_1_244' title='bbox 126 739 193 758; x_wconf 89' lang='lat' dir='ltr'>num</span> <span class='ocrx_word' id='word_1_245' title='bbox 205 727 363 768; x_wconf 89' lang='lat' dir='ltr'>ponendum</span> <span class='ocrx_word' id='word_1_246' title='bbox 371 747 380 760; x_wconf 92' lang='lat'><em>,</em></span> <span class='ocrx_word' id='word_1_247' title='bbox 391 735 447 765; x_wconf 83' lang='lat' dir='ltr'>cap.</span> <span class='ocrx_word' id='word_1_248' title='bbox 458 725 521 765; x_wconf 80' lang='lat' dir='ltr'>quia</span> <span class='ocrx_word' id='word_1_249' title='bbox 531 724 671 758; x_wconf 87' lang='lat' dir='ltr'>nonnulli,</span> <span class='ocrx_word' id='word_1_250' title='bbox 680 723 714 753; x_wconf 90' lang='lat' dir='ltr'>de</span> <span class='ocrx_word' id='word_1_251' title='bbox 725 723 865 754; x_wconf 85' lang='lat' dir='ltr'>immunit.</span> <span class='ocrx_word' id='word_1_252' title='bbox 878 728 927 754; x_wconf 84' lang='lat' dir='ltr'>Ec-</span> 
     </span>
     <span class='ocr_line' id='line_1_18' title="bbox 127 769 257 798; baseline -0.008 0"><span class='ocrx_word' id='word_1_253' title='bbox 127 771 162 798; x_wconf 84' lang='lat' dir='ltr'>cl.</span> <span class='ocrx_word' id='word_1_254' title='bbox 181 769 212 798; x_wconf 88' lang='lat' dir='ltr'>in</span> <span class='ocrx_word' id='word_1_255' title='bbox 229 776 257 798; x_wconf 80' lang='lat'>⁶.</span> 
     </span>
    </p>

    <p class='ocr_par' dir='ltr' id='par_1_8' title="bbox 84 804 1787 1091">
     <span class='ocr_line' id='line_1_19' title="bbox 84 804 926 845; baseline -0.006 -6"><span class='ocrx_word' id='word_1_256' title='bbox 84 811 290 839; x_wconf 58' lang='lat' dir='ltr'>Posui-icum</span> <span class='ocrx_word' id='word_1_257' title='bbox 300 830 308 841; x_wconf 92' lang='lat'><em>‚</em></span> <span class='ocrx_word' id='word_1_258' title='bbox 321 809 379 837; x_wconf 71' lang='lat' dir='ltr'>PR.</span> <span class='ocrx_word' id='word_1_259' title='bbox 391 806 531 845; x_wconf 79' lang='lat' dir='ltr'>impositio</span> <span class='ocrx_word' id='word_1_260' title='bbox 540 805 674 835; x_wconf 87' lang='lat' dir='ltr'>solvenda</span> <span class='ocrx_word' id='word_1_261' title='bbox 691 804 720 834; x_wconf 89' lang='lat' dir='ltr'>in</span> <span class='ocrx_word' id='word_1_262' title='bbox 731 806 846 835; x_wconf 79' lang='lat' dir='ltr'>transitu</span> <span class='ocrx_word' id='word_1_263' title='bbox 858 816 926 844; x_wconf 73' lang='lat' dir='ltr'>pon—</span> 
     </span>
     <span class='ocr_line' id='line_1_20' title="bbox 124 846 927 888; baseline -0.007 -9"><span class='ocrx_word' id='word_1_264' title='bbox 124 851 195 879; x_wconf 83' lang='lat' dir='ltr'>tium</span> <span class='ocrx_word' id='word_1_265' title='bbox 205 870 212 877; x_wconf 90' lang='lat'><strong>.</strong></span> <span class='ocrx_word' id='word_1_266' title='bbox 223 848 376 888; x_wconf 83' lang='lat' dir='ltr'>Privilegia</span> <span class='ocrx_word' id='word_1_267' title='bbox 384 848 413 876; x_wconf 90' lang='lat' dir='ltr'>in</span> <span class='ocrx_word' id='word_1_268' title='bbox 425 847 556 877; x_wconf 84' lang='lat' dir='ltr'>chronica</span> <span class='ocrx_word' id='word_1_269' title='bbox 567 847 698 876; x_wconf 79' lang='lat' dir='ltr'>Casinen.</span> <span class='ocrx_word' id='word_1_270' title='bbox 709 846 822 875; x_wconf 62' lang='lat' dir='ltr'>adducta</span> <span class='ocrx_word' id='word_1_271' title='bbox 840 847 887 875; x_wconf 90' lang='lat' dir='ltr'>lib.</span> <span class='ocrx_word' id='word_1_272' title='bbox 903 857 927 875; x_wconf 83' lang='lat' dir='ltr'>i.</span> 
     </span>
     <span class='ocr_line' id='line_1_21' title="bbox 123 886 1786 929; baseline 0 -10"><span class='ocrx_word' id='word_1_273' title='bbox 123 900 183 929; x_wconf 84' lang='lat' dir='ltr'>cap.</span> <span class='ocrx_word' id='word_1_274' title='bbox 197 896 242 926; x_wconf 86' lang='lat'>56.</span> <span class='ocrx_word' id='word_1_275' title='bbox 262 889 338 928; x_wconf 88' lang='lat' dir='ltr'>quod</span> <span class='ocrx_word' id='word_1_276' title='bbox 356 887 454 917; x_wconf 87' lang='lat' dir='ltr'>clarius</span> <span class='ocrx_word' id='word_1_277' title='bbox 474 888 629 926; x_wconf 80' lang='lat' dir='ltr'><strong>explicatur</strong></span> <span class='ocrx_word' id='word_1_278' title='bbox 646 886 676 915; x_wconf 90' lang='lat' dir='ltr'>in</span> <span class='ocrx_word' id='word_1_279' title='bbox 686 887 787 916; x_wconf 81' lang='lat' dir='ltr'>Bullar.</span> <span class='ocrx_word' id='word_1_280' title='bbox 797 887 926 917; x_wconf 71' lang='lat' dir='ltr'>casinen.</span> <span class='ocrx_word' id='word_1_281' title='bbox 985 888 1136 917; x_wconf 84' lang='lat' dir='ltr'>Pontifices</span> <span class='ocrx_word' id='word_1_282' title='bbox 1156 888 1246 917; x_wconf 69' lang='lat' dir='ltr'>Sancti</span> <span class='ocrx_word' id='word_1_283' title='bbox 1257 890 1395 924; x_wconf 80' lang='lat' dir='ltr'>Martyres</span> <span class='ocrx_word' id='word_1_284' title='bbox 1415 890 1544 918; x_wconf 83' lang='lat' dir='ltr'>dicantur</span> <span class='ocrx_word' id='word_1_285' title='bbox 1554 911 1562 922; x_wconf 92' lang='lat'><em>,</em></span> <span class='ocrx_word' id='word_1_286' title='bbox 1584 892 1612 918; x_wconf 75' lang='grc' dir='ltr'>ὃ(</span> <span class='ocrx_word' id='word_1_287' title='bbox 1622 898 1715 918; x_wconf 81' lang='lat' dir='ltr'>tamen</span> <span class='ocrx_word' id='word_1_288' title='bbox 1723 889 1786 920; x_wconf 70' lang='lat' dir='ltr'>san-</span> 
     </span>
     <span class='ocr_line' id='line_1_22' title="bbox 124 927 1640 970; baseline -0.001 -10"><span class='ocrx_word' id='word_1_289' title='bbox 124 941 195 960; x_wconf 81' lang='lat' dir='ltr'>tom.</span> <span class='ocrx_word' id='word_1_290' title='bbox 208 942 234 960; x_wconf 88' lang='lat'>2.</span> <span class='ocrx_word' id='word_1_291' title='bbox 245 930 369 959; x_wconf 75' lang='lat' dir='ltr'>constit.</span> <span class='ocrx_word' id='word_1_292' title='bbox 379 941 428 966; x_wconf 78' lang='lat'>92-</span> <span class='ocrx_word' id='word_1_293' title='bbox 438 929 482 957; x_wconf 92' lang='lat' dir='ltr'>ubi</span> <span class='ocrx_word' id='word_1_294' title='bbox 503 929 539 958; x_wconf 83' lang='lat' dir='ltr'>fic</span> <span class='ocrx_word' id='word_1_295' title='bbox 556 927 690 956; x_wconf 79' lang='lat' dir='ltr'>habetur:</span> <span class='ocrx_word' id='word_1_296' title='bbox 711 928 778 963; x_wconf 90' lang='lat' dir='ltr'>[Dc</span> <span class='ocrx_word' id='word_1_297' title='bbox 788 927 928 956; x_wconf 80' lang='lat' dir='ltr'>theloneis</span> <span class='ocrx_word' id='word_1_298' title='bbox 984 928 1098 968; x_wconf 86' lang='lat' dir='ltr'>guinem</span> <span class='ocrx_word' id='word_1_299' title='bbox 1108 939 1168 957; x_wconf 86' lang='lat' dir='ltr'>non</span> <span class='ocrx_word' id='word_1_300' title='bbox 1181 928 1302 958; x_wconf 82' lang='lat' dir='ltr'>fuderint</span> <span class='ocrx_word' id='word_1_301' title='bbox 1313 950 1320 957; x_wconf 87' lang='lat'><strong>.</strong></span> <span class='ocrx_word' id='word_1_302' title='bbox 1332 930 1407 958; x_wconf 82' lang='lat' dir='ltr'>Vide</span> <span class='ocrx_word' id='word_1_303' title='bbox 1416 931 1622 970; x_wconf 63' lang='lat' dir='ltr'>Responsorium</span> <span class='ocrx_word' id='word_1_304' title='bbox 1632 951 1640 963; x_wconf 92' lang='lat'><em>,</em></span> 
     </span>
     <span class='ocr_line' id='line_1_23' title="bbox 124 968 1787 1010; baseline 0 -10"><span class='ocrx_word' id='word_1_305' title='bbox 124 981 234 1010; x_wconf 86' lang='lat' dir='ltr'>quoque</span> <span class='ocrx_word' id='word_1_306' title='bbox 255 973 438 1000; x_wconf 76' lang='lat' dir='ltr'>Mei-catorum</span> <span class='ocrx_word' id='word_1_307' title='bbox 449 989 458 1005; x_wconf 87' lang='lat'>,</span> <span class='ocrx_word' id='word_1_308' title='bbox 478 973 506 998; x_wconf 76' lang='grc' dir='ltr'>ὅ(</span> <span class='ocrx_word' id='word_1_309' title='bbox 516 968 664 1001; x_wconf 85' lang='lat' dir='ltr'>Pontium,</span> <span class='ocrx_word' id='word_1_310' title='bbox 684 972 712 997; x_wconf 77' lang='grc' dir='ltr'>ὅ(</span> <span class='ocrx_word' id='word_1_311' title='bbox 732 968 856 997; x_wconf 84' lang='lat' dir='ltr'>Decimis</span> <span class='ocrx_word' id='word_1_312' title='bbox 867 991 875 1002; x_wconf 91' lang='lat'><em>‚</em></span> <span class='ocrx_word' id='word_1_313' title='bbox 897 979 926 997; x_wconf 85' lang='lat' dir='ltr'>ac</span> <span class='ocrx_word' id='word_1_314' title='bbox 945 971 1166 998; x_wconf 55' lang='lat' dir='ltr'>Pon-rincum</span> <span class='ocrx_word' id='word_1_315' title='bbox 1177 970 1339 1000; x_wconf 73' lang='lat' dir='ltr'>indumenta</span> <span class='ocrx_word' id='word_1_316' title='bbox 1352 995 1357 1005; x_wconf 75' lang='grc'><em>,</em></span> <span class='ocrx_word' id='word_1_317' title='bbox 1368 981 1397 999; x_wconf 89' lang='lat' dir='ltr'>ac</span> <span class='ocrx_word' id='word_1_318' title='bbox 1407 971 1458 999; x_wconf 84' lang='lat' dir='ltr'>alia</span> <span class='ocrx_word' id='word_1_319' title='bbox 1467 971 1501 999; x_wconf 90' lang='lat' dir='ltr'>ad</span> <span class='ocrx_word' id='word_1_320' title='bbox 1511 971 1538 999; x_wconf 91' lang='lat' dir='ltr'>id</span> <span class='ocrx_word' id='word_1_321' title='bbox 1549 969 1713 1009; x_wconf 69' lang='lat' dir='ltr'>speftantia.</span> <span class='ocrx_word' id='word_1_322' title='bbox 1732 971 1787 1000; x_wconf 82' lang='lat' dir='ltr'>Vi-·</span> 
     </span>
     <span class='ocr_line' id='line_1_24' title="bbox 124 1009 1784 1051; baseline 0.001 -11"><span class='ocrx_word' id='word_1_323' title='bbox 124 1011 328 1040; x_wconf 84' lang='lat' dir='ltr'>Monachorum</span> <span class='ocrx_word' id='word_1_324' title='bbox 340 1011 473 1048; x_wconf 81' lang='lat' dir='ltr'>stipendia</span> <span class='ocrx_word' id='word_1_325' title='bbox 483 1012 549 1041; x_wconf 85' lang='lat' dir='ltr'>&amp;c.]</span> <span class='ocrx_word' id='word_1_326' title='bbox 562 1014 590 1039; x_wconf 70' lang='grc' dir='ltr'>ὅ(</span> <span class='ocrx_word' id='word_1_327' title='bbox 600 1009 628 1037; x_wconf 91' lang='lat' dir='ltr'>in</span> <span class='ocrx_word' id='word_1_328' title='bbox 638 1009 749 1049; x_wconf 80' lang='lat' dir='ltr'>capitul.</span> <span class='ocrx_word' id='word_1_329' title='bbox 759 1010 856 1039; x_wconf 81' lang='lat' dir='ltr'>Caroli</span> <span class='ocrx_word' id='word_1_330' title='bbox 866 1012 928 1040; x_wconf 82' lang='lat' dir='ltr'>M2-</span> <span class='ocrx_word' id='word_1_331' title='bbox 984 1010 1018 1038; x_wconf 92' lang='lat' dir='ltr'>de</span> <span class='ocrx_word' id='word_1_332' title='bbox 1028 1011 1170 1048; x_wconf 74' lang='lat' dir='ltr'>Episcopus</span> <span class='ocrx_word' id='word_1_333' title='bbox 1183 1031 1190 1038; x_wconf 89' lang='lat'><em>.</em></span> <span class='ocrx_word' id='word_1_334' title='bbox 1209 1010 1308 1047; x_wconf 78' lang='lat' dir='ltr'>Quoad</span> <span class='ocrx_word' id='word_1_335' title='bbox 1328 1013 1383 1047; x_wconf 79' lang='lat' dir='ltr'>ejus</span> <span class='ocrx_word' id='word_1_336' title='bbox 1400 1011 1560 1050; x_wconf 85' lang='lat' dir='ltr'>pontificale</span> <span class='ocrx_word' id='word_1_337' title='bbox 1571 1032 1578 1039; x_wconf 92' lang='lat'><strong><em>.</em></strong></span> <span class='ocrx_word' id='word_1_338' title='bbox 1599 1012 1673 1042; x_wconf 85' lang='lat' dir='ltr'>Vide</span> <span class='ocrx_word' id='word_1_339' title='bbox 1690 1018 1784 1051; x_wconf 80' lang='lat' dir='ltr'>Papa-</span> 
     </span>
     <span class='ocr_line' id='line_1_25' title="bbox 125 1050 1786 1091; baseline 0.001 -11"><span class='ocrx_word' id='word_1_340' title='bbox 125 1052 175 1091; x_wconf 90' lang='lat' dir='ltr'>gni</span> <span class='ocrx_word' id='word_1_341' title='bbox 185 1052 256 1091; x_wconf 76' lang='lat' dir='ltr'>saepe</span> <span class='ocrx_word' id='word_1_342' title='bbox 267 1051 296 1080; x_wconf 82' lang='lat' dir='ltr'>lit</span> <span class='ocrx_word' id='word_1_343' title='bbox 306 1051 428 1080; x_wconf 82' lang='lat' dir='ltr'>mentio.</span> <span class='ocrx_word' id='word_1_344' title='bbox 451 1050 524 1079; x_wconf 87' lang='lat' dir='ltr'>Vide</span> <span class='ocrx_word' id='word_1_345' title='bbox 534 1055 666 1079; x_wconf 76' lang='lat' dir='ltr'>Portam.</span> <span class='ocrx_word' id='word_1_346' title='bbox 983 1051 1114 1080; x_wconf 76' lang='lat' dir='ltr'>Pontifex</span> <span class='ocrx_word' id='word_1_347' title='bbox 1136 1052 1256 1090; x_wconf 76' lang='lat' dir='ltr'>antiqua:</span> <span class='ocrx_word' id='word_1_348' title='bbox 1267 1051 1335 1090; x_wconf 85' lang='lat' dir='ltr'>legis</span> <span class='ocrx_word' id='word_1_349' title='bbox 1355 1052 1495 1090; x_wconf 84' lang='lat' dir='ltr'>quomodo</span> <span class='ocrx_word' id='word_1_350' title='bbox 1505 1051 1668 1081; x_wconf 77' lang='lat' dir='ltr'>induebatur</span> <span class='ocrx_word' id='word_1_351' title='bbox 1678 1072 1686 1080; x_wconf 86' lang='lat'><em>.</em></span> <span class='ocrx_word' id='word_1_352' title='bbox 1710 1053 1786 1083; x_wconf 82' lang='lat' dir='ltr'>Vide</span> 
     </span>
    </p>

    <p class='ocr_par' dir='ltr' id='par_1_9' title="bbox 84 1089 1785 1455">
     <span class='ocr_line' id='line_1_26' title="bbox 84 1089 1501 1130; baseline -0.002 -8"><span class='ocrx_word' id='word_1_353' title='bbox 84 1094 238 1123; x_wconf 69' lang='lat' dir='ltr'>Pourirt-:x</span> <span class='ocrx_word' id='word_1_354' title='bbox 251 1114 257 1120; x_wconf 94' lang='lat'>.</span> <span class='ocrx_word' id='word_1_355' title='bbox 270 1095 326 1121; x_wconf 76' lang='lat' dir='ltr'>PR.</span> <span class='ocrx_word' id='word_1_356' title='bbox 336 1092 400 1122; x_wconf 88' lang='lat' dir='ltr'>licet</span> <span class='ocrx_word' id='word_1_357' title='bbox 411 1091 463 1120; x_wconf 88' lang='lat' dir='ltr'>hoc</span> <span class='ocrx_word' id='word_1_358' title='bbox 474 1091 633 1120; x_wconf 84' lang='lat' dir='ltr'>vocabulum</span> <span class='ocrx_word' id='word_1_359' title='bbox 641 1090 768 1120; x_wconf 86' lang='lat' dir='ltr'>omnibus</span> <span class='ocrx_word' id='word_1_360' title='bbox 780 1089 922 1129; x_wconf 86' lang='lat' dir='ltr'>Episcopis</span> <span class='ocrx_word' id='word_1_361' title='bbox 984 1093 1086 1130; x_wconf 73' lang='lat' dir='ltr'>Ephod.</span> <span class='ocrx_word' id='word_1_362' title='bbox 1095 1093 1224 1120; x_wconf 79' lang='lat' dir='ltr'>Petalmn</span> <span class='ocrx_word' id='word_1_363' title='bbox 1235 1111 1242 1119; x_wconf 91' lang='lat'><strong><em>.</em></strong></span> <span class='ocrx_word' id='word_1_364' title='bbox 1497 1124 1501 1128; x_wconf 23' lang='grc'>7</span> 
     </span>
     <span class='ocr_line' id='line_1_27' title="bbox 125 1131 1785 1172; baseline 0.001 -11"><span class='ocrx_word' id='word_1_365' title='bbox 125 1133 274 1162; x_wconf 86' lang='lat' dir='ltr'>conveniat</span> <span class='ocrx_word' id='word_1_366' title='bbox 287 1144 295 1164; x_wconf 72' lang='grc' dir='ltr'><strong><em>ς</em></strong></span> <span class='ocrx_word' id='word_1_367' title='bbox 313 1132 530 1161; x_wconf 90' lang='lat' dir='ltr'>antonomastice</span> <span class='ocrx_word' id='word_1_368' title='bbox 549 1142 641 1160; x_wconf 87' lang='lat' dir='ltr'>tamen</span> <span class='ocrx_word' id='word_1_369' title='bbox 661 1133 784 1160; x_wconf 83' lang='lat' dir='ltr'>Summus</span> <span class='ocrx_word' id='word_1_370' title='bbox 795 1131 926 1160; x_wconf 79' lang='lat' dir='ltr'>Pontifex</span> <span class='ocrx_word' id='word_1_371' title='bbox 944 1135 1155 1162; x_wconf 60' lang='lat' dir='ltr'>Pommcnrm.</span> <span class='ocrx_word' id='word_1_372' title='bbox 1168 1134 1224 1162; x_wconf 85' lang='lat' dir='ltr'>FR.</span> <span class='ocrx_word' id='word_1_373' title='bbox 1235 1143 1339 1161; x_wconf 84' lang='lat' dir='ltr'>nomen</span> <span class='ocrx_word' id='word_1_374' title='bbox 1348 1132 1401 1161; x_wconf 89' lang='lat' dir='ltr'>hoc</span> <span class='ocrx_word' id='word_1_375' title='bbox 1410 1131 1576 1162; x_wconf 85' lang='lat' dir='ltr'>substantive</span> <span class='ocrx_word' id='word_1_376' title='bbox 1586 1131 1726 1172; x_wconf 86' lang='lat' dir='ltr'>sumptum</span> <span class='ocrx_word' id='word_1_377' title='bbox 1735 1141 1785 1164; x_wconf 73' lang='lat' dir='ltr'>ne;</span> 
     </span>
     <span class='ocr_line' id='line_1_28' title="bbox 125 1172 1782 1214; baseline 0.001 -12"><span class='ocrx_word' id='word_1_378' title='bbox 125 1177 269 1204; x_wconf 81' lang='lat' dir='ltr'>Romanus</span> <span class='ocrx_word' id='word_1_379' title='bbox 278 1174 446 1212; x_wconf 80' lang='lat' dir='ltr'>intelligitur</span> <span class='ocrx_word' id='word_1_380' title='bbox 457 1183 529 1211; x_wconf 88' lang='lat' dir='ltr'>:quo</span> <span class='ocrx_word' id='word_1_381' title='bbox 541 1183 607 1201; x_wconf 88' lang='lat' dir='ltr'>vero</span> <span class='ocrx_word' id='word_1_382' title='bbox 616 1173 648 1201; x_wconf 79' lang='lat' dir='ltr'>ad</span> <span class='ocrx_word' id='word_1_383' title='bbox 659 1172 864 1212; x_wconf 81' lang='lat' dir='ltr'>etymologiam</span> <span class='ocrx_word' id='word_1_384' title='bbox 876 1183 925 1199; x_wconf 91' lang='lat' dir='ltr'>no·</span> <span class='ocrx_word' id='word_1_385' title='bbox 983 1173 1048 1201; x_wconf 81' lang='lat' dir='ltr'>dum</span> <span class='ocrx_word' id='word_1_386' title='bbox 1058 1173 1192 1212; x_wconf 82' lang='lat' dir='ltr'>significat</span> <span class='ocrx_word' id='word_1_387' title='bbox 1203 1173 1373 1211; x_wconf 82' lang='lat' dir='ltr'>pontificiam</span> <span class='ocrx_word' id='word_1_388' title='bbox 1382 1174 1574 1202; x_wconf 58' lang='lat' dir='ltr'>auctoritatem</span> <span class='ocrx_word' id='word_1_389' title='bbox 1584 1195 1592 1206; x_wconf 90' lang='lat'><em>‚</em></span> <span class='ocrx_word' id='word_1_390' title='bbox 1603 1173 1649 1203; x_wconf 87' lang='lat' dir='ltr'>seu</span> <span class='ocrx_word' id='word_1_391' title='bbox 1657 1175 1782 1214; x_wconf 78' lang='lat' dir='ltr'>dignita-</span> 
     </span>
     <span class='ocr_line' id='line_1_29' title="bbox 125 1213 1782 1254; baseline 0.001 -11"><span class='ocrx_word' id='word_1_392' title='bbox 125 1215 218 1248; x_wconf 75' lang='lat' dir='ltr'>minis,</span> <span class='ocrx_word' id='word_1_393' title='bbox 228 1225 242 1243; x_wconf 90' lang='lat' dir='ltr'>a</span> <span class='ocrx_word' id='word_1_394' title='bbox 253 1215 381 1243; x_wconf 87' lang='lat' dir='ltr'>Pontibus</span> <span class='ocrx_word' id='word_1_395' title='bbox 389 1213 507 1243; x_wconf 84' lang='lat' dir='ltr'>derivari</span> <span class='ocrx_word' id='word_1_396' title='bbox 518 1213 631 1252; x_wconf 80' lang='lat' dir='ltr'>quidam</span> <span class='ocrx_word' id='word_1_397' title='bbox 640 1222 781 1241; x_wconf 69' lang='lat' dir='ltr'>autumant</span> <span class='ocrx_word' id='word_1_398' title='bbox 791 1234 798 1241; x_wconf 92' lang='lat'><em>.</em></span> <span class='ocrx_word' id='word_1_399' title='bbox 810 1213 926 1248; x_wconf 85' lang='lat' dir='ltr'>[Fuerit</span> <span class='ocrx_word' id='word_1_400' title='bbox 983 1223 1040 1242; x_wconf 82' lang='lat' dir='ltr'>tem</span> <span class='ocrx_word' id='word_1_401' title='bbox 1051 1225 1059 1245; x_wconf 79' lang='lat'>5</span> <span class='ocrx_word' id='word_1_402' title='bbox 1070 1214 1118 1242; x_wconf 85' lang='lat' dir='ltr'>sed</span> <span class='ocrx_word' id='word_1_403' title='bbox 1127 1214 1210 1242; x_wconf 81' lang='lat' dir='ltr'>etiam</span> <span class='ocrx_word' id='word_1_404' title='bbox 1219 1214 1371 1252; x_wconf 77' lang='lat' dir='ltr'>quamlibet</span> <span class='ocrx_word' id='word_1_405' title='bbox 1382 1215 1543 1253; x_wconf 83' lang='lat' dir='ltr'>potestatem</span> <span class='ocrx_word' id='word_1_406' title='bbox 1551 1215 1670 1254; x_wconf 82' lang='lat' dir='ltr'>agendi,</span> <span class='ocrx_word' id='word_1_407' title='bbox 1683 1216 1728 1245; x_wconf 88' lang='lat' dir='ltr'>vel</span> <span class='ocrx_word' id='word_1_408' title='bbox 1738 1216 1782 1245; x_wconf 86' lang='lat' dir='ltr'>di-</span> 
     </span>
     <span class='ocr_line' id='line_1_30' title="bbox 124 1253 1782 1295; baseline 0.002 -12"><span class='ocrx_word' id='word_1_409' title='bbox 124 1265 214 1283; x_wconf 84' lang='lat' dir='ltr'>autem</span> <span class='ocrx_word' id='word_1_410' title='bbox 225 1265 318 1294; x_wconf 74' lang='lat' dir='ltr'>opera:</span> <span class='ocrx_word' id='word_1_411' title='bbox 328 1255 449 1293; x_wconf 87' lang='lat' dir='ltr'>pretium</span> <span class='ocrx_word' id='word_1_412' title='bbox 459 1276 467 1287; x_wconf 94' lang='lat'><em>,</em></span> <span class='ocrx_word' id='word_1_413' title='bbox 489 1253 621 1292; x_wconf 85' lang='lat' dir='ltr'>quiddam</span> <span class='ocrx_word' id='word_1_414' title='bbox 630 1254 770 1282; x_wconf 70' lang='lat' dir='ltr'>memoriae</span> <span class='ocrx_word' id='word_1_415' title='bbox 783 1254 926 1292; x_wconf 90' lang='lat' dir='ltr'>proditum</span> <span class='ocrx_word' id='word_1_416' title='bbox 982 1254 1063 1283; x_wconf 85' lang='lat' dir='ltr'>cendi</span> <span class='ocrx_word' id='word_1_417' title='bbox 1074 1253 1188 1293; x_wconf 83' lang='lat' dir='ltr'>aliquid.</span> <span class='ocrx_word' id='word_1_418' title='bbox 1201 1260 1212 1290; x_wconf 94' lang='lat'><strong>[</strong></span> <span class='ocrx_word' id='word_1_419' title='bbox 1223 1255 1268 1284; x_wconf 88' lang='lat' dir='ltr'>Ut</span> <span class='ocrx_word' id='word_1_420' title='bbox 1279 1255 1387 1284; x_wconf 84' lang='lat' dir='ltr'>fruendi</span> <span class='ocrx_word' id='word_1_421' title='bbox 1401 1255 1576 1295; x_wconf 81' lang='lat' dir='ltr'>pontificium</span> <span class='ocrx_word' id='word_1_422' title='bbox 1586 1255 1694 1285; x_wconf 76' lang='lat' dir='ltr'>habeat.</span> <span class='ocrx_word' id='word_1_423' title='bbox 1705 1257 1782 1286; x_wconf 81' lang='lat' dir='ltr'>cod.</span> 
     </span>
     <span class='ocr_line' id='line_1_31' title="bbox 123 1293 1310 1334; baseline -0.001 -9"><span class='ocrx_word' id='word_1_424' title='bbox 123 1306 182 1324; x_wconf 89' lang='lat' dir='ltr'>non</span> <span class='ocrx_word' id='word_1_425' title='bbox 192 1296 285 1325; x_wconf 78' lang='lat' dir='ltr'>omitti</span> <span class='ocrx_word' id='word_1_426' title='bbox 296 1317 304 1328; x_wconf 94' lang='lat'><em>‚</em></span> <span class='ocrx_word' id='word_1_427' title='bbox 322 1295 419 1334; x_wconf 85' lang='lat' dir='ltr'>quoda</span> <span class='ocrx_word' id='word_1_428' title='bbox 429 1294 586 1323; x_wconf 79' lang='lat' dir='ltr'>narratione</span> <span class='ocrx_word' id='word_1_429' title='bbox 609 1293 736 1332; x_wconf 73' lang='lat' dir='ltr'>praesenti</span> <span class='ocrx_word' id='word_1_430' title='bbox 749 1305 807 1322; x_wconf 89' lang='lat' dir='ltr'>non</span> <span class='ocrx_word' id='word_1_431' title='bbox 817 1294 849 1322; x_wconf 85' lang='lat' dir='ltr'>sit</span> <span class='ocrx_word' id='word_1_432' title='bbox 860 1293 924 1322; x_wconf 85' lang='lat' dir='ltr'>alie·</span> <span class='ocrx_word' id='word_1_433' title='bbox 981 1294 1121 1324; x_wconf 80' lang='lat' dir='ltr'>Theodos.</span> <span class='ocrx_word' id='word_1_434' title='bbox 1129 1295 1176 1323; x_wconf 84' lang='lat' dir='ltr'>lib.</span> <span class='ocrx_word' id='word_1_435' title='bbox 1188 1300 1212 1324; x_wconf 89' lang='lat'>8.</span> <span class='ocrx_word' id='word_1_436' title='bbox 1224 1295 1270 1324; x_wconf 87' lang='lat' dir='ltr'>tit.</span> <span class='ocrx_word' id='word_1_437' title='bbox 1280 1307 1310 1333; x_wconf 91' lang='lat'>9.</span> 
     </span>
     <span class='ocr_line' id='line_1_32' title="bbox 124 1334 1783 1378; baseline 0.002 -14"><span class='ocrx_word' id='word_1_438' title='bbox 124 1346 189 1364; x_wconf 89' lang='lat' dir='ltr'>num</span> <span class='ocrx_word' id='word_1_439' title='bbox 201 1356 208 1364; x_wconf 90' lang='lat'><strong><em>.</em></strong></span> <span class='ocrx_word' id='word_1_440' title='bbox 220 1338 255 1366; x_wconf 90' lang='lat' dir='ltr'>In</span> <span class='ocrx_word' id='word_1_441' title='bbox 265 1336 403 1375; x_wconf 82' lang='lat' dir='ltr'>Collegiis</span> <span class='ocrx_word' id='word_1_442' title='bbox 412 1335 590 1364; x_wconf 79' lang='lat' dir='ltr'>Sacerdotum</span> <span class='ocrx_word' id='word_1_443' title='bbox 599 1338 697 1364; x_wconf 74' lang='lat' dir='ltr'>Romzc</span> <span class='ocrx_word' id='word_1_444' title='bbox 707 1334 857 1363; x_wconf 82' lang='lat' dir='ltr'>Pontifices</span> <span class='ocrx_word' id='word_1_445' title='bbox 869 1334 924 1373; x_wconf 75' lang='lat' dir='ltr'>pri-</span> <span class='ocrx_word' id='word_1_446' title='bbox 941 1337 1107 1366; x_wconf 73' lang='lat' dir='ltr'>PouTn-&#39;ico</span> <span class='ocrx_word' id='word_1_447' title='bbox 1117 1357 1123 1368; x_wconf 85' lang='lat'><em>,</em></span> <span class='ocrx_word' id='word_1_448' title='bbox 1142 1336 1254 1365; x_wconf 83' lang='lat' dir='ltr'>verbum</span> <span class='ocrx_word' id='word_1_449' title='bbox 1264 1358 1273 1370; x_wconf 90' lang='lat'><em>‚</em></span> <span class='ocrx_word' id='word_1_450' title='bbox 1294 1335 1450 1376; x_wconf 84' lang='lat' dir='ltr'>Episcopali</span> <span class='ocrx_word' id='word_1_451' title='bbox 1462 1337 1603 1377; x_wconf 77' lang='lat' dir='ltr'>dignitate</span> <span class='ocrx_word' id='word_1_452' title='bbox 1613 1336 1666 1367; x_wconf 88' lang='lat' dir='ltr'>frui</span> <span class='ocrx_word' id='word_1_453' title='bbox 1677 1337 1783 1378; x_wconf 77' lang='lat' dir='ltr'>signifi-</span> 
     </span>
     <span class='ocr_line' id='line_1_33' title="bbox 124 1375 1782 1416; baseline 0.003 -11"><span class='ocrx_word' id='word_1_454' title='bbox 124 1386 181 1405; x_wconf 77' lang='lat' dir='ltr'>mas</span> <span class='ocrx_word' id='word_1_455' title='bbox 200 1377 329 1406; x_wconf 84' lang='lat' dir='ltr'>tenebant</span> <span class='ocrx_word' id='word_1_456' title='bbox 339 1399 347 1410; x_wconf 87' lang='lat'><em>‚</em></span> <span class='ocrx_word' id='word_1_457' title='bbox 365 1376 440 1415; x_wconf 87' lang='lat' dir='ltr'>quod</span> <span class='ocrx_word' id='word_1_458' title='bbox 463 1377 482 1406; x_wconf 80' lang='lat' dir='ltr'>si</span> <span class='ocrx_word' id='word_1_459' title='bbox 493 1386 548 1404; x_wconf 87' lang='lat' dir='ltr'>vox</span> <span class='ocrx_word' id='word_1_460' title='bbox 562 1375 611 1404; x_wconf 86' lang='lat' dir='ltr'>ista</span> <span class='ocrx_word' id='word_1_461' title='bbox 619 1385 734 1415; x_wconf 79' lang='lat' dir='ltr'>graecam</span> <span class='ocrx_word' id='word_1_462' title='bbox 751 1375 781 1403; x_wconf 89' lang='lat' dir='ltr'>in</span> <span class='ocrx_word' id='word_1_463' title='bbox 800 1375 922 1414; x_wconf 77' lang='lat' dir='ltr'>linguam</span> <span class='ocrx_word' id='word_1_464' title='bbox 982 1385 1025 1405; x_wconf 85' lang='lat' dir='ltr'>cat</span> <span class='ocrx_word' id='word_1_465' title='bbox 1034 1397 1044 1404; x_wconf 91' lang='lat'>.</span> <span class='ocrx_word' id='word_1_466' title='bbox 1062 1383 1075 1413; x_wconf 93' lang='lat'><strong>[</strong></span> <span class='ocrx_word' id='word_1_467' title='bbox 1088 1377 1144 1413; x_wconf 86' lang='lat' dir='ltr'>Qui</span> <span class='ocrx_word' id='word_1_468' title='bbox 1167 1377 1268 1406; x_wconf 88' lang='lat' dir='ltr'>ibidem</span> <span class='ocrx_word' id='word_1_469' title='bbox 1279 1378 1456 1416; x_wconf 77' lang='lat' dir='ltr'>pontificavit</span> <span class='ocrx_word' id='word_1_470' title='bbox 1465 1379 1535 1407; x_wconf 85' lang='lat' dir='ltr'>circa</span> <span class='ocrx_word' id='word_1_471' title='bbox 1545 1389 1648 1408; x_wconf 84' lang='lat' dir='ltr'>annum</span> <span class='ocrx_word' id='word_1_472' title='bbox 1659 1384 1724 1416; x_wconf 73' lang='lat'>850.</span> <span class='ocrx_word' id='word_1_473' title='bbox 1744 1381 1782 1410; x_wconf 78' lang='lat' dir='ltr'>In</span> 
     </span>
     <span class='ocr_line' id='line_1_34' title="bbox 125 1415 1359 1455; baseline 0 -10"><span class='ocrx_word' id='word_1_474' title='bbox 125 1417 304 1446; x_wconf 78' lang='lat' dir='ltr'>transferatur</span> <span class='ocrx_word' id='word_1_475' title='bbox 317 1439 327 1451; x_wconf 90' lang='lat'>‚</span> <span class='ocrx_word' id='word_1_476' title='bbox 346 1415 513 1455; x_wconf 88' lang='lat' dir='ltr'>Gephyreos</span> <span class='ocrx_word' id='word_1_477' title='bbox 524 1438 532 1449; x_wconf 94' lang='lat'><em>,</em></span> <span class='ocrx_word' id='word_1_478' title='bbox 552 1427 566 1445; x_wconf 83' lang='lat'>:1</span> <span class='ocrx_word' id='word_1_479' title='bbox 578 1416 708 1454; x_wconf 85' lang='lat' dir='ltr'>pontibus</span> <span class='ocrx_word' id='word_1_480' title='bbox 726 1416 818 1445; x_wconf 83' lang='lat' dir='ltr'>dicere</span> <span class='ocrx_word' id='word_1_481' title='bbox 828 1416 907 1445; x_wconf 82' lang='lat' dir='ltr'>liceat</span> <span class='ocrx_word' id='word_1_482' title='bbox 917 1436 925 1443; x_wconf 84' lang='lat'><strong>.</strong></span> <span class='ocrx_word' id='word_1_483' title='bbox 982 1418 1049 1446; x_wconf 86' lang='lat' dir='ltr'>Vita</span> <span class='ocrx_word' id='word_1_484' title='bbox 1061 1419 1086 1448; x_wconf 87' lang='lat' dir='ltr'>S.</span> <span class='ocrx_word' id='word_1_485' title='bbox 1097 1417 1207 1447; x_wconf 77' lang='lat' dir='ltr'>Patritii</span> <span class='ocrx_word' id='word_1_486' title='bbox 1221 1429 1229 1446; x_wconf 83' lang='grc' dir='ltr'><strong>ι</strong></span> <span class='ocrx_word' id='word_1_487' title='bbox 1237 1429 1267 1451; x_wconf 78' lang='grc'>7,</span> <span class='ocrx_word' id='word_1_488' title='bbox 1277 1420 1359 1447; x_wconf 76' lang='lat' dir='ltr'>Mart,</span> 
     </span>
    </p>

    <p class='ocr_par' dir='ltr' id='par_1_10' title="bbox 122 1455 1782 1619">
     <span class='ocr_line' id='line_1_35' title="bbox 122 1455 1782 1496; baseline 0.002 -9"><span class='ocrx_word' id='word_1_489' title='bbox 122 1459 208 1487; x_wconf 76' lang='lat' dir='ltr'>Hanc</span> <span class='ocrx_word' id='word_1_490' title='bbox 223 1468 315 1487; x_wconf 78' lang='lat' dir='ltr'>autem</span> <span class='ocrx_word' id='word_1_491' title='bbox 332 1458 549 1496; x_wconf 81' lang='lat' dir='ltr'>appellationem</span> <span class='ocrx_word' id='word_1_492' title='bbox 567 1455 727 1492; x_wconf 85' lang='lat' dir='ltr'>hujusmodi</span> <span class='ocrx_word' id='word_1_493' title='bbox 753 1456 870 1496; x_wconf 80' lang='lat' dir='ltr'>quadam</span> <span class='ocrx_word' id='word_1_494' title='bbox 890 1467 924 1485; x_wconf 76' lang='lat' dir='ltr'>ex</span> <span class='ocrx_word' id='word_1_495' title='bbox 942 1459 1147 1488; x_wconf 51' lang='lat' dir='ltr'>Pes-micans</span> <span class='ocrx_word' id='word_1_496' title='bbox 1160 1479 1168 1485; x_wconf 86' lang='lat'>.</span> <span class='ocrx_word' id='word_1_497' title='bbox 1179 1460 1236 1488; x_wconf 72' lang='lat' dir='ltr'>PR.</span> <span class='ocrx_word' id='word_1_498' title='bbox 1247 1459 1315 1487; x_wconf 88' lang='lat' dir='ltr'>idest</span> <span class='ocrx_word' id='word_1_499' title='bbox 1326 1481 1334 1492; x_wconf 97' lang='lat'>,</span> <span class='ocrx_word' id='word_1_500' title='bbox 1344 1459 1410 1488; x_wconf 86' lang='lat' dir='ltr'>dum</span> <span class='ocrx_word' id='word_1_501' title='bbox 1420 1458 1484 1488; x_wconf 75' lang='lat' dir='ltr'>esset</span> <span class='ocrx_word' id='word_1_502' title='bbox 1493 1459 1627 1489; x_wconf 77' lang='lat' dir='ltr'>Pontifex</span> <span class='ocrx_word' id='word_1_503' title='bbox 1639 1480 1647 1488; x_wconf 94' lang='lat'>.</span> <span class='ocrx_word' id='word_1_504' title='bbox 1670 1465 1684 1495; x_wconf 76' lang='lat' dir='ltr'>t</span> <span class='ocrx_word' id='word_1_505' title='bbox 1696 1460 1782 1491; x_wconf 67' lang='lat' dir='ltr'>Circa</span> 
     </span>
     <span class='ocr_line' id='line_1_36' title="bbox 125 1496 1781 1538; baseline 0.003 -13"><span class='ocrx_word' id='word_1_506' title='bbox 125 1497 202 1526; x_wconf 74' lang='lat' dir='ltr'>causa</span> <span class='ocrx_word' id='word_1_507' title='bbox 213 1499 283 1527; x_wconf 57' lang='lat' dir='ltr'>nat-“ti</span> <span class='ocrx_word' id='word_1_508' title='bbox 294 1498 355 1527; x_wconf 89' lang='lat' dir='ltr'>sunt</span> <span class='ocrx_word' id='word_1_509' title='bbox 367 1519 373 1525; x_wconf 92' lang='lat'><em>.</em></span> <span class='ocrx_word' id='word_1_510' title='bbox 386 1499 479 1534; x_wconf 83' lang='lat' dir='ltr'>Quum</span> <span class='ocrx_word' id='word_1_511' title='bbox 491 1498 590 1526; x_wconf 86' lang='lat' dir='ltr'>nedum</span> <span class='ocrx_word' id='word_1_512' title='bbox 600 1497 727 1526; x_wconf 86' lang='lat' dir='ltr'>homines</span> <span class='ocrx_word' id='word_1_513' title='bbox 736 1498 842 1526; x_wconf 83' lang='lat' dir='ltr'>cultum</span> <span class='ocrx_word' id='word_1_514' title='bbox 851 1519 859 1530; x_wconf 93' lang='lat'><em>,</em></span> <span class='ocrx_word' id='word_1_515' title='bbox 878 1496 926 1536; x_wconf 90' lang='lat' dir='ltr'>qui</span> <span class='ocrx_word' id='word_1_516' title='bbox 981 1509 1081 1528; x_wconf 86' lang='lat' dir='ltr'>annum</span> <span class='ocrx_word' id='word_1_517' title='bbox 1096 1511 1105 1527; x_wconf 86' lang='lat' dir='ltr'>i</span> <span class='ocrx_word' id='word_1_518' title='bbox 1114 1510 1180 1531; x_wconf 81' lang='lat'>207.</span> <span class='ocrx_word' id='word_1_519' title='bbox 1189 1499 1371 1538; x_wconf 80' lang='lat' dir='ltr'>pontificante</span> <span class='ocrx_word' id='word_1_520' title='bbox 1382 1499 1551 1529; x_wconf 86' lang='lat' dir='ltr'>Innocentio</span> <span class='ocrx_word' id='word_1_521' title='bbox 1560 1500 1664 1529; x_wconf 85' lang='lat' dir='ltr'>Tertio.</span> <span class='ocrx_word' id='word_1_522' title='bbox 1678 1502 1781 1531; x_wconf 86' lang='lat' dir='ltr'>D.An-</span> 
     </span>
     <span class='ocr_line' id='line_1_37' title="bbox 124 1537 1780 1580; baseline 0.004 -16"><span class='ocrx_word' id='word_1_523' title='bbox 124 1547 174 1576; x_wconf 91' lang='lat' dir='ltr'>per</span> <span class='ocrx_word' id='word_1_524' title='bbox 196 1537 331 1577; x_wconf 74' lang='lat' dir='ltr'>imagines</span> <span class='ocrx_word' id='word_1_525' title='bbox 348 1537 494 1566; x_wconf 79' lang='lat' dir='ltr'>exhibetur</span> <span class='ocrx_word' id='word_1_526' title='bbox 505 1558 512 1569; x_wconf 90' lang='lat'><em>,</em></span> <span class='ocrx_word' id='word_1_527' title='bbox 531 1537 725 1576; x_wconf 78' lang='lat' dir='ltr'>intelligerent</span> <span class='ocrx_word' id='word_1_528' title='bbox 735 1559 742 1570; x_wconf 87' lang='lat'>,</span> <span class='ocrx_word' id='word_1_529' title='bbox 764 1537 884 1577; x_wconf 87' lang='lat' dir='ltr'>primum</span> <span class='ocrx_word' id='word_1_530' title='bbox 895 1539 926 1566; x_wconf 79' lang='lat' dir='ltr'>in</span> <span class='ocrx_word' id='word_1_531' title='bbox 982 1541 1074 1568; x_wconf 83' lang='lat' dir='ltr'>tonin.</span> <span class='ocrx_word' id='word_1_532' title='bbox 1096 1540 1221 1569; x_wconf 78' lang='lat' dir='ltr'>Florent-</span> <span class='ocrx_word' id='word_1_533' title='bbox 1230 1539 1401 1579; x_wconf 84' lang='lat' dir='ltr'>Archiepisc.</span> <span class='ocrx_word' id='word_1_534' title='bbox 1421 1551 1448 1579; x_wconf 86' lang='lat'>3.</span> <span class='ocrx_word' id='word_1_535' title='bbox 1460 1550 1531 1579; x_wconf 88' lang='lat' dir='ltr'>part.</span> <span class='ocrx_word' id='word_1_536' title='bbox 1553 1540 1663 1570; x_wconf 81' lang='lat' dir='ltr'>chron.</span> <span class='ocrx_word' id='word_1_537' title='bbox 1676 1542 1720 1570; x_wconf 85' lang='lat' dir='ltr'>tit.</span> <span class='ocrx_word' id='word_1_538' title='bbox 1736 1553 1780 1580; x_wconf 86' lang='lat'>¹9·</span> 
     </span>
     <span class='ocr_line' id='line_1_38' title="bbox 124 1576 1152 1619; baseline 0.003 -13"><span class='ocrx_word' id='word_1_539' title='bbox 124 1576 258 1606; x_wconf 70' lang='lat' dir='ltr'>Thessalia</span> <span class='ocrx_word' id='word_1_540' title='bbox 269 1579 392 1607; x_wconf 89' lang='lat' dir='ltr'>Deorum</span> <span class='ocrx_word' id='word_1_541' title='bbox 402 1578 540 1607; x_wconf 83' lang='lat' dir='ltr'>simulacra</span> <span class='ocrx_word' id='word_1_542' title='bbox 552 1578 618 1607; x_wconf 66' lang='lat' dir='ltr'>fasta</span> <span class='ocrx_word' id='word_1_543' title='bbox 629 1577 712 1609; x_wconf 77' lang='lat' dir='ltr'>sunt3</span> <span class='ocrx_word' id='word_1_544' title='bbox 727 1588 866 1619; x_wconf 87' lang='lat' dir='ltr'>quumque</span> <span class='ocrx_word' id='word_1_545' title='bbox 875 1588 924 1607; x_wconf 88' lang='lat' dir='ltr'>nec</span> <span class='ocrx_word' id='word_1_546' title='bbox 981 1590 1040 1619; x_wconf 80' lang='lat' dir='ltr'>cap.</span> <span class='ocrx_word' id='word_1_547' title='bbox 1051 1593 1077 1610; x_wconf 82' lang='lat'>2..</span> <span class='ocrx_word' id='word_1_548' title='bbox 1087 1581 1113 1614; x_wconf 83' lang='lat'>§.</span> <span class='ocrx_word' id='word_1_549' title='bbox 1129 1591 1152 1609; x_wconf 74' lang='lat' dir='ltr'>i.</span> 
     </span>
    </p>

    <p class='ocr_par' dir='ltr' id='par_1_11' title="bbox 122 1617 1785 1862">
     <span class='ocr_line' id='line_1_39' title="bbox 123 1617 1781 1658; baseline 0.004 -12"><span class='ocrx_word' id='word_1_550' title='bbox 123 1618 232 1646; x_wconf 78' lang='lat' dir='ltr'>delubra</span> <span class='ocrx_word' id='word_1_551' title='bbox 244 1618 449 1652; x_wconf 72' lang='lat' dir='ltr'>sorentoiam&amp;</span> <span class='ocrx_word' id='word_1_552' title='bbox 458 1618 570 1647; x_wconf 75' lang='lat' dir='ltr'>illorum</span> <span class='ocrx_word' id='word_1_553' title='bbox 579 1617 738 1658; x_wconf 83' lang='lat' dir='ltr'>incognitus</span> <span class='ocrx_word' id='word_1_554' title='bbox 748 1629 804 1648; x_wconf 87' lang='lat' dir='ltr'>erat</span> <span class='ocrx_word' id='word_1_555' title='bbox 813 1618 926 1652; x_wconf 70' lang='lat' dir='ltr'>usus)es-</span> <span class='ocrx_word' id='word_1_556' title='bbox 942 1622 1097 1650; x_wconf 44' lang='lat' dir='ltr'>Pes-roms</span> <span class='ocrx_word' id='word_1_557' title='bbox 1108 1643 1116 1650; x_wconf 87' lang='lat'>.</span> <span class='ocrx_word' id='word_1_558' title='bbox 1137 1624 1194 1651; x_wconf 77' lang='lat' dir='ltr'>FR.</span> <span class='ocrx_word' id='word_1_559' title='bbox 1207 1621 1292 1651; x_wconf 84' lang='lat' dir='ltr'>Dolia</span> <span class='ocrx_word' id='word_1_560' title='bbox 1311 1621 1343 1650; x_wconf 86' lang='lat' dir='ltr'>ad</span> <span class='ocrx_word' id='word_1_561' title='bbox 1361 1620 1581 1651; x_wconf 82' lang='lat' dir='ltr'>conservandum</span> <span class='ocrx_word' id='word_1_562' title='bbox 1591 1620 1690 1651; x_wconf 80' lang='lat' dir='ltr'>vinum</span> <span class='ocrx_word' id='word_1_563' title='bbox 1700 1644 1708 1656; x_wconf 91' lang='lat'><em>,</em></span> <span class='ocrx_word' id='word_1_564' title='bbox 1733 1623 1781 1653; x_wconf 73' lang='lat' dir='ltr'>vc!</span> 
     </span>
     <span class='ocr_line' id='line_1_40' title="bbox 125 1657 1785 1703; baseline 0.005 -17"><span class='ocrx_word' id='word_1_565' title='bbox 125 1657 203 1697; x_wconf 80' lang='lat' dir='ltr'>figies</span> <span class='ocrx_word' id='word_1_566' title='bbox 212 1659 323 1688; x_wconf 87' lang='lat' dir='ltr'>divinas</span> <span class='ocrx_word' id='word_1_567' title='bbox 334 1660 364 1688; x_wconf 90' lang='lat' dir='ltr'>in</span> <span class='ocrx_word' id='word_1_568' title='bbox 377 1659 473 1698; x_wconf 72' lang='lat' dir='ltr'>praevii</span> <span class='ocrx_word' id='word_1_569' title='bbox 484 1659 605 1687; x_wconf 84' lang='lat' dir='ltr'>fluminis</span> <span class='ocrx_word' id='word_1_570' title='bbox 615 1669 701 1698; x_wconf 85' lang='lat' dir='ltr'>ponte</span> <span class='ocrx_word' id='word_1_571' title='bbox 709 1659 870 1694; x_wconf 76' lang='lat' dir='ltr'>statuebant,</span> <span class='ocrx_word' id='word_1_572' title='bbox 881 1660 924 1689; x_wconf 85' lang='lat' dir='ltr'>in-</span> <span class='ocrx_word' id='word_1_573' title='bbox 981 1662 1048 1700; x_wconf 87' lang='lat' dir='ltr'>quid</span> <span class='ocrx_word' id='word_1_574' title='bbox 1058 1663 1145 1691; x_wconf 82' lang='lat' dir='ltr'>simile</span> <span class='ocrx_word' id='word_1_575' title='bbox 1156 1684 1164 1695; x_wconf 96' lang='lat'>,</span> <span class='ocrx_word' id='word_1_576' title='bbox 1176 1673 1209 1691; x_wconf 85' lang='lat' dir='ltr'>ex</span> <span class='ocrx_word' id='word_1_577' title='bbox 1218 1663 1321 1702; x_wconf 89' lang='lat' dir='ltr'>gallico</span> <span class='ocrx_word' id='word_1_578' title='bbox 1331 1663 1425 1692; x_wconf 81' lang='lat' dir='ltr'>vocab.</span> <span class='ocrx_word' id='word_1_579' title='bbox 1433 1667 1542 1692; x_wconf 74' lang='lat' dir='ltr'>Poicons</span> <span class='ocrx_word' id='word_1_580' title='bbox 1554 1685 1562 1696; x_wconf 93' lang='lat'><em>‚</em></span> <span class='ocrx_word' id='word_1_581' title='bbox 1580 1663 1615 1692; x_wconf 91' lang='lat' dir='ltr'>de</span> <span class='ocrx_word' id='word_1_582' title='bbox 1626 1673 1681 1702; x_wconf 76' lang='lat' dir='ltr'>quo</span> <span class='ocrx_word' id='word_1_583' title='bbox 1691 1664 1785 1703; x_wconf 77' lang='lat' dir='ltr'>agitur</span> 
     </span>
     <span class='ocr_line' id='line_1_41' title="bbox 123 1699 1783 1744; baseline 0.003 -16"><span class='ocrx_word' id='word_1_584' title='bbox 123 1699 188 1728; x_wconf 82' lang='lat' dir='ltr'>dito</span> <span class='ocrx_word' id='word_1_585' title='bbox 198 1699 253 1728; x_wconf 84' lang='lat' dir='ltr'>illis</span> <span class='ocrx_word' id='word_1_586' title='bbox 263 1701 395 1728; x_wconf 74' lang='lat' dir='ltr'>vocabulo</span> <span class='ocrx_word' id='word_1_587' title='bbox 405 1700 452 1738; x_wconf 87' lang='lat' dir='ltr'>qui</span> <span class='ocrx_word' id='word_1_588' title='bbox 462 1700 553 1728; x_wconf 89' lang='lat' dir='ltr'>Deum</span> <span class='ocrx_word' id='word_1_589' title='bbox 563 1699 690 1729; x_wconf 66' lang='lat' dir='ltr'>Praefecti</span> <span class='ocrx_word' id='word_1_590' title='bbox 698 1699 778 1730; x_wconf 83' lang='lat' dir='ltr'>sacris</span> <span class='ocrx_word' id='word_1_591' title='bbox 788 1700 884 1734; x_wconf 70' lang='lat' dir='ltr'>essent,</span> <span class='ocrx_word' id='word_1_592' title='bbox 894 1711 923 1729; x_wconf 91' lang='lat' dir='ltr'>ut</span> <span class='ocrx_word' id='word_1_593' title='bbox 981 1703 1010 1730; x_wconf 88' lang='lat' dir='ltr'>in</span> <span class='ocrx_word' id='word_1_594' title='bbox 1022 1703 1078 1731; x_wconf 76' lang='lat' dir='ltr'>vita</span> <span class='ocrx_word' id='word_1_595' title='bbox 1087 1704 1111 1731; x_wconf 77' lang='lat' dir='ltr'>S⁷</span> <span class='ocrx_word' id='word_1_596' title='bbox 1123 1703 1304 1742; x_wconf 62' lang='lat' dir='ltr'>Radegundae¹</span> <span class='ocrx_word' id='word_1_597' title='bbox 1317 1726 1327 1737; x_wconf 91' lang='lat'>‚</span> <span class='ocrx_word' id='word_1_598' title='bbox 1344 1704 1390 1732; x_wconf 91' lang='lat' dir='ltr'>ubi</span> <span class='ocrx_word' id='word_1_599' title='bbox 1398 1704 1433 1732; x_wconf 90' lang='lat' dir='ltr'>de</span> <span class='ocrx_word' id='word_1_600' title='bbox 1445 1702 1607 1733; x_wconf 68' lang='lat' dir='ltr'>miraculoso</span> <span class='ocrx_word' id='word_1_601' title='bbox 1626 1704 1687 1732; x_wconf 81' lang='lat' dir='ltr'>vini</span> <span class='ocrx_word' id='word_1_602' title='bbox 1697 1715 1783 1744; x_wconf 84' lang='lat' dir='ltr'>augu-</span> 
     </span>
     <span class='ocr_line' id='line_1_42' title="bbox 123 1739 1780 1782; baseline 0.004 -14"><span class='ocrx_word' id='word_1_603' title='bbox 123 1750 138 1768; x_wconf 82' lang='lat'>2</span> <span class='ocrx_word' id='word_1_604' title='bbox 150 1739 236 1778; x_wconf 86' lang='lat' dir='ltr'>prima</span> <span class='ocrx_word' id='word_1_605' title='bbox 246 1740 449 1769; x_wconf 71' lang='lat' dir='ltr'>simulacrorum</span> <span class='ocrx_word' id='word_1_606' title='bbox 458 1739 521 1768; x_wconf 84' lang='lat' dir='ltr'>sede</span> <span class='ocrx_word' id='word_1_607' title='bbox 530 1740 675 1779; x_wconf 87' lang='lat' dir='ltr'>Gephyrei</span> <span class='ocrx_word' id='word_1_608' title='bbox 685 1762 694 1774; x_wconf 90' lang='lat'>‚</span> <span class='ocrx_word' id='word_1_609' title='bbox 711 1742 783 1780; x_wconf 82' lang='lat' dir='ltr'>quasi</span> <span class='ocrx_word' id='word_1_610' title='bbox 795 1742 922 1781; x_wconf 83' lang='lat' dir='ltr'>Siponta-</span> <span class='ocrx_word' id='word_1_611' title='bbox 980 1753 1079 1772; x_wconf 84' lang='lat' dir='ltr'>mento</span> <span class='ocrx_word' id='word_1_612' title='bbox 1087 1743 1121 1772; x_wconf 75' lang='lat' dir='ltr'>sic</span> <span class='ocrx_word' id='word_1_613' title='bbox 1132 1744 1251 1772; x_wconf 80' lang='lat' dir='ltr'>dicitur:</span> <span class='ocrx_word' id='word_1_614' title='bbox 1277 1751 1290 1781; x_wconf 86' lang='lat'><strong>[</strong></span> <span class='ocrx_word' id='word_1_615' title='bbox 1302 1747 1378 1773; x_wconf 87' lang='lat' dir='ltr'>Ante</span> <span class='ocrx_word' id='word_1_616' title='bbox 1389 1755 1526 1782; x_wconf 79' lang='lat' dir='ltr'>pontones</span> <span class='ocrx_word' id='word_1_617' title='bbox 1538 1766 1545 1777; x_wconf 95' lang='lat'><em>,</em></span> <span class='ocrx_word' id='word_1_618' title='bbox 1556 1748 1584 1774; x_wconf 75' lang='grc' dir='ltr'>δε</span> <span class='ocrx_word' id='word_1_619' title='bbox 1593 1745 1695 1773; x_wconf 78' lang='lat' dir='ltr'>eminae</span> <span class='ocrx_word' id='word_1_620' title='bbox 1705 1745 1780 1775; x_wconf 86' lang='lat' dir='ltr'>defe-</span> 
     </span>
     <span class='ocr_line' id='line_1_43' title="bbox 123 1780 1779 1825; baseline 0.005 -18"><span class='ocrx_word' id='word_1_621' title='bbox 123 1790 174 1808; x_wconf 85' lang='lat' dir='ltr'>nos</span> <span class='ocrx_word' id='word_1_622' title='bbox 183 1780 255 1809; x_wconf 81' lang='lat' dir='ltr'>dicas</span> <span class='ocrx_word' id='word_1_623' title='bbox 264 1802 271 1808; x_wconf 90' lang='lat'><strong>.</strong></span> <span class='ocrx_word' id='word_1_624' title='bbox 292 1783 354 1809; x_wconf 83' lang='lat' dir='ltr'>Hoc</span> <span class='ocrx_word' id='word_1_625' title='bbox 366 1792 380 1809; x_wconf 86' lang='lat' dir='ltr'>a</span> <span class='ocrx_word' id='word_1_626' title='bbox 390 1780 498 1810; x_wconf 70' lang='lat' dir='ltr'>Graecis</span> <span class='ocrx_word' id='word_1_627' title='bbox 506 1791 618 1820; x_wconf 81' lang='lat' dir='ltr'>accepto</span> <span class='ocrx_word' id='word_1_628' title='bbox 629 1803 638 1814; x_wconf 91' lang='lat'><em>‚</em></span> <span class='ocrx_word' id='word_1_629' title='bbox 659 1782 780 1811; x_wconf 85' lang='lat' dir='ltr'>Romani</span> <span class='ocrx_word' id='word_1_630' title='bbox 791 1793 836 1811; x_wconf 66' lang='lat' dir='ltr'>eos</span> <span class='ocrx_word' id='word_1_631' title='bbox 846 1804 854 1815; x_wconf 92' lang='lat'><em>,</em></span> <span class='ocrx_word' id='word_1_632' title='bbox 875 1783 921 1821; x_wconf 90' lang='lat' dir='ltr'>qui</span> <span class='ocrx_word' id='word_1_633' title='bbox 976 1793 1076 1812; x_wconf 87' lang='lat' dir='ltr'>cerunt</span> <span class='ocrx_word' id='word_1_634' title='bbox 1085 1805 1098 1817; x_wconf 80' lang='lat'><strong><em>,</em></strong></span> <span class='ocrx_word' id='word_1_635' title='bbox 1113 1794 1195 1823; x_wconf 76' lang='lat' dir='ltr'>quam</span> <span class='ocrx_word' id='word_1_636' title='bbox 1204 1784 1266 1814; x_wconf 82' lang='lat' dir='ltr'>haec</span> <span class='ocrx_word' id='word_1_637' title='bbox 1275 1807 1286 1820; x_wconf 91' lang='lat'><em>,</em></span> <span class='ocrx_word' id='word_1_638' title='bbox 1303 1795 1361 1825; x_wconf 80' lang='lat' dir='ltr'>quae</span> <span class='ocrx_word' id='word_1_639' title='bbox 1371 1787 1461 1814; x_wconf 79' lang='lat' dir='ltr'>Beatae</span> <span class='ocrx_word' id='word_1_640' title='bbox 1474 1786 1503 1813; x_wconf 92' lang='lat' dir='ltr'>in</span> <span class='ocrx_word' id='word_1_641' title='bbox 1514 1786 1640 1814; x_wconf 87' lang='lat' dir='ltr'>omnibus</span> <span class='ocrx_word' id='word_1_642' title='bbox 1652 1785 1716 1815; x_wconf 80' lang='lat' dir='ltr'>fecit</span> <span class='ocrx_word' id='word_1_643' title='bbox 1729 1796 1779 1816; x_wconf 86' lang='lat' dir='ltr'>vo-</span> 
     </span>
     <span class='ocr_line' id='line_1_44' title="bbox 122 1820 1133 1862; baseline 0.005 -14"><span class='ocrx_word' id='word_1_644' title='bbox 122 1820 300 1849; x_wconf 82' lang='lat' dir='ltr'>Sacerdotum</span> <span class='ocrx_word' id='word_1_645' title='bbox 312 1822 340 1849; x_wconf 89' lang='lat' dir='ltr'>in</span> <span class='ocrx_word' id='word_1_646' title='bbox 351 1821 491 1860; x_wconf 74' lang='lat' dir='ltr'>Collegiis</span> <span class='ocrx_word' id='word_1_647' title='bbox 499 1822 572 1860; x_wconf 81' lang='lat' dir='ltr'>apud</span> <span class='ocrx_word' id='word_1_648' title='bbox 582 1821 654 1860; x_wconf 81' lang='lat' dir='ltr'>ipsos</span> <span class='ocrx_word' id='word_1_649' title='bbox 665 1821 756 1851; x_wconf 87' lang='lat' dir='ltr'>locum</span> <span class='ocrx_word' id='word_1_650' title='bbox 766 1823 922 1862; x_wconf 88' lang='lat' dir='ltr'>principem</span> <span class='ocrx_word' id='word_1_651' title='bbox 972 1822 1112 1853; x_wconf 79' lang='lat' dir='ltr'>&#39;luntatem</span> <span class='ocrx_word' id='word_1_652' title='bbox 1123 1845 1133 1853; x_wconf 87' lang='lat'>.</span> 
     </span>
    </p>

    <p class='ocr_par' dir='ltr' id='par_1_12' title="bbox 122 1860 1780 1986">
     <span class='ocr_line' id='line_1_45' title="bbox 123 1860 1780 1904; baseline 0.005 -16"><span class='ocrx_word' id='word_1_653' title='bbox 123 1860 284 1889; x_wconf 83' lang='lat' dir='ltr'>obtinerent</span> <span class='ocrx_word' id='word_1_654' title='bbox 294 1884 302 1895; x_wconf 90' lang='lat'><em>‚</em></span> <span class='ocrx_word' id='word_1_655' title='bbox 320 1862 470 1890; x_wconf 72' lang='lat' dir='ltr'>Pontifices</span> <span class='ocrx_word' id='word_1_656' title='bbox 478 1863 648 1900; x_wconf 84' lang='lat' dir='ltr'>appellarunt</span> <span class='ocrx_word' id='word_1_657' title='bbox 658 1883 666 1895; x_wconf 93' lang='lat'><em>,</em></span> <span class='ocrx_word' id='word_1_658' title='bbox 685 1863 816 1902; x_wconf 66' lang='lat' dir='ltr'>simulque</span> <span class='ocrx_word' id='word_1_659' title='bbox 825 1862 922 1893; x_wconf 82' lang='lat' dir='ltr'>sanxe-</span> <span class='ocrx_word' id='word_1_660' title='bbox 937 1866 1085 1895; x_wconf 51' lang='lat' dir='ltr'>Pontius</span> <span class='ocrx_word' id='word_1_661' title='bbox 1097 1886 1105 1892; x_wconf 92' lang='lat'><strong>.</strong></span> <span class='ocrx_word' id='word_1_662' title='bbox 1129 1867 1186 1895; x_wconf 77' lang='lat' dir='ltr'>FR.</span> <span class='ocrx_word' id='word_1_663' title='bbox 1207 1865 1305 1904; x_wconf 88' lang='lat' dir='ltr'>Populi</span> <span class='ocrx_word' id='word_1_664' title='bbox 1327 1866 1531 1896; x_wconf 83' lang='lat' dir='ltr'>diminutivum</span> <span class='ocrx_word' id='word_1_665' title='bbox 1550 1877 1652 1896; x_wconf 83' lang='lat' dir='ltr'>nomen</span> <span class='ocrx_word' id='word_1_666' title='bbox 1663 1887 1673 1895; x_wconf 77' lang='lat'>-</span> <span class='ocrx_word' id='word_1_667' title='bbox 1695 1873 1709 1904; x_wconf 87' lang='lat'><strong>[</strong></span> <span class='ocrx_word' id='word_1_668' title='bbox 1726 1868 1780 1898; x_wconf 85' lang='lat' dir='ltr'>Sed</span> 
     </span>
     <span class='ocr_line' id='line_1_46' title="bbox 122 1903 1779 1948; baseline 0.006 -20"><span class='ocrx_word' id='word_1_669' title='bbox 122 1910 187 1929; x_wconf 79' lang='lat' dir='ltr'>runt</span> <span class='ocrx_word' id='word_1_670' title='bbox 199 1922 207 1932; x_wconf 88' lang='lat'>,</span> <span class='ocrx_word' id='word_1_671' title='bbox 224 1911 256 1929; x_wconf 82' lang='lat' dir='ltr'>ut</span> <span class='ocrx_word' id='word_1_672' title='bbox 275 1912 370 1930; x_wconf 88' lang='lat' dir='ltr'>eorum</span> <span class='ocrx_word' id='word_1_673' title='bbox 391 1903 421 1931; x_wconf 87' lang='lat' dir='ltr'>in</span> <span class='ocrx_word' id='word_1_674' title='bbox 430 1912 545 1931; x_wconf 83' lang='lat' dir='ltr'>numero</span> <span class='ocrx_word' id='word_1_675' title='bbox 555 1905 647 1942; x_wconf 80' lang='lat' dir='ltr'>Reges</span> <span class='ocrx_word' id='word_1_676' title='bbox 664 1904 745 1932; x_wconf 77' lang='lat' dir='ltr'>etiam</span> <span class='ocrx_word' id='word_1_677' title='bbox 756 1914 872 1943; x_wconf 85' lang='lat' dir='ltr'>propter</span> <span class='ocrx_word' id='word_1_678' title='bbox 879 1905 921 1933; x_wconf 89' lang='lat' dir='ltr'>di-</span> <span class='ocrx_word' id='word_1_679' title='bbox 976 1916 1038 1934; x_wconf 89' lang='lat' dir='ltr'>cum</span> <span class='ocrx_word' id='word_1_680' title='bbox 1050 1905 1238 1935; x_wconf 77' lang='lat' dir='ltr'>misericordia</span> <span class='ocrx_word' id='word_1_681' title='bbox 1251 1907 1279 1935; x_wconf 87' lang='lat' dir='ltr'>id</span> <span class='ocrx_word' id='word_1_682' title='bbox 1291 1907 1368 1935; x_wconf 78' lang='lat' dir='ltr'>finiri</span> <span class='ocrx_word' id='word_1_683' title='bbox 1377 1906 1469 1945; x_wconf 79' lang='lat' dir='ltr'>sperat</span> <span class='ocrx_word' id='word_1_684' title='bbox 1480 1908 1606 1948; x_wconf 76' lang='lat' dir='ltr'>popellus</span> <span class='ocrx_word' id='word_1_685' title='bbox 1615 1908 1779 1939; x_wconf 65' lang='lat' dir='ltr'>‚Ditmarus</span> 
     </span>
     <span class='ocr_line' id='line_1_47' title="bbox 123 1941 1328 1986; baseline 0.006 -18"><span class='ocrx_word' id='word_1_686' title='bbox 123 1941 240 1979; x_wconf 80' lang='lat' dir='ltr'>gnitatis</span> <span class='ocrx_word' id='word_1_687' title='bbox 259 1943 454 1971; x_wconf 73' lang='lat' dir='ltr'>excellentiam</span> <span class='ocrx_word' id='word_1_688' title='bbox 472 1942 664 1972; x_wconf 82' lang='lat' dir='ltr'>censerentur.</span> <span class='ocrx_word' id='word_1_689' title='bbox 689 1946 795 1974; x_wconf 86' lang='lat' dir='ltr'>Primus</span> <span class='ocrx_word' id='word_1_690' title='bbox 810 1945 922 1983; x_wconf 89' lang='lat' dir='ltr'>quidem</span> <span class='ocrx_word' id='word_1_691' title='bbox 979 1946 1106 1986; x_wconf 78' lang='lat' dir='ltr'>Epist-in</span> <span class='ocrx_word' id='word_1_692' title='bbox 1115 1946 1226 1976; x_wconf 86' lang='lat' dir='ltr'>Chron.</span> <span class='ocrx_word' id='word_1_693' title='bbox 1238 1948 1285 1976; x_wconf 73' lang='lat' dir='ltr'>lib,</span> <span class='ocrx_word' id='word_1_694' title='bbox 1297 1959 1328 1981; x_wconf 86' lang='lat'>7·</span> 
     </span>
    </p>

    <p class='ocr_par' dir='ltr' id='par_1_13' title="bbox 123 1982 1409 2021">
     <span class='ocr_line' id='line_1_48' title="bbox 123 1982 1409 2021; baseline 0.005 -12"><span class='ocrx_word' id='word_1_695' title='bbox 123 1983 217 2010; x_wconf 89' lang='lat' dir='ltr'>Numa</span> <span class='ocrx_word' id='word_1_696' title='bbox 229 1982 382 2021; x_wconf 83' lang='lat' dir='ltr'>Pompilius</span> <span class='ocrx_word' id='word_1_697' title='bbox 401 1987 453 2012; x_wconf 71' lang='lat' dir='ltr'>dcc.</span> <span class='ocrx_word' id='word_1_698' title='bbox 472 1984 598 2013; x_wconf 76' lang='lat' dir='ltr'>Zosimus</span> <span class='ocrx_word' id='word_1_699' title='bbox 606 1985 709 2014; x_wconf 87' lang='lat' dir='ltr'>Comes</span> <span class='ocrx_word' id='word_1_700' title='bbox 727 1986 776 2014; x_wconf 88' lang='lat' dir='ltr'>lib.</span> <span class='ocrx_word' id='word_1_701' title='bbox 788 1997 815 2021; x_wconf 86' lang='lat'>4.</span> <span class='ocrx_word' id='word_1_702' title='bbox 833 1985 921 2018; x_wconf 76' lang='lat' dir='ltr'>hist.]</span> <span class='ocrx_word' id='word_1_703' title='bbox 938 1988 1111 2016; x_wconf 53' lang='lat' dir='ltr'>poncinum</span> <span class='ocrx_word' id='word_1_704' title='bbox 1122 2007 1131 2014; x_wconf 83' lang='lat'>.</span> <span class='ocrx_word' id='word_1_705' title='bbox 1154 1988 1228 2016; x_wconf 89' lang='lat' dir='ltr'>Vide</span> <span class='ocrx_word' id='word_1_706' title='bbox 1239 1988 1390 2017; x_wconf 76' lang='lat' dir='ltr'>Flabarius</span> <span class='ocrx_word' id='word_1_707' title='bbox 1402 2009 1409 2016; x_wconf 94' lang='lat'><strong><em>.</em></strong></span> 
     </span>
    </p>

    <p class='ocr_par' dir='ltr' id='par_1_14' title="bbox 122 2022 1778 2189">
     <span class='ocr_line' id='line_1_49' title="bbox 124 2022 1778 2071; baseline 0.006 -20"><span class='ocrx_word' id='word_1_708' title='bbox 124 2022 178 2051; x_wconf 82' lang='lat' dir='ltr'>Sed</span> <span class='ocrx_word' id='word_1_709' title='bbox 188 2023 340 2058; x_wconf 75' lang='lat' dir='ltr'>Dionysius</span> <span class='ocrx_word' id='word_1_710' title='bbox 350 2024 565 2053; x_wconf 75' lang='lat' dir='ltr'>Halicarnasseus</span> <span class='ocrx_word' id='word_1_711' title='bbox 573 2025 652 2054; x_wconf 82' lang='lat' dir='ltr'>lib-2.</span> <span class='ocrx_word' id='word_1_712' title='bbox 665 2026 764 2065; x_wconf 85' lang='lat' dir='ltr'>Antiq.</span> <span class='ocrx_word' id='word_1_713' title='bbox 775 2029 860 2056; x_wconf 85' lang='lat' dir='ltr'>Rom.</span> <span class='ocrx_word' id='word_1_714' title='bbox 868 2031 923 2055; x_wconf 83' lang='lat' dir='ltr'>c.8.</span> <span class='ocrx_word' id='word_1_715' title='bbox 936 2029 1052 2057; x_wconf 65' lang='lat' dir='ltr'>Poncus</span> <span class='ocrx_word' id='word_1_716' title='bbox 1064 2050 1073 2061; x_wconf 93' lang='lat'><em>‚</em></span> <span class='ocrx_word' id='word_1_717' title='bbox 1084 2031 1140 2063; x_wconf 72' lang='lat' dir='ltr'>ejus</span> <span class='ocrx_word' id='word_1_718' title='bbox 1150 2028 1220 2057; x_wconf 83' lang='lat' dir='ltr'>visio</span> <span class='ocrx_word' id='word_1_719' title='bbox 1230 2049 1238 2056; x_wconf 87' lang='lat'><strong>.</strong></span> <span class='ocrx_word' id='word_1_720' title='bbox 1250 2028 1324 2057; x_wconf 87' lang='lat' dir='ltr'>Vide</span> <span class='ocrx_word' id='word_1_721' title='bbox 1334 2034 1445 2069; x_wconf 75' lang='lat' dir='ltr'>Hyopae.</span> <span class='ocrx_word' id='word_1_722' title='bbox 1454 2032 1516 2065; x_wconf 82' lang='lat' dir='ltr'>Ejus</span> <span class='ocrx_word' id='word_1_723' title='bbox 1526 2039 1609 2069; x_wconf 68' lang='lat' dir='ltr'>caput</span> <span class='ocrx_word' id='word_1_724' title='bbox 1617 2049 1626 2059; x_wconf 81' lang='grc'><strong>.</strong></span> <span class='ocrx_word' id='word_1_725' title='bbox 1644 2030 1719 2061; x_wconf 78' lang='lat' dir='ltr'>Vide</span> <span class='ocrx_word' id='word_1_726' title='bbox 1727 2031 1778 2071; x_wconf 78' lang='lat' dir='ltr'>Of·</span> 
     </span>
     <span class='ocr_line' id='line_1_50' title="bbox 124 2062 1777 2111; baseline 0.007 -21"><span class='ocrx_word' id='word_1_727' title='bbox 124 2062 164 2091; x_wconf 78' lang='lat' dir='ltr'>ait</span> <span class='ocrx_word' id='word_1_728' title='bbox 172 2064 319 2092; x_wconf 81' lang='lat' dir='ltr'>Pontificis</span> <span class='ocrx_word' id='word_1_729' title='bbox 329 2074 430 2093; x_wconf 85' lang='lat' dir='ltr'>nomen</span> <span class='ocrx_word' id='word_1_730' title='bbox 448 2077 461 2093; x_wconf 88' lang='lat' dir='ltr'>a</span> <span class='ocrx_word' id='word_1_731' title='bbox 472 2065 625 2095; x_wconf 79' lang='lat' dir='ltr'>reficiendo</span> <span class='ocrx_word' id='word_1_732' title='bbox 633 2066 752 2095; x_wconf 84' lang='lat' dir='ltr'>Sublicio</span> <span class='ocrx_word' id='word_1_733' title='bbox 761 2076 848 2105; x_wconf 86' lang='lat' dir='ltr'>ponte</span> <span class='ocrx_word' id='word_1_734' title='bbox 859 2077 923 2106; x_wconf 85' lang='lat' dir='ltr'>pro·</span> <span class='ocrx_word' id='word_1_735' title='bbox 966 2070 1079 2105; x_wconf 82' lang='lat' dir='ltr'>ficium.</span> <span class='ocrx_word' id='word_1_736' title='bbox 1089 2069 1132 2098; x_wconf 77' lang='lat' dir='ltr'>Os</span> <span class='ocrx_word' id='word_1_737' title='bbox 1143 2069 1220 2107; x_wconf 86' lang='lat' dir='ltr'>porci</span> <span class='ocrx_word' id='word_1_738' title='bbox 1230 2070 1340 2108; x_wconf 82' lang='lat' dir='ltr'>Sergius</span> <span class='ocrx_word' id='word_1_739' title='bbox 1350 2071 1422 2107; x_wconf 83' lang='lat' dir='ltr'>Papa</span> <span class='ocrx_word' id='word_1_740' title='bbox 1429 2070 1516 2099; x_wconf 69' lang='lat' dir='ltr'>dietus</span> <span class='ocrx_word' id='word_1_741' title='bbox 1526 2070 1589 2100; x_wconf 73' lang='lat' dir='ltr'>fuit.</span> <span class='ocrx_word' id='word_1_742' title='bbox 1599 2071 1673 2101; x_wconf 85' lang='lat' dir='ltr'>Vide</span> <span class='ocrx_word' id='word_1_743' title='bbox 1681 2078 1757 2111; x_wconf 75' lang='lat' dir='ltr'>Papa</span> <span class='ocrx_word' id='word_1_744' title='bbox 1768 2093 1777 2102; x_wconf 84' lang='lat'><strong>.</strong></span> 
     </span>
     <span class='ocr_line' id='line_1_51' title="bbox 123 2103 1736 2150; baseline 0.006 -18"><span class='ocrx_word' id='word_1_745' title='bbox 123 2103 227 2133; x_wconf 82' lang='lat' dir='ltr'>veniss&#39;e</span> <span class='ocrx_word' id='word_1_746' title='bbox 238 2125 248 2137; x_wconf 86' lang='grc'><strong><em>,</em></strong></span> <span class='ocrx_word' id='word_1_747' title='bbox 262 2104 302 2133; x_wconf 67' lang='lat' dir='ltr'>sic</span> <span class='ocrx_word' id='word_1_748' title='bbox 313 2104 459 2143; x_wconf 80' lang='lat' dir='ltr'>inquiens:</span> <span class='ocrx_word' id='word_1_749' title='bbox 479 2106 614 2141; x_wconf 78' lang='lat' dir='ltr'>[Ultima</span> <span class='ocrx_word' id='word_1_750' title='bbox 622 2116 692 2135; x_wconf 87' lang='lat' dir='ltr'>vero</span> <span class='ocrx_word' id='word_1_751' title='bbox 703 2109 804 2136; x_wconf 77' lang='lat' dir='ltr'>Numae</span> <span class='ocrx_word' id='word_1_752' title='bbox 813 2107 923 2136; x_wconf 81' lang='lat' dir='ltr'>institu-</span> <span class='ocrx_word' id='word_1_753' title='bbox 935 2110 1076 2138; x_wconf 61' lang='lat' dir='ltr'>Pone-„LA</span> <span class='ocrx_word' id='word_1_754' title='bbox 1088 2131 1097 2143; x_wconf 90' lang='lat'>,</span> <span class='ocrx_word' id='word_1_755' title='bbox 1106 2108 1152 2138; x_wconf 91' lang='lat' dir='ltr'>seu</span> <span class='ocrx_word' id='word_1_756' title='bbox 1160 2111 1263 2138; x_wconf 78' lang='lat' dir='ltr'>sucula</span> <span class='ocrx_word' id='word_1_757' title='bbox 1274 2130 1282 2138; x_wconf 85' lang='lat'><strong>.</strong></span> <span class='ocrx_word' id='word_1_758' title='bbox 1292 2109 1366 2138; x_wconf 87' lang='lat' dir='ltr'>Vide</span> <span class='ocrx_word' id='word_1_759' title='bbox 1373 2112 1537 2150; x_wconf 73' lang='lat' dir='ltr'>Frischu&#39;nga</span> <span class='ocrx_word' id='word_1_760' title='bbox 1546 2132 1555 2140; x_wconf 90' lang='lat'>.</span> <span class='ocrx_word' id='word_1_761' title='bbox 1571 2112 1716 2150; x_wconf 77' lang='lat' dir='ltr'>Termffus</span> <span class='ocrx_word' id='word_1_762' title='bbox 1727 2133 1736 2141; x_wconf 85' lang='lat'><strong>.</strong></span> 
     </span>
     <span class='ocr_line' id='line_1_52' title="bbox 122 2144 1466 2189; baseline 0.005 -17"><span class='ocrx_word' id='word_1_763' title='bbox 122 2153 215 2172; x_wconf 72' lang='lat' dir='ltr'>torum</span> <span class='ocrx_word' id='word_1_764' title='bbox 226 2154 286 2183; x_wconf 67' lang='lat' dir='ltr'>pars</span> <span class='ocrx_word' id='word_1_765' title='bbox 296 2145 456 2174; x_wconf 79' lang='lat' dir='ltr'>continebat</span> <span class='ocrx_word' id='word_1_766' title='bbox 464 2144 536 2174; x_wconf 85' lang='lat' dir='ltr'>sacra</span> <span class='ocrx_word' id='word_1_767' title='bbox 547 2169 555 2180; x_wconf 90' lang='lat'><em>‚</em></span> <span class='ocrx_word' id='word_1_768' title='bbox 565 2156 624 2186; x_wconf 68' lang='lat' dir='ltr'>quse</span> <span class='ocrx_word' id='word_1_769' title='bbox 635 2145 727 2176; x_wconf 74' lang='lat' dir='ltr'>sortiti</span> <span class='ocrx_word' id='word_1_770' title='bbox 739 2158 817 2177; x_wconf 85' lang='lat' dir='ltr'>erant</span> <span class='ocrx_word' id='word_1_771' title='bbox 831 2148 862 2181; x_wconf 86' lang='lat' dir='ltr'>ii,</span> <span class='ocrx_word' id='word_1_772' title='bbox 873 2149 922 2187; x_wconf 92' lang='lat' dir='ltr'>qui</span> <span class='ocrx_word' id='word_1_773' title='bbox 935 2151 1095 2179; x_wconf 54' lang='lat' dir='ltr'>Pompam</span> <span class='ocrx_word' id='word_1_774' title='bbox 1108 2169 1116 2176; x_wconf 89' lang='lat'>-</span> <span class='ocrx_word' id='word_1_775' title='bbox 1127 2150 1200 2179; x_wconf 89' lang='lat' dir='ltr'>Vide</span> <span class='ocrx_word' id='word_1_776' title='bbox 1210 2151 1449 2189; x_wconf 77' lang='lat' dir='ltr'>Porphyrogmitus</span> <span class='ocrx_word' id='word_1_777' title='bbox 1458 2171 1466 2179; x_wconf 94' lang='lat'>.</span> 
     </span>
    </p>

    <p class='ocr_par' dir='ltr' id='par_1_15' title="bbox 120 2184 1773 2312">
     <span class='ocr_line' id='line_1_53' title="bbox 121 2184 1668 2234; baseline 0.007 -22"><span class='ocrx_word' id='word_1_778' title='bbox 121 2184 195 2223; x_wconf 66' lang='lat' dir='ltr'>apud</span> <span class='ocrx_word' id='word_1_779' title='bbox 214 2188 354 2214; x_wconf 79' lang='lat' dir='ltr'>Romanos</span> <span class='ocrx_word' id='word_1_780' title='bbox 370 2185 504 2215; x_wconf 83' lang='lat' dir='ltr'>summum</span> <span class='ocrx_word' id='word_1_781' title='bbox 514 2187 701 2216; x_wconf 77' lang='lat' dir='ltr'>Sacerdotium</span> <span class='ocrx_word' id='word_1_782' title='bbox 715 2209 724 2222; x_wconf 95' lang='lat'>‚</span> <span class='ocrx_word' id='word_1_783' title='bbox 741 2192 769 2217; x_wconf 74' lang='grc' dir='ltr'>ὅ(</span> <span class='ocrx_word' id='word_1_784' title='bbox 789 2187 923 2218; x_wconf 85' lang='lat' dir='ltr'>summam</span> <span class='ocrx_word' id='word_1_785' title='bbox 935 2193 1167 2220; x_wconf 61' lang='lat' dir='ltr'>l’oximrittrica</span> <span class='ocrx_word' id='word_1_786' title='bbox 1178 2193 1266 2220; x_wconf 70' lang='lat' dir='ltr'>Ron</span> <span class='ocrx_word' id='word_1_787' title='bbox 1278 2210 1287 2218; x_wconf 83' lang='lat'>.</span> <span class='ocrx_word' id='word_1_788' title='bbox 1297 2191 1372 2220; x_wconf 90' lang='lat' dir='ltr'>Vide</span> <span class='ocrx_word' id='word_1_789' title='bbox 1381 2197 1451 2222; x_wconf 60' lang='grc' dir='ltr'>Κηϊα</span> <span class='ocrx_word' id='word_1_790' title='bbox 1461 2194 1651 2234; x_wconf 77' lang='lat' dir='ltr'>Porphyretita</span> <span class='ocrx_word' id='word_1_791' title='bbox 1660 2215 1668 2222; x_wconf 89' lang='lat'><strong>.</strong></span> 
     </span>
     <span class='ocr_line' id='line_1_54' title="bbox 120 2224 1773 2271; baseline 0.006 -18"><span class='ocrx_word' id='word_1_792' title='bbox 120 2224 288 2264; x_wconf 81' lang='lat' dir='ltr'>potestatem</span> <span class='ocrx_word' id='word_1_793' title='bbox 297 2225 397 2260; x_wconf 73' lang='lat' dir='ltr'>habent</span> <span class='ocrx_word' id='word_1_794' title='bbox 407 2238 414 2255; x_wconf 76' lang='grc' dir='ltr'><strong><em>ε</em></strong></span> <span class='ocrx_word' id='word_1_795' title='bbox 426 2226 471 2256; x_wconf 83' lang='lat' dir='ltr'>isti</span> <span class='ocrx_word' id='word_1_796' title='bbox 480 2238 574 2257; x_wconf 89' lang='lat' dir='ltr'>eorum</span> <span class='ocrx_word' id='word_1_797' title='bbox 585 2228 678 2268; x_wconf 86' lang='lat' dir='ltr'>lingua</span> <span class='ocrx_word' id='word_1_798' title='bbox 687 2251 694 2262; x_wconf 93' lang='lat'><em>‚</em></span> <span class='ocrx_word' id='word_1_799' title='bbox 711 2230 744 2258; x_wconf 85' lang='lat' dir='ltr'>ab</span> <span class='ocrx_word' id='word_1_800' title='bbox 752 2239 810 2258; x_wconf 90' lang='lat' dir='ltr'>uno</span> <span class='ocrx_word' id='word_1_801' title='bbox 819 2240 903 2268; x_wconf 90' lang='lat' dir='ltr'>opere</span> <span class='ocrx_word' id='word_1_802' title='bbox 913 2252 922 2264; x_wconf 89' lang='lat'>,</span> <span class='ocrx_word' id='word_1_803' title='bbox 934 2232 1141 2260; x_wconf 61' lang='lat' dir='ltr'>Ponpnrxmm</span> <span class='ocrx_word' id='word_1_804' title='bbox 1152 2251 1161 2258; x_wconf 85' lang='lat'><strong>.</strong></span> <span class='ocrx_word' id='word_1_805' title='bbox 1185 2233 1242 2261; x_wconf 77' lang='lat' dir='ltr'>FR.</span> <span class='ocrx_word' id='word_1_806' title='bbox 1254 2231 1320 2261; x_wconf 68' lang='lat' dir='ltr'>dieti</span> <span class='ocrx_word' id='word_1_807' title='bbox 1329 2230 1394 2261; x_wconf 82' lang='lat' dir='ltr'>sunt</span> <span class='ocrx_word' id='word_1_808' title='bbox 1406 2232 1501 2263; x_wconf 81' lang='lat' dir='ltr'>Ariani</span> <span class='ocrx_word' id='word_1_809' title='bbox 1511 2233 1579 2271; x_wconf 76' lang='lat' dir='ltr'>jussu</span> <span class='ocrx_word' id='word_1_810' title='bbox 1589 2233 1773 2265; x_wconf 71' lang='lat' dir='ltr'>Constantini</span> 
     </span>
     <span class='ocr_line' id='line_1_55' title="bbox 124 2265 1522 2312; baseline 0.006 -18"><span class='ocrx_word' id='word_1_811' title='bbox 124 2265 201 2304; x_wconf 89' lang='lat' dir='ltr'>quod</span> <span class='ocrx_word' id='word_1_812' title='bbox 211 2265 326 2300; x_wconf 80' lang='lat' dir='ltr'>faciunt,</span> <span class='ocrx_word' id='word_1_813' title='bbox 336 2277 349 2295; x_wconf 88' lang='lat' dir='ltr'>a</span> <span class='ocrx_word' id='word_1_814' title='bbox 358 2267 616 2308; x_wconf 80' lang='lat' dir='ltr'>reficiendoligneo</span> <span class='ocrx_word' id='word_1_815' title='bbox 627 2277 724 2308; x_wconf 86' lang='lat' dir='ltr'>ponte,</span> <span class='ocrx_word' id='word_1_816' title='bbox 736 2272 821 2299; x_wconf 82' lang='lat' dir='ltr'>Pont.</span> <span class='ocrx_word' id='word_1_817' title='bbox 829 2272 922 2310; x_wconf 81' lang='lat' dir='ltr'>appel·</span> <span class='ocrx_word' id='word_1_818' title='bbox 975 2273 1049 2311; x_wconf 88' lang='lat' dir='ltr'>Imp.</span> <span class='ocrx_word' id='word_1_819' title='bbox 1060 2272 1193 2301; x_wconf 84' lang='lat' dir='ltr'>Baronius</span> <span class='ocrx_word' id='word_1_820' title='bbox 1202 2283 1248 2301; x_wconf 82' lang='lat' dir='ltr'>an.</span> <span class='ocrx_word' id='word_1_821' title='bbox 1257 2283 1271 2312; x_wconf 87' lang='lat'><em>3</em></span> <span class='ocrx_word' id='word_1_822' title='bbox 1279 2284 1293 2302; x_wconf 82' lang='lat'>2</span> <span class='ocrx_word' id='word_1_823' title='bbox 1300 2277 1326 2302; x_wconf 82' lang='lat'>8.</span> <span class='ocrx_word' id='word_1_824' title='bbox 1336 2284 1366 2302; x_wconf 78' lang='lat' dir='ltr'>n.</span> <span class='ocrx_word' id='word_1_825' title='bbox 1379 2278 1425 2309; x_wconf 85' lang='lat'>85.</span> <span class='ocrx_word' id='word_1_826' title='bbox 1435 2278 1463 2304; x_wconf 74' lang='grc' dir='ltr'>ὅ(</span> <span class='ocrx_word' id='word_1_827' title='bbox 1475 2279 1522 2305; x_wconf 81' lang='lat'>86.</span> 
     </span>
    </p>

    <p class='ocr_par' dir='ltr' id='par_1_16' title="bbox 121 2306 1775 2356">
     <span class='ocr_line' id='line_1_56' title="bbox 121 2306 1775 2356; baseline 0.006 -22"><span class='ocrx_word' id='word_1_828' title='bbox 121 2306 216 2336; x_wconf 82' lang='lat' dir='ltr'>lantur</span> <span class='ocrx_word' id='word_1_829' title='bbox 227 2328 235 2336; x_wconf 93' lang='lat'>.</span> <span class='ocrx_word' id='word_1_830' title='bbox 248 2309 261 2339; x_wconf 83' lang='grc'>1</span> <span class='ocrx_word' id='word_1_831' title='bbox 280 2308 361 2337; x_wconf 86' lang='lat' dir='ltr'>Idem</span> <span class='ocrx_word' id='word_1_832' title='bbox 369 2308 520 2338; x_wconf 75' lang='lat' dir='ltr'>affirmavit</span> <span class='ocrx_word' id='word_1_833' title='bbox 537 2310 585 2338; x_wconf 83' lang='lat' dir='ltr'>lib.</span> <span class='ocrx_word' id='word_1_834' title='bbox 597 2320 626 2347; x_wconf 89' lang='lat'>3.</span> <span class='ocrx_word' id='word_1_835' title='bbox 645 2321 668 2338; x_wconf 88' lang='lat' dir='ltr'>c.</span> <span class='ocrx_word' id='word_1_836' title='bbox 679 2321 711 2347; x_wconf 82' lang='lat'>9.</span> <span class='ocrx_word' id='word_1_837' title='bbox 728 2311 763 2340; x_wconf 75' lang='lat' dir='ltr'>sic</span> <span class='ocrx_word' id='word_1_838' title='bbox 773 2310 920 2350; x_wconf 86' lang='lat' dir='ltr'>inquiens:</span> <span class='ocrx_word' id='word_1_839' title='bbox 935 2314 1104 2342; x_wconf 69' lang='lat' dir='ltr'>Pmtmiriuo</span> <span class='ocrx_word' id='word_1_840' title='bbox 1115 2334 1124 2345; x_wconf 86' lang='lat'><em>‚</em></span> <span class='ocrx_word' id='word_1_841' title='bbox 1143 2312 1204 2341; x_wconf 82' lang='lat' dir='ltr'>avis</span> <span class='ocrx_word' id='word_1_842' title='bbox 1218 2312 1321 2353; x_wconf 85' lang='lat' dir='ltr'>species</span> <span class='ocrx_word' id='word_1_843' title='bbox 1331 2336 1338 2348; x_wconf 89' lang='lat'><em>‚</em></span> <span class='ocrx_word' id='word_1_844' title='bbox 1359 2313 1394 2344; x_wconf 86' lang='lat' dir='ltr'>de</span> <span class='ocrx_word' id='word_1_845' title='bbox 1404 2324 1456 2354; x_wconf 85' lang='lat' dir='ltr'>qua</span> <span class='ocrx_word' id='word_1_846' title='bbox 1468 2316 1499 2344; x_wconf 87' lang='lat' dir='ltr'>in</span> <span class='ocrx_word' id='word_1_847' title='bbox 1507 2316 1639 2346; x_wconf 81' lang='lat' dir='ltr'>Levitico</span> <span class='ocrx_word' id='word_1_848' title='bbox 1653 2325 1714 2356; x_wconf 83' lang='lat' dir='ltr'>cap.</span> <span class='ocrx_word' id='word_1_849' title='bbox 1730 2326 1775 2346; x_wconf 80' lang='grc' dir='ltr'>ιι.</span> 
     </span>
    </p>

    <p class='ocr_par' dir='ltr' id='par_1_17' title="bbox 0 2347 1775 2397">
     <span class='ocr_line' id='line_1_57' title="bbox 0 2347 1775 2397; baseline 0.007 -23"><span class='ocrx_word' id='word_1_850' title='bbox 0 2356 4 2393; x_wconf 48' lang='lat' dir='ltr'>j</span> <span class='ocrx_word' id='word_1_851' title='bbox 126 2351 141 2382; x_wconf 90' lang='grc'>[</span> <span class='ocrx_word' id='word_1_852' title='bbox 151 2347 283 2377; x_wconf 86' lang='lat' dir='ltr'>Hetrusci</span> <span class='ocrx_word' id='word_1_853' title='bbox 295 2353 347 2378; x_wconf 68' lang='grc' dir='ltr'>ἃς.</span> <span class='ocrx_word' id='word_1_854' title='bbox 357 2359 522 2388; x_wconf 83' lang='lat' dir='ltr'>occupantes</span> <span class='ocrx_word' id='word_1_855' title='bbox 534 2359 625 2379; x_wconf 80' lang='lat' dir='ltr'>totum</span> <span class='ocrx_word' id='word_1_856' title='bbox 633 2351 713 2379; x_wconf 85' lang='lat' dir='ltr'>illum</span> <span class='ocrx_word' id='word_1_857' title='bbox 721 2362 776 2380; x_wconf 81' lang='lat' dir='ltr'>orae</span> <span class='ocrx_word' id='word_1_858' title='bbox 786 2353 904 2381; x_wconf 65' lang='lat' dir='ltr'>trac&#39;kum</span> <span class='ocrx_word' id='word_1_859' title='bbox 977 2363 1011 2382; x_wconf 85' lang='lat' dir='ltr'>ex</span> <span class='ocrx_word' id='word_1_860' title='bbox 1021 2364 1117 2392; x_wconf 79' lang='lat' dir='ltr'>graeco</span> <span class='ocrx_word' id='word_1_861' title='bbox 1125 2355 1221 2382; x_wconf 84' lang='lat' dir='ltr'>vocab.</span> <span class='ocrx_word' id='word_1_862' title='bbox 1231 2353 1379 2395; x_wconf 60' lang='grc' dir='ltr'><strong>’πορφυρῶν</strong></span> <span class='ocrx_word' id='word_1_863' title='bbox 1390 2380 1396 2391; x_wconf 84' lang='grc'><em>,</em></span> <span class='ocrx_word' id='word_1_864' title='bbox 1406 2356 1476 2385; x_wconf 87' lang='lat' dir='ltr'>idest</span> <span class='ocrx_word' id='word_1_865' title='bbox 1487 2379 1494 2390; x_wconf 89' lang='lat'><em>‚</em></span> <span class='ocrx_word' id='word_1_866' title='bbox 1513 2367 1574 2385; x_wconf 87' lang='lat' dir='ltr'>cum</span> <span class='ocrx_word' id='word_1_867' title='bbox 1585 2358 1681 2397; x_wconf 82' lang='lat' dir='ltr'>longis</span> <span class='ocrx_word' id='word_1_868' title='bbox 1689 2357 1775 2387; x_wconf 81' lang='lat' dir='ltr'>cruri·</span> 
     </span>
    </p>

    <p class='ocr_par' dir='ltr' id='par_1_18' title="bbox 125 2387 1787 2469">
     <span class='ocr_line' id='line_1_58' title="bbox 125 2387 1787 2469; baseline 0.005 -51"><span class='ocrx_word' id='word_1_869' title='bbox 125 2387 175 2426; x_wconf 77' lang='lat' dir='ltr'>qui</span> <span class='ocrx_word' id='word_1_870' title='bbox 183 2389 223 2419; x_wconf 80' lang='lat' dir='ltr'>est</span> <span class='ocrx_word' id='word_1_871' title='bbox 242 2399 316 2421; x_wconf 77' lang='lat' dir='ltr'>trans</span> <span class='ocrx_word' id='word_1_872' title='bbox 323 2390 440 2422; x_wconf 71' lang='lat' dir='ltr'>fluvium</span> <span class='ocrx_word' id='word_1_873' title='bbox 449 2412 458 2427; x_wconf 88' lang='lat'><em>,</em></span> <span class='ocrx_word' id='word_1_874' title='bbox 481 2394 510 2422; x_wconf 70' lang='grc' dir='ltr'>ὅ(</span> <span class='ocrx_word' id='word_1_875' title='bbox 519 2390 664 2427; x_wconf 71' lang='lat' dir='ltr'>sublicium</span> <span class='ocrx_word' id='word_1_876' title='bbox 673 2401 790 2432; x_wconf 79' lang='lat' dir='ltr'>pontem</span> <span class='ocrx_word' id='word_1_877' title='bbox 799 2413 808 2429; x_wconf 85' lang='lat'>,</span> <span class='ocrx_word' id='word_1_878' title='bbox 829 2393 879 2434; x_wconf 85' lang='lat' dir='ltr'>qui</span> <span class='ocrx_word' id='word_1_879' title='bbox 887 2403 921 2424; x_wconf 77' lang='lat' dir='ltr'>ex</span> <span class='ocrx_word' id='word_1_880' title='bbox 977 2394 1023 2424; x_wconf 74' lang='lat' dir='ltr'>bus</span> <span class='ocrx_word' id='word_1_881' title='bbox 1031 2405 1041 2427; x_wconf 73' lang='lat'>5</span> <span class='ocrx_word' id='word_1_882' title='bbox 1050 2395 1138 2435; x_wconf 80' lang='lat' dir='ltr'>aliqui</span> <span class='ocrx_word' id='word_1_883' title='bbox 1147 2394 1376 2436; x_wconf 35' lang='lat' dir='ltr'>pellicanum—effe</span> <span class='ocrx_word' id='word_1_884' title='bbox 1385 2405 1482 2469; x_wconf 58' lang='grc' dir='ltr'><strong>ριῗῖῃε</strong></span> <span class='ocrx_word' id='word_1_885' title='bbox 1492 2418 1501 2426; x_wconf 92' lang='grc'><strong>.</strong></span> <span class='ocrx_word' id='word_1_886' title='bbox 1510 2399 1583 2428; x_wconf 80' lang='lat' dir='ltr'>Item</span> <span class='ocrx_word' id='word_1_887' title='bbox 1593 2397 1673 2438; x_wconf 79' lang='lat' dir='ltr'>pistis</span> <span class='ocrx_word' id='word_1_888' title='bbox 1680 2408 1787 2438; x_wconf 77' lang='lat' dir='ltr'>genus.-</span> 
     </span>
    </p>
   </div>
   <div class='ocr_carea' id='block_1_3' title="bbox 928 117 947 1100">
    <p class='ocr_par' dir='ltr' id='par_1_19' title="bbox 928 117 947 1100">
     <span class='ocr_line' id='line_1_59' title="bbox 936 117 944 216; baseline 0 0"><span class='ocrx_word' id='word_1_889' title='bbox 936 117 944 216; x_wconf 95' lang='lat' dir='ltr'>  </span> 
     </span>
     <span class='ocr_line' id='line_1_60' title="bbox 933 216 947 337; baseline 0 -81"><span class='ocrx_word' id='word_1_890' title='bbox 933 216 947 337; x_wconf 95' lang='lat' dir='ltr'>   </span> 
     </span>
     <span class='ocr_line' id='line_1_61' title="bbox 934 337 943 503; baseline 0 0"><span class='ocrx_word' id='word_1_891' title='bbox 934 337 943 503; x_wconf 95' lang='lat' dir='ltr'>   </span> 
     </span>
     <span class='ocr_line' id='line_1_62' title="bbox 929 503 946 580; baseline 0 -36"><span class='ocrx_word' id='word_1_892' title='bbox 929 503 946 580; x_wconf 95' lang='lat' dir='ltr'>  </span> 
     </span>
     <span class='ocr_line' id='line_1_63' title="bbox 928 580 946 790; baseline 0 0"><span class='ocrx_word' id='word_1_893' title='bbox 928 580 946 790; x_wconf 95' lang='lat' dir='ltr'>   </span> 
     </span>
     <span class='ocr_line' id='line_1_64' title="bbox 928 790 945 946; baseline 0 -81"><span class='ocrx_word' id='word_1_894' title='bbox 928 790 945 946; x_wconf 95' lang='lat' dir='ltr'>   </span> 
     </span>
     <span class='ocr_line' id='line_1_65' title="bbox 928 1031 943 1100; baseline 0 0"><span class='ocrx_word' id='word_1_895' title='bbox 928 1031 943 1100; x_wconf 95' lang='lat' dir='ltr'>  </span> 
     </span>
    </p>
   </div>
   <div class='ocr_carea' id='block_1_4' title="bbox 985 603 1789 888">
    <p class='ocr_par' dir='ltr' id='par_1_20' title="bbox 985 603 1789 888">
     <span class='ocr_line' id='line_1_66' title="bbox 987 603 1789 644; baseline 0.005 -13"><span class='ocrx_word' id='word_1_896' title='bbox 987 614 1029 639; x_wconf 62' lang='grc' dir='ltr'>με</span> <span class='ocrx_word' id='word_1_897' title='bbox 1039 603 1113 632; x_wconf 62' lang='lat' dir='ltr'>caus}</span> <span class='ocrx_word' id='word_1_898' title='bbox 1124 605 1318 634; x_wconf 74' lang='lat' dir='ltr'>consideranda</span> <span class='ocrx_word' id='word_1_899' title='bbox 1328 604 1365 634; x_wconf 85' lang='lat' dir='ltr'>est</span> <span class='ocrx_word' id='word_1_900' title='bbox 1378 606 1416 634; x_wconf 93' lang='lat' dir='ltr'>D.</span> <span class='ocrx_word' id='word_1_901' title='bbox 1428 608 1548 644; x_wconf 78' lang='lat' dir='ltr'>Gregor.</span> <span class='ocrx_word' id='word_1_902' title='bbox 1558 604 1694 634; x_wconf 80' lang='lat' dir='ltr'>sententia</span> <span class='ocrx_word' id='word_1_903' title='bbox 1704 627 1712 638; x_wconf 90' lang='lat'><em>‚</em></span> <span class='ocrx_word' id='word_1_904' title='bbox 1735 605 1789 644; x_wconf 82' lang='lat' dir='ltr'>qui&#39;</span> 
     </span>
     <span class='ocr_line' id='line_1_67' title="bbox 989 644 1788 685; baseline 0.003 -13"><span class='ocrx_word' id='word_1_905' title='bbox 989 644 1024 672; x_wconf 81' lang='lat' dir='ltr'>sic</span> <span class='ocrx_word' id='word_1_906' title='bbox 1033 645 1069 672; x_wconf 83' lang='lat' dir='ltr'>:iit</span> <span class='ocrx_word' id='word_1_907' title='bbox 1083 655 1089 672; x_wconf 91' lang='lat'>:</span> <span class='ocrx_word' id='word_1_908' title='bbox 1112 650 1124 679; x_wconf 94' lang='lat'>[</span> <span class='ocrx_word' id='word_1_909' title='bbox 1137 645 1254 682; x_wconf 66' lang='lat' dir='ltr'>justitia:</span> <span class='ocrx_word' id='word_1_910' title='bbox 1266 667 1273 678; x_wconf 95' lang='lat'><em>,</em></span> <span class='ocrx_word' id='word_1_911' title='bbox 1293 656 1321 674; x_wconf 78' lang='lat' dir='ltr'>ac</span> <span class='ocrx_word' id='word_1_912' title='bbox 1333 646 1446 674; x_wconf 69' lang='lat' dir='ltr'>rationis</span> <span class='ocrx_word' id='word_1_913' title='bbox 1455 647 1525 675; x_wconf 91' lang='lat' dir='ltr'>ordo</span> <span class='ocrx_word' id='word_1_914' title='bbox 1541 644 1634 675; x_wconf 85' lang='lat' dir='ltr'>suadet</span> <span class='ocrx_word' id='word_1_915' title='bbox 1645 667 1652 678; x_wconf 84' lang='grc'><strong><em>,</em></strong></span> <span class='ocrx_word' id='word_1_916' title='bbox 1674 655 1704 674; x_wconf 81' lang='lat' dir='ltr'>ut</span> <span class='ocrx_word' id='word_1_917' title='bbox 1713 647 1759 685; x_wconf 85' lang='lat' dir='ltr'>qui</span> <span class='ocrx_word' id='word_1_918' title='bbox 1771 656 1788 674; x_wconf 75' lang='lat'>2</span> 
     </span>
     <span class='ocr_line' id='line_1_68' title="bbox 986 684 1789 719; baseline 0.002 -7"><span class='ocrx_word' id='word_1_919' title='bbox 986 684 1179 713; x_wconf 65' lang='lat' dir='ltr'>successoribus</span> <span class='ocrx_word' id='word_1_920' title='bbox 1195 686 1239 714; x_wconf 83' lang='lat' dir='ltr'>sua</span> <span class='ocrx_word' id='word_1_921' title='bbox 1251 686 1378 715; x_wconf 85' lang='lat' dir='ltr'>mandata</span> <span class='ocrx_word' id='word_1_922' title='bbox 1388 686 1490 717; x_wconf 74' lang='lat' dir='ltr'>servari</span> <span class='ocrx_word' id='word_1_923' title='bbox 1501 686 1654 715; x_wconf 80' lang='lat' dir='ltr'>desiderant</span> <span class='ocrx_word' id='word_1_924' title='bbox 1663 707 1676 719; x_wconf 61' lang='lat'><em>7</em></span> <span class='ocrx_word' id='word_1_925' title='bbox 1693 684 1789 716; x_wconf 82' lang='lat' dir='ltr'>deces-</span> 
     </span>
     <span class='ocr_line' id='line_1_69' title="bbox 986 724 1787 763; baseline 0.005 -10"><span class='ocrx_word' id='word_1_926' title='bbox 986 724 1055 754; x_wconf 85' lang='lat' dir='ltr'>soris</span> <span class='ocrx_word' id='word_1_927' title='bbox 1065 725 1106 754; x_wconf 90' lang='lat' dir='ltr'>sui</span> <span class='ocrx_word' id='word_1_928' title='bbox 1127 727 1221 763; x_wconf 84' lang='lat' dir='ltr'>procul</span> <span class='ocrx_word' id='word_1_929' title='bbox 1231 727 1315 755; x_wconf 86' lang='lat' dir='ltr'>dubio</span> <span class='ocrx_word' id='word_1_930' title='bbox 1335 728 1507 757; x_wconf 78' lang='lat' dir='ltr'>voluntatem</span> <span class='ocrx_word' id='word_1_931' title='bbox 1518 749 1525 760; x_wconf 87' lang='lat'><em>‚</em></span> <span class='ocrx_word' id='word_1_932' title='bbox 1547 731 1575 756; x_wconf 86' lang='lat'>&amp;</span> <span class='ocrx_word' id='word_1_933' title='bbox 1586 727 1684 755; x_wconf 77' lang='lat' dir='ltr'>statuta</span> <span class='ocrx_word' id='word_1_934' title='bbox 1694 727 1787 757; x_wconf 88' lang='lat' dir='ltr'>custo-</span> 
     </span>
     <span class='ocr_line' id='line_1_70' title="bbox 985 765 1786 805; baseline 0.004 -11"><span class='ocrx_word' id='word_1_935' title='bbox 985 765 1063 794; x_wconf 81' lang='lat' dir='ltr'>diant</span> <span class='ocrx_word' id='word_1_936' title='bbox 1073 787 1081 799; x_wconf 88' lang='lat'>,</span> <span class='ocrx_word' id='word_1_937' title='bbox 1103 776 1163 794; x_wconf 83' lang='lat' dir='ltr'>can.</span> <span class='ocrx_word' id='word_1_938' title='bbox 1173 767 1291 805; x_wconf 77' lang='lat' dir='ltr'>Justitiae</span> <span class='ocrx_word' id='word_1_939' title='bbox 1306 776 1351 801; x_wconf 76' lang='grc' dir='ltr'>ις.</span> <span class='ocrx_word' id='word_1_940' title='bbox 1362 768 1455 805; x_wconf 65' lang='lat' dir='ltr'>quaest.</span> <span class='ocrx_word' id='word_1_941' title='bbox 1471 778 1493 796; x_wconf 85' lang='grc' dir='ltr'>ι.</span> <span class='ocrx_word' id='word_1_942' title='bbox 1506 770 1521 799; x_wconf 77' lang='grc'>1</span> <span class='ocrx_word' id='word_1_943' title='bbox 1543 767 1712 796; x_wconf 79' lang='lat' dir='ltr'>Pontificum</span> <span class='ocrx_word' id='word_1_944' title='bbox 1724 771 1786 798; x_wconf 80' lang='lat' dir='ltr'>Ro-</span> 
     </span>
     <span class='ocr_line' id='line_1_71' title="bbox 985 807 1788 846; baseline 0.005 -12"><span class='ocrx_word' id='word_1_945' title='bbox 985 817 1128 835; x_wconf 86' lang='lat' dir='ltr'>manorum</span> <span class='ocrx_word' id='word_1_946' title='bbox 1136 807 1208 846; x_wconf 86' lang='lat' dir='ltr'>gesta</span> <span class='ocrx_word' id='word_1_947' title='bbox 1219 818 1254 836; x_wconf 84' lang='lat' dir='ltr'>an</span> <span class='ocrx_word' id='word_1_948' title='bbox 1266 808 1293 835; x_wconf 86' lang='lat' dir='ltr'>S.</span> <span class='ocrx_word' id='word_1_949' title='bbox 1302 807 1431 836; x_wconf 81' lang='lat' dir='ltr'>Damasus</span> <span class='ocrx_word' id='word_1_950' title='bbox 1438 807 1578 846; x_wconf 83' lang='lat' dir='ltr'>scripserit</span> <span class='ocrx_word' id='word_1_951' title='bbox 1588 827 1596 834; x_wconf 92' lang='lat'>.</span> <span class='ocrx_word' id='word_1_952' title='bbox 1606 808 1680 836; x_wconf 89' lang='lat' dir='ltr'>Vide</span> <span class='ocrx_word' id='word_1_953' title='bbox 1690 810 1788 838; x_wconf 80' lang='lat' dir='ltr'>Palea.</span> 
     </span>
     <span class='ocr_line' id='line_1_72' title="bbox 985 847 1787 888; baseline 0.004 -13"><span class='ocrx_word' id='word_1_954' title='bbox 985 847 1128 876; x_wconf 74' lang='lat' dir='ltr'>pontificis</span> <span class='ocrx_word' id='word_1_955' title='bbox 1139 848 1256 877; x_wconf 73' lang='lat' dir='ltr'>Milites.</span> <span class='ocrx_word' id='word_1_956' title='bbox 1266 848 1338 877; x_wconf 90' lang='lat' dir='ltr'>Vide</span> <span class='ocrx_word' id='word_1_957' title='bbox 1347 849 1549 887; x_wconf 65' lang='lat' dir='ltr'>Clavesignati.</span> <span class='ocrx_word' id='word_1_958' title='bbox 1562 848 1655 883; x_wconf 82' lang='lat' dir='ltr'>Quare</span> <span class='ocrx_word' id='word_1_959' title='bbox 1663 849 1787 888; x_wconf 85' lang='lat' dir='ltr'>quinque</span> 
     </span>
    </p>
   </div>
  </div>
 </body>
</html>
