1866 2526
465 47 501 89 E
532 47 575 88 X-

109 140 113 145 ,
127 109 236 140 fraude.
259 109 295 138 In
311 103 423 136 constit.
443 106 542 135 Caroli
559 104 664 138 Calvi,
677 104 722 133 tit.
737 115 749 142 3
762 114 784 132 ι.
805 111 863 142 cap.
879 112 922 141 ¹3-

85 147 340 181 Exomucoeib
362 143 577 184 ἐξωκατοῖκωλοι
588 167 596 179 ,
613 145 647 174 fic
658 145 744 184 aliqui
763 143 922 174 Constanti-

124 190 295 231 nopolitanae
314 185 440 216 Ecclesia
461 186 594 214 officiales
610 186 814 224 appellabantur
825 196 834 216 ς
861 193 923 212 nam

124 241 203 261 utra
212 227 406 270 patriarchium
417 227 611 266 pernochibant
623 247 631 259 ,
640 237 718 255 erant
727 226 805 254 enim
816 225 844 254 in
855 225 924 253 civi-

125 281 182 302 tate
192 269 325 301 Parochii
348 268 413 298 ideo
422 267 453 296 in
464 277 558 296 eorum
571 266 708 305 parochiis
720 267 877 305 pernoctare.
887 274 923 293 te-

126 313 259 342 nebantur
267 330 275 338 .
287 309 327 338 Hi
338 307 385 337 sex
395 318 473 338 erant
485 329 493 341 ,
506 308 636 336 nimirum
646 329 654 340 ‚
665 309 783 346 Magnus
792 307 924 336 Oecono-

129 362 189 382 mus
199 373 208 385 ,
221 353 340 389 Magnus
349 349 514 382 sacellarius,
527 349 641 388 Magnus
652 347 856 386 Sccvophylax,
867 348 925 375 Ma-

123 402 194 432 gnus
203 390 419 429 chartophylax
430 411 437 422 ‚
461 389 626 427 Pnepofitus
635 399 723 427 parvo
733 389 838 417 Sacello
849 398 857 418 ς
880 385 925 414 scu

127 432 264 462 Sacellion
275 453 282 465 ‚
300 435 327 460 &
341 430 515 459 Protecdicus
526 441 532 457 :
554 428 694 458 Balsamon
703 438 791 457 autem
802 427 924 466 quinque

125 483 235 503 tantum
249 481 373 502 numerat
385 493 393 504 ‚
403 471 466 509 quia
476 469 576 503 sextus,
587 473 615 498 ὃ(
625 470 737 498 ultimus
745 479 760 496 a
768 467 924 497 Patriarcha

124 514 268 553 Gregorio
278 512 429 551 Xiphilino
438 510 484 539 sub
493 511 613 549 imperio
622 510 715 539 Alexii
725 507 869 537 Comneni
879 507 924 535 ad-

1271 42 1306 84 E
1337 43 1378 83 X
1641 55 1716 96 321

977 99 1150 129 mentionem
1171 98 1236 129 facit
1254 101 1376 139 joannes
1385 101 1455 138 Papa
1465 100 1551 129 vm.
1569 100 1604 129 ad
1624 103 1779 140 Augustum

975 141 1122 171 Basilicum
1133 142 1256 170 Leonem
1267 139 1386 170 scribens
1396 161 1404 172 ,
1415 143 1443 169 δι
1454 140 1591 169 Adrianus
1601 143 1679 180 Papa,
1689 154 1776 183 quan-

976 181 1014 210 do
1031 182 1062 209 in
1073 180 1135 210 sede
1154 180 1331 210 patriarchali
1349 179 1505 209 restituerat
1523 179 1654 210 Photium
1666 205 1673 215 ,
1695 185 1743 223 qui
1760 195 1775 213 ι

977 222 1090 252 Summis
1100 222 1276 251 Pontificibus
1293 225 1348 258 ejus
1362 220 1597 259 praedecess'oribus
1613 232 1643 251 ea
1651 221 1712 252 sede
1724 224 1778 262 pri-

978 272 1055 291 vatus
1075 262 1160 291 fuerat
1172 284 1180 296 ,
1198 261 1267 291 hanc
1285 261 1479 291 conditionem
1499 262 1639 291 Adrianus
1657 264 1757 300 adjecit
1770 287 1778 298 ,

979 313 1078 342 nempe
1086 324 1094 331 .
1106 310 1118 339 [
1131 304 1175 333 Ut
1186 303 1246 342 post
1258 313 1375 332 mortem
1385 301 1482 331 photii
1491 301 1580 332 fratris
1589 303 1696 338 nostri,
1716 305 1777 333 nul.

978 345 1019 372 lus
1030 354 1063 372 ex
1081 344 1220 384 dignitate
1238 344 1376 372 mundana
1385 342 1419 372 ad
1430 343 1622 372 Pontificalem
1642 343 1780 374 honorem

980 383 1125 416 ascendam
1147 384 1196 414 sed
1215 395 1248 413 ex
1260 384 1429 420 Presbyteris
1449 383 1641 414 cardinalibus
1659 384 1781 421 ejusdem

980 425 1104 454 Ecclesia:
1117 447 1126 458 ‚
1135 425 1181 454 vel
1191 425 1358 454 Diaconibus
1369 446 1377 458 ‚
1397 434 1442 453 aut
1453 435 1486 454 ex
1499 425 1561 453 aliis
1572 426 1761 454 Sacerdotibus
1771 449 1779 460 ,

979 466 1026 503 qui
1035 465 1081 494 sub
1092 466 1207 495 Ecclesia
1217 465 1537 505 Constantinopolitana
1545 466 1780 506 consistunt,ap=.1d

981 508 1080 535 Barori.
1092 508 1104 538 ]
1118 506 1190 535 Vide
1200 509 1409 535 Protonolarius
1419 527 1427 534 .

125 555 200 584 ditus
211 558 314 583 hieran
337 561 455 591 quorum
471 551 563 580 officia
573 551 604 579 in
615 559 710 578 eorum
728 549 847 587 propriis
860 548 925 576 locis
941 549 1064 575 EXOCHE
1075 569 1082 580 ‚
1094 545 1178 590 ἐξοχὴ
1186 569 1193 580 ,
1204 547 1353 576 eminentia
1367 568 1375 579 ‚
1385 547 1554 576 excellentia
1563 570 1571 581 ,
1581 551 1609 576 δ(
1620 556 1723 581 tumor,
1733 548 1777 577 su-

125 596 349 633 explicabuntur.
373 593 558 630 Erantitaque
576 590 618 619 hae
639 591 786 629 dignitates
797 589 922 617 maximx

122 635 294 664 austeritatis
302 655 311 666 ,
321 637 350 663 δι
362 632 579 672 praeemintntiae
589 642 598 662 ς
609 631 647 659 ita
656 641 685 660 ut
695 641 726 658 in
739 631 851 669 publicis
859 639 926 657 con—

124 674 280 704 feslionibus
292 672 439 712 Episcopus
448 673 635 711 praecederent
646 693 654 704 ,
677 680 738 699 cum
748 672 821 699 illius
834 669 925 699 Eccle-

124 716 168 746 siae
182 717 269 744 veluti
279 714 440 744 cardinales
449 711 532 740 ell'ent
544 734 552 745 ‚
575 716 603 740 ὃ(
614 713 654 740 uti
666 712 732 740 tales
744 711 774 739 in
787 711 925 739 Florenti-

125 767 164 785 no
173 755 308 785 Concilio
318 753 402 782 habiti
414 751 477 781 sunt
486 774 494 786 ,
505 754 535 780 in
545 755 619 788 cujus
630 752 694 780 aftis
703 751 762 780 haec
770 751 906 780 habentur
918 763 923 778 .·

980 588 1064 615 mitur
1075 597 1156 615 etiam
1168 598 1217 626 pro
1226 586 1397 617 haemoroide
1408 609 1415 616 .
1428 594 1440 623 [
1452 589 1512 617 Nec
1523 589 1667 622 ambulare,
1679 600 1729 618 nec
1742 588 1782 619 se-

982 629 1046 656 dere
1057 626 1160 665 poss'um
1171 628 1297 667 rhagadis
1306 650 1314 662 ‚
1324 633 1352 658 δι
1362 628 1509 658 exochadis
1519 630 1616 658 dolore
1625 652 1633 663 ‚
1653 633 1680 658 ὅ(
1691 640 1781 659 tumo-

981 679 1009 697 re
1019 690 1026 696 .
1045 669 1082 696 D.
1096 670 1168 707 Aug.
1179 669 1258 707 epist.
1273 674 1336 704 148.
1346 669 1378 698 ad
1390 671 1495 700 ἣκει-1
1516 671 1561 699 De
1579 670 1782 714 significatione

982 709 1062 744 hujus
1075 710 1195 737 vocabuli
1207 720 1220 737 a
1231 711 1379 738 Clemente
1392 711 1478 739 VIII.
1497 714 1551 746 ejus
1562 711 1684 740 Medicus
1693 712 1781 741 inter-

981 759 1092 788 rogatus
1102 749 1269 787 respondere
1280 748 1398 778 nescivit
1409 771 1416 778 .
1440 751 1512 780 Vide
1521 753 1631 789 Rhaga}
1641 773 1650 780 .

126 803 140 832 [
150 794 305 826 Patriarcha
314 796 413 832 Papam
425 793 540 822 stantem
549 792 682 821 osculatus
694 793 731 821 est
743 793 773 820 in
783 803 863 831 gena5
876 801 923 820 no>
942 793 1158 819 Exoci-tioxium
1169 812 1177 822 ‚
1200 794 1228 819 δ(
1250 794 1413 820 Exocionita
1425 811 1432 817 .
1452 792 1525 820 Vide
1533 791 1638 832 stylitiz
1648 813 1656 820 .

123 847 190 866 vero
201 847 263 864 cum
272 835 467 864 Exomtacoelis
476 833 601 863 sedentes
611 833 754 862 dexteram
766 857 772 865 ,
790 838 817 862 ὃ(
827 841 923 872 genam
941 834 1071 859 Exonius
1084 852 1091 863 ,
1103 827 1202 867 ἔξώἑὶον
1211 852 1219 863 ,
1230 840 1325 858 cantus
1336 850 1343 858 .
1366 830 1484 860 Adriani
1494 834 1572 870 Junii
1582 833 1694 861 lexicon
1702 835 1784 862 Gaze⁴

123 876 238 906 osculati
250 875 339 905 sumus
348 896 355 902 .
366 877 378 906 ]
398 877 435 904 In
456 874 639 914 patriarchatu
657 875 849 903 Diaconorum
859 874 924 901 offi-

123 917 196 946 cium
208 918 382 949 exercebant,
391 927 422 944 ut
431 917 462 944 in
471 916 536 944 diet.
547 916 770 944 Archidiaconus
782 914 903 943 diximus
914 924 921 943 ἦ

981 873 1088 900 co-Lat.
1100 871 1133 899 de
1146 881 1200 909 quo
1219 872 1257 899 D.
1270 871 1440 907 Hieronym.
1452 872 1499 901 lib.
1511 885 1537 902 2.
1557 882 1654 903 contra
1664 873 1737 903 Ruff,
1749 874 1782 902 li-

980 921 1024 940 cet
1035 912 1119 950 aliqui
1129 922 1318 940 commentum
1330 913 1358 940 in
1369 913 1495 941 Exodum
1504 914 1655 952 significare
1665 924 1764 952 putent
1774 936 1781 942 .

123 959 153 986 in
163 969 214 997 qua
233 958 374 986 funftione
385 958 492 996 planeta
507 957 653 984 utebantur
664 976 671 983 .
690 956 765 984 Hinc
786 954 923 983 retentio·
940 956 1058 981 Exonus
1070 974 1079 985 ,
1089 962 1155 980 unus
1167 962 1200 980 ex
1212 952 1394 981 Pentateuchi
1405 954 1479 982 libris
1490 965 1498 984 ς
1510 953 1596 992 ἒξοδος
1605 955 1682 983 enim
1693 965 1782 994 graece

124 1009 184 1029 rum
193 1001 358 1027 Grsecorum
368 1008 445 1026 error
454 998 642 1030 convincitur,
652 997 716 1025 dum
726 997 841 1024 Latinos
852 995 923 1023 calu-

124 1040 275 1071 mniantur,
286 1039 348 1076 quia
359 1039 388 1066 in
397 1039 494 1066 officio
503 1038 624 1066 Diaconi
637 1036 786 1075 aliquando
797 1037 923 1065 Sacerdo-

980 993 1085 1021 cxitum
1105 992 1260 1031 significan
1281 1004 1343 1022 nam
1365 994 1395 1021 in
1408 993 1460 1022 hoc
1480 995 1551 1023 libro
1562 995 1596 1024 de
1614 996 1781 1024 liberatione

980 1033 1129 1062 Israelitici
1139 1034 1233 1071 populi
1242 1044 1275 1061 ex
1288 1034 1423 1073 AEgypto
1434 1036 1538 1074 agitur.

124 1090 163 1108 tes
173 1078 344 1107 succumbere
356 1080 524 1117 permittunt
535 1099 544 1111 ‚
563 1076 690 1107 adversus
702 1088 768 1115 quos
777 1077 924 1105 calumnia-
941 1076 1165 1103 Exomoioorsn
1180 1095 1188 1106 ,
1198 1074 1368 1112 ἐξομολόγηε
1377 1084 1397 1103 i:
1410 1099 1415 1104 .
1437 1075 1636 1104 conl‘effionem
1649 1076 1763 1106 denotat
1776 1088 1782 1107 ;

122 1130 194 1148 tores
212 1121 373 1148 Emmanuel
382 1120 482 1148 Caleca
493 1140 500 1151 ‚
511 1119 558 1147 lib.
571 1131 598 1154 4.
608 1129 632 1146 c.
644 1131 658 1147 ι
667 1129 675 1146 ι
683 1139 690 1145 .
702 1119 775 1146 inter
784 1119 834 1146 alia
845 1116 923 1146 affert

121 1161 174 1190 hoc
191 1161 352 1189 eorumdem
373 1160 531 1198 exemplum
561 1159 774 1197 supi-adistarum
803 1158 924 1197 dignita-

121 1212 180 1230 tum
193 1223 200 1233 ,
222 1201 318 1239 quibus
327 1211 389 1229 cum
401 1201 510 1238 praediti
522 1199 606 1228 essent
618 1199 773 1234 Presbyteri
786 1221 793 1232 ‚
805 1200 835 1227 in
847 1199 925 1227 Mifla

124 1252 216 1271 tamen
229 1241 403 1270 Patriarchali
413 1242 552 1270 Officium
562 1240 680 1269 Diaconi
692 1240 818 1268 exerceba
824 1241 924 1277 anue

122 1282 284 1321 dignitates,
294 1282 360 1310 licet
369 1280 415 1310 sex
426 1291 622 1311 numerentur;
636 1291 725 1309 tamen
736 1291 764 1308 re
774 1290 837 1309 vera
847 1290 924 1308 crant

120 1322 223 1362 septem
234 1333 242 1353 ς
255 1333 317 1350 nam
325 1323 446 1362 dignitas
457 1322 706 1354 Archidiaconalis,
718 1331 778 1348 tum
789 1321 820 1349 lit
829 1322 862 1349 ad
876 1332 922 1349 nu-

121 1373 180 1393 tum
190 1363 354 1392 Patriarchae
364 1365 521 1392 amovibilis
533 1386 540 1397 ,
555 1374 611 1391 non
621 1372 835 1391 connumeratur
845 1383 852 1389 .
866 1363 923 1391 PR.

122 1405 261 1434 Adrianus
275 1415 341 1433 vero
351 1406 448 1442 Junius
457 1406 574 1443 primam
582 1403 713 1438 syllabam
725 1403 836 1431 divifim
845 1403 923 1441 legit,

122 1455 224 1484 nempe
234 1466 241 1477 ,
252 1445 284 1482 ’ἐξ
296 1446 461 1475 κατάκοιλω
470 1466 480 1482 ,
492 1446 559 1474 idest
569 1467 577 1478 ,
590 1443 636 1473 sex
647 1445 796 1476 Canacen,
808 1445 870 1482 quia
881 1453 924 1476 tut

124 1487 184 1518 ait)
206 1494 282 1514 erant
292 1496 385 1513 eorum
397 1486 564 1524 parochiales
583 1485 706 1513 Ecclcfiae
727 1485 757 1512 in
769 1485 882 1513 vallibus
893 1485 924 1512 si-

126 1535 218 1553 tuatae:
231 1536 257 1552 at
268 1535 449 1564 praeterquam
458 1526 512 1554 hoc
524 1527 579 1555 fine
593 1525 774 1554 fundamento
784 1535 925 1553 commen-

125 1573 217 1596 taturs
234 1566 415 1594 inverilimile
428 1577 536 1605 quoque
548 1567 658 1594 videtur
670 1587 676 1598 ,
687 1566 762 1604 quod
772 1567 802 1594 in
814 1565 861 1594 illa
871 1575 925 1593 tam

123 1606 267 1645 magnifica
277 1607 723 1645 CivitateConstantinopolitana
734 1617 793 1634 non
802 1607 924 1645 amplius,

124 1657 206 1686 quam
217 1646 264 1675 sex
275 1647 411 1685 parochiae
422 1649 509 1686 reperi
515 1651 648 1680 rentum&
659 1657 754 1676 omnes
769 1648 797 1675 in
808 1648 923 1676 vallibus

123 1689 182 1717 litae
193 1699 202 1719 ς
213 1691 240 1716 ὃ(
251 1688 385 1716 aforiiori
398 1711 404 1720 ,
416 1689 491 1727 quod
503 1689 628 1727 tempore
639 1691 675 1717 Ba
690 1687 806 1716 samonis
819 1709 826 1720 ,
837 1698 922 1726 quan-

124 1729 161 1757 do
175 1751 183 1762 ,
202 1729 334 1757 nimirum
346 1751 354 1762 ,
377 1739 435 1757 non
443 1729 489 1758 sex
503 1751 511 1762 ,
529 1728 576 1757 sed
588 1729 710 1767 quinque
730 1738 837 1756 tantum
846 1738 924 1757 erant

122 1767 283 1805 hujusmodi
293 1769 408 1798 Parochi
420 1791 428 1802 ,
440 1780 504 1798 tunc
514 1769 598 1797 etiam
608 1770 795 1797 Exoratacaelc
805 1770 911 1808 appella

122 1819 219 1838 rentur
230 1829 237 1836 .
256 1811 292 1838 In
303 1810 436 1839 Novellis
449 1810 543 1839 Alexii
555 1810 695 1838 Comneni
708 1811 781 1847 Imp.
800 1820 814 1837 a
826 1812 925 1838 Leum-

121 1850 213 1878 clavio
233 1851 354 1878 collectis
367 1851 469 1888 legitur
479 1861 582 1879 motam
593 1850 668 1878 luiffe
691 1850 767 1878 litem
776 1851 849 1878 inter
860 1853 924 1890 Epi-

120 1889 220 1928 scopos
231 1901 264 1919 ex
285 1901 338 1918 una
349 1901 424 1929 parte
435 1913 443 1924 ‚
465 1894 491 1919 δε
503 1890 760 1929 Chariopliylaccm
780 1901 812 1919 cx
822 1891 904 1920 altera
915 1914 923 1925 ‚

122 1941 214 1963 unam,
227 1929 331 1958 scilicet
341 1952 350 1963 ‚
361 1941 395 1958 cx
407 1930 566 1970 supradietis
575 1932 755 1970 dignitatibus
763 1931 844 1970 super
855 1942 924 1970 prae-

121 1972 247 2000 cedentia
257 1993 265 2004 ‚
278 1972 307 1999 in
316 1974 390 2006 cujus
403 1972 523 2001 savorem
534 1971 639 2010 scriplii
649 1972 692 2000 his
703 1973 789 2000 verbis
801 1974 922 2011 Impera-

123 2023 166 2041 tor
177 2024 182 2039 ς
195 2019 205 2047 [
217 2012 300 2048 Qiod
311 2011 416 2040 sederet
427 2023 490 2042 ante
499 2012 657 2052 Episcop05‚
668 2023 775 2051 quotics
786 2014 847 2042 illos
858 2025 924 2042 con-

124 2053 220 2082 venire
237 2053 272 2081 ob
284 2053 402 2091 aliquam
415 2053 603 2082 necessitarem
614 2054 759 2092 oportebat
769 2056 799 2085 .]
821 2058 854 2083 Et
870 2056 923 2083 Sil—

123 2093 209 2122 vester
220 2094 386 2132 Sgiiropolus
397 2096 602 2123 Exocatacoelus
614 2116 622 2127 ,
632 2094 707 2132 quod
717 2095 748 2122 in
761 2095 922 2125 Florentino

119 2134 257 2164 Concilio
268 2144 331 2162 ante
346 2133 494 2173 Episcopos
505 2138 561 2173 ejus
571 2137 687 2174 aequales
700 2145 757 2163 non
775 2134 904 2164 scdiss‘ent
915 2159 922 2171 ‚

119 2176 299 2214 conqueritur
308 2195 318 2211 ‚
341 2178 368 2203 ὅ(
379 2176 442 2204 talia
463 2177 493 2204 in
511 2185 607 2204 eorum
628 2175 748 2204 favorem
759 2175 796 2203 ibi
819 2174 883 2204 sect.
895 2189 922 2212 4.

119 2225 144 2242 c.
161 2226 204 2243 io.
215 2216 335 2245 adducit.-
348 2218 435 2252 [Nam
446 2227 475 2245 ιιι
484 2216 526 2245 illi
538 2217 659 2255 quinque
671 2215 762 2244 sensus
772 2226 921 2255 numquam

119 2256 150 2283 ab
159 2254 274 2284 homine
287 2266 355 2285 Vivo
366 2267 567 2287 removentur5
590 2257 626 2285 ita
639 2267 688 2284 nec
701 2256 742 2284 illi
754 2266 768 2284 a
778 2257 862 2285 latere
872 2260 921 2287 Pa-

115 2295 241 2324 triarchae
254 2295 399 2326 discedunt
411 2318 418 2325 .
431 2299 540 2336 Semper
548 2297 627 2336 supra
637 2295 870 2336 Arcliiepiscopos
879 2310 922 2327 ca—

113 2336 226 2375 piebant
237 2338 307 2371 loca,
317 2349 345 2367 ac
354 2348 384 2367 ut
397 2339 525 2376 presides
534 2337 716 2368 Patriarchici
729 2339 842 2367 Senatus
850 2341 920 2368 cele-

111 2377 260 2415 brabantur
271 2381 302 2413 .]
324 2380 370 2409 De
380 2379 705 2419 Constantinopolitano
727 2379 921 2411 cardinalibus

142 2420 355 2459 —fflerolgxicorr
371 2423 465 2454 Macri
477 2441 483 2449 .

375 2490 383 2504 t

981 1115 1130 1153 aliquando
1151 1124 1241 1143 tamen
1254 1126 1312 1143 non
1321 1114 1458 1154 fignificat
1476 1115 1697 1146 fici-amentalem
1716 1129 1784 1146 con-

983 1154 1125 1184 sessionem
1136 1176 1142 1182 .
1155 1156 1221 1190 [Ut
1233 1155 1280 1194 qui
1291 1156 1398 1184 libellos
1408 1167 1422 1185 a
1433 1158 1598 1192 Martyribus
1608 1168 1782 1196 acceperunt,

983 1196 1002 1224 si
1014 1196 1193 1224 incommodo
1202 1196 1294 1234 aliquo
1306 1218 1314 1229 ‚
1333 1205 1378 1225 aut
1388 1197 1558 1226 'infirmitatis
1568 1198 1692 1236 periculo
1702 1209 1784 1227 occu-

982 1237 1040 1275 pati
1053 1237 1165 1270 fuerint,
1175 1247 1233 1265 non
1243 1237 1388 1275 expedient
1399 1237 1573 1276 praesentiam
1584 1238 1784 1278 nostram,quin

983 1278 1054 1316 apud
1074 1278 1271 1313 Presbyterum
1289 1288 1488 1318 quemcumque
1506 1278 1670 1318 praesentem
1682 1301 1690 1312 ‚
1712 1281 1756 1309 vel
1766 1281 1784 1309 fi

981 1319 1126 1354 Presbyter
1139 1327 1259 1357 repertus
1270 1329 1327 1346 non
1337 1318 1419 1347 fuerit
1431 1342 1438 1353 ,
1452 1324 1479 1349 ἃ
1489 1331 1586 1359 urgere
1596 1321 1686 1350 exitus
1695 1331 1786 1359 cmpe—

984 1360 1023 1388 rit
1031 1383 1040 1394 ‚
1050 1360 1120 1398 apud
1130 1360 1286 1388 Diaconum
1301 1370 1409 1398 quoque
1417 1362 1633 1400 exomologesim
1644 1361 1730 1391 facere
1737 1362 1785 1390 de-

984 1400 1041 1429 listi
1051 1402 1093 1430 sui
1113 1399 1218 1439 possinr
1231 1421 1238 1428 .
1258 1401 1294 1428 D.
1314 1402 1450 1439 Cyprian.
1469 1401 1546 1440 epist.
1562 1413 1604 1434 17.
1617 1402 1664 1430 lib.
1674 1413 1701 1441 3.
1714 1404 1726 1434 ]
1740 1405 1781 1432 Ac

983 1443 1096 1481 proprie
1105 1441 1236 1470 ultimum
1245 1442 1332 1469 frum
1345 1442 1444 1480 publici
1455 1443 1620 1480 pta-nitentis
1631 1442 1764 1483 fignificat
1776 1465 1786 1477 ,

984 1484 1094 1521 quando
1104 1505 1111 1516 ,
1123 1482 1227 1511 scilicet
1239 1504 1247 1515 ‚
1257 1482 1315 1520 post
1327 1481 1518 1511 satisfactionis
1530 1483 1766 1523 complementum
1777 1506 1785 1516 ‚

982 1525 1013 1552 ab
1022 1524 1159 1564 Episcopo
1171 1523 1200 1551 in
1211 1524 1356 1552 Ecclesiam
1366 1523 1573 1555 conducebatiir5
1585 1523 1629 1552 ubi
1640 1524 1673 1552 ad
1685 1534 1787 1553 terrani

984 1569 1130 1603 prostratus
1140 1586 1148 1597 ,
1170 1568 1198 1592 ὃ(
1210 1574 1300 1592 coram
1312 1565 1399 1592 Clero
1410 1587 1417 1596 ,
1427 1575 1454 1592 ac
1467 1565 1571 1602 populo
1582 1563 1720 1593 commissa
1730 1575 1785 1593 cri-

984 1607 1058 1634 mina
1069 1605 1213 1634 detestabat
1241 1615 1301 1632 cum
1311 1605 1454 1643 propofito
1464 1605 1666 1633 emendationis
1677 1626 1684 1633 .
1699 1608 1786 1640 [Tan-

984 1656 1014 1675 to
1025 1647 1166 1685 operosior
1179 1645 1305 1684 probatio
1315 1666 1322 1677 ‚
1345 1655 1440 1674 utnon
1459 1644 1515 1673 sola
1532 1645 1701 1674 conscientia
1711 1668 1719 1679 ,
1736 1645 1786 1676 sed

983 1688 1066 1716 etiam
1083 1688 1176 1725 aliquo
1187 1686 1245 1714 τιὸω
1256 1686 1460 1715 administretur
1470 1707 1478 1718 ,
1499 1687 1519 1713 is
1529 1688 1599 1714 actus
1609 1707 1617 1718 ,
1632 1686 1680 1724 qui
1699 1696 1786 1726 magis

982 1739 1074 1767 gracco
1086 1728 1219 1756 vocabulo
1230 1727 1395 1765 exprimitur
1408 1748 1415 1759 ‚
1426 1731 1452 1755 ἃ
1464 1726 1660 1764 frequentatur,
1670 1736 1787 1755 exonio-

982 1768 1080 1807 logefis
1090 1769 1127 1796 est
1137 1789 1144 1796 .
1167 1768 1284 1798 Tertull.
1294 1767 1328 1796 de
1340 1768 1442 1795 Poenit.
1455 1777 1512 1804 cap.
1525 1779 1553 1803 9.
1564 1767 1590 1795 Si
1601 1767 1634 1795 de
1645 1769 1786 1796 exomolo—

982 1810 1037 1849 gesi
1047 1810 1190 1842 retraClzas,
1211 1807 1365 1846 geliennam
1385 1809 1415 1836 in
1428 1808 1511 1836 corde
1528 1807 1686 1841 considera,
1705 1819 1785 1847 quam

983 1850 1034 1879 tibi
1045 1849 1244 1889 exomologelis
1255 1850 1400 1887 extinguet
1414 1853 1466 1877 &a
1477 1848 1594 1881 Ibidem,
1606 1859 1663 1887 cap.
1678 1851 1737 1881 iz.]
1749 1853 1785 1877 Et

983 1891 1080 1920 clarius
1093 1891 1118 1919 S.
1128 1891 1266 1929 Cyprian.
1279 1890 1324 1917 lib.
1342 1901 1363 1916 l.
1376 1890 1453 1927 epill.
1469 1900 1510 1917 ιι.
1529 1890 1567 1917 ait
1579 1890 1610 1920 .·]
1629 1889 1786 1919 AEstimato

982 1932 1055 1968 julio
1077 1942 1204 1970 tumpore
1214 1953 1221 1964 ‚
1242 1930 1332 1968 postea
1343 1929 1528 1968 exomologesi
1539 1929 1605 1958 fasta
1618 1952 1626 1963 ,
1647 1930 1681 1958 ad
1691 1930 1786 1959 Eccle-

984 1972 1046 2000 liam
1057 1972 1149 2001 redeat
1161 1993 1167 1999 .
1180 1974 1192 2003 ]
1216 1971 1376 2009 Aliquando
1388 1980 1470 1998 etiam
1484 1972 1537 1998 hoc
1550 1971 1711 1999 vocabulum
1724 1981 1787 2009 pro-

981 2012 1128 2042 ceslionem
1139 2013 1167 2041 in
1177 2013 1283 2051 signum
1297 2011 1471 2049 poenitentiae
1482 2011 1515 2039 ad
1527 2011 1730 2050 implorandam
1741 2012 1784 2040 di-

983 2054 1075 2082 vinam
1086 2052 1302 2081 misericordiam
1312 2051 1436 2084 denotat,
1447 2051 1567 2090 quando,
1578 2051 1694 2086 scilicet,
1709 2053 1786 2081 Deus

981 2104 1029 2132 pei·
1041 2095 1163 2123 turbines
1176 2116 1183 2126 ‚
1194 2098 1221 2122 δε
1233 2102 1365 2121 aerumnas
1376 2101 1472 2120 contra
1481 2091 1629 2121 humanum
1638 2103 1723 2131 genus
1734 2094 1786 2121 ira-

982 2145 1040 2163 tum
1049 2134 1076 2162 se
1086 2134 1207 2162 ostendit
1217 2154 1224 2161 .
1238 2139 1249 2168 [
1262 2135 1317 2162 Pro
1329 2133 1522 2162 incolumitate
1531 2133 1668 2172 Principis
1679 2134 1784 2166 nostri,

982 2185 1063 2214 atque
1072 2174 1224 2203 salvatione
1234 2175 1329 2212 populi
1342 2196 1350 2207 ,
1372 2177 1399 2202 δ(
1411 2173 1590 2213 indulgentia
1599 2175 1683 2203 totius
1693 2185 1784 2212 pecca-

983 2216 1004 2244 ti
1017 2238 1025 2249 ,
1035 2220 1063 2245 δε
1075 2228 1088 2244 a
1110 2216 1269 2244 cunctorum
1279 2214 1404 2243 fidelium
1413 2215 1539 2244 cordibus
1561 2215 1720 2254 expulsione
1729 2215 1786 2242 dia-

980 2257 1036 2286 boli
1050 2279 1056 2289 ,
1075 2253 1283 2295 exomologeses
1302 2255 1376 2284 votis
1397 2254 1576 2295 gliscentibus
1594 2256 1766 2284 celebrentur
1778 2276 1785 2284 .

980 2298 1093 2327 Concil.
1116 2297 1316 2326 Toleexvn.
1328 2306 1388 2325 can.
1401 2298 1451 2328 6.]
1474 2298 1511 2325 In
1521 2296 1617 2324 codem
1630 2294 1706 2323 sensu
1718 2317 1726 2328 ,
1739 2306 1785 2324 co—

979 2339 1097 2377 demque
1108 2338 1241 2365 vocabulo
1252 2337 1415 2366 Concilium
1426 2338 1590 2376 Lugdunen.
1601 2337 1738 2375 III-tang
1746 2349 1772 2365 τ..

979 2380 1068 2408 utitur
1077 2399 1084 2408 .
1100 2380 1156 2408 fit.
1167 2376 1254 2408 Gloss‘.
1267 2377 1296 2406 in
1306 2388 1368 2407 can.
1377 2379 1453 2418 quod
1465 2379 1484 2406 ii
1495 2375 1706 2416 poenhemiam,
1729 2389 1746 2406 ι.
1754 2376 1782 2411 7⁶

1653 2427 1699 2456 qu.
1714 2427 1737 2446 ι.
