1866 2526
133 55 210 103 566
464 54 515 109 Q
535 53 592 95 AE

118 112 151 144 ti,
161 115 189 140 δε
199 108 315 144 τοττῐ,’8ε
325 107 472 150 insignium
486 113 642 145 vulnerum,
655 113 683 139 δι
694 109 849 139 cicatricum
860 121 915 141 me-

120 151 210 180 moria
217 151 330 189 gloriosi
340 171 346 178 .
357 152 382 179 S.
395 152 553 191 Cyprianus
563 175 571 186 ,
583 152 661 191 epist.
674 158 720 187 69.
740 154 752 182 ]
774 153 847 179 Item
859 163 919 181 cau-

120 191 175 224 sam
186 192 358 220 criminalem
368 214 376 224 ,
387 192 532 232 locumque
540 203 650 221 torturae
661 191 795 229 significat
804 211 812 219 .

80 232 230 268 QUAESTOR
241 232 389 261 Uannius
401 253 408 260 .
419 234 492 262 Vide
503 232 705 271 Xenoparochus
717 251 724 258 .

80 274 228 308 QuiesTus
243 292 250 300 .
267 273 381 301 Pecunia
390 273 450 301 data
465 274 494 302 in
507 274 638 312 quaestum
658 275 686 300 δι
698 270 898 301 fenerationem
908 294 916 305 ‚

119 313 226 342 crimen
235 322 293 341 erat
303 334 310 345 ,
325 322 437 350 propter
445 315 520 351 quod
529 313 599 342 Sacri
611 311 807 342 Conciliomm
817 315 915 342 Cano-

121 364 171 382 nes
181 353 306 382 Clericos
320 362 433 382 munere
443 355 546 392 deponi
557 354 715 382 statuerunt.
727 353 826 382 Usurae
838 355 914 382 enim

121 393 247 431 accePtio
258 394 287 420 in
297 393 413 431 antiquis
423 395 581 423 canonibus
592 393 734 423 avaritiam
754 396 781 422 ὅ(
800 394 916 423 crudeli-

122 443 209 462 tatem
218 443 274 472 prae
284 432 311 461 se
322 433 391 462 ferre
400 433 577 462 censebantur
587 455 594 466 ‚
617 438 645 462 δ(
654 434 752 463 nostris
763 433 837 463 hisce
848 445 916 463 tem—

122 474 232 512 poribus
241 472 387 502 censentur
397 494 403 501 .
415 475 510 503 Cone.
520 474 584 503 Nic.
596 485 619 502 c.
636 485 699 508 117.
709 477 781 504 Can.
792 477 876 514 apost.
894 487 917 503 c.

121 526 170 553 43.
181 515 295 544 Concil.
308 514 433 542 Illiberit.
445 525 468 541 c.
484 526 528 543 20.
540 515 634 542 arelat.
650 525 672 542 i.
682 527 706 543 c.
721 527 764 545 η.
782 515 916 555 Carthag-

127 566 153 583 ι.
164 566 187 583 c.
203 565 245 592 ¹3·
257 556 312 582 ΙΙΙ.
321 564 345 581 c.
361 562 403 584 16.
415 554 526 583 Laodic.
537 566 590 590 e.4.
601 556 689 584 Trull.
701 567 724 584 c.
739 568 783 585 ιο.
793 557 913 595 Cypria*

121 606 172 624 nus
182 595 215 623 de
225 594 301 632 lapsis
310 598 361 622 &c-
382 595 465 631 Quod
475 606 562 624 autem
574 596 607 624 :id
619 597 736 625 nostram
757 596 916 635 praesentein

122 635 321 664 areamrattinet
335 659 340 669 ,
361 646 484 664 naturam
497 635 578 672 hujus
595 637 710 675 quaestus
721 648 767 676 par
776 637 814 666 est
835 648 864 666 ut
874 638 916 666 in-

125 676 263 714 quiramus
274 697 281 708 ,
299 679 326 703 δ(
337 675 423 704 causas
435 699 442 709 ,
453 678 489 706 ob
498 687 561 716 quas
573 687 626 705 tani
640 677 668 705 in
678 678 796 706 Clericis
806 700 814 710 ,
835 688 915 716 quam

122 717 152 745 iii
162 716 251 746 Laicis
262 716 413 754 improbata
424 717 504 746 fuerit
523 722 551 747 δι
570 718 739 756 improbetur
750 739 757 746 .
777 720 875 757 Neque
888 719 916 747 id

123 757 282 796 vulgaribus
291 761 317 785 &
327 757 419 784 obviis
430 779 438 791 ,
449 768 479 786 ut
491 762 567 794 ajunt
578 780 586 792 ,
602 760 769 797 argumentis
779 760 917 797 expende-

123 808 182 826 mus
192 820 199 830 ,
209 797 257 826 sed
266 795 367 825 summa
378 798 524 837 diligentia
533 800 661 828 &studio
674 801 704 828 in
713 799 784 828 hanc
804 809 860 827 rem
875 800 915 828 di-

119 837 310 877 squifitionem
321 837 492 867 instituemus
502 862 510 872 ,
534 840 569 868 ita
580 850 609 868 ut
619 841 716 869 Lector
725 840 820 869 habeat
841 840 917 868 vocis

122 880 233 917 quastus
245 878 489 916 fivcfenerationis
500 902 508 913 ,
520 880 574 909 sive
584 882 669 918 usura
681 882 806 909 omnibus
829 881 918 908 modis

123 918 271 948 absolutam
281 918 510 957 fignificationem
521 943 529 954 ‚
539 931 598 958 quae
611 920 682 961 saepe
692 923 774 950 etiam
785 921 855 958 apud
875 932 915 948 ac-

121 961 268 988 curatiores
279 969 384 987 morum
395 969 531 999 praeccpta
539 960 684 991 scribentes
695 963 871 991 desideratur.
883 965 916 989 Et

121 1000 197 1038 quod
207 1001 240 1028 ad
251 1000 289 1028 rei
300 1009 420 1028 naturam
429 1001 528 1030 attinet
539 1024 547 1035 ‚
558 1002 755 1031 observandum
764 1003 812 1035 est,
825 1002 917 1029 diver-

124 1040 152 1069 sa
163 1051 272 1079 genera,
282 1039 460 1079 diversosque
470 1043 568 1080 gradus
580 1042 684 1072 usuram
696 1044 765 1082 apud
777 1046 916 1073 Romanos

123 1080 401 1111 fuiss'e.Ufitatisfimae
411 1092 491 1110 erant
500 1094 549 1115 eae,
559 1094 624 1122 quas
635 1084 792 1121 centefimas
806 1093 915 1115 vocant,

125 1122 247 1162 quasque
258 1122 419 1150 Concilium
430 1126 570 1152 Nicaenum
588 1124 641 1153 hoc
663 1125 774 1154 nomine
785 1134 916 1152 memorat

121 1176 147 1193 c.
162 1175 204 1197 17.
226 1161 372 1195 ἓκατοςαΐ,
393 1174 447 1201 quo
465 1166 595 1193 vocabulo
609 1166 694 1194 etiam
705 1165 793 1194 utitur
801 1165 914 1194 Concil.

122 1204 284 1234 Trullanum
294 1224 302 1235 ‚
323 1213 346 1231 c.
363 1214 404 1232 io.
424 1208 450 1233 ὃ(
469 1204 685 1240 Chrysostomus
707 1206 804 1235 homil.
820 1213 864 1239 56.
889 1206 916 1232 in

122 1243 224 1274 Mattli.
234 1243 314 1271 habet
324 1243 384 1278 ἔτος
392 1243 479 1280 μόλις·
489 1245 613 1279 gnaro-eiii
622 1245 800 1279 :ivoslsz-ww,
809 1248 853 1274 hic
864 1248 917 1273 vix

125 1284 300 1322 centesimam
307 1291 417 1320 partem
430 1287 520 1314 reddit
532 1307 538 1313 .
559 1288 641 1323 Quod
653 1288 761 1325 quidem
771 1287 917 1315 duodecim

123 1337 157 1354 ex
167 1334 291 1353 centenis
303 1334 349 1362 per
358 1335 458 1353 annum
469 1326 582 1355 conficit
593 1347 599 1354 .
613 1329 713 1357 Nosti-a
721 1338 829 1367 quoque
840 1336 918 1355 aetate

125 1368 154 1394 in
172 1365 362 1396 Orientalibus
383 1367 553 1405 Regionibus
577 1367 635 1397 liaec
662 1369 806 1406 centesima
833 1368 919 1404 usura

124 1407 201 1436 usum
212 1405 320 1434 obtinet
329 1407 399 1443 apud
411 1409 523 1436 Graecos
534 1429 542 1439 ,
555 1411 651 1437 Turcas
661 1431 668 1441 ‚
681 1413 707 1438 ἃ
719 1413 856 1446 Europcos
868 1429 874 1439 ,
887 1406 919 1434 li-

123 1457 165 1476 cet
185 1445 238 1485 ipsa
247 1448 393 1475 Turcamm
404 1449 476 1486 Lege
495 1449 637 1486 quodlibet
654 1449 769 1487 quaestus
787 1453 813 1477 δε
834 1447 918 1477 usur-³:

124 1498 209 1527 genus
220 1487 395 1516 interdictum
406 1488 455 1519 lit5
477 1499 563 1527 neque
576 1490 683 1518 debitor
692 1491 726 1518 ob
739 1491 790 1517 tale
800 1489 919 1517 debitum

121 1530 154 1557 iin
164 1531 204 1564 jus
215 1528 305 1555 vocari
315 1527 396 1566 poffit
411 1550 417 1560 ‚
430 1529 486 1558 imo
497 1529 604 1568 integra
625 1530 746 1568 pecuniae
768 1529 824 1558 sors
834 1528 917 1557 usura:

124 1570 233 1607 alligata
245 1578 348 1606 percat.
359 1571 543 1598 Mei-catorum
556 1581 621 1599 vero
632 1570 759 1599 versutiae
771 1570 846 1598 modi
861 1580 916 1597 non

120 1608 220 1637 desunt
231 1631 239 1642 ,
259 1609 352 1647 quibus
362 1611 429 1649 Legi
451 1611 571 1639 illudunt
582 1632 589 1638 .
613 1613 687 1641 Cum
708 1622 774 1639 veto
785 1618 916 1641 Romanis

978 109 1163 150 praetulimus.
1184 112 1311 143 Alterum
1320 112 1405 142 usurae
1414 122 1500 152 genus
1509 135 1518 147 ‚
1536 121 1549 143 a
1559 112 1673 154 Legibus
1692 115 1766 153 ἥμισ-

976 150 1046 186 λίας
1059 152 1114 181 five
1125 153 1290 190 sescuplum,
1301 153 1354 183 lioc
1365 154 1506 187 est‚t01um
1516 165 1577 182 cum
1585 156 1699 185 dimidia
1709 159 1765 192 ejus

976 201 1052 229 parte
1064 213 1071 224 ‚
1084 193 1229 221 vocabatur
1238 213 1245 220 .
1257 197 1436 234 Hieronymus
1446 204 1516 223 com.
1526 196 1556 222 in
1566 195 1665 224 Ezech.
1681 201 1722 224 18.
1734 196 1766 224 il-

975 232 1023 260 lud
1033 231 1169 271 improbat
1179 252 1185 260 .
1197 233 1287 261 Solent
1295 254 1303 266 ,
1325 234 1415 272 inquit
1426 256 1434 267 ‚
1453 239 1484 263 in
1494 236 1713 273 agrissrumenti
1731 234 1766 268 ό·

974 273 1050 300 milii
1060 294 1067 305 ‚
1089 276 1154 301 vini
1165 272 1198 306 ύ-
1210 273 1259 301 olei
1269 295 1278 306 ‚
1296 285 1507 313 ceterarumque
1518 276 1670 313 specierum
1681 277 1765 313 usura

974 315 1048 349 exigi
1097 314 1282 350 Verbigratia,
1295 322 1328 341 ut
1337 315 1436 342 hiemis
1447 323 1561 352 tempore
1571 319 1666 345 demus
1674 317 1767 344 decem

975 355 1075 381 modios
1096 353 1130 386 ζὸ-
1150 356 1180 381 in
1198 353 1275 389 meffe
1295 357 1459 391 recipiamus
1469 357 1626 393 quindecim
1637 378 1645 389 ,
1663 357 1710 385 hoc
1729 356 1764 390 es}

973 393 1093 430 amphus
1101 401 1210 431 partem
1219 394 1350 422 mediam.
1365 395 1426 422 Hoc
1435 393 1519 423 usurae
1532 395 1657 434 iniquum
1667 405 1764 435 genus,

974 443 1031 461 tum
1049 444 1063 462 a
1073 434 1207 463 Concilio
1218 436 1322 462 Nicaeno
1341 445 1364 462 c.
1379 445 1421 467 17.
1441 443 1498 462 tum
1510 438 1684 465 aLaodicena
1702 447 1724 464 c·
1737 445 1762 469 4-

971 473 1085 502 nomine
1105 473 1238 511 ιῐμιολιῖν
1248 474 1405 503 damnatum
1416 473 1466 503 suit
1478 497 1486 507 ‚
1509 477 1583 514 quod
1593 477 1674 506 etiam
1692 480 1764 511 aja·

965 516 1092 550 stiniano
1104 515 1201 542 factum
1213 514 1251 542 est
1269 515 1327 543 Lib.
1338 527 1365 550 4.
1386 516 1430 543 tit.
1442 525 1489 553 32.
1510 516 1564 554 leg-
1576 523 1622 554 36.
1640 517 1763 546 Tertium

971 553 1056 583 usurae
1065 565 1151 593 genus
1170 555 1199 583 in
1210 556 1284 593 Lege
1295 556 1374 584 civili
1386 565 1499 584 vocatur
1518 556 1589 595 befflx
1601 558 1743 595 centesima
1755 579 1763 590 ,

972 594 1001 622 id
1012 595 1050 623 est
1061 616 1069 628 ‚
1081 596 1147 623 bina
1158 598 1285 624 Trientes
1297 617 1304 627 ‚
1319 596 1374 625 five
1383 597 1446 624 οξὶο
1465 596 1499 624 de
1509 597 1645 625 Centenis
1654 619 1662 630 ,
1684 607 1764 636 quam

971 634 1076 663 usuram
1090 636 1121 663 iis
1154 635 1199 673 qui
1213 636 1364 673 ergasteriis
1374 635 1493 675 praesunt
1504 659 1511 670 ,
1531 636 1644 676 aliisque
1662 639 1766 666 Mei-ca·

972 676 1075 704 toribus
1085 673 1222 704 indulliffe
1236 676 1527 713 videtur-Iustiniana:
1541 678 1599 707 Lib.
1610 689 1636 713 4.
1661 678 1704 705 tit.
1716 688 1763 716 3⁷--

972 717 1042 755 leg.3
1051 724 1076 745 6.
1088 717 1194 754 Quarto
1203 727 1236 744 ex
1247 717 1340 745 eadem
1352 717 1499 755 Justiniani
1509 720 1581 757 Lege
1590 719 1700 748 licitum
1709 727 1766 746 erat

975 758 1099 794 stipulari
1117 758 1306 785 tantummodo
1325 759 1469 786 dimidiam
1489 759 1631 796 centesima
1655 781 1662 792 ,
1691 758 1766 797 quod

974 798 1047 826 idem
1058 798 1095 825 est
1106 808 1133 825 ac
1144 797 1190 825 sex
1203 808 1252 835 pro
1262 799 1385 826 centenis
1395 819 1402 826 .
1421 800 1529 835 Quinto
1540 801 1570 827 ab
1581 800 1726 828 illustribus
1737 802 1766 826 δε

974 842 1001 867 ὃς
1014 838 1104 876 probis
1114 838 1180 866 Viris
1189 838 1270 865 tertia
1281 839 1432 868 centesimae
1446 850 1504 877 pars
1514 841 1693 878 accipiebatur
1705 861 1714 872 ,
1725 849 1766 867 ni-

973 878 1073 906 mirum
1083 887 1201 916 quatuor
1210 888 1259 915 pro
1269 879 1392 907 centenis
1401 900 1408 908 .
1432 881 1500 915 Quae
1519 880 1688 909 consuetudo
1706 889 1767 908 om-

974 919 1051 946 nium
1060 919 1165 957 optima
1175 918 1246 956 apud
1257 919 1393 957 plerasque
1413 920 1567 950 Christiani
1583 922 1655 950 orbis
1676 929 1764 949 natio-

975 970 1024 987 nes
1039 959 1125 987 adhuc
1137 969 1245 998 quoque
1257 960 1284 986 in
1295 969 1370 988 more
1379 959 1432 988 est.
1448 962 1522 990 Cum
1536 962 1610 990 enini
1620 963 1766 991 Commer-

976 1000 1081 1028 ciorum
1091 1001 1179 1038 gratia
1190 1001 1236 1028 vix
1249 1000 1366 1028 obtineri
1377 1000 1459 1039 poffit
1470 1023 1478 1034 ‚
1497 1013 1526 1031 ut
1537 1003 1594 1032 usus
1604 1006 1699 1034 alienae
1719 1017 1767 1044 pe-

974 1041 1061 1069 cuniae
1074 1042 1100 1068 in
1113 1040 1335 1079 negotiationem
1345 1052 1402 1069 non
1412 1042 1507 1071 veniat
1516 1064 1524 1076 ,
1543 1054 1657 1084 cumque
1667 1046 1768 1075 Chari-

977 1091 1037 1109 tatis
1047 1079 1160 1110 subfidia
1169 1092 1181 1109 a
1193 1082 1377 1110 Commerciis
1386 1080 1542 1121 separentur
1554 1107 1560 1116 ‚
1573 1096 1622 1123 pro
1633 1097 1661 1114 ea
1673 1097 1747 1125 parte
1757 1110 1765 1121 ,

976 1132 1036 1160 qtiae
1048 1121 1080 1149 ad
1092 1122 1310 1160 negotiationem
1320 1123 1421 1150 attinet
1431 1145 1438 1156 ‚
1461 1135 1493 1152 ex
1512 1125 1591 1163 ipsius
1601 1127 1769 1166 negociatio-

975 1164 1016 1191 nis
1028 1163 1102 1190 lucro
1113 1161 1188 1190 usura
1204 1162 1360 1192 estimanda
1371 1164 1404 1192 fit
1423 1185 1431 1197 ‚
1450 1164 1488 1192 ita
1500 1176 1528 1193 ut
1538 1167 1658 1204 pecuniae
1677 1169 1768 1197 donii-

976 1215 1011 1231 no
1022 1203 1136 1231 dimidia
1147 1203 1214 1233 lucri
1225 1213 1282 1240 pars
1293 1204 1421 1233 obveniat
1433 1225 1441 1237 ,
1462 1206 1576 1236 dimidia
1588 1218 1654 1236 vero
1664 1209 1769 1238 luci-um

976 1243 1062 1282 ipsum
1075 1244 1204 1272 industria
1216 1243 1261 1271 sua
1270 1245 1425 1282 quaerenti,
1444 1246 1476 1274 ad
1494 1257 1574 1284 quem
1585 1258 1692 1287 quoque
1709 1248 1768 1288 spe-

975 1286 1029 1313 &at
1040 1284 1175 1322 quidquid
1186 1294 1217 1311 ex
1230 1286 1367 1313 communi
1387 1295 1467 1323 :itque
1476 1288 1614 1316 ordinaria
1624 1290 1690 1317 lucri
1710 1291 1769 1318 exi-

977 1325 1138 1353 stimatione
1149 1346 1156 1357 ‚
1167 1325 1237 1352 ultra
1248 1325 1362 1353 obvenit
1375 1347 1382 1357 ,
1395 1326 1431 1353 ita
1443 1336 1472 1353 ut
1482 1326 1540 1355 hirc
1552 1327 1629 1356 usura
1641 1330 1670 1357 in
1681 1331 1768 1358 Com-

975 1365 1076 1393 mercio
1097 1364 1237 1403 perspefta
1258 1365 1354 1393 nullibi
1374 1367 1468 1395 eadem
1490 1368 1624 1397 methodo
1644 1370 1767 1401 constare

974 1405 1057 1444 poffit
1068 1427 1076 1437 ,
1086 1415 1147 1433 cum
1157 1415 1206 1443 pro
1218 1408 1377 1443 Regionum
1390 1428 1397 1439 ‚
1414 1411 1442 1435 ὅ(
1463 1410 1701 1439 Commerciorum
1723 1422 1767 1440 va—

977 1448 1073 1475 rietate
1085 1444 1139 1483 ipsa
1150 1456 1259 1484 quoquc
1270 1445 1383 1474 diversis
1394 1448 1483 1476 modis
1494 1459 1622 1478 metiatur
1633 1472 1640 1482 ,
1651 1455 1678 1479 ὅ(
1690 1453 1767 1480 ordi-

975 1488 1047 1516 naria
1059 1486 1125 1514 lucri
1135 1497 1167 1513 ex
1181 1486 1371 1525 negoti-‘itione
1381 1489 1514 1516 manantis
1525 1490 1648 1519 mensura
1659 1512 1667 1523 ‚
1681 1491 1766 1521 usurae

976 1537 1083 1566 quoque
1094 1525 1216 1554 mensura
1236 1527 1267 1555 fit
1287 1535 1367 1565 atque
1377 1528 1448 1556 ratio
1459 1550 1467 1561 ‚
1489 1539 1538 1567 qua
1549 1530 1674 1558 Domino
1691 1542 1769 1569 pecu-

975 1570 1026 1596 niae
1040 1567 1155 1596 dimidia
1167 1567 1233 1594 lucri
1243 1576 1303 1604 pars
1315 1589 1321 1599 ‚
1336 1577 1385 1605 pro
1395 1569 1516 1606 pecuniae
1529 1569 1612 1599 usurae
1624 1571 1712 1605 cedat,
1726 1574 1770 1601 vel

975 1608 1052 1644 hujus
1063 1606 1191 1636 ccffioni's
1202 1608 1284 1635 titulo
1295 1609 1323 1635 in
1336 1619 1441 1637 ratione
1450 1610 1483 1638 sit
1491 1630 1500 1637 .

122 1650 214 1688 primo
224 1649 353 1687 cujusque
363 1651 462 1680 mensis
482 1651 526 1679 die
535 1652 624 1681 usuras
633 1653 754 1690 accipere
765 1674 772 1685 ,
794 1653 824 1680 in
842 1660 918 1679 more
935 1651 1211 1684 QUARTADECIMANI
1222 1669 1229 1680 ‚
1248 1647 1464 1678 Schisinaticiita
1472 1650 1600 1688 appellati
1610 1674 1618 1685 ,
1635 1652 1698 1690 quia
1709 1662 1770 1681 cum

124 1690 241 1729 positum
251 1689 313 1718 essct
323 1711 331 1723 ,
342 1691 367 1718 S.
378 1692 489 1720 Baiilius
499 1693 603 1721 menses
613 1696 762 1730 usurarum
770 1700 897 1730 parentes
907 1712 916 1727 ‚

122 1731 197 1760 dixit
209 1731 292 1768 Bafil.
307 1732 335 1759 in
345 1730 442 1760 Psalm.
458 1743 506 1768 34·
518 1733 642 1771 φοβῖται
653 1732 697 1767 νὲς
707 1734 795 1771 μῆνας
805 1735 836 1766 ὠς
845 1730 918 1761 τόκων

124 1770 250 1810 ’πατέρας
260 1792 266 1798 .
286 1772 443 1809 Ambrofius
463 1783 529 1801 vero
543 1774 576 1801 de
594 1775 678 1802 Tobia
696 1785 718 1802 c.
737 1785 779 1802 12.
792 1783 828 1801 ait
840 1769 919 1805 γιῖκες

125 1816 210 1840 Grati
220 1812 432 1849 appellaverunt
441 1815 540 1850 usuras
550 1836 558 1846 ,
579 1826 606 1843 eo
616 1815 686 1853 quod
703 1814 803 1842 dolores
820 1821 918 1851 partus

124 1856 216 1880 animi
227 1853 357 1880 debitoris
368 1856 490 1882 excitare
501 1856 645 1883 videntur.
656 1858 771 1883 Veniunt
783 1853 918 1884 Calendae,

120 1894 264 1929 paritsors
274 1893 450 1930 centesimam
460 1914 466 1920 .
479 1898 595 1923 Veniunt
605 1894 815 1932 mensesfinguli
827 1916 833 1927 ‚
841 1904 906 1931 gen?

124 1942 228 1961 rantur
238 1935 322 1970 usum
333 1954 339 1961 .
353 1935 414 1961 Hoc
426 1934 511 1972 igitur
520 1935 604 1964 usurae
615 1946 701 1974 genus
711 1935 826 1963 Ecclefia
837 1933 917 1972 Legi—

125 1974 171 2001 bus
181 1973 341 2011 proscripsit
350 1995 358 2006 ,
369 1977 396 2002 δ(
406 1975 583 2003 alienandum
593 1976 700 2005 curavit
713 1996 720 2003 .
731 1977 816 2013 Leges
827 1984 917 2002 tamen

124 2013 219 2043 civiles
241 2014 268 2042 id
280 2015 474 2052 negotiationis
483 2026 569 2054 genus
578 2016 726 2055 aliquando
736 2014 856 2044 tolerass'e
876 2014 919 2043 vi-

124 2054 226 2082 dentur
235 2065 264 2083 ut
274 2055 374 2093 prostat
384 2055 413 2084 in
423 2056 637 2086 Cod.Theod0s.
652 2057 740 2086 Lib-2.
751 2056 794 2083 tit.
807 2066 852 2093 33.
863 2057 917 2093 leg.

130 2104 153 2121 1.
164 2099 335 2132 Propecunia
344 2095 414 2124 ultra
426 2096 550 2134 fingulas
562 2097 720 2134 centesimas
738 2105 856 2124 vetatur
875 2107 919 2123 ac-

127 2138 211 2172 cipere
221 2138 412 2172 .Justinia>1us
427 2147 517 2165 tamen
527 2138 584 2166 Lib.
599 2150 624 2172 4.
645 2138 690 2165 tit.
703 2148 750 2176 32.
770 2137 803 2164 dc
813 2136 898 2164 usuris
911 2158 918 2168 ,

975 1690 1083 1718 Hebraei
1102 1688 1303 1717 conveniebant
1323 1689 1352 1717 in
1371 1690 1555 1719 celebratione
1574 1691 1681 1720 Paschae
1709 1693 1767 1730 post

973 1740 1093 1769 quartam
1104 1730 1238 1757 decimam
1250 1730 1342 1767 primae
1354 1730 1424 1758 lunae
1436 1732 1568 1769 dieiii‚qui
1579 1742 1705 1771 magnam
1716 1731 1770 1761 dis-

974 1771 1094 1799 cordiam
1106 1770 1133 1797 in
1148 1769 1262 1798 Ecclesia
1272 1771 1457 1799 excitaverant
1468 1794 1474 1804 ‚
1494 1781 1608 1809 propter
1626 1783 1705 1811 quain
1714 1771 1769 1801 dii*-

976 1810 1121 1840 fere'ntiain
1131 1810 1161 1838 in
1173 1810 1233 1838 Asia
1243 1820 1339 1843 ortam,
1351 1812 1454 1839 coac‘tus
1464 1812 1514 1840 fuit
1525 1813 1688 1851 D-Ignatius
1698 1814 1770 1841 Mai·-

977 1862 1023 1888 tyr
1033 1852 1129 1880 venire
1139 1854 1265 1883 Romaiu,
1274 1851 1317 1879 ubi
1329 1854 1400 1889 Papa
1409 1853 1441 1880 ad
1451 1852 1577 1881 evitanda
1587 1852 1770 1891 scandal‚1‚pro

977 1893 1027 1920 illo
1039 1901 1103 1920 tunc
1113 1893 1314 1924 decreverat‚ut
1324 1892 1416 1920 Asiani
1427 1892 1524 1921 Pascha
1536 1894 1702 1922 celebrarent
1713 1894 1769 1932 post

976 1943 1098 1972 quartani
1109 1932 1244 1960 decimam
1255 1942 1349 1969 primae
1361 1934 1430 1960 lunx
1445 1933 1518 1961 diem
1528 1944 1536 1964 5
1548 1933 1593 1961 sed
1605 1933 1706 1962 deinde
1719 1935 1768 1963 Vi-

973 1976 1031 2002 (tor
1040 1973 1142 2001 Primus
1153 1972 1414 2006 Quartadecimanos
1431 1973 1460 2000 in
1471 1973 1603 2002 Concilio
1623 1976 1751 2003 Romano
1762 1996 1770 2007 ,

972 2014 1039 2042 &in
1051 2014 1112 2042 Asia
1123 2013 1387 2041 excommunicavit.
1409 2015 1507 2042 Baron.
1519 2025 1562 2041 an.
1579 2019 1642 2050 198.
1655 2025 1682 2042 n.
1696 2026 1718 2043 i.
1730 2013 1772 2043 us-

973 2065 1025 2092 que
1035 2054 1067 2082 :id
1077 2065 1104 2082 n.
1122 2065 1162 2081 io.
1173 2055 1198 2081 A
1210 2053 1315 2081 Graeci's
1324 2054 1772 2092 rsosupfcffldenxmcxl,Teffares-

973 2095 1135 2130 cadecanste
1146 2116 1153 2126 ‚
1168 2093 1234 2121 idest
1247 2115 1254 2125 ,
1266 2094 1503 2129 Quartadecimani
1513 2095 1688 2123 denominati
1698 2094 1769 2128 sunt,

976 2147 1022 2169 24.
1032 2145 1076 2173 qu·
1089 2145 1114 2172 3.
1124 2145 1180 2162 ΟΞΠ.
1192 2144 1239 2171 39·

128 2177 193 2213 Leg.
207 2182 252 2203 26.
264 2177 291 2203 id
302 2186 350 2213 pro
364 2180 527 2213 trajeEitiis
538 2179 718 2206 contractibus
729 2176 919 2205 tantummodo
935 2177 1081 2212 Quanam
1092 2185 1147 2203 kNA
1160 2187 1165 2202 :
1180 2175 1252 2203 Vide
1264 2178 1375 2203 (larena
1387 2196 1393 2202 .
1406 2176 1612 2215 Quadragenai
1679 2212 1682 2218 Ι

126 2214 243 2244 statuisse
256 2215 362 2244 videtur
375 2237 381 2244 .
396 2218 440 2245 De
450 2217 497 2246 hac
509 2229 575 2246 vero
585 2218 726 2254 trajeftitia
737 2218 850 2255 pecunia
860 2238 868 2249 ,
889 2217 921 2245 fi—
935 2218 1131 2252 Quaurifflizo
1141 2236 1148 2242 .
1161 2217 1218 2245 PR.
1229 2215 1256 2242 in
1266 2225 1408 2253 quaternas
1418 2226 1505 2253 partes
1519 2215 1618 2244 disseco
1627 2236 1636 2248 ‚
1655 2214 1771 2242 dimem-

125 2255 269 2293 vefoenore
280 2265 392 2285 nautcco
402 2258 486 2295 vulgo
497 2260 611 2287 Cambi'o
622 2262 766 2287 maritimo
780 2268 842 2288 »nos
853 2268 921 2295 opu-

125 2295 229 2324 sculum
240 2296 334 2325 Italica
342 2296 434 2335 lingua
445 2298 767 2337 conscriptum'Venetiis
776 2298 920 2330 edidimus,

131 2336 161 2364 in
172 2348 227 2375 quo
237 2346 287 2375 pro
300 2337 402 2365 vii-ibus
422 2338 518 2366 nostris
529 2340 557 2366 in
569 2340 616 2367 ista
626 2340 690 2367 aleae
703 2339 783 2377 plena
806 2348 865 2366 area
875 2338 920 2366 de-

974 2257 1021 2284 bro
1033 2277 1039 2283 .
1052 2262 1063 2291 [
1076 2256 1250 2293 Decapitatus
1262 2256 1299 2283 est
1312 2277 1319 2288 ,
1341 2260 1367 2285 ὅ(
1377 2256 1570 2294 quarterizatus
1581 2256 1616 2283 est
1625 2274 1632 2281 .
1652 2253 1771 2282 Thomas

976 2296 1163 2335 Valfingamus
1175 2296 1202 2323 in
1214 2294 1322 2325 Ricard.
1334 2299 1389 2328 ΙΙ.]
1405 2297 1462 2331 Qui
1470 2297 1555 2324 etiam
1565 2295 1647 2322 utitur
1657 2296 1772 2323 nomine

974 2337 1134 2365 abst-rac'civo
1142 2338 1368 2377 Quaternizatio
1379 2357 1386 2364 .

127 2375 282 2411 sudavimus
292 2398 301 2412 ‚
313 2381 341 2409 ὅ(
353 2376 475 2419 honestis
483 2380 681 2413 Mercatoribus
692 2378 827 2419 aequitatis
838 2378 920 2408 facem
936 2378 1103 2414 QmsxAER.
1115 2376 1173 2407 haec
1186 2376 1272 2407 dietio
1282 2387 1340 2408 non
1348 2376 1453 2415 semper
1464 2373 1597 2414 significat
1608 2373 1772 2404 diminutio-

1651 2425 1714 2444 nem
1724 2436 1733 2449 ,
