1866 2526
74 90 349 125 nosmcaieeanenri
358 99 446 130 genus
454 111 463 124 ‚
472 99 507 119 ex
516 86 673 129 germanica
682 86 810 117 didione
823 87 891 132 Hos?
900 106 907 113 .

117 140 129 170 [
141 131 237 162 Calcei
244 131 287 161 his
294 139 372 160 erant
382 131 417 160 :id
426 129 562 160 summum
571 129 700 169 pollicem
720 139 790 167 pene
799 137 887 167 aperti
901 149 909 160 ‚

114 178 143 204 δε
152 172 309 202 alternatim
318 171 420 210 laqueis
427 170 609 211 corrigiarum
619 170 732 200 retentis
742 169 832 208 postea
843 178 910 198 vero

114 223 258 252 coeperunt
265 211 338 242 hofis
348 213 398 241 uti.
406 213 482 242 Paul.
490 213 569 242 Diae.
590 211 625 240 de
643 210 725 250 gestis
736 209 909 253 Longobard3

116 255 162 284 lib.
173 265 202 290 4.
212 264 236 282 c.
247 265 262 282 2
267 265 294 292 3.
314 254 443 292 Cumque
460 263 556 283 ornnes
575 252 608 281 ad
625 249 786 290 obsequium
801 251 910 295 domi-ni

113 295 203 324 cuncti
221 293 300 322 hostis
309 293 366 323 suas
380 294 489 324 vellent
508 292 654 323 extrahere
664 313 673 324 ‚
693 292 742 320 ille
753 291 894 330 prohibuit
903 310 910 317 .

115 333 249 365 Monacli.
258 335 414 375 Sangellen.
424 334 456 364 in
465 334 529 364 hist.
539 333 639 364 Caroli
650 333 763 371 Magni,
782 332 829 360 lib.
843 343 869 360 2.

74 377 223 405 HosANNA
234 396 243 408 ,
264 375 388 405 hebnica
398 386 455 405 vox
466 377 626 413 Hosciann»
637 395 644 406 ,
655 373 724 401 idest
735 393 743 405 ‚
757 371 862 417 salvum
873 370 911 399 sac

117 414 263 449 nunc‚seu
275 415 379 445 salvum
391 415 450 445 sac:
472 415 620 445 secundum
639 423 706 442 vero
723 412 841 451 phralim
853 414 911 457 ble-

114 457 229 485 braicam
253 458 432 494 H-scilmnna
440 479 448 491 ‚
479 458 524 486 vcl
545 455 694 497 secundum
726 451 910 497 paripliralim

114 497 295 527 Chaldaicam
304 498 502 536 pronunciatur
512 519 519 526 .
542 495 676 526 Bironius
687 496 760 537 inira
769 493 894 536 citandus
904 513 910 520 .

114 539 235 575 Hosciha
245 539 320 567 enim
328 539 445 568 denotat
456 561 464 572 ‚
485 539 617 575 salvifica
629 557 636 568 ,
658 537 686 562 δ(
697 534 856 577 interjefiho
867 538 911 561 Na

113 579 189 607 valet
200 589 331 617 quantum
339 580 410 618 apud
420 580 533 608 Latinos
540 577 636 618 Quafh
646 595 653 603 .
667 576 692 604 S.
702 575 844 619 *Hilarium
854 583 912 602 non

113 620 186 648 reete
206 619 258 648 hoc
278 622 438 650 vocabulum
456 620 680 655 Redemptionem
699 623 912 658 interpretatum

114 658 191 688 fuiss'e
209 661 398 696 Hieronymus
407 660 520 689 testatur
529 681 536 692 ,
559 660 589 686 in
599 666 681 696 quem
697 665 818 684 errorem
828 664 910 683 etiam

115 701 272 729 Ambrofius
284 701 415 730 inciderat
426 721 434 728 .
447 700 521 729 Vide
529 702 628 728 Baton.
639 701 694 726 An.
706 707 719 734 3
727 708 754 731 4.
766 702 871 724 num.6.
883 698 911 723 v&

112 739 188 779 seqq.
211 741 346 780 Inquiunt
356 740 490 773 Rabbini3
514 740 588 780 quod
596 739 654 767 haec
669 738 847 781 proclamatio
857 741 911 781 He-

106 782 202 819 sanna
212 781 350 810 dicebatur
359 783 390 811 :ib
401 782 524 811 Hebraeis
535 803 544 814 ‚
566 779 676 819 quando
686 779 731 807 die
741 787 827 816 prim:
840 776 911 822 festi-

111 821 206 851 vitatis
226 823 471 852 Tabernticulorum
480 822 638 850 excidebant
657 829 744 848 timos
763 830 795 847 ex
808 819 912 847 arbori-

108 861 155 890 bus
164 882 172 894 2
195 871 225 890 ut
235 862 349 894 habetur
360 864 388 893 in
400 863 490 893 Levit.
500 873 556 902 cap.
570 872 616 899 ²3·
625 859 747 889 scilicet:
763 859 913 903 [celebra-

110 902 175 931 bitis
185 901 262 932 ferias
272 905 389 933 Domini
400 908 452 934 δεε-
475 903 587 932 sumetis
596 902 672 931 vobis
691 901 736 929 die
748 909 838 938 primo
858 898 910 927 frti>

111 944 168 972 ctus
178 944 280 973 arboris
290 945 484 984 pulcherrimre
495 967 504 977 ‚
514 941 685 983 spatulasque
697 942 847 979 palmarum
855 961 862 973 ,
885 944 912 969 &

110 993 200 1012 ramos
211 986 282 1023 ligni
293 985 435 1015 densatum
446 986 585 1015 frondium
599 1006 606 1016 ‚
618 987 646 1012 δ(
657 982 749 1010 salites
759 982 792 1010 de
803 991 909 1010 torren-

112 1034 140 1052 te
152 1047 160 1058 ‚
180 1028 207 1053 δ(
219 1026 381 1055 laetabimini
391 1031 442 1056 &c.
452 1031 479 1055 St
491 1025 646 1054 habitabitis
656 1024 686 1051 in
695 1022 856 1051 umbrsculis
873 1021 912 1049 se-

114 1075 188 1104 ptem
201 1065 293 1095 diebus
305 1088 311 1093 -
323 1070 335 1098 ]
359 1068 426 1102 Qum
438 1069 596 1106 deprecatio
607 1065 739 1102 Hosanna
757 1063 787 1091 in
796 1062 910 1107 senope-

111 1106 163 1145 giis
174 1106 255 1135 fiebat
264 1128 271 1134 .
295 1109 367 1136 Vide
379 1109 494 1137 eundem
505 1111 604 1137 Baton.
616 1105 717 1133 ibidem
731 1114 803 1132 num.
816 1111 841 1132 6.
853 1105 910 1143 Igi-

113 1157 159 1174 tur
169 1157 202 1175 ex
224 1149 419 1177 acclamatione
429 1150 513 1178 turbe
526 1170 532 1181 ‚
559 1148 650 1183 [ΟΠ-Β
664 1155 777 1173 venerat
795 1144 827 1172 ad
837 1144 910 1173 dlem

111 1187 225 1219 festums
249 1199 310 1217 cuni
322 1189 453 1218 audilsent
465 1211 474 1223 ,
493 1190 556 1228 quiri
569 1187 642 1226 Jesus
665 1185 890 1229 Hierosolymam
903 1207 910 1218 ‚

110 1239 272 1267 acceperunt
279 1239 366 1258 ramos
377 1231 525 1268 palmarum
536 1251 544 1262 ,
567 1233 593 1257 ὃ(
606 1227 791 1266 procellerunt
800 1227 911 1254 obvmm

110 1270 136 1298 ei
147 1291 155 1302 ‚
177 1270 383 1303 acclamabant,
404 1270 550 1299 Hosanna.
573 1271 617 1307 Ju:
640 1279 663 1295 c.
679 1278 722 1296 η.
744 1277 820 1295 num.
834 1278 881 1311 Διι.
897 1268 908 1298 ]

109 1310 253 1339 Remansit
268 1311 326 1339 haec
336 1312 498 1340 acclamatio
510 1320 564 1339 tam
579 1321 606 1338 in
615 1318 704 1349 graeca
714 1330 722 1341 ,
740 1318 820 1346 quam
831 1318 861 1335 in
871 1308 908 1336 la-

110 1351 169 1379 tina
182 1351 298 1381 Ecclesia
308 1374 315 1384 ,
327 1362 386 1391 quae
397 1352 436 1380 bis
445 1354 474 1381 in
485 1350 561 1381 Miffi
570 1351 674 1379 dicitur
685 1370 692 1381 ,
715 1348 818 1381 semel,
833 1358 910 1393 nem-

111 1401 143 1428 pe
156 1413 163 1423 ‚
176 1393 349 1432 Angelorum
362 1393 422 1422 vice
434 1415 442 1426 ‚
465 1404 494 1422 :ic
505 1393 602 1421 iterum
623 1390 767 1419 hominum
779 1399 891 1417 nomine
901 1410 908 1417 .

108 1433 166 1461 Fit.
177 1435 211 1462 In
222 1433 330 1472 postilla
342 1435 386 1471 Jo:
400 1434 520 1463 Andreae
534 1434 563 1461 in
573 1442 630 1470 cap.
641 1431 759 1460 firmiter
768 1453 776 1464 ‚
795 1431 828 1459 de
837 1429 908 1458 sum-

109 1482 153 1500 ma
162 1473 390 1502 Trinst-haberur
401 1474 552 1512 significare
562 1495 570 1506 ‚
592 1472 666 1500 salva
676 1483 723 1500 nos
734 1492 740 1503 ,
762 1475 791 1500 ὅ(
801 1470 908 1500 deberet

110 1512 191 1540 scribi
201 1513 344 1550 oſsanna3
365 1513 412 1542 sed
424 1514 487 1542 elisa
497 1514 585 1542 vocali
598 1534 606 1545 ,
628 1522 755 1550 corrupte
764 1512 864 1540 dicitur
873 1517 909 1540 0-

107 1553 202 1590 sanna
210 1573 217 1580 .

72 1595 184 1622 Hosmi
194 1604 298 1622 ALARII
308 1614 315 1621 .
328 1595 363 1622 V.
374 1598 490 1633 Equites
499 1594 658 1631 Melitenses
670 1614 677 1621 .
700 1594 849 1622 Parabolus
859 1613 867 1620 .

72 1636 246 1664 Hosvintt
257 1654 264 1661 .
296 1636 332 1662 V.
366 1635 605 1672 Brephotrophium
616 1654 623 1661 .
655 1637 888 1662 Gerontocomium
900 1654 907 1662 .

110 1675 289 1703 Meritorium
300 1675 331 1703 in
341 1674 408 1704 di&-
430 1677 598 1713 Aspaticum
607 1695 614 1702 .
633 1675 817 1710 Nosocomium
828 1694 834 1701 .
858 1679 908 1702 Or—

106 1715 353 1754 phanatrophium.
378 1716 616 1752 Ptocbotrophium
632 1735 640 1743 .
670 1715 888 1754 Typhlocomium
899 1737 905 1744 .

111 1757 314 1784 Xenodochium
324 1776 331 1784 .

70 1795 305 1825 ΗοςριτΑιιτΑς
317 1817 325 1829 ,
358 1796 395 1825 cst
413 1796 520 1836 (ignum
541 1794 793 1836 praedestinationis
803 1817 810 1824 .
832 1795 906 1825 Vide

111 1837 314 1873 Xenoparochus
324 1856 331 1864 .

70 1878 132 1906 Hos
138 1886 280 1906 ririctvn
290 1899 298 1910 ,
318 1879 374 1907 FR.
395 1888 510 1917 parvum
518 1876 669 1917 hospitium
678 1898 686 1911 ‚
706 1888 763 1906 can.
773 1877 793 1907 fi
802 1877 862 1917 quis
872 1877 906 1908 de

111 1917 214 1950 servis,
233 1928 276 1946 ιι.
287 1928 331 1956 qu.
345 1930 370 1947 2.

71 1959 243 1987 Hosvmun
254 1978 260 1985 .
284 1959 357 1987 Vide
368 1960 565 1988 Pandocluum
574 1979 582 1988 .

71 1999 245 2028 Hosrmim
257 2000 372 2028 Novum
382 2020 388 2027 .
413 2002 470 2030 PR.
481 1999 547 2029 idest
560 2021 570 2033 ‚
579 1997 718 2038 sepultura
741 2006 753 2037 [
765 1999 822 2036 Qui
832 2008 906 2029 certe

111 2039 226 2068 rationis
235 2038 310 2067 causa
320 2050 424 2069 novum
437 2040 485 2070 suo
493 2040 605 2079 corpori
613 2041 714 2078 quaerit
734 2039 887 2079 hospitium
898 2060 905 2069 .

112 2080 148 2108 D.
160 2080 314 2119 Gregorius
334 2081 404 2120 apud
412 2082 576 2111 Gratianum
585 2081 647 2120 post
655 2091 714 2110 can.
725 2092 752 2115 7.
773 2083 803 2110 in
821 2082 848 2113 §-
857 2080 904 2110 sed

111 2120 186 2149 aliud
200 2131 243 2159 ¹3·
253 2131 298 2160 qu.
312 2133 338 2150 2.

71 2162 194 2190 Hos-ru.
209 2187 214 2193 ,
238 2162 348 2190 vistima
358 2183 366 2195 ‚
387 2162 482 2199 Hostia
493 2163 524 2191 ab
544 2161 623 2191 hoste
633 2162 708 2191 visto
728 2162 819 2195 diem
841 2172 904 2191 nam

111 2202 171 2240 post
181 2202 321 2231 obtentam
331 2202 508 2235 inimicorum
520 2203 664 2232 vistoriam
674 2202 846 2234 offerelnturs
859 2202 905 2232 sed

109 2242 184 2271 inter
193 2241 369 2272 Christianos
389 2244 487 2273 Hostia
496 2265 506 2277 ,
525 2253 581 2274 tam
590 2254 619 2273 ea
628 2267 636 2278 ,
655 2254 714 2284 quae
725 2244 812 2274 adhuc
821 2244 851 2272 in
860 2254 905 2283 pa-

110 2282 154 2311 nis
164 2282 309 2312 substantia
318 2306 326 2317 ‚
339 2294 388 2323 pro
400 2284 569 2314 Eucharistia
577 2295 762 2324 preparatum
775 2295 856 2324 quam
865 2296 906 2314 et—

114 2323 167 2352 iam
174 2326 229 2359 jam
238 2323 394 2354 consecrata
404 2347 411 2358 ‚
424 2329 452 2355 ὃς
462 2326 493 2354 in
503 2335 599 2365 corpus
609 2326 719 2355 Christi
729 2325 907 2356 transubstan-

111 2364 177 2396 tiata
186 2364 358 2407 intelligitur
368 2387 377 2401 ,
400 2370 427 2396 δε
434 2366 610 2408 praeparanda
619 2367 658 2398 est
675 2367 710 2398 de
718 2377 820 2404 azymo
836 2368 908 2408 apud

1256 32 1304 74 H
1335 33 1376 73 O
1633 46 1706 88 371

964 86 1076 116 Latinos
1086 108 1094 121 ‚
1116 87 1191 126 quod
1200 86 1231 117 in
1242 88 1407 117 fermentato
1418 88 1449 118 fit
1460 99 1474 118 a
1483 88 1589 119 Graecis
1598 111 1605 118 .
1621 89 1766 120 Honorius

965 128 1036 165 Papa
1046 129 1103 158 111.
1114 139 1188 157 anno
1203 140 1212 157 1
1222 140 1287 158 220.
1309 138 1340 158 ut
1351 129 1382 158 in
1390 140 1420 158 ea
1431 128 1522 168 imago
1532 131 1656 160 crucifixi
1673 130 1768 170 impri-

965 177 1085 197 meretur
1094 168 1236 198 mnndzivit
1247 190 1254 198 .
1278 170 1442 209 Antiquitus
1454 170 1484 198 in
1494 170 1650 199 elevatione
1661 172 1768 201 Hostiae

965 207 1128 238 consecrata:
1139 209 1233 239 fideles
1245 221 1337 239 manus
1348 211 1511 239 attollebant
1522 232 1529 238 .
1553 217 1566 246 [
1577 211 1640 240 Illas
1653 222 1747 241 manus
1760 233 1769 245 ,

965 259 1028 288 quas
1046 250 1081 279 ad
1098 251 1254 279 Dominum
1272 252 1403 280 extuleris
1415 273 1421 284 ,
1440 251 1617 290 postmodum
1635 252 1771 280 laudindo

965 289 1128 320 histrionem
1140 290 1255 330 fatigare
1265 312 1272 319 .
1283 293 1466 321 Tertullianus
1477 292 1512 321 dc
1523 291 1681 331 spectaculis
1694 314 1700 325 ,
1712 302 1771 330 cap.

969 342 983 359 2
991 332 1040 366 5.]
1065 333 1122 361 FR-
1130 331 1163 360 iu
1173 333 1269 361 Melita
1279 353 1287 365 ,
1305 333 1374 361 &in
1383 333 1477 361 multis
1490 334 1580 362 Italiae
1600 333 1669 362 locis
1679 331 1772 361 solent

968 371 1061 400 rustici
1071 372 1222 401 extendere
1234 374 1353 411 palmam
1364 373 1454 403 versus
1464 372 1583 402 hostiam
1591 374 1770 407 elevatam&

966 421 1080 451 tangere
1090 412 1181 452 postea
1191 414 1317 452 proprios
1326 415 1431 447 oculos,
1442 423 1526 452 quem
1537 415 1624 443 aetum
1638 414 1769 444 faciebant

966 453 1095 482 Gentiles
1105 475 1113 487 ,
1124 454 1233 482 oriente
1244 454 1302 483 sole
1312 477 1320 488 ,
1341 459 1369 484 δε
1380 454 1570 484 Mahometzni
1581 454 1684 484 faciunt
1695 476 1704 488 ‚
1727 455 1771 483 lu-

967 503 1001 521 na
1012 503 1138 522 recenter
1147 493 1204 524 visa
1214 506 1220 526 ς
1232 496 1305 524 unde
1317 497 1389 524 inter
1399 495 1575 525 Christianos
1585 506 1643 525 mos
1654 496 1702 525 iste
1710 506 1769 524 cre-

966 533 1052 567 ditur,
1063 535 1138 573 quod
1149 544 1274 574 tempore
1283 536 1383 565 Leonis
1392 537 1471 575 Papa:
1485 536 1656 566 introdustus
1668 536 1768 568 fuerim

967 584 1029 602 natu
1040 576 1161 604 Romani
1171 574 1295 605 solebant
1307 586 1362 611 ejus
1373 586 1499 615 tempore
1509 598 1517 610 ‚
1527 587 1604 607 more
1613 577 1746 617 paganico
1758 598 1770 611 ‚

969 613 1018 642 hos
1029 618 1100 643 attus
1111 617 1140 644 in
1152 618 1338 646 reverentiam
1348 617 1412 646 solis
1421 628 1501 657 agere
1510 640 1518 651 ,
1530 628 1599 657 quos
1609 618 1684 647 idem
1694 620 1769 656 Papa

965 653 1044 683 serm-
1056 667 1082 687 7·
1105 656 1138 685 de
1148 657 1304 686 Nativitnte
1313 658 1347 686 lic
1359 658 1565 697 increpaverat:
1591 665 1604 694 [
1616 660 1662 688 De
1671 659 1773 688 talibus

967 695 1101 724 institutis
1111 697 1193 725 etiarn
1204 697 1251 725 illa
1259 707 1405 737 generatur
1417 699 1550 737 impietas,
1561 709 1591 727 ut
1600 699 1641 728 sol
1651 698 1767 728 inchoa-

967 736 1047 765 tione
1058 737 1163 765 dinrnae
1174 738 1239 766 lucis
1250 738 1399 778 exsurgens
1409 761 1416 772 ‚
1437 751 1451 768 n
1463 739 1622 777 quibusdam
1633 741 1767 780 insipien-

966 777 1081 805 tioribus
1093 778 1127 805 de
1136 779 1204 806 locis
1215 778 1445 809 eminentioribus
1453 780 1584 809 adoretur
1599 802 1608 815 ‚
1619 782 1695 820 quod
1706 782 1768 819 qui-

967 818 1029 846 dem
1039 818 1168 846 nonnulli
1181 818 1263 847 etiam
1274 819 1428 849 Christiani
1439 820 1510 850 adeo
1519 820 1547 849 se
1556 820 1689 860 religiose
1699 821 1768 850 face-

968 868 997 887 re
1008 869 1104 897 putant
1117 880 1125 891 ‚
1147 869 1177 887 ut
1187 859 1340 899 priusquam
1358 861 1391 889 ad
1411 863 1441 890 B.
1452 861 1527 890 Petri
1545 863 1642 900 Apost.
1662 862 1768 891 Basilic.

966 909 1026 937 qua:
1036 900 1085 928 uni
1097 901 1160 928 Deo
1171 901 1238 929 vivo
1248 922 1256 933 ‚
1267 905 1295 930 &
1307 911 1373 930 vcro
1384 902 1422 930 cst
1432 901 1572 936 dedicata,
1583 903 1766 941 pervenianm

967 940 1097 978 superatis
1107 941 1243 978 gradibus,
1253 941 1348 984 quibus
1359 943 1392 971 ad
1402 941 1559 982 suggestum
1570 946 1634 972 Arae
1643 942 1769 982 superio-

968 982 1004 1009 ris
1013 980 1169 1010 ascenditur
1180 1003 1187 1014 ‚
1200 981 1334 1011 converso
1344 993 1461 1022 corpore
1470 984 1503 1012 ad
1513 983 1670 1013 nascentem
1678 984 1767 1013 solem

967 1023 1109 1050 reflectant
1120 1043 1128 1055 ‚
1139 1025 1165 1050 ὃς
1177 1023 1295 1051 curvatis
1305 1024 1456 1053 cervicibus
1466 1046 1473 1056 ,
1487 1024 1517 1053 in
1527 1024 1665 1053 honorem
1673 1025 1766 1064 splen-

966 1063 1025 1090 didi
1035 1062 1107 1091 orbis
1119 1063 1256 1092 inclinant
1269 1068 1322 1092 διε.
1334 1066 1344 1095 ]
1357 1068 1384 1093 &
1394 1065 1522 1094 inferius:
1538 1071 1550 1100 [
1565 1065 1713 1101 Abjiciatur
1723 1076 1765 1094 er-

964 1114 1001 1142 go
1011 1113 1024 1131 a
1035 1102 1194 1132 consuetudi
1200 1115 1233 1132 ne
1244 1103 1367 1133 fidelium
1375 1106 1527 1135 damnanda
1545 1105 1705 1144 perversitas
1716 1117 1766 1136 nec

966 1145 1058 1172 honor
1078 1144 1125 1171 uni
1136 1145 1198 1172 Deo
1207 1145 1315 1173 debitus
1336 1157 1432 1174 eorum
1442 1147 1554 1180 ritibus,
1577 1145 1625 1186 qui
1635 1148 1765 1176 creaturis

966 1183 1091 1214 serviunt
1102 1206 1108 1217 ‚
1118 1183 1282 1217 misceatur]
1295 1189 1328 1214 Et
1340 1186 1430 1216 versus
1440 1188 1523 1217 finem
1535 1189 1593 1224 [In
1604 1186 1664 1226 ipso
1677 1189 1765 1217 sacra-

968 1235 1063 1254 mento
1075 1226 1182 1254 Natalis
1193 1226 1312 1255 Domini
1322 1228 1475 1266 cogitemus
1485 1250 1493 1261 ‚
1514 1229 1590 1267 quod
1599 1237 1701 1258 natura:
1714 1240 1764 1258 no-

965 1266 1024 1295 str.e
1036 1266 1124 1305 gratia
1136 1266 1232 1295 divina
1241 1268 1405 1300 contulerit]
1418 1271 1457 1303 .Ἠ;
1471 1271 1506 1299 In
1517 1269 1622 1298 Hostiae
1631 1270 1767 1299 elevatio-

966 1317 1002 1335 ne
1013 1308 1094 1335 etiam
1105 1307 1203 1346 aliquae
1215 1309 1421 1339 acclamationes
1429 1310 1695 1339 decantariiolebant
1704 1333 1713 1344 ‚
1723 1321 1766 1340 at—

964 1358 1016 1386 que
1027 1347 1346 1378 LudovitusGalliarum
1356 1353 1418 1380 Rex
1428 1361 1442 1379 :i
1453 1351 1579 1380 civilibus
1594 1352 1760 1388 conjuratio-

964 1389 1042 1417 nibus
1050 1388 1188 1426 oppressiis
1199 1411 1205 1422 ,
1229 1390 1313 1418 etiam
1323 1390 1354 1419 in
1364 1392 1423 1419 adu
1445 1391 1523 1420 distae
1536 1392 1698 1421 elevationis
1711 1393 1760 1422 de-

963 1430 1064 1457 cantari
1075 1429 1250 1459 ordinaverat
1262 1432 1343 1460 verba
1353 1431 1469 1467 hymni:

1044 1471 1076 1499 O
1097 1469 1220 1499 salutaris
1242 1471 1340 1501 Hostia
1350 1494 1358 1505 ,

1046 1511 1115 1548 Quae
1138 1511 1203 1539 coeli
1224 1513 1320 1550 pandis
1341 1512 1439 1540 ostium
1449 1523 1455 1540 t

1046 1552 1123 1580 Bella.
1144 1562 1273 1590 premunt
1294 1553 1407 1581 hostilia
1418 1574 1427 1586 ,

1046 1593 1091 1621 Da
1113 1593 1194 1622 robur
1203 1614 1212 1625 ,
1235 1592 1274 1621 fei·
1296 1594 1430 1622 auxilium
1441 1613 1448 1621 .

963 1631 1073 1662 Clitov.
1083 1633 1129 1661 lib.
1144 1643 1169 1669 5.
1181 1633 1279 1669 hymn.
1289 1634 1430 1662 ecclesiast.
1453 1637 1517 1662 Erat
1526 1633 1609 1663 etiam
1617 1633 1718 1665 Galliae
1730 1646 1762 1666 u-

963 1672 1005 1701 sus
1017 1695 1024 1706 ,
1046 1683 1076 1701 ut
1086 1674 1240 1702 Sacerdotes
1260 1674 1367 1703 novelli
1378 1675 1408 1703 in
1424 1674 1603 1704 ordinatione
1625 1686 1720 1705 eorum
1729 1678 1761 1707 ab

963 1713 1101 1752 Episcopo
1121 1714 1306 1743 consecratam
1323 1714 1442 1743 hostiam
1454 1715 1526 1744 intra
1542 1715 1764 1747 candidiffimam

963 1764 1154 1794 pergamenam
1165 1756 1321 1794 reciperent
1331 1777 1339 1788 ,
1362 1765 1441 1794 quam
1454 1755 1501 1793 ipli
1512 1757 1602 1793 postea
1614 1758 1687 1786 intra
1697 1767 1763 1796 qua-

961 1795 1091 1834 draginta
1112 1796 1220 1825 dierum
1248 1795 1366 1834 spatium
1384 1796 1578 1825 consumebant
1589 1819 1596 1830 ‚
1619 1798 1764 1836 quotidie,

960 1846 1059 1874 nempe
1070 1858 1077 1868 ,
1099 1838 1259 1875 particulam
1269 1835 1401 1865 sumendo
1410 1837 1440 1866 in
1452 1847 1545 1865 eorum
1557 1838 1740 1868 celebratione
1751 1850 1762 1872 3

962 1876 992 1904 in
1000 1876 1155 1912 symbolum
1166 1878 1298 1906 videlicet
1309 1899 1317 1910 ‚
1340 1886 1369 1905 ut
1380 1878 1518 1907 Fulbertus
1539 1877 1712 1918 Epist-epist.
1732 1891 1763 1909 2.

962 1918 1045 1946 refert
1055 1939 1064 1950 ‚
1086 1919 1266 1957 quadraginta
1275 1918 1381 1947 dierum
1392 1940 1399 1951 ,
1418 1919 1448 1946 in
1458 1920 1556 1958 quibus
1563 1920 1686 1948 Salvator
1707 1931 1759 1949 no-

962 1958 1016 1987 ster
1035 1958 1093 1996 post
1106 1958 1347 1988 Resurret‘tionem
1367 1958 1439 1987 suam
1460 1970 1521 1988 cuin
1543 1963 1598 1997 ejus
1608 1959 1761 1999 Discipulis

961 1998 1095 2027 manserat
1107 2019 1114 2027 .
1136 2000 1289 2028 Ponebitut
1298 2000 1450 2038 ant⁵quitus
1461 2001 1559 2029 Hostia
1576 2011 1635 2030 non
1643 2011 1706 2030 :inte
1715 2012 1760 2030 ca—

960 2039 1053 2074 licem,
1064 2050 1094 2068 ut
1103 2041 1187 2068 modo
1199 2040 1230 2068 lit
1241 2062 1249 2073 ,
1259 2039 1306 2068 sed
1316 2041 1348 2068 ad
1358 2043 1412 2076 ejus
1422 2041 1499 2074 latus,
1508 2042 1542 2070 :id
1550 2041 1737 2071 denotandum
1748 2064 1759 2077 ‚

960 2090 990 2108 ut
1000 2081 1037 2108 :iit
1051 2082 1199 2120 Microlog.
1209 2081 1243 2109 de
1253 2080 1460 2110 Ecclefiobserv.
1470 2092 1527 2120 cap.
1534 2093 1542 2111 i
1550 2094 1577 2116 4.
1589 2083 1758 2122 Sanguinem

960 2121 1069 2150 Christi
1081 2121 1115 2149 de
1127 2124 1182 2158 ejus
1192 2122 1277 2150 latere
1287 2131 1439 2151 emanatum
1450 2145 1458 2156 ,
1469 2133 1543 2156 cuius
1551 2122 1612 2152 haec
1621 2122 1685 2152 sunt
1695 2133 1757 2153 ver-

959 2162 990 2191 ba
1001 2173 1007 2188 :
1033 2169 1044 2198 [
1056 2163 1143 2191 Unde
1152 2167 1179 2192 &
1188 2172 1309 2201 congrue
1317 2163 1386 2192 calix
1397 2161 1444 2192 sub
1455 2163 1565 2192 brachio
1574 2166 1631 2200 ejus
1641 2165 1757 2193 colloca.

961 2213 1005 2231 tut
1015 2224 1023 2236 ,
1035 2203 1107 2243 quali
1119 2203 1152 2232 de
1161 2204 1246 2232 latere
1256 2204 1408 2233 Dominico
1414 2203 1576 2244 sanguinem
1586 2204 1704 2233 Domini
1713 2204 1756 2233 su-

960 2243 1099 2282 sccpmrus
1109 2264 1116 2271 .
1128 2247 1140 2276 ]
1164 2245 1199 2273 In
1209 2244 1326 2274 Ecclesia
1337 2245 1428 2273 Mileti
1442 2246 1503 2274 vidi
1511 2246 1656 2285 antiquum
1664 2242 1755 2272 Miss'a-

960 2285 986 2314 le
996 2285 1030 2313 de
1040 2295 1114 2315 :inno
1130 2296 1137 2313 i
1148 2294 1214 2321 509.
1223 2295 1282 2314 m.s.
1295 2285 1339 2314 ubi
1348 2286 1445 2315 Hostia
1453 2287 1485 2317 ad
1497 2287 1566 2315 latus
1576 2285 1668 2314 calicis
1677 2284 1757 2324 depi-

960 2326 1002 2354 sta
1012 2336 1083 2355 erat:
1107 2325 1222 2354 eandem
1231 2326 1424 2355 caeremoniam
1441 2326 1585 2356 observant
1595 2324 1688 2354 Graeci
1700 2345 1709 2357 ‚
1727 2329 1757 2355 δι

961 2367 997 2396 ob
1006 2367 1121 2397 eandem
1130 2367 1269 2397 rationem
1277 2368 1419 2398 Summmo
1427 2367 1558 2398 Pontifici
1568 2388 1577 2401 ‚
1597 2364 1757 2434 solempiter

1368 2410 1392 2439 Α
1414 2419 1428 2438 a
1471 2420 1485 2439 2
1652 2416 1682 2435 ce
1696 2415 1725 2435 e-
