1866 2526
407 0 426 21 ‘x

85 101 231 130 Bmmus
246 119 254 132 ,
275 95 404 127 officialis
415 94 621 128 Universitcitis
631 93 799 128 Studiorum.
810 93 857 135 qui
868 106 911 124 cu-

125 151 184 170 ram
201 139 283 168 habet
301 139 457 178 exequendi
479 137 682 167 commistiones
702 139 736 167 ad
755 138 841 167 studia
853 136 911 174 spc-

124 182 228 210 stantes
238 200 245 207 .
255 180 425 208 Vocabulum
435 188 596 217 corruptum
607 190 613 207 :
625 189 686 207 cum
698 180 789 217 potius
800 178 855 206 dici
865 178 911 206 de-

96 243 99 245 *
127 222 203 250 beret
213 221 339 250 Pedellus
349 231 363 248 a
376 221 447 258 pedo
457 221 552 249 baculo
563 241 570 252 ‚
591 229 672 257 quem
692 220 722 248 in
733 228 813 247 manu
824 218 910 257 gesta-

127 262 173 291 bat
186 285 193 295 ,
204 262 270 290 sicut
281 264 379 290 Romae
391 260 637 293 Mandatarioruim
649 264 677 289 ὃ(
688 260 839 289 Cursorum
852 269 910 287 mos

128 304 176 332 est.
187 303 246 332 Alii
259 302 355 330 melius
366 311 463 340 putant
473 301 526 330 hoc
539 311 642 329 nomen
653 311 666 329 a
679 301 763 330 verbo
774 300 910 329 Saxonico

127 344 295 375 derivatum,
307 343 385 375 idest,
397 343 488 370 Bidel.
500 342 575 381 quod
583 344 744 381 Praeconem
753 340 908 371 sonatniam

125 395 177 424 pei*
189 384 329 413 Bidellum
342 383 498 412 Lestoribus
510 405 518 415 ,
530 393 558 411 ac
571 382 745 411 Studeiitibus
758 381 908 410 Universi-

125 425 188 454 tatis
199 424 309 453 ordines
322 425 503 452 intimantur.
524 422 608 459 Quod
626 433 660 451 ex
673 423 762 451 verbis
772 421 909 460 cujusdam

126 467 166 495 M.
178 467 203 494 S.
216 465 395 493 confirmatur
406 487 413 497 ,
424 465 470 492 ubi
480 464 513 492 sic
526 464 636 491 dicitur:
647 464 844 501 Episcopisunt
856 467 909 492 Dei

126 507 224 536 bidella·
235 527 243 540 ‚
262 515 324 534 nam
344 504 475 543 Episcopi
490 503 582 533 divini
594 505 736 532 Praecones
748 503 827 532 sunt.
852 506 908 532 FR-

92 566 95 568 -
126 548 232 577 Pedum
247 567 254 578 ,
266 547 313 579 di,
325 546 469 574 Pastoralis
480 545 586 573 baculus
596 544 634 572 est
647 566 654 577 ‚
674 549 701 573 &
711 555 773 572 non
783 545 888 573 Bidelit'
901 565 908 577 ,

125 588 189 616 ideo
201 586 298 616 nullibi
309 587 437 615 usitatum
456 595 561 613 nomen
573 586 672 614 Pedelli
681 586 784 624 legitur
795 606 802 613 .
814 586 907 613 Bidel-

125 630 170 657 lus
190 627 276 667 igitur
287 627 531 666 Longobardorum
552 636 654 654 nomen
663 626 701 654 est
714 648 721 659 ‚
740 630 766 655 ὃ(
778 625 909 664 primario

126 669 216 697 locum
228 668 365 706 publicum
385 673 435 701 (ut
446 667 485 695 est
495 667 584 705 platea
596 688 603 699 ,
614 667 714 695 atrium
727 671 738 699 )
757 667 892 706 significat
902 688 908 694 .

124 709 229 738 Corius
239 709 269 736 in
279 707 340 736 hist.
353 708 552 736 Mediola.ie11fi
562 718 626 735 ann.
642 707 768 745 1311.fic
779 707 818 735 :iit
828 727 834 734 .
860 708 909 742 [11

123 748 256 788 proffimo
268 750 357 777 Marte
369 750 414 777 nel
426 748 529 777 bideilo
538 748 567 776 di
577 749 664 776 Santo
676 748 817 777 Salv-icore
835 759 847 776 zi
860 751 909 777 Pa-

126 790 173 819 via
194 789 221 818 fu
265 789 350 818 iurata
371 790 395 818 la
404 789 546 818 obsidione
564 789 592 816 di
601 788 735 817 Piacenza
747 792 821 821 &c.)
841 789 910 817 Ideo

120 830 200 860 'Atrii
214 852 222 863 ,
242 801 287 858 seu
309 830 409 858 Bidclli
429 829 615 858 universitatis
635 829 764 857 officialis
783 830 908 858 Bidellm

124 871 210 900 etiam
222 871 308 899 dic'tus
320 871 356 898 est
370 882 377 902 5
399 881 462 899 nam
472 870 511 898 ibi
522 879 646 908 tempore
666 870 824 898 Studiorum
837 870 909 898 invi-

125 912 214 951 gilare
223 921 332 939 tenetur
344 933 351 943 ,
367 922 400 939 ne
411 911 476 940 rixae
490 932 497 943 ,
510 915 537 940 δ(
548 911 606 939 aliae
617 911 855 939 inconvenientiae
866 911 909 937 in-

125 952 207 980 terim
235 951 380 980 succedant
394 963 401 982 ς
424 951 490 980 sicut
511 951 648 981 Ostiarius
669 953 699 980 ab
718 952 788 979 ostio
798 973 806 984 ,
828 954 855 980 δε
865 953 909 989 Ja-

126 993 203 1021 nitor
226 1003 239 1020 a
261 994 340 1027 janua
352 1014 358 1025 ‚
381 992 510 1020 dicuntur
520 1013 526 1019 .
551 992 625 1020 Vide
647 998 726 1029 H.zga
740 1012 746 1018 .

84 1034 260 1065 Rimmon,
270 1032 323 1061 hoc
333 1033 381 1065 est,
393 1033 524 1068 jejunium
533 1032 649 1061 duorum
660 1033 775 1060 dierum.
788 1038 801 1067 [
813 1031 910 1064 Bidua—

126 1085 173 1103 nas
184 1084 278 1102 omnes
290 1074 389 1102 saciant
400 1083 456 1101 tam
467 1072 606 1111 Episcopi,
620 1072 762 1104 Monuhi,
774 1077 800 1101 ἃ
813 1074 908 1102 Mona-

122 1114 194 1147 chae,
207 1121 288 1152 quam
300 1114 440 1143 Canonici
451 1134 458 1141 .
470 1114 544 1142 Ord.
555 1116 640 1143 Rom.
651 1114 698 1141 lib.
712 1124 735 1149 ς.
749 1123 807 1151 cap.
823 1117 907 1150 136.]

125 1156 172 1184 De
182 1165 237 1193 quo
249 1154 304 1182 ritu
316 1156 441 1183 Rabanus
454 1154 487 1182 sic
498 1163 535 1181 ait
548 1175 553 1181 .
566 1159 579 1188 [
590 1154 744 1182 Biduanum
756 1164 859 1182 morem
870 1157 910 1191 jc-

125 1196 197 1232 junii
212 1195 275 1223 inde
287 1195 425 1233 sumptum
435 1205 497 1222 reor
507 1216 514 1227 ,
537 1194 612 1232 quod
623 1195 750 1232 Apostoli
768 1197 909 1231 jejunave-

126 1245 193 1266 runt
204 1236 254 1263 illo
265 1235 359 1268 biduo,
370 1246 424 1274 quo
436 1235 575 1264 Dominus
587 1235 680 1273 pristim,
692 1239 719 1264 ὃ(
731 1234 850 1272 sepultus
862 1236 909 1268 est,

125 1277 173 1306 lib.
187 1288 212 1305 2.
226 1276 314 1305 instit.
324 1277 430 1305 Cleric.
442 1287 464 1304 c.
481 1278 547 1307 16.]
576 1278 631 1305 iR.
643 1278 687 1305 De
697 1276 818 1304 biduanis
839 1279 908 1314 jeju-

125 1317 180 1346 niis
193 1339 200 1350 ‚
211 1317 289 1350 idest,
301 1318 331 1345 in
343 1317 408 1345 feria
421 1325 517 1355 quarta
527 1320 553 1344 ἃ
565 1316 722 1349 Pamsteve,
735 1327 833 1354 nempe
845 1338 851 1349 ,
871 1317 908 1344 fe-

126 1358 168 1386 ria
178 1357 263 1390 sexta,
273 1368 306 1386 ex
319 1358 468 1386 traditione
480 1358 640 1395 Apostolica
654 1357 682 1386 in
695 1358 855 1386 canonibus
871 1360 907 1386 A-

128 1398 229 1437 postol.
241 1409 299 1426 can.
311 1404 358 1427 68.
370 1399 408 1427 itti
417 1397 551 1426 sancitur:
566 1405 578 1433 [
590 1399 616 1427 Si
627 1408 685 1437 quis
696 1397 854 1436 Episcopum,
865 1408 910 1426 aut

128 1440 274 1474 Pre<byter
284 1461 291 1472 ,
304 1450 347 1467 aut
357 1439 507 1470 Diaconu5‚
520 1450 564 1467 aur
577 1440 683 1470 letior,
696 1449 741 1466 aut
751 1441 860 1468 Cantor
871 1438 910 1467 sa—

126 1490 200 1508 cram
211 1480 452 1519 Quadragesimam
464 1478 572 1509 Pasthae
587 1501 595 1513 ,
606 1490 651 1508 aut
661 1490 785 1518 quartam
795 1479 888 1507 fericun
899 1501 906 1512 ‚

128 1529 173 1549 aut
183 1519 326 1558 parasceve
340 1520 569 1557 nonjejunaverit
584 1542 591 1553 ,
612 1520 761 1559 deponitur
773 1542 780 1553 ‚
794 1530 905 1557 preter-

125 1571 207 1600 quam
216 1561 235 1590 si
246 1560 436 1590 imbecillitate
446 1561 614 1599 impediatur
624 1561 749 1598 corporis
760 1584 766 1590 .
789 1561 838 1590 Sin
849 1561 910 1589 Lai-

129 1612 176 1630 cus
186 1602 229 1634 sit,
239 1603 436 1630 communione
446 1603 572 1640 privetur
582 1622 588 1629 .
604 1604 615 1633 ]
629 1602 673 1630 De
683 1601 818 1633 biduanis,
831 1611 908 1634 vero,

126 1646 155 1671 Sc
165 1642 301 1671 triduanis
311 1643 421 1679 jejuniis
431 1665 438 1675 ,
457 1644 494 1671 ita
505 1641 737 1677 chrysostomum
762 1648 773 1676 [
786 1644 853 1670 Non
866 1653 909 1670 rzi-

126 1683 206 1711 tione
215 1683 311 1719 jejunii
322 1695 330 1714 ‚-
347 1694 403 1722 quo
416 1683 491 1711 euim
500 1683 578 1721 pac'to
589 1693 648 1711 cum
659 1692 767 1721 panem,
778 1686 805 1710 ὃ(
815 1693 909 1721 aquam

127 1734 235 1752 tantum
255 1725 286 1752 in
302 1724 395 1752 cibum
416 1723 520 1757 sumas,
547 1723 630 1762 idque
649 1724 708 1762 post
725 1723 835 1751 biduum
848 1744 856 1755 ,
883 1727 908 1752 ἃ

127 1765 272 1793 triduum?
291 1765 338 1795 hb,
353 1776 378 1793 2.
400 1765 433 1792 de
455 1764 568 1802 provid.
593 1766 671 1796 Dei]
694 1767 734 1792 Ex
753 1774 807 1801 quo
831 1764 894 1792 tolli

125 1805 219 1843 gitur,
240 1806 393 1834 biduanum
408 1827 416 1838 ‚
434 1815 463 1833 ac
483 1806 667 1837 triduanum,
695 1805 828 1840 jejunium
850 1814 908 1832 non

127 1845 202 1873 suisse
213 1846 292 1878 illud,
305 1845 378 1883 quod
391 1845 419 1873 in
431 1856 490 1873 can.
504 1845 629 1882 Apostol.
640 1844 717 1883 supra
727 1845 839 1872 allatuin
852 1844 890 1872 est
902 1865 909 1876 ,

130 1895 229 1923 nempe
239 1907 246 1918 ,
265 1886 303 1914 bis
316 1908 323 1919 ,
346 1895 391 1914 aut
411 1886 492 1913 terin
502 1885 688 1915 hebdomada3
712 1883 758 1911 sed
769 1895 851 1923 quum
862 1895 909 1922 per

130 1925 241 1953 biduum
252 1948 259 1958 ,
269 1937 313 1954 aut
324 1927 445 1954 triduum
456 1926 495 1953 nil
505 1926 717 1957 commestibile‚
728 1935 774 1953 aut
786 1925 907 1963 potabile

129 1965 283 2003 gustabatur
299 1987 305 1993 .
313 1967 358 1996 De
367 1967 523 2003 hujusmodi
533 1966 644 2002 jejuniis
654 1966 683 1993 fit
694 1967 801 1993 mentio
812 1966 841 1993 in
851 1964 909 2003 pas—

128 2006 204 2034 sione
216 2007 241 2034 S.
253 2007 387 2038 Caeciliae,
399 2008 443 2036 ubi
454 2008 488 2036 de
497 2017 527 2035 ea
539 2017 671 2038 narratur,
681 2007 754 2044 quod
768 2017 774 2033 2
787 2010 798 2040 [
810 2007 909 2034 Bidini<

129 2045 175 2074 nis
186 2067 193 2078 ,
205 2050 232 2074 ἃ
243 2046 374 2074 triduanis
383 2048 494 2082 jejuniis
503 2058 583 2075 orans
593 2046 619 2075 se
630 2047 836 2075 commendzbat
848 2048 908 2075 Do-

129 2085 208 2114 mino
217 2106 223 2113 .
253 2087 264 2115 ]
278 2088 349 2113 Item
368 2088 536 2125 baptizandis
565 2087 665 2116 adultis
684 2087 836 2124 antiquitus
856 2086 907 2115 hoc

131 2126 288 2154 triduanum
297 2128 430 2162 jejunium
444 2129 613 2157 indicebatur
624 2150 631 2161 ,
642 2137 672 2156 ut
683 2138 716 2155 ex
729 2127 805 2155 Afris
818 2128 842 2155 S.
853 2130 908 2156 Ge-

128 2166 192 2194 tulii
202 2167 271 2203 apud
284 2168 341 2194 Sur.
353 2177 419 2195 tom.
430 2179 457 2205 3.
474 2180 515 2197 10.
525 2167 763 2207 Junii&Augusti
775 2188 783 2200 ,
802 2167 838 2195 de
850 2178 909 2196 nio-

130 2206 180 2234 rib.
194 2205 296 2234 Eccles.
306 2217 363 2244 cap.
376 2218 420 2245 33.
433 2209 547 2237 liabetur
556 2230 563 2236 .

87 2248 219 2276 Bromi-ms
232 2269 239 2279 ,
262 2247 460 2285 Latino-grxca
472 2259 525 2277 vox
536 2260 549 2277 :i
559 2251 601 2278 bis
612 2270 621 2283 ‚
643 2252 671 2278 δε
688 2244 780 2287 γέμος
791 2269 799 2280 ,
822 2248 889 2276 idest
901 2270 908 2281 ‚

131 2287 345 2315 matrimonium.
358 2289 414 2316 FR-
425 2289 510 2317 Glossl
523 2290 553 2317 in
565 2300 587 2317 c.
606 2300 658 2318 una
669 2289 849 2322 tantum‚dist.
863 2297 907 2317 zo.

129 2330 170 2361 ,-Η.·
187 2331 220 2355 Et
230 2326 348 2355 absolute
358 2338 446 2366 graece
477 2327 599 2366 Ji'yupaeog
610 2351 616 2362 ‚
640 2329 741 2358 dicitur
752 2330 772 2357 is
783 2352 790 2362 ,
812 2329 858 2368 qui
875 2330 910 2357 ad

128 2367 257 2397 secundas
267 2368 374 2407 nuptias
393 2368 546 2403 transierit,
568 2381 641 2406 cnjus
656 2369 798 2400 antithesis
817 2374 908 2399 Meno>

1274 35 1360 80 131

961 94 1062 132 gamm}
1073 93 1112 124 est
1121 116 1129 128 ‚
1152 96 1181 123 δε
1189 92 1237 132 qui
1247 97 1352 124 nullam
1362 95 1477 123 uxorem
1496 90 1592 125 habuit
1608 91 1758 135 'Agamu'if

966 135 1033 164 item
1043 137 1202 176 Polygamus
1216 157 1223 168 ,
1246 137 1293 174 qui
1303 137 1394 175 plui-es
1403 145 1500 166 uxores
1510 135 1604 165 habuit
1612 159 1620 171 ,
1630 138 1754 171 dicitur;

965 186 1025 214 quae
1035 176 1130 205 omnia
1149 176 1215 205 vide
1235 175 1289 205 suis
1307 177 1376 205 locis
1386 198 1392 204 .
1419 179 1476 207 FR.
1489 181 1623 214 Bigamus
1642 188 1757 218 propten

963 223 1079 255 quatuor
1096 215 1182 247 causas
1202 217 1232 245 ab
1243 217 1372 246 ordinum
1390 217 1559 256 susceptione
1580 220 1754 252 excluditur,

964 268 1065 296 nempe
1074 277 1083 291 ‚
1101 267 1215 296 propter
1226 257 1362 286 defectum
1372 258 1537 287 Sacramenti
1550 280 1559 292 ‚
1579 259 1640 297 quia
1649 271 1708 288 non
1717 260 1755 289 est

964 298 1002 327 ibi
1017 300 1218 327 Sacramentum
1228 299 1416 332 unitatis,cum
1430 299 1554 338 Bigainus
1563 309 1670 328 carnem
1681 299 1754 328 simin

964 339 1094 368 diviserit
1104 339 1133 367 in
1142 339 1249 376 plui-es:
1272 340 1398 369 Secundo
1407 350 1521 378 propter
1542 340 1755 378 praerogativam

965 380 1096 408 ordinum
1107 391 1115 410 ς
1126 379 1223 408 Tertio
1234 389 1347 418 propter
1357 381 1463 419 fignum
1478 380 1691 409 incontinentiae
1701 402 1709 414 ,
1719 392 1752 410 ex

965 431 999 449 eo
1009 420 1084 460 quod
1095 421 1128 449 de
1147 430 1199 448 una
1222 421 1349 450 transivit
1367 421 1400 449 :id
1418 421 1496 449 aliam
1508 433 1515 452 5
1541 422 1648 458 Quarto
1661 443 1668 454 ‚
1692 422 1755 460 quia

965 473 1024 490 non
1033 460 1113 489 habet
1123 461 1245 489 frontem
1255 460 1387 489 hortandi
1409 461 1572 490 viduitatem
1582 482 1589 490 .
1613 461 1700 490 Glofli
1722 461 1753 490 in

964 513 1020 541 cap.
1030 501 1153 541 sequitur
1166 524 1172 535 ,
1195 501 1256 530 dist.
1271 508 1316 530 26.
1329 503 1398 535 Quae
1409 502 1526 530 exclusio
1544 513 1578 532 ex
1594 500 1754 531 'traditione

965 543 1165 581 Apostolorum
1176 543 1213 571 est
1223 551 1254 570 ut
1266 564 1274 576 ,
1297 542 1328 570 in
1340 541 1416 581 epist.
1433 552 1456 569 i.
1466 542 1500 570 ad
1508 542 1632 572 Timoth.
1643 553 1700 582 cap.
1725 554 1761 577 5.-

965 584 1045 612 unius
1064 585 1158 612 uxoris
1180 583 1224 612 vir
1234 605 1242 616 ,
1264 583 1291 611 d.
1301 593 1357 621 cci-p.
1369 581 1491 621 sequitur
1501 604 1508 615 ,
1519 582 1580 612 dist.
1594 591 1639 613 26.
1651 587 1695 613 An
1708 586 1752 612 Bi-

965 634 1057 663 gamus
1067 635 1216 664 reputetur,
1227 625 1282 662 qui,
1292 633 1356 652 ante
1366 622 1529 662 baptismum
1540 623 1661 652 habuerit
1670 634 1752 653 unam

965 675 1080 694 uxorem
1092 688 1099 698 ,
1123 669 1149 694 δ(
1163 665 1222 704 post
1231 663 1393 704 baptismum
1403 664 1482 692 aliam
1493 685 1499 693 .
1513 664 1549 693 D.
1562 664 1752 699 Hieronymus

966 707 1037 744 apud
1045 707 1210 735 Gratianum
1219 717 1277 735 can.
1298 716 1410 744 oportet
1422 704 1588 743 Episcopum
1611 709 1656 734 28.
1676 716 1702 743 q.
1724 716 1751 743 3.

966 757 1048 785 negat
1061 749 1142 776 taleni
1152 748 1294 786 Bigamum
1306 746 1361 775 dici
1373 768 1379 774 .
1403 747 1456 775 Sed
1476 747 1659 775 Innocentius
1679 749 1752 784 Papa

965 789 1133 816 contrarium
1146 788 1276 821 testatur,
1300 788 1402 816 ibidem
1412 808 1418 815 .
1443 789 1515 816 Item
1527 788 1563 816 D.
1576 786 1733 815 Ambrosius
1743 808 1752 819 ,

965 829 1035 865 apud
1046 829 1172 857 eumdem
1185 829 1350 857 Gratianum
1362 850 1369 861 ,
1390 838 1448 856 can.
1469 837 1548 856 umm
1562 837 1685 860 tantum,
1708 837 1753 855 ea-

965 868 1028 896 dem
1038 869 1099 897 dist.
1115 877 1160 898 26.
1170 873 1198 898 ὅ(
1210 880 1242 897 ex
1253 869 1412 908 Augustino
1422 890 1430 901 ,
1441 879 1499 897 can.
1510 868 1626 897 Acutius
1636 889 1644 900 ,
1655 868 1752 895 eadem

966 908 1028 937 dist.
1039 910 1166 948 Bigamus
1176 909 1258 938 etiam
1269 910 1372 938 dicitur
1381 920 1429 948 per
1440 908 1526 938 Glofl'.
1537 908 1566 937 in
1588 918 1646 936 can.
1657 909 1753 937 Nemo

966 949 998 977 ad
1011 951 1118 979 Sacrum
1130 973 1137 983 ,
1159 950 1222 978 dist.
1232 961 1246 988 3
1255 963 1279 979 z.
1290 951 1336 988 qui
1350 951 1512 988 ignoranter
1532 958 1688 986 corruPtam
1703 949 1749 977 dii--

965 990 1057 1022 xerit;
1080 992 1149 1018 item
1161 991 1180 1019 fi
1190 990 1281 1028 primo
1292 991 1414 1028 corrupit
1424 990 1572 1028 Virginem
1584 1011 1591 1021 ,
1613 992 1641 1017 δι
1661 989 1754 1027 postea

965 1041 1024 1059 eam
1036 1030 1212 1070 desponsavit
1224 1051 1231 1058 .
1254 1031 1377 1059 Ibidem.
1401 1030 1506 1068 Bigami
1524 1030 1645 1068 quinque
1662 1029 1753 1058 modis

965 1071 1111 1100 dicuntur.
1133 1071 1221 1100 Glosi'.
1234 1072 1263 1099 in
1274 1082 1331 1109 cap.
1341 1071 1422 1109 super
1431 1081 1481 1102 e05
1501 1070 1535 1099 de
1548 1070 1687 1109 Bigamizu.
1700 1069 1750 1099 Vi-

965 1113 1000 1140 de
1011 1113 1162 1141 Bai-onium
1174 1114 1249 1140 Ann.
1264 1122 1288 1146 ς.
1304 1117 1328 1140 8.
1339 1122 1412 1139 num.
1427 1118 1472 1140 26.
1485 1115 1512 1140 ὅ(
1525 1122 1569 1143 27.
1583 1114 1657 1140 Anu.
1681 1118 1749 1139 216·

966 1164 993 1180 n.
1007 1164 1032 1181 2.
1045 1155 1121 1181 Anii.
1134 1159 1202 1186 456.
1217 1162 1243 1179 n.
1259 1163 1301 1186 14.
1314 1156 1341 1180 δ(
1351 1151 1427 1190 seqq.
1439 1153 1476 1186 ιΗε
1488 1152 1580 1181 Graeci
1592 1160 1690 1180 vocant
1703 1152 1749 1179 Bi-

964 1203 1056 1231 gamos
1071 1191 1221 1230 Episcopos
1232 1213 1239 1223 ,
1251 1192 1341 1229 quide
1351 1202 1403 1219 una
1415 1192 1531 1220 Ecclesia
1542 1192 1574 1219 rid
1584 1192 1664 1220 aliam
1674 1201 1749 1220 tran-

964 1233 1060 1262 seunt5
1080 1243 1143 1261 nam
1164 1231 1312 1260 secundum
1322 1234 1436 1260 Graecos
1453 1242 1573 1260 canones
1586 1232 1628 1260 isti
1641 1233 1707 1261 tales
1717 1236 1749 1261 E.

966 1273 1070 1312 piscopi
1084 1284 1142 1301 non
1161 1271 1267 1311 possunt
1285 1272 1410 1300 obtinere
1429 1271 1648 1301 patriarcharum
1668 1275 1713 1301 Co
1719 1284 1748 1300 n-

964 1313 1315 1352 stantinopolitanumshaec
1330 1323 1423 1341 tamen
1433 1313 1526 1351 regula
1536 1311 1687 1350 dispensata
1697 1312 1749 1341 fuit

965 1356 995 1383 in
1005 1357 1147 1393 Gregorio
1157 1353 1349 1383 Nazianzeno.
1361 1354 1434 1382 Vide
1444 1356 1544 1383 Baron.
1555 1353 1589 1380 ad
1603 1355 1693 1391 Ann.3
1703 1359 1749 1382 82.

964 1394 1091 1424 Eusebius
1110 1405 1176 1423 vero
1198 1395 1262 1433 quia
1271 1395 1326 1422 sine
1336 1393 1407 1422 causa
1417 1394 1447 1422 ab
1458 1394 1576 1423 Ecclesia
1598 1395 1696 1429 Beryti
1715 1394 1749 1421 ad

964 1434 1207 1466 Nicomediensem
1232 1435 1373 1463 transierat
1383 1457 1390 1467 ,
1412 1435 1442 1462 in
1470 1433 1604 1463 Concilio
1622 1435 1747 1463 Alexan-

964 1477 1046 1506 drino
1066 1477 1187 1505 Adulter
1209 1477 1357 1514 appellatus
1369 1475 1420 1503 fuit
1430 1496 1437 1503 .

924 1522 1090 1548 Biotiiiiicti
1104 1538 1111 1549 ,
1137 1519 1193 1546 PR.
1203 1527 1289 1555 genus
1302 1516 1382 1545 vestis
1394 1515 1460 1544 rufa:
1471 1537 1479 1547 ,
1503 1519 1530 1544 δ(
1543 1513 1659 1552 hispidae
1671 1535 1679 1543 .
1702 1517 1751 1543 Bi—

959 1568 1085 1597 gerrones
1096 1558 1231 1596 Aquitani
1243 1558 1339 1595 populi
1351 1556 1414 1584 sunt
1425 1556 1491 1584 teste
1500 1554 1612 1584 Caesare
1632 1556 1666 1584 de
1688 1556 1751 1584 Bel—

966 1601 994 1627 lo
1006 1598 1118 1627 Gallico
1130 1620 1136 1631 ,
1158 1598 1204 1626 lib.
1215 1608 1241 1635 3.
1253 1598 1287 1626 fic
1299 1601 1405 1634 rijente:
1431 1602 1443 1631 [
1455 1597 1578 1624 Maxima
1587 1605 1647 1633 pai-s
1660 1596 1751 1633 Aqui-

966 1649 1045 1668 taniae
1055 1637 1112 1666 scsc
1123 1637 1219 1668 Crafi'o
1230 1638 1308 1665 dedit
1318 1660 1324 1670 ,
1337 1637 1495 1676 obsidesque
1503 1637 1578 1665 ultro
1588 1637 1658 1665 misit
1667 1658 1674 1668 ,
1692 1646 1749 1673 quo

965 1681 995 1709 in
1006 1689 1119 1710 numero
1139 1679 1246 1708 fuerant
1257 1678 1377 1707 Trabelli
1387 1699 1396 1711 ,
1419 1679 1582 1717 Bigerrones
1601 1681 1653 1705 &c.
1675 1679 1686 1707 ]
1710 1679 1749 1704 Ex

964 1733 1019 1760 quo
1030 1719 1181 1760 Bigerrigae
1193 1720 1355 1748 vocabulum
1365 1717 1489 1747 censetur
1497 1716 1647 1755 provenire
1657 1737 1662 1743 .
1675 1717 1749 1752 Qua<

966 1774 993 1791 re
1006 1764 1042 1791 D.
1053 1762 1205 1800 Gregorius
1215 1763 1424 1798 Aquimnicum
1441 1759 1579 1795 pallium,
1601 1757 1630 1785 in
1643 1757 1749 1795 Regili-

965 1804 1012 1832 lib.
1027 1811 1054 1832 6.
1066 1804 1143 1843 epist.
1156 1809 1203 1840 36.
1214 1800 1284 1829 hanc
1296 1800 1400 1829 vestem
1410 1808 1510 1827 vocant
1520 1818 1526 1825 .
1541 1804 1552 1833 [
1565 1801 1599 1826 Et
1608 1797 1749 1835 proximus

966 1845 1082 1873 tabernis
1092 1842 1257 1882 bigerrigam
1269 1840 1371 1868 vestem
1380 1839 1501 1872 brevem,
1510 1848 1590 1876 atque
1601 1837 1749 1876 hispidam,

965 1885 1086 1924 quinque
1097 1890 1281 1921 comparatam
1293 1888 1428 1918 argenteis
1440 1901 1448 1913 ‚
1470 1880 1557 1922 rripit,
1581 1888 1662 1916 atque
1682 1887 1747 1906 ante

964 1926 1076 1953 Martini
1090 1923 1169 1963 pedes
1180 1923 1261 1950 iratus
1272 1921 1386 1959 exponit
1397 1941 1403 1947 .
1415 1920 1515 1957 Sulpit.
1525 1930 1555 1947 in
1565 1920 1622 1948 vita
1642 1920 1667 1947 S.
1679 1920 1749 1946 Mar-

965 1966 1020 1993 tini
1032 1965 1161 2003 Episcopi
1174 1985 1181 1996 ,
1193 1975 1215 1991 c.
1226 1974 1253 1997 4.
1266 1964 1278 1993 ]
1290 1961 1351 1990 Alii
1362 1970 1454 1989 tamen
1464 1964 1620 1998 Bigericam
1630 1958 1727 1997 legunt
1740 1978 1746 1985 .

964 2007 1038 2034 Vide
1049 2011 1148 2033 Birrm·
1158 2025 1165 2032 .

924 2049 1017 2075 BioiA
1031 2069 1038 2079 ,
1060 2056 1147 2085 graece
1158 2041 1256 2082 βῖγλα
1268 2065 1275 2076 ‚
1298 2043 1457 2077 excubitor,
1480 2042 1649 2081 speculator,
1660 2038 1748 2077 vigil:

964 2088 1090 2124 quamvis
1101 2095 1175 2114 inter
1186 2087 1299 2113 Graecos
1308 2085 1436 2113 usitatum
1449 2084 1501 2111 hoc
1512 2092 1613 2111 nomen
1633 2080 1683 2123 sit,
1708 2089 1748 2107 ta-

964 2137 1026 2155 men
1036 2127 1152 2155 latinum
1162 2125 1335 2157 videtui-,effe
1348 2137 1355 2155 ς
1377 2135 1440 2152 nam
1450 2125 1572 2152 litteram
1584 2123 1620 2153 V,
1632 2122 1748 2148 latinam

964 2168 994 2196 in
1006 2170 1027 2196 B
1037 2189 1045 2200 ,
1070 2167 1163 2198 Graeci
1175 2176 1231 2194 non
1241 2177 1302 2194 raro
1311 2166 1493 2203 pronunciant
1502 2175 1511 2195 5
1533 2163 1604 2191 unde
1614 2161 1695 2198 Bigla
1704 2159 1750 2187 seu

964 2208 1055 2245 potius
1065 2209 1140 2247 Bigil
1149 2217 1198 2246 pro
1209 2208 1277 2244 Vigzl
1286 2207 1403 2244 exprimi
1416 2206 1527 2235 videtur
1537 2225 1543 2232 .
1568 2205 1602 2231 In
1613 2201 1750 2231 Constan-

966 2248 1155 2286 tinopolitana
1165 2247 1293 2276 Civitatc
1312 2248 1437 2276 officialis
1454 2256 1529 2279 erat,
1553 2246 1600 2284 qui
1618 2252 1747 2283 Dranga-

965 2292 1024 2317 rius
1036 2290 1108 2327 hegla
1128 2288 1282 2316 dicebatur.
1307 2289 1380 2317 Vide
1389 2290 1566 2325 Drangarius
1579 2307 1586 2314 .

925 2331 1104 2363 Bioiiossuffi
1127 2328 1214 2356 diFtio
1233 2329 1421 2368 latino-graeca
1442 2351 1449 2362 ‚
1471 2328 1558 2359 idest,
1587 2325 1720 2364 bilinguis
1739 2340 1746 2352 :

966 2369 1074 2407 φλώὀεα
1085 2370 1161 2401 enim
1172 2369 1298 2408 linguam
1316 2380 1404 2410 grxce
1423 2368 1576 2410 fignificat.
1601 2366 1725 2402 [Sanc'tae
1738 2386 1746 2397 ,

1676 2415 1706 2435 ac
