1866 2526
97 34 236 115 Junigsl.
259 76 334 108 Vide
350 79 477 108 Hebraus
489 22 511 108 :f
994 79 1119 108 cumbere
1129 79 1225 108 debeat
1236 90 1315 109 antea
1324 79 1488 110 sententiam
1499 102 1506 109 .
1527 80 1603 111 Vide
1613 83 1707 112 Rimor
1717 101 1725 110 .
1746 81 1798 112 Vi-

99 117 194 154 JunAs
204 139 212 147 .
235 118 308 148 Vide
327 120 482 157 Iscariotha
491 140 500 148 .
998 118 1033 146 de
1041 119 1226 149 Centenarius
1237 122 1398 156 ,Iudicium
1409 144 1415 154 ,
1423 125 1487 159 Saga*
1497 123 1562 150 baro
1573 143 1580 154 ‚
1591 122 1747 159 Sculdascio
1759 144 1767 150 .

99 159 196 195 Junlx
207 180 215 187 .
239 159 312 188 Vide
321 163 476 198 Cognitores
487 183 496 194 ,
517 162 687 197 Ministralis
697 181 704 188 .
728 162 784 190 PR.
796 159 824 188 in
845 156 941 186 italicis
958 160 1054 196 Junex
1066 160 1150 188 comp
1156 170 1344 191 ‹moni-ioum
1355 183 1363 191 .
1380 164 1437 192 FR.
1447 162 1548 198 dicitur
1558 163 1649 200 Judex
1660 162 1801 202 delegatus

1310 24 1401 76 JU

145 198 349 237 Rebuspublicis
367 201 456 238 Judex
476 202 593 237 Potestas
611 202 712 231 dicitur
723 222 730 229 .
755 207 767 235 [
783 197 941 240 Florentinzi

144 239 260 277 potestas
266 244 317 269 ἃς.
330 241 506 270 definitivam
515 240 681 270 sententiam
692 239 883 280 promulgavit
892 258 900 270 2
913 247 941 264 1¹¹

145 280 193 308 lib.
204 292 230 309 2..
243 280 371 309 decretal.
382 281 416 309 de
427 282 535 318 judiciis
544 292 601 320 cap.
614 294 628 310 2
638 294 660 310 i.
673 283 854 311 Vulneratum
863 281 940 314 juve-

143 331 209 349 nem
221 322 351 350 Potestati
364 323 520 350 Vincentiae
534 323 707 351 tradiderunt
716 344 724 355 ‚
743 323 788 350 lib.
803 330 827 356 5.
837 321 940 348 decret.

144 361 192 388 tit.
207 373 215 389 1
225 373 250 389 2.
259 372 316 400 cap.
332 373 375 398 ¹9·
389 364 401 393 ]
420 367 447 391 δε
460 363 503 391 hic
514 363 631 391 Potestas
641 363 794 391 declinatur
805 381 812 388 .
831 359 940 396 [Unde

146 402 276 430 Praesafus
286 402 405 431 Potestas
416 406 468 431 &c.
485 403 515 431 in
528 403 580 431 eod
601 413 658 441 cap.
675 405 742 439 19.]
762 405 796 431 Iri
815 400 940 430 sabaudia

146 442 397 479 ConsulesJustitia
409 444 655 472 denominabantur
670 443 719 478 [Si
731 454 798 472 vero
806 441 941 470 Consules

144 482 256 519 justitiae
268 504 276 516 ,
288 492 414 521 tanquam
428 484 529 512 merito
538 483 654 521 suspecti
664 503 674 519 ,
699 483 801 512 fuerint
810 480 923 511 recusati
935 502 941 513 ‚

146 523 192 551 lib.
206 532 232 551 ι’.
254 523 382 552 decretal.
392 525 425 552 de
436 523 496 552 foro
505 534 625 562 compet.
644 534 700 562 cap.
719 527 784 555 10.]
808 524 868 553 Ubi
880 522 942 560 Epi-

144 562 227 601 scopo
240 565 411 592 Vercellenii
425 566 604 593 Innocentius
614 566 670 593 ΙΙΙ.
681 563 773 592 scribit
784 585 790 592 .
814 567 884 593 Item
898 568 943 597 Ῑιι-

147 605 220 632 daces
230 605 436 641 appellabantur
446 605 583 634 Consules
593 606 701 633 artium.
715 611 727 639 [
742 606 875 644 Venienti
886 607 943 633 Ro-

146 654 217 672 mam
227 645 332 672 Carolo
342 666 350 678 ‚
363 646 493 674 Pontifex
502 645 598 675 obvios
608 667 615 679 ,
637 647 685 684 qui
697 645 862 674 deducerent
872 666 880 678 ‚
893 645 944 672 mi-

146 684 179 713 fit
191 685 294 713 clerum
306 707 313 717 ,
327 689 353 714 δ(
364 688 504 715 Romanos
515 687 589 715 cives
599 708 606 719 ,
617 696 686 724 quos
696 686 782 714 miror
791 684 943 715 Bibliothe-

146 726 247 752 carinm
258 725 332 754 fuisse
343 726 460 765 triginta
471 727 559 756 millia
568 727 670 761 judices
679 728 831 755 affirmare:
852 736 945 765 quam—

145 773 226 803 quain
240 777 296 794 non
309 778 337 795 ea
348 776 414 795 tunc
426 767 477 795 fuit
488 789 496 800 ‚
507 778 588 806 quam
600 768 690 795 nostra
700 766 781 795 habet
792 778 866 799 etms,
879 777 945 794 con—

146 805 260 835 suetudo
272 828 279 839 ,
300 817 330 834 ut
342 807 392 835 soli
402 809 469 843 juris
480 809 573 837 civilis
582 808 715 836 doftrinae
734 808 835 836 addicti
846 807 947 841 judices

147 846 322 878 dicerentur3
345 846 390 876 sed
401 859 435 876 eo
447 849 561 877 nomine
579 849 730 887 appellatos
743 848 816 877 fuiss'e
829 848 946 876 invenio

146 897 252 920 omnes,
263 888 309 926 qui
321 899 335 916 a
346 887 482 917 fabrilibus
492 889 601 918 vilioris
612 890 738 918 exercitii
750 889 868 927 opificiis
880 898 946 916 tem-

148 938 283 965 perantes,
296 929 351 956 live
362 930 560 968 magistratibus
570 930 801 963 administrandis,
812 930 868 958 five
881 940 946 956 con-

147 968 315 997 trahentium
334 970 528 1008 adstipulandis
548 972 780 1000 conventionibus
792 992 800 1003 ,
820 971 876 999 {ive
889 969 948 1007 ipso

149 1009 269 1037 dicendo
279 1031 286 1042 ‚
306 1010 553 1049 interpretandove
573 1015 625 1047 juri
645 1022 721 1040 erant
740 1012 828 1040 dediti
840 1024 848 1040 r.
871 1012 945 1038 Flav.

147 1050 248 1078 Blond.
258 1051 352 1079 decad.
366 1063 391 1080 2.
402 1051 447 1079 lib.
463 1055 510 1084 1.]
532 1053 584 1081 Sed
596 1051 683 1080 adhuc
693 1051 889 1091 intelligentiae
900 1052 946 1079 du-

999 199 1033 227 ad
1042 199 1198 238 cogendum
1209 201 1328 239 aliquem
1337 202 1469 232 canonice
1478 202 1504 231 se
1516 210 1632 241 p‘urgare
1643 203 1671 231 :ib
1682 203 1798 242 imputa-

999 249 1029 267 to
1040 239 1142 268 delicio
1151 263 1158 274 ‚
1178 241 1224 278 qui
1244 245 1272 269 &
1293 246 1514 280 Compurgatores
1532 244 1690 272 dicebantur
1700 264 1707 271 .
1727 244 1799 273 Vide

992 284 1194 315 sui-amentum
1207 302 1215 314 ‚
1225 287 1360 318 Purgator
1371 284 1535 317 ‚Iudicium
1541 287 1717 321 peregrinum
1727 305 1734 312 .

957 320 1050 356 Junizx
1064 322 1216 350 Pmmnus
1229 341 1236 348 .
1257 323 1313 350 PR.
1326 327 1339 356 [
1351 323 1486 360 Nunquid
1495 334 1554 352 non
1575 324 1695 362 praefatae
1709 324 1802 353 Eccle-

998 360 1042 388 fiae
1053 360 1200 399 derogatur
1210 361 1330 394 honori,
1352 363 1372 391 si
1383 362 1466 400 ipsam
1474 373 1603 401 oporteat
1612 365 1724 393 nuncin
1738 366 1799 393 loro

998 401 1178 430 ecclesiastico
1188 423 1196 434 ‚
1217 413 1288 430 nunc
1301 403 1331 430 in
1343 401 1481 435 saeculari5
1501 405 1678 434 &interdum
1689 415 1799 444 quoque

999 451 1090 469 corani
1109 442 1236 479 pedaneis
1252 442 1386 478 judicibus
1396 465 1404 475 ,
1423 446 1451 471 δε
1469 444 1627 483 plerumque
1647 455 1698 484 pro
1716 447 1794 474 rebus

1001 482 1091 520 parvis
1102 504 1109 515 ,
1120 487 1147 511 ὃ(
1159 482 1258 512 vilibus
1268 482 1400 522 litigare?
1414 484 1441 511 in
1451 487 1563 512 Extrav.
1573 486 1619 522 Jo.
1630 488 1724 516 XXII·
1736 497 1758 514 c.
1772 489 1801 523 3.

1000 522 1034 550 de
1045 524 1118 551 verb.
1129 522 1221 561 signif.
1233 526 1245 555 ]
1267 524 1404 552 Pedaneus
1425 523 1501 552 enim
1513 523 1552 552 est
1560 526 1670 562 Judex,
1690 527 1736 565 qui
1749 537 1800 565 pro

1001 563 1076 591 rebus
1086 564 1185 592 vilibus
1195 586 1203 597 ‚
1213 568 1240 592 ὅ(
1254 565 1345 602 parvis
1354 564 1508 600 judicandis
1518 565 1705 598 constituitur,
1718 569 1754 596 C.
1767 567 1801 595 de

1001 604 1270 641 pedaneisjudicibus
1282 614 1330 642 per
1340 614 1431 633 totum
1442 626 1450 638 ,
1469 609 1498 634 δε.
1510 606 1645 644 praecipue
1654 606 1685 636 in
1703 608 1722 635 1.
1733 608 1802 635 ulti-

1001 654 1044 672 ma
1053 665 1062 673 .
1076 646 1111 673 In
1123 645 1318 680 MelitaJudex
1329 647 1421 674 idiota
1429 646 1581 684 appellatur
1590 667 1599 674 .

962 686 1133 722 Jumciarus
1146 705 1153 712 .
1173 687 1229 714 FR.
1240 686 1346 723 Judicis
1355 687 1478 714 officium
1488 707 1495 714 .
1520 687 1684 724 [judicatus
1695 709 1703 721 ‚
1723 690 1751 716 ὅ(
1764 697 1801 716 ta-

1002 725 1164 754 bellionatus
1184 727 1284 754 officiis
1297 725 1324 754 se
1336 727 1465 755 noverint
1476 726 1527 755 effe
1545 728 1669 766 privatos
1678 728 1713 757 de
1722 728 1801 757 elest-

1003 766 1033 793 in
1041 765 1120 795 sexto
1130 776 1186 804 cap.
1203 769 1269 798 17·]
1290 769 1361 795 Item
1373 766 1491 795 sumitur
1501 778 1552 805 pro
1562 769 1676 798 arbitrio
1686 791 1694 802 ,
1712 772 1740 797 δε
1751 779 1803 797 νο-

1002 806 1108 835 luntate
1118 828 1124 834 .
1139 813 1150 842 [
1164 808 1242 835 Hanc
1253 807 1331 835 enim
1339 807 1493 836 chartulam
1504 809 1615 843 judicati
1627 810 1681 838 mei
1695 830 1703 842 ‚
1721 813 1748 837 ὃ(
1758 820 1804 837 οι·-

1003 847 1154 875 dinationis
1164 857 1230 875 meae
1241 847 1341 885 Joanni
1351 849 1458 876 norario
1468 852 1519 877 ἃς.
1531 849 1564 877 ad
1573 848 1745 878 scribendum
1754 849 1802 877 de-

1005 887 1033 916 di
1044 897 1121 926 atquc
1133 887 1245 925 rogavi;
1267 889 1297 916 in
1307 898 1358 926 qua
1378 888 1467 917 subtus
1476 889 1639 918 confirmans
1649 912 1657 923 ‚
1676 890 1772 919 testibu
1780 888 1805 916 s-

1005 939 1057 966 que
1068 929 1156 956 obtuli
1166 929 1346 956 roborandum
1357 940 1364 956 ε
1375 930 1447 957 unde
1457 930 1520 958 dues
1529 930 1586 967 (fic
1596 930 1751 962 )chartules
1760 933 1803 966 ju-

1006 969 1089 997 dicati
1108 979 1163 996 iino
1183 979 1278 996 tenore
1298 968 1405 1007 scriptae
1423 969 1485 997 sunt
1495 970 1574 1007 (fic)
1595 972 1630 999 In
1650 971 1802 1000 donatione

1005 1010 1124 1037 Monast.
1134 1009 1269 1038 Thealdus
1280 1010 1404 1037 Marchio
1414 1011 1537 1038 Marildis
1546 1010 1697 1040 Comitifl‘ae
1709 1021 1773 1039 avus
1787 1033 1796 1044 ‚

1008 1050 1107 1078 Bullar.
1118 1050 1212 1079 Calin.
1226 1059 1294 1078 tom.
1307 1062 1333 1078 2.
1343 1050 1451 1078 constit.
1462 1062 1509 1088 73.

147 1091 211 1118 ritia
220 1091 300 1118 restat
313 1102 320 1122 5
344 1102 407 1120 nam
416 1103 512 1121 ornnes
523 1115 529 1127 ,
552 1104 618 1131 quos
631 1093 751 1121 Blondus
761 1092 807 1123 sub
817 1092 946 1121 vacabulo
964 1091 1147 1127 Jumcmiiiii
1159 1111 1166 1117 .
1188 1091 1244 1119 FR.
1255 1091 1405 1119 disti-istum
1415 1112 1423 1123 ‚
1444 1091 1474 1118 in
1485 1101 1540 1129 quo
1548 1093 1709 1120 extenditur
1726 1091 1805 1129 Judi-

147 1131 278 1167 judicium
288 1153 296 1164 ,
318 1133 460 1160 concludit
472 1145 529 1162 non
541 1133 688 1172 potuill‘ent
699 1135 730 1162 ad
742 1144 795 1162 tani
807 1132 946 1171 copiosum

148 1181 291 1199 numerum
301 1194 308 1204 ,
322 1174 454 1203 nimirum
474 1200 478 1207 ,
496 1186 601 1211 30000.
613 1174 757 1203 ascendere
767 1195 775 1201 .
798 1175 901 1203 Plinius
921 1184 948 1200 e<

147 1212 207 1240 nim
218 1211 348 1241 secundus
369 1215 416 1243 lib.
428 1221 454 1243 6.
467 1216 543 1253 epist.
557 1227 603 1253 3³-
624 1215 660 1243 ait
670 1237 677 1247 ,
699 1215 773 1253 quod
793 1217 890 1244 Romae
901 1213 947 1241 suo

149 1263 211 1281 ιἙνο
222 1254 315 1282 omnia
324 1256 420 1283 urbana
430 1256 541 1284 conlilia
553 1257 630 1285 iimul
642 1277 649 1288 ‚
662 1266 721 1294 qux
732 1264 808 1283 erant
820 1264 946 1293 quatuor,

1004 1132 1042 1158 cis
1051 1130 1204 1165 jurisdictio
1213 1152 1220 1164 ‚
1243 1132 1260 1159 l.
1272 1135 1299 1159 Ex*
1308 1130 1362 1159 hoc
1375 1152 1383 1164 ‚
1401 1132 1435 1160 dc
1447 1132 1637 1160 exercitalibus
1649 1153 1656 1160 .
1668 1133 1741 1161 vide
1748 1136 1802 1168 Ju-

998 1173 1130 1207 stitaaria
1140 1193 1148 1199 .
1572 1184 1581 1189 s

967 1213 1112 1249 Jeme-iuni
1122 1213 1181 1240 Dm
1191 1233 1199 1244 ,
1222 1216 1249 1240 ἃ
1262 1212 1387 1241 Ecclesia:
1410 1213 1551 1252 quomodo
1561 1213 1689 1243 differant
1699 1234 1706 1241 .
1728 1212 1803 1242 Vide

1005 1252 1128 1289 Ecclefia
1139 1273 1146 1279 .

150 1304 208 1321 non
219 1294 334 1332 amplius
344 1316 352 1328 ,
370 1306 451 1334 quam
461 1307 572 1324 centurn
584 1318 591 1329 ,
612 1300 639 1324 ἃ
659 1296 817 1334 ostuaginta
839 1296 946 1333 judices
964 1293 1110 1329 JUDICIUN
1122 1294 1250 1320 Fonffisz
1262 1313 1269 1319 .
1282 1294 1339 1322 PR.
1350 1293 1387 1321 est
1400 1293 1485 1327 illud,
1497 1295 1571 1332 quod
1581 1294 1686 1324 constat
1696 1305 1729 1322 ex
1740 1304 1805 1332 qua-

150 1334 351 1363 constituebsint
364 1358 372 1368 ,
392 1337 425 1365 slC
436 1337 580 1375 inquiens:
607 1337 759 1372 [Sedebant
769 1337 872 1371 judices
883 1347 946 1363 cen«

151 1384 208 1403 tum
220 1396 228 1408 ‚
240 1379 266 1403 ὅ(
278 1377 434 1415 ocluaginta
454 1382 465 1410 (
479 1387 520 1404 tot
530 1379 603 1406 enim
615 1387 732 1415 quatuor
749 1377 871 1405 confiliis
882 1387 948 1404 con—

151 1414 305 1444 scribuntur
316 1421 326 1448 )
337 1417 433 1456 ingens
446 1428 575 1456 utrinque
588 1419 795 1447 Advocatorum
806 1420 873 1448 &c.]
886 1419 949 1445 Pro-

151 1455 262 1485 babillus
272 1467 339 1495 ergo
349 1458 412 1490 erit,
425 1458 444 1486 si
454 1468 514 1486 cum
526 1460 562 1487 D.
577 1460 753 1493 Hieronymo
765 1458 950 1496 intelligamus

151 1497 252 1528 iudices
262 1497 312 1525 effe
322 1499 500 1532 Presbyteros
512 1521 519 1531 ‚
534 1511 560 1528 ι.
571 1499 663 1537 quaest.
676 1511 701 1531 7.
715 1509 773 1527 can.
785 1509 842 1526 non
854 1509 950 1526 omnes

1007 1341 1070 1360 tuor
1079 1332 1202 1370 personis
1216 1354 1222 1364 ,
1235 1333 1303 1360 idest
1315 1355 1322 1366 ‚
1333 1334 1420 1362 eleeto
1432 1335 1529 1371 Jiidice
1540 1357 1546 1366 ,
1558 1335 1661 1362 idoneo
1671 1334 1803 1362 accusato-

1007 1383 1036 1401 re
1047 1395 1056 1406 ,
1068 1383 1193 1412 congruo
1207 1372 1351 1401 defensore
1364 1395 1371 1406 ,
1394 1378 1420 1402 ὅ(
1434 1375 1566 1413 legitimis
1577 1375 1686 1402 testibus
1698 1395 1704 1401 .
1727 1375 1807 1412 Judi-

1007 1424 1050 1441 ces
1060 1423 1149 1442 autem
1161 1414 1260 1442 debent
1269 1414 1309 1441 uti
1321 1415 1460 1452 aequitate,
1472 1416 1550 1443 testes
1561 1415 1689 1447 veritate,
1701 1414 1807 1443 accusa-

1009 1465 1081 1482 tores
1094 1455 1251 1482 intentione
1261 1455 1294 1482 ad
1306 1455 1522 1492 amplificandam
1531 1454 1805 1485 caufiumdefensmes

1009 1496 1041 1523 ad
1053 1495 1130 1523 illam
1148 1495 1325 1522 minuendam
1337 1517 1343 1527 ,
1363 1506 1422 1523 can.
1439 1496 1528 1523 nullus
1545 1505 1664 1533 unquam
1684 1506 1710 1529 4.
1721 1506 1766 1532 qu.
1781 1508 1808 1530 4.

152 1536 302 1575 Episcopi.
323 1539 381 1567 Ubi
392 1540 501 1577 Judices
511 1550 524 1567 a
534 1541 653 1568 Daniele
664 1540 784 1568 damnati
794 1539 950 1574 Presbyteri
971 1537 1119 1573 JUDICfflM
1139 1546 1174 1564 DE
1187 1537 1287 1564 PLANo
1297 1556 1304 1562 .
1315 1537 1372 1564 FR-
1385 1536 1454 1573 quid
1463 1537 1495 1564 lit
1509 1558 1515 1568 ,
1526 1537 1556 1564 in
1565 1536 1743 1564 Clementina
1752 1546 1807 1564 αι.

150 1579 324 1616 appellantur
334 1600 341 1607 .
363 1580 405 1608 Sic
415 1580 449 1608 de
459 1579 562 1608 eisdem
574 1579 681 1609 Lucifer
692 1581 797 1609 Calarir
809 1602 815 1608 .
837 1587 848 1615 [
862 1582 952 1607 Vene<

152 1629 219 1646 runt
229 1619 285 1648 duo
302 1621 461 1656 Presbyteri
476 1622 552 1659 pleni
563 1621 655 1659 iniqua
666 1631 757 1649 mente
767 1620 893 1650 adversus
906 1622 952 1648 Su-

150 1658 261 1687 sannam
273 1682 280 1693 ,
302 1671 330 1689 ut
343 1661 542 1690 nioi‘tificisent
553 1672 611 1690 eam
623 1683 631 1694 ,
653 1662 697 1690 lib.
711 1664 761 1693 2.]
784 1662 891 1699 Jiidices
901 1662 954 1689 cle-

152 1710 175 1727 ri
186 1722 192 1731 ‚
205 1705 231 1728 δ(
242 1701 351 1738 Judices
363 1703 469 1731 niilitiae
480 1704 656 1741 reperiuntur
665 1703 735 1740 apud
747 1703 864 1730 eundem
879 1705 951 1730 Ana-

151 1741 257 1769 ssasium
269 1742 402 1771 Bibliotli.
423 1743 451 1771 in
464 1744 604 1772 Hadriano
614 1765 621 1776 ,
641 1753 756 1782 qtiorum
769 1743 849 1781 primi
862 1743 951 1771 Eccle-

150 1781 194 1810 fiae
213 1783 364 1816 Friniates,
383 1783 493 1812 secundi
513 1785 622 1812 iiiilitiae
644 1785 790 1822 optimates
803 1794 880 1812 erant
894 1805 900 1815 ,
924 1787 950 1812 ἃ

154 1832 250 1860 30000
260 1826 401 1853 Romanos
414 1826 522 1862 Judices
533 1826 675 1853 Senatores
696 1825 830 1864 intelligit
843 1825 950 1852 Canni-

150 1864 190 1890 lus
200 1866 364 1903 Peregrinus
374 1865 408 1893 de
418 1866 539 1904 Princip.
552 1867 707 1904 Longobar.
718 1866 747 1893 in
759 1865 895 1903 Castigat.
919 1866 949 1893 ad

150 1904 294 1933 Faltonem
307 1909 459 1935 Benevent.
469 1916 529 1945 pag.
545 1916 607 1942 150.
618 1911 644 1935 δε
660 1916 722 1941 ¹52·
735 1909 805 1934 Puto
817 1916 908 1934 tamen
918 1906 950 1933 il-

150 1944 206 1972 lum
219 1948 350 1976 Anastaiii
362 1949 452 1976 losum
460 1949 572 1976 curiales
583 1947 746 1986 lignilicare,
759 1958 788 1975 ut
797 1946 910 1974 habetur
923 1947 950 1974 in

152 1987 266 2022 quadam
276 1988 352 2017 Bulla
374 1988 496 2018 Silvestri
506 1991 585 2026 Pape
598 1991 640 2017 ΙΙ.
653 1999 769 2027 nempe:
793 1990 877 2024 [Post
889 1987 947 2015 liaec

153 2036 239 2054 autem
253 2028 324 2056 idem
346 2028 601 2059 Reverendiffimus
611 2032 680 2067 Papa
689 2040 750 2057 curn
769 2029 948 2065 Romanisiu-

153 2066 255 2095 dicibus
264 2069 389 2098 deti-evit
399 2092 408 2099 ,
418 2071 519 2099 Bullar.
530 2071 623 2098 Calin.
636 2080 704 2098 toni.
717 2082 742 2098 ι.
753 2069 865 2098 constit.
876 2080 922 2101 72·
937 2072 947 2100 ]

152 2108 224 2135 Item
236 2110 418 2140 consultores
436 2112 565 2139 dicuntur
576 2111 684 2148 Judices
693 2131 700 2138 .
721 2111 861 2140 Caeterum
874 2110 950 2148 Judi-

152 2157 194 2174 ces
212 2149 282 2178 Sacri
306 2153 402 2181 Palatii
420 2154 483 2180 06ΐο
501 2151 703 2180 subscribuntur
719 2151 749 2179 in
769 2151 880 2179 constit.
902 2158 949 2179 61.

153 2197 221 2217 tom.
235 2201 259 2219 ι.
272 2193 371 2220 Bullar.
384 2194 510 2222 calinen.
531 2195 603 2222 Item
616 2193 775 2231 Iinperiales
785 2191 895 2230 Judices
904 2192 949 2219 alii

154 2230 316 2267 Spestabiics
326 2244 401 2261 erant
412 2257 419 2266 ,
432 2235 477 2263 alii
491 2235 612 2262 lllustres
622 2256 630 2267 ‚
640 2244 698 2262 can.
712 2233 880 2261 anteriorum
893 2253 900 2264 ,
925 2244 950 2260 ι.

154 2273 247 2309 quaest.
262 2281 288 2302 6.
302 2274 360 2302 Ubi
372 2274 435 2303 sunt
445 2276 534 2312 plures
545 2275 653 2313 judices
666 2296 673 2307 ,
691 2272 736 2302 seu
748 2273 853 2302 Arbitri
864 2294 872 2305 ,
883 2283 950 2300 unus

154 2322 205 2349 pro
215 2315 339 2343 omnibus
349 2326 461 2343 numero
474 2317 601 2354 singulari
610 2315 773 2353 respondere
784 2313 870 2352 petest
881 2334 887 2340 .
900 2315 950 2341 Vi-

152 2352 186 2381 de
202 2356 357 2394 Singularis
374 2356 468 2395 forma
485 2359 630 2385 verborum
644 2377 650 2384 .
670 2357 761 2394 Judex
780 2355 814 2384 ad
834 2354 900 2393 quid
912 2354 953 2381 in-

1011 1577 1044 1605 de
1055 1577 1129 1605 verb.
1140 1577 1230 1615 signif.
1242 1575 1283 1604 his
1294 1576 1381 1604 verbis
1390 1577 1542 1604 declaratur
1555 1590 1563 1604 :
1587 1578 1684 1614 [Saepe
1694 1576 1807 1604 contin-

1011 1618 1053 1656 git
1064 1639 1072 1650 ‚
1093 1618 1166 1655 quod
1175 1615 1278 1645 causam
1287 1617 1485 1645 committimus
1496 1640 1502 1649 ,
1522 1622 1548 1645 δε
1559 1617 1587 1644 in
1598 1627 1687 1645 earum
1706 1617 1804 1654 aliqui-

1010 1660 1056 1686 bus
1067 1658 1230 1696 1impliciter
1239 1680 1246 1690 ,
1257 1661 1282 1685 ὅ(
1294 1658 1328 1686 de
1339 1658 1419 1695 plano
1431 1680 1437 1690 ,
1447 1669 1476 1687 ac
1489 1659 1543 1686 line
1556 1657 1668 1695 strepitu
1682 1661 1708 1685 &
1720 1657 1805 1695 figura

1009 1699 1107 1735 judicii
1128 1699 1240 1737 procedi
1252 1699 1410 1727 mandamus
1419 1702 1470 1726 &a
1485 1700 1544 1727 Nos
1563 1708 1650 1725 autem
1659 1697 1808 1725 dubitatio-

1010 1750 1074 1768 nem
1085 1739 1241 1776 hujusmodi
1259 1745 1269 1773 (
1283 1749 1412 1777 quantum
1423 1739 1500 1767 nobis
1519 1739 1556 1766 est
1567 1737 1716 1776 possibile)
1734 1738 1810 1765 deci-

1010 1781 1074 1808 dere
1084 1782 1225 1818 cupientes
1234 1784 1287 1808 &c.
1300 1779 1444 1812 sancimus,
1456 1789 1485 1807 ut
1496 1779 1578 1815 judex
1591 1779 1634 1806 cui
1646 1778 1739 1805 taliter
1748 1788 1810 1806 cau-

1007 1821 1061 1849 sam
1071 1821 1270 1849 committimus
1281 1842 1287 1852 ,
1311 1819 1457 1848 necessario
1479 1820 1601 1848 libellum
1622 1829 1678 1846 non
1695 1819 1787 1857 exigat
1799 1840 1808 1851 ,

1008 1863 1065 1890 litis
1077 1862 1309 1891 contestationem
1322 1872 1379 1889 non
1394 1861 1512 1899 postulet
1523 1881 1530 1892 ,
1554 1860 1583 1887 in
1594 1869 1717 1897 tempore
1727 1859 1810 1887 etiam

1011 1903 1137 1931 feriarum
1157 1904 1192 1931 ob
1203 1902 1371 1931 necessitates
1382 1901 1527 1930 hominum
1548 1900 1714 1928 indultarum
1727 1910 1739 1927 a
1748 1902 1809 1935 jure

1007 1944 1154 1982 procedere
1164 1944 1251 1972 valeit
1262 1955 1270 1973 ς
1282 1952 1403 1984 amputet
1412 1943 1578 1970 dilationum
1589 1941 1728 1969 materiam
1740 1942 1809 1971 &c.]

1008 1985 1081 2013 Vide
1091 1985 1125 2013 de
1135 1986 1221 2015 Plano
1230 1986 1345 2019 causam
1355 1985 1503 2020 cognoscere
1513 2003 1520 2010 .

967 2028 1112 2064 junicum
1123 2028 1318 2054 Pfiuroizinum
1329 2046 1336 2052 .
1350 2027 1408 2053 FR.
1419 2033 1475 2052 erat
1487 2023 1609 2051 duellum
1619 2042 1626 2048 .
1638 2020 1711 2049 Vide
1722 2021 1809 2048 Duel-

1006 2068 1065 2095 lum
1078 2087 1085 2094 .
1097 2067 1248 2095 Dicebatur
1256 2068 1386 2103 Purgatio
1396 2065 1523 2102 vulgaris
1536 2085 1543 2096 ‚
1555 2063 1622 2095 idest
1633 2083 1640 2094 ,
1652 2060 1808 2105 saecularis!-

1009 2108 1043 2137 sic
1054 2107 1137 2135 etiam
1157 2107 1291 2144 judicium
1301 2107 1478 2144 peregrinum
1492 2104 1525 2133 ad
1546 2102 1729 2132 differentiam
1740 2101 1811 2134 judi-

1007 2149 1043 2176 cii
1064 2148 1236 2177 ecclesiastici
1247 2147 1460 2185 nuncupabatur.
1471 2145 1641 2179 Vidcsudex
1653 2152 1810 2185 compurgq-

1008 2192 1093 2218 tionis
1101 2211 1109 2222 ‚
1121 2190 1206 2226 Miffa
1215 2190 1317 2225 judicu·
1329 2209 1338 2220 ‚
1350 2188 1443 2219 Palea,
1453 2187 1479 2218 ξ.
1490 2186 1542 2214 Sed
1552 2184 1615 2212 huic
1626 2182 1787 2227 digreffioni
1799 2200 1808 2208 .

1008 2229 1101 2259 Gloss'a
1114 2240 1206 2258 tamen
1216 2229 1263 2258 fibi
1273 2228 1451 2258 contradicis
1465 2226 1567 2255 namin
1579 2236 1638 2253 can.
1651 2224 1807 2264 privilegia,

1012 2283 1026 2300 2
1034 2280 1057 2307 5.
1069 2271 1163 2310 quaest.
1174 2283 1200 2299 2.
1212 2272 1278 2299 bene
1288 2269 1406 2308 exponit
1418 2267 1468 2297 ess'e
1477 2267 1541 2296 feri-i
1551 2265 1694 2294 candentis
1704 2275 1711 2294 ς
1721 2262 1769 2305 sssd.
1778 2272 1808 2290 in

1009 2323 1066 2350 cap.
1080 2317 1104 2340 8.
1116 2312 1162 2340 lib.
1176 2321 1200 2347 5.
1223 2311 1353 2340 decretal.
1364 2310 1408 2338 tit.
1419 2320 1467 2348 34.
1489 2309 1517 2340 ᾗ.
1537 2303 1787 2347 peregrinajudicia
1800 2323 1808 2336 ,

1012 2354 1091 2382 aliter
1101 2352 1218 2393 exponit
1227 2372 1234 2382 .
1246 2352 1525 2389 VideJuramentum
1536 2368 1544 2377 .
1715 2385 1731 2424 J

1736 2395 1769 2411 Uq
