1866 2526
465 9 577 51 DE

99 100 167 137 DE
205 100 407 137 NOMINE
429 125 440 142 ,
477 102 543 135 Ac
583 100 869 137 DIGNITATE

330 153 366 186 D
376 152 407 185 E
418 153 437 186 S
452 155 472 185 Ρ
484 152 521 184 O
533 151 566 185 T
581 153 620 185 ΑΞ
630 176 637 184 .

430 238 454 264 Α
504 234 532 263 D

72 307 499 345 CARDINALEM
528 308 894 344 ARAGONIAE.

156 412 219 433 227⁶}
237 397 405 426 Lausriuss.
415 397 536 426 Domui
551 416 558 424 .
570 396 615 425 Ut
625 395 740 424 referam
751 395 825 433 quod
834 393 894 424 sen-

159 424 218 500 ΞῙ-(ἹΞ
258 435 301 465 tio
310 438 344 466 de
357 438 470 466 nomine
480 438 596 474 Despota
609 458 617 469 ,
628 446 657 464 ac
665 436 803 474 dignitate
812 457 820 468 ,
831 445 893 473 pro-

83 493 91 509 ·,
159 448 224 517 qb&
259 487 289 507 ut
299 478 368 506 mihi
381 479 484 506 Summi
493 476 636 506 Pontificis
646 476 759 504 nomine
770 477 892 507 injunxi-

74 498 224 548 ἱξξῗὲ,
254 519 296 547 sti.
309 521 365 554 Ajo
373 520 488 556 Delkon
499 517 684 556 appellatione
694 515 840 554 (ignificari
850 518 892 545 di-

103 559 241 596 gnitatem
253 560 382 598 aequalem
391 560 474 598 regie
489 580 496 591 ,
519 558 673 596 proximam
683 558 871 594 Imperatoria:
884 579 891 586 .

104 599 215 638 Loquor
224 610 314 629 autem
326 601 360 628 de
369 599 416 629 usu
427 599 548 628 nominis
558 619 566 630 ‚
577 600 694 626 florente
703 597 787 640 adhuc
798 599 889 636 Impe-

106 639 148 666 rio
159 661 166 672 ,
178 650 259 679 atque
269 640 302 668 ad
313 650 425 669 aetatem
433 637 518 678 usque
525 639 644 667 nostram
654 649 663 669 ς
675 647 807 676 quoniam
818 641 889 683 apud

104 680 305 718 antiquiffimos
314 702 323 713 ‚
345 684 374 710 ὅ(
383 681 416 709 in
425 689 518 709 vetere
528 679 575 708 illa
584 679 706 711 Graecia,
732 687 760 706 ut
780 689 814 707 ex
833 690 888 718 pri-

102 719 210 749 scorum
227 720 339 758 scriptis
367 719 533 759 cognoscere
549 720 615 748 licet
626 741 634 752 ‚
656 718 791 757 Despotes
812 731 869 749 erat
880 743 887 754 ,

103 770 186 797 quem
203 761 298 790 herum
316 761 412 790 dixere
422 760 515 790 Latini
526 781 534 792 ‚
557 761 655 788 itidem
673 761 779 798 antiqui
788 781 795 787 .
819 764 886 805 Ety-

103 802 226 842 mologia
235 810 327 830 autem
337 812 400 831 vera
411 823 420 835 ,
442 802 526 839 'inque
538 801 672 840 loquendi
690 810 799 830 ratione
810 802 886 830 difle-

101 850 167 869 runt
177 843 236 871 haec
255 843 384 872 vocabula
395 843 469 871 inter
476 841 504 870 se
514 863 521 874 ‚
545 852 607 880 quia
625 840 705 870 herus
717 842 788 880 qua-fi
807 841 886 871 heros

100 881 139 909 est
149 894 156 910 .·
180 882 314 921 Despotet
324 893 409 912 ineius
417 884 554 911 auftorem
564 882 667 911 indicat
679 903 687 915 ,
701 882 757 911 sive
767 892 840 911 metu
852 883 886 912 sa-

100 923 174 951 crum
186 944 194 955 ‚
216 924 251 953 ob
261 926 448 952 reverentiam
459 945 468 956 ‚
477 922 583 952 scilicet
594 945 601 955 ,
611 933 671 961 qua:
682 923 794 951 debetur
802 922 886 957 heris,

98 972 178 1001 :itque
196 967 272 997 juxta
289 965 358 993 iilud
368 968 482 992 Primus
493 974 524 991 m
541 964 601 992 orbe
609 968 678 991 Deos
692 963 766 1001 fecit
784 967 866 993 timor
878 976 885 994 5

99 1003 324 1041 quandoquidem
334 1005 408 1033 Deus
417 1003 489 1042 quali
500 1000 588 1038 Δέιςς
611 1002 658 1031 sed
677 1013 753 1032 vetus
776 1004 886 1033 illalin*

99 1052 161 1081 guze
172 1045 324 1081 proprietas
334 1045 363 1072 in
374 1045 551 1082 antiquorum
560 1043 636 1072 libris
647 1065 655 1076 ‚
678 1043 772 1081 quibus
790 1054 872 1083 pepei·

99 1084 137 1111 cit
150 1084 266 1112 vetustas
275 1105 283 1117 ,
293 1084 585 1113 servaturintemetata
595 1105 601 1111 .
613 1085 721 1123 Lingua
732 1087 884 1118 vernacula,

99 1124 174 1162 quod
192 1125 280 1163 palam
292 1126 330 1154 est
343 1125 468 1153 omnibus
479 1145 487 1157 ‚
509 1124 612 1160 jamdiu
626 1125 694 1153 adeo
704 1125 884 1163 degeneravit

100 1166 130 1192 ab
141 1167 270 1204 antiqua,
285 1176 315 1194 iit
326 1175 452 1194 veterum
461 1164 551 1193 sermo
562 1165 668 1204 penitus
679 1164 774 1195 faciem
786 1166 884 1194 mutas—

71 1199 75 1202 *
97 1202 124 1233 se
135 1205 261 1234 videatur
270 1226 276 1232 .
297 1206 478 1241 Quamobrem
491 1226 499 1237 ,
512 1214 542 1232 ut
552 1214 653 1233 caetera
664 1204 718 1233 fere
729 1215 774 1234 om
780 1217 823 1234 nia
833 1217 884 1235 vo—

96 1245 187 1273 cabula
196 1255 323 1283 corrupta
332 1245 397 1274 sunt
407 1246 578 1273 dominantia
589 1267 597 1277 ,
620 1244 739 1274 adiniffis
758 1246 884 1285 frequen-

96 1295 137 1313 ter
147 1286 248 1314 exteris
257 1307 265 1319 ,
287 1284 389 1314 omissis
402 1286 535 1315 veteribus
546 1307 554 1319 ,
577 1285 762 1325 suggestisque
773 1288 854 1315 novis
873 1300 882 1321 ‚-

96 1334 134 1353 ita
142 1335 251 1366 quoque
262 1325 362 1355 horum
373 1327 517 1355 nominum
535 1327 654 1356 alterum
672 1326 703 1355 ab
713 1326 761 1356 usu
780 1328 882 1366 linguae

97 1367 249 1396 vernaculae
271 1367 337 1396 abiit
349 1389 358 1400 ‚
381 1367 535 1406 praesertim
564 1367 592 1394 in
613 1367 694 1396 Italia
703 1388 712 1400 ,
734 1368 784 1396 nisi
811 1368 883 1397 sorte

95 1406 204 1443 Miffere
213 1417 262 1446 pro
273 1408 310 1436 mi
322 1407 387 1436 here
408 1409 463 1436 dici
481 1407 609 1436 ass'everes
619 1430 627 1441 ‚
648 1418 677 1435 ut
697 1418 884 1447 corrumptum

95 1446 127 1475 fit
135 1456 241 1476 tantum
252 1469 259 1475 .
284 1450 412 1477 Alterum
433 1449 453 1477 si
462 1450 580 1478 omnino
601 1457 734 1477 mutatum
753 1460 813 1477 noti
833 1450 865 1479 fit
875 1462 882 1480 ς

96 1495 216 1515 attamen
243 1488 444 1526 significatione
469 1491 576 1517 austum
608 1489 734 1518 videmus
744 1511 751 1522 ‚
774 1492 884 1528 quando

95 1526 179 1555 herili
189 1528 352 1557 conditione
362 1551 370 1562 ‚
380 1539 426 1558 aut
439 1530 506 1558 statu
516 1530 639 1565 Majestas
649 1540 722 1568 regia
732 1530 817 1568 longe
827 1541 883 1559 im-

93 1570 138 1605 )'or
148 1588 157 1600 ,
178 1568 317 1607 longeque
325 1568 468 1601 sublimior
476 1591 485 1603 ‚
507 1568 681 1608 succcffitque
691 1581 720 1597 in
732 1570 822 1599 locuni
833 1571 883 1601 he—

97 1608 119 1635 ri
131 1609 253 1637 nominis
264 1609 335 1646 apud
346 1610 432 1638 Italos
442 1631 450 1642 ,
475 1619 520 1638 aut
532 1609 716 1647 supradiftum
726 1631 733 1643 ‚
755 1621 799 1640 aut
808 1612 882 1641 :iliud

95 1647 252 1684 hujusmodi
273 1651 359 1688 vulgo
377 1660 475 1679 notum
486 1672 493 1683 ,
516 1650 591 1688 quod
609 1649 759 1685 servitori,
781 1651 861 1682 servo
872 1675 879 1686 ,

95 1689 207 1727 inquam
218 1710 227 1721 ,
248 1688 404 1729 famuloque
415 1690 597 1729 respondeam
619 1692 690 1729 apud
706 1695 881 1724 GraecosAf-

94 1725 198 1764 σπᾶης
208 1750 216 1762 ‚
228 1730 303 1759 <uod
311 1732 459 1769 antiquitus
469 1731 633 1770 quandoque
642 1733 785 1762 dominum
797 1734 880 1773 figni-

94 1767 186 1796 ficabat
194 1770 262 1798 olim
271 1791 280 1803 ,
299 1772 347 1809 qui
358 1771 405 1800 sibi
417 1771 473 1810 ipse
491 1782 609 1800 mortem
627 1772 798 1803 consciviss‘et
808 1795 815 1802 .
837 1776 878 1804 Sic

93 1806 153 1836 usus
161 1809 243 1838 etiam
252 1811 281 1838 in
290 1812 576 1851 artificiosa,do;taque
587 1813 728 1843 locutione
741 1817 827 1844 variat
837 1816 880 1844 di-

95 1847 202 1877 ftiones
210 1870 219 1882 ‚
242 1859 384 1890 mutatque
401 1853 550 1891 significata
558 1874 565 1880 .
589 1855 734 1888 Tyrannus
759 1857 878 1895 antiquis

94 1890 156 1917 Rex
165 1898 221 1918 erat
234 1899 240 1916 :
260 1895 414 1921 Dexteram
424 1894 539 1931 tetigiffe
548 1898 672 1933 Tyranni
684 1906 693 1926 5
713 1895 826 1933 posteris
836 1898 877 1925 in-

96 1927 182 1958 visum
192 1939 294 1959 nomen
305 1951 313 1958 .
336 1933 430 1961 Hostis
441 1955 449 1966 ‚
461 1933 568 1972 Hospes
578 1955 586 1967 ,
599 1938 695 1974 Atque
708 1937 804 1972 histem
811 1939 877 1975 snp-

87 1970 154 2007 plex
163 1971 414 2008 afferesuperbum5
438 1974 610 2011 postmodum
620 1975 750 2005 immicus
763 1998 771 2010 ,
789 1979 877 2015 plura-

91 2020 144 2049 que
155 2011 206 2038 alia
214 2009 347 2045 ejusmodi
354 2012 413 2043 usui
422 2014 577 2044 inserviunt
585 2037 596 2051 ,
607 2025 637 2044 ut
647 2017 718 2046 reste
728 2018 875 2047 admodum

93 2051 224 2083 Horatius
234 2053 393 2082 enunciavit
405 2065 411 2082 :

133 2091 221 2119 Multa
233 2092 404 2123 renascentur
414 2115 422 2127 ,
431 2104 490 2132 quae
500 2098 556 2131 jam
564 2096 686 2126 cecidere
697 2118 705 2130 ‚
725 2098 876 2139 cadentque

133 2131 201 2167 Quae
217 2143 289 2161 nunc
301 2132 363 2161 sunt
372 2134 516 2164 inhonore
529 2137 657 2165 vocabula
666 2158 675 2170 ,
686 2137 706 2166 ii
718 2140 794 2168 volet
803 2141 874 2172 usus,

132 2170 224 2208 Quem
233 2183 317 2211 penes
326 2174 466 2204 arbitrium
476 2176 514 2205 est
524 2197 533 2210 ,
554 2180 581 2205 ὃ(
589 2179 629 2212 jus
640 2198 650 2210 ,
672 2180 700 2206 δι
718 2188 816 2209 norma
835 2181 875 2209 lo-

171 2213 275 2250 quendi
287 2234 295 2242 .

50 2276 55 2281 .
88 2251 118 2282 Si
129 2252 215 2292 igitur
223 2264 306 2292 penes
314 2252 390 2283 usum
399 2255 437 2284 est
447 2255 581 2295 loquendi
590 2256 731 2287 arbitrium
742 2281 752 2292 ,
770 2261 876 2290 nemini

90 2294 190 2322 mirum
201 2294 290 2324 videri
298 2295 378 2325 debet
386 2295 516 2335 Despotae
527 2299 741 2337 appellationem
751 2302 820 2330 olim
827 2301 877 2330 he-

88 2343 150 2366 rum
161 2345 189 2364 iic
200 2335 346 2374 domiuum
354 2336 512 2378 fignificafie
522 2359 530 2372 ,
552 2349 629 2373 nunc
647 2340 787 2387 dignitate
801 2353 878 2382 regia

1238 14 1283 55 D
1314 14 1348 54 E
1608 0 1687 77 237

950 67 1114 107 insignitum
1124 89 1132 97 .
1155 70 1354 100 Verumtamen
1371 71 1446 101 dicet
1457 71 1553 111 aliquis
1562 95 1571 106 ,
1593 78 1656 107 Rex
1675 76 1746 117 apud

949 109 1060 137 Graecos
1069 108 1209 144 Βασιλεῦς
1216 110 1368 148 appellatur
1377 133 1385 145 ,
1397 122 1478 151 prout
1489 123 1612 143 veterum
1623 118 1747 147 indicant

950 149 1125 177 monimenta
1136 169 1143 177 .
1165 151 1257 189 Reges
1266 152 1412 181 Medorum
1422 174 1430 185 ‚
1452 151 1592 182 Persarum
1603 176 1610 188 ,
1623 159 1747 186 Laccda-

951 189 1109 218 moniorum
1119 210 1127 222 ,
1150 191 1334 220 Macedonum
1344 214 1354 226 ,
1377 195 1570 223 Romanorum
1580 216 1588 228 ‚
1620 198 1745 235 quicum-

952 239 1004 267 que
1015 232 1104 270 Reges
1113 230 1184 268 apud
1195 232 1308 261 Latinos
1318 233 1385 262 dic'li
1395 233 1468 266 sunts
1480 233 1576 273 passim
1586 238 1657 274 apud
1666 240 1745 267 Grae-

949 280 994 298 cos
1003 271 1132 306 Βασιλᾶς
1139 272 1288 309 appellatos
1300 285 1308 305 ς
1331 273 1384 302 hoc
1393 276 1574 314 proculdubio
1585 286 1679 306 verum
1689 279 1725 306 eil
1737 288 1747 309 ς

951 320 1015 338 nain
1027 311 1073 350 qui
1083 311 1189 340 Latinis
1199 333 1206 344 ,
1219 313 1377 353 caeterisque
1387 316 1419 344 :id
1430 317 1617 346 Occidentem
1628 328 1746 357 vergen-

951 351 1020 379 tibus
1030 351 1158 389 peculiari
1169 355 1282 382 nomine
1293 357 1365 387 Rex,
1377 365 1398 383 is
1407 358 1512 385 Ornis
1521 367 1577 385 erat
1589 357 1715 388 numme
1721 369 1743 392 ςῐ

948 389 995 419 scd
1006 391 1177 430 posteaquam
1187 394 1370 433 Imperatores
1378 397 1514 426 Graeciam
1525 398 1744 436 frequentarunt,

950 442 982 459 cx
994 442 1048 470 quo
1057 432 1140 461 etiam
1150 435 1242 463 Gntci
1251 445 1348 465 omnes
1358 458 1366 469 ,
1390 439 1512 466 Romani
1535 438 1667 476 coepimus
1690 449 1741 467 vo-

949 481 1002 499 cari
1012 494 1020 505 ‚
1043 472 1119 501 sicuti
1137 477 1278 514 propalam
1297 478 1462 516 Imperatori
1483 475 1624 514 Βασιλόίῖς
1639 489 1742 508 nomen

947 512 984 539 est
994 513 1170 546 attributumi
1192 517 1229 544 ita
1239 518 1407 555 procedente
1420 522 1542 558 tempo‘re
1551 519 1634 558 regiae
1645 519 1743 559 digni-

948 552 998 579 tati
1008 554 1040 582 in
1049 555 1156 583 Graecia
1165 576 1174 588 ,
1195 558 1377 596 potestatique
1388 557 1525 597 Despotes
1537 569 1641 588 nomen
1650 561 1688 589 est
1698 561 1739 589 in.

947 592 1034 620 ditum
1047 607 1057 628 ,-
1082 595 1213 633 siquidem
1223 599 1454 635 quemadmodum
1473 600 1503 629 in
1519 599 1562 628 his
1582 601 1741 639 regionibus

947 635 1038 672 Reges
1049 635 1109 672 post
1128 638 1327 674 Imperatorem
1339 661 1349 672 ‚
1371 649 1484 668 caeteros
1501 641 1644 679 Principes
1661 651 1740 670 ante-

945 674 1059 702 cellunt:
1071 676 1105 703 sic
1117 676 1146 704 in
1156 679 1265 706 ercia
1274 676 1424 710 Δεσπίται
1434 680 1493 717 post
1504 691 1589 709 unum
1600 678 1740 715 Βασιλέα,

944 716 1048 743 caeteris
1059 717 1185 745 omnibus
1195 718 1377 756 praeferuntur
1386 739 1394 747 .
1416 721 1504 749 Unde
1513 721 1638 750 Caesatcs
1649 724 1739 758 Σεβσμ

944 752 1092 794 ςοκρεέτυρες
1105 758 1168 785 alias
1187 760 1216 786 ab
1227 759 1352 798 Augusto
1371 763 1540 800 nuncupati,
1560 762 1592 790 ad
1603 764 1737 797 majorem

943 794 1111 833 dignitatem
1120 799 1209 827 evecti
1219 799 1350 838 Despotae
1372 802 1538 830 vocabantur
1547 823 1556 834 ‚
1579 802 1691 840 quando
1708 807 1737 832 Sc

944 836 991 874 qui
1000 837 1104 874 primus
1113 848 1146 866 ex
1158 839 1382 879 Pal-eologorum
1402 841 1504 871 familia
1523 843 1674 881 Imperium
1691 853 1737 870 oc-

942 877 1053 914 cupavit
1063 899 1071 910 ,
1093 880 1230 916 Joannem
1242 880 1351 910 static-m
1360 902 1368 913 ‚
1391 892 1474 920 quum
1485 883 1507 911 is
1515 884 1546 913 in
1560 883 1630 912 bella
1640 883 1738 913 adver—

941 915 982 944 sus
994 917 1116 947 AEtoliae
1128 941 1136 952 ‚
1147 919 1193 948 seu
1204 922 1512 962 AcarnaiiiaehDespotas
1523 924 1629 952 strenue
1637 923 1665 953 se
1674 922 1736 963 ges-

942 956 1013 985 fisset
1022 978 1030 990 ‚
1053 969 1086 987 ex
1097 961 1223 998 Augusto
1243 961 1394 1000 Despotem
1416 963 1481 992 fecit
1490 986 1498 997 ‚
1521 975 1556 993 iic
1573 964 1736 994 inferiorem

940 998 1078 1036 dignitate
1089 1000 1198 1028 ducibus
1209 1000 1328 1031 hostium
1347 1013 1501 1041 opponeret
1517 1005 1641 1036 Ducem5
1664 1015 1736 1034 ratus

941 1039 1047 1076 optime
1057 1040 1160 1068 dictum
1171 1041 1204 1069 ad
1215 1042 1410 1072 destruendum
1419 1047 1527 1084 Regem
1537 1067 1546 1078 ‚
1558 1048 1638 1084 Rege
1648 1046 1737 1075 altero

941 1089 1008 1117 opus
1017 1079 1068 1108 esse
1081 1092 1089 1111 5
1108 1082 1245 1120 creatique
1256 1083 1386 1122 Despotae
1396 1086 1539 1114 nonnullis
1549 1086 1609 1114 aius
1618 1084 1736 1118 honori-

939 1119 985 1147 bus
995 1141 1004 1152 ,
1025 1124 1053 1148 ὅ(
1063 1131 1160 1150 ornatu
1172 1123 1291 1160 quodam
1301 1125 1448 1163 prodibant
1458 1126 1588 1165 insigniti
1600 1147 1608 1159 ‚
1626 1126 1734 1155 caeteris

940 1161 1065 1189 omnibus
1085 1161 1234 1191 interdicto
1245 1186 1252 1197 ,
1277 1167 1362 1194 etiam
1371 1167 1542 1205 Principibus
1560 1165 1732 1205 quibuscum-

940 1211 991 1239 que
1001 1201 1070 1229 infra
1081 1202 1246 1241 dignitatem
1254 1205 1386 1244 Despotae
1396 1207 1553 1236 constitutis
1564 1218 1571 1234 .-
1583 1207 1735 1246 imprimis-

940 1251 992 1279 que
1001 1243 1205 1280 Imperatorum
1226 1245 1277 1274 filii
1295 1245 1348 1274 hoc
1369 1249 1482 1276 nomine
1494 1269 1503 1280 ,
1525 1248 1732 1288 insignibusque

939 1283 1072 1318 ejulmodi
1084 1285 1248 1314 ornabantur
1257 1308 1265 1319 ‚
1286 1297 1375 1325 neque
1384 1286 1414 1315 hi
1424 1288 1536 1327 quidem
1547 1298 1654 1318 tantum
1665 1312 1673 1323 ,
1685 1300 1733 1319 ve-

938 1332 997 1350 rum
1008 1327 1035 1351 ὅ(
1045 1324 1064 1352 fi
1075 1334 1141 1363 quos
1152 1326 1219 1354 alios
1229 1326 1372 1366 Principes
1381 1330 1461 1357 etiam
1473 1339 1616 1358 extraneos
1627 1352 1635 1363 ‚
1659 1331 1732 1359 inito

939 1373 999 1392 cum
1011 1364 1049 1392 eis
1070 1364 1173 1394 {cedei-e
1186 1388 1194 1399 ‚
1217 1377 1261 1395 aut
1280 1370 1414 1398 affinitate
1435 1370 1574 1398 contracka
1585 1392 1593 1403 ‚
1618 1370 1738 1405 ejusmo-

938 1404 967 1432 di
978 1405 1062 1433 titulo
1070 1427 1078 1438 ,
1101 1405 1262 1446 honoreque
1271 1408 1398 1448 dignatus
1408 1409 1471 1438 ess'et
1482 1412 1638 1448 Imperator
1646 1433 1655 1445 ,
1665 1422 1732 1450 que·

939 1446 1116 1474 madinoduiii
1128 1451 1155 1476 δι
1166 1448 1264 1476 Serbiae
1276 1471 1283 1482 ‚
1308 1450 1375 1478 idest
1385 1472 1394 1483 ‚
1405 1451 1588 1480 Triballorum
1597 1451 1733 1480 Exarehae·

937 1485 1075 1524 Despotas
1085 1508 1091 1514 .
1104 1491 1199 1526 Atque
1208 1488 1296 1517 rursus
1305 1491 1425 1526 objicere
1436 1492 1520 1529 poss'et
1531 1492 1629 1530 aliquis
1639 1514 1647 1526 ‚
1660 1492 1730 1521 scire

936 1525 964 1554 se
974 1528 1172 1567 Imperatorem
1183 1527 1360 1569 adwnpa'wpx
1369 1542 1383 1559 a
1393 1532 1497 1560 Graecis
1517 1533 1647 1570 appellari
1665 1532 1733 1562 soli-

938 1576 996 1596 tum
1006 1589 1014 1600 ,
1025 1572 1053 1597 ἃ
1064 1568 1118 1598 hoc
1130 1569 1256 1608 frequens
1267 1570 1317 1599 css‘e
1327 1571 1358 1599 in
1367 1574 1527 1601 Graecorum
1538 1573 1631 1604 libris5
1643 1584 1732 1612 neque

935 1618 988 1647 ego
997 1611 1051 1644 jam
1061 1610 1174 1648 quidem
1184 1612 1344 1648 negaverim
1354 1622 1363 1642 5
1376 1612 1433 1640 imo
1443 1613 1526 1640 etiam
1536 1612 1635 1650 ἡγεμών
1647 1624 1660 1642 a
1671 1615 1732 1652 qui-

936 1648 1046 1677 busdam
1056 1652 1255 1689 antiquioribus
1265 1651 1384 1683 dicitur3
1407 1652 1456 1681 sed
1471 1652 1532 1681 haec
1550 1664 1658 1692 quoque
1676 1665 1730 1684 no-

936 1690 1011 1718 mina
1021 1701 1080 1719 non
1093 1690 1190 1730 absque
1200 1692 1306 1720 ratione
1316 1693 1442 1731 quapiam
1463 1694 1537 1722 idem
1558 1694 1617 1723 usus
1639 1706 1729 1724 muta*

935 1731 977 1759 vit
988 1752 997 1763 ‚
1022 1732 1192 1770 variavitque
1202 1743 1210 1762 5
1221 1734 1326 1761 etenim
1336 1735 1567 1772 quemadmodum
1576 1737 1732 1774 antiquitus

934 1773 1087 1809 Imperator
1098 1772 1233 1801 d2cebeitur
1243 1795 1251 1806 ‚
1270 1784 1326 1801 tam
1337 1774 1463 1808 Consul,
1481 1776 1578 1803 educzo
1587 1778 1708 1806 exercitu
1719 1799 1729 1810 ,

934 1822 1015 1851 quam
1026 1813 1117 1851 quivis
1125 1814 1192 1841 alius
1204 1835 1212 1845 ‚
1235 1824 1278 1842 cui
1288 1813 1393 1843 sumina
1407 1826 1496 1843 rerum
1507 1816 1630 1855 delegata
1639 1817 1724 1850 essets

934 1853 1064 1891 Princeps
1077 1864 1143 1882 vero
1153 1875 1161 1886 ‚
1173 1864 1218 1892 qui
1233 1854 1370 1894 inlignem
1380 1856 1496 1894 aliquam
1507 1857 1651 1885 vidoriarn
1662 1858 1725 1887 ade-

933 1904 994 1932 ptus
1006 1893 1070 1923 ess'et
1081 1916 1088 1927 ,
1111 1903 1140 1923 ut
1153 1896 1318 1923 L..Luccllus
1328 1919 1335 1929 ,
1346 1897 1446 1935 aliique
1457 1898 1573 1925 illustres
1583 1899 1675 1927 eadem
1686 1898 1731 1932 fef

931 1945 961 1962 re
972 1937 1132 1973 tempestate
1144 1936 1328 1973 Imperatores
1347 1938 1377 1964 ab
1395 1938 1557 1966 exercitibus
1577 1940 1708 1977 appellati
1717 1946 1734 1974 ,¹

931 1982 1022 2013 poitea
1033 1979 1224 2004 Romanorum
1236 1976 1410 2005 Monarchae.
1434 1978 1554 2006 Demum
1562 1989 1609 2018 qui
1633 1980 1662 2009 in
1683 1979 1730 2010 his

932 2017 1090 2054 regminibus
1100 2018 1239 2055 potcstatis
1249 2028 1303 2053 e1us
1314 2040 1320 2049 ‚
1340 2017 1498 2056 decorisque
1507 2029 1652 2059 utcumque
1664 2031 1727 2059 par-

932 2057 1029 2095 ticipes
1040 2056 1100 2085 fac‘ti
1112 2056 1174 2084 sunt
1187 2079 1194 2089 ,
1215 2068 1244 2085 ea
1252 2079 1260 2089 ,
1269 2056 1373 2086 scilicet
1383 2080 1390 2091 ‚
1401 2059 1565 2098 conditione
1576 2082 1584 2093 ‚
1597 2071 1626 2089 ut
1637 2062 1727 2091 iidem

932 2096 1182 2126 subiuovendotuin
1202 2098 1324 2126 hecleiiae
1345 2098 1466 2127 hostium
1483 2111 1575 2129 curam
1604 2101 1725 2141 suscipe-

932 2148 993 2165 reuz
1004 2159 1011 2171 ‚
1022 2137 1198 2176 tutand.fq.ie
1210 2159 1217 2170 ‚
1229 2142 1255 2166 δε
1268 2140 1465 2176 promovendis
1474 2140 1643 2171 Christianae
1655 2143 1726 2172 Rei-

933 2179 1046 2216 puolicx
1067 2180 1163 2207 finibus
1185 2189 1296 2217 operam
1314 2181 1507 2218 impenderent
1519 2192 1525 2208 :
1547 2183 1724 2220 quemadmo-

933 2219 998 2247 dum
1011 2241 1018 2252 ‚
1042 2220 1152 2258 inq-isin
1164 2241 1170 2251 ,
1194 2219 1245 2247 hoc
1255 2220 1410 2249 innomine
1421 2222 1492 2260 apud
1501 2224 1615 2251 Latinos
1631 2225 1724 2252 conti-

934 2270 977 2298 git
990 2272 997 2291 5
1021 2261 1054 2289 fic
1068 2272 1077 2286 -.
1094 2265 1188 2289 ji‘aem
1201 2263 1390 2290 Romanorum
1401 2263 1585 2300 Imperatores
1603 2265 1725 2302 primum

935 2299 1060 2338 ἧγεωώιες
1070 2322 1080 2337 ,
1099 2301 1223 2329 ductores
1233 2322 1241 2334 ‚
1263 2302 1397 2331 videlicet
1408 2324 1417 2335 ,
1439 2303 1506 2332 dieti
1516 2302 1579 2332 sunt
1589 2325 1596 2337 ,
1619 2304 1725 2344 quippe

935 2341 984 2381 qui
994 2351 1128 2376 exercitus
1138 2350 1269 2372 ducerent
1277 2363 1287 2376 ,
1309 2342 1412 2372 deinde
1428 2340 1609 2383 ωάτοκραίτορες
1623 2368 1639 2385 ·‚
1651 2354 1724 2382 quei-¹

1612 2393 1690 2413 niam
