1866 2526
0 1722 1 1737 i

0 1740 2 1758 l

459 53 563 96 MI

105 112 168 148 rio,
187 110 357 143 &beneficio
365 108 506 151 privavit.
527 110 588 151 quia
599 111 655 141 sine
666 111 813 143 luminibus
832 113 903 142 cele-

106 155 228 186 braverat
235 173 243 182 .
263 155 300 183 In
309 151 369 182 casu
379 162 468 182 tamen
476 151 640 182 neceffitatis
650 163 734 183 unuin
746 156 840 184 lumen
851 154 904 183 suf-

107 195 186 224 ficere
193 193 279 233 aliqui
287 193 424 222 Doctores
434 192 548 227 docent,
559 196 585 222 ὃ(
599 197 678 223 Azor
686 195 732 224 lib.
740 206 748 224 i
756 207 782 225 o.
795 205 870 234 cap-2
879 199 903 224 8.

105 234 228 264 candelas
245 233 362 263 sebaceas
379 233 536 272 permittit5
557 232 604 262 scd
615 235 711 265 Suarez
730 236 786 266 olei
801 245 904 265 tantum

106 277 197 304 lumen
207 274 347 304 concedit.
358 275 413 304 FR-
427 278 473 304 An
484 285 536 303 una
546 273 622 303 Missa
633 276 716 314 proiit
729 286 835 305 trintum
846 287 905 305 om-

105 315 190 347 nibu8‚
201 324 333 353 quantum
343 315 388 343 uni
399 335 406 343 .
418 314 516 344 Glossa
527 315 556 343 in
565 326 623 343 cau.
635 318 703 346 Non
715 317 903 349 mediocriter,

103 355 137 384 de
146 355 294 384 consecrat.
305 356 367 384 dist.
382 365 407 390 5.
420 355 549 384 assentire
561 355 682 390 videtur,
693 358 757 386 dum
766 358 811 386 ait.-
829 363 844 393 [
853 359 904 386 Vel

103 396 156 425 hoc
166 395 264 425 referas
273 397 306 425 ad
318 395 404 435 ipsum
413 397 610 426 celebrantem
623 418 632 431 ‚
642 398 703 437 quia
715 407 820 426 tantum
831 398 904 426 valet

103 436 145 469 ei,
157 445 187 465 ut
197 436 308 466 Missam
319 437 435 465 celebret
447 446 496 475 pro
505 447 627 470 centum,
636 439 701 467 sicut
712 449 763 477 pro
773 448 828 466 uno
837 440 903 469 &c.]

100 478 223 506 Eandem
233 476 399 506 sententiam
411 487 489 506 tenet
498 478 640 508 Bordonus
649 488 717 506 tom.
732 490 754 507 i.
765 479 904 507 variante-

104 516 156 546 sol.
169 530 182 547 2
191 527 216 553 5.
227 529 271 556 qu.
283 530 311 554 9.
333 528 414 556 quam
423 527 515 547 tamen
525 517 690 547 sententiam
710 530 767 547 non
777 517 832 546 esse
843 529 902 557 pro-

100 558 215 587 babilem
227 560 286 597 post
296 558 403 587 decreta
413 559 495 588 citata
516 569 531 587 a
541 568 603 587 meo
614 559 749 598 Magistro
761 560 837 588 Pauli
850 561 902 588 1v.

103 599 133 626 in
142 599 344 628 commentario
354 600 478 629 Rubricae
490 598 607 628 Missalis
617 599 648 627 in
655 600 805 639 appendice
818 600 852 628 de
866 600 902 628 sa-

99 639 205 668 crificio
216 662 225 673 ,
243 641 336 679 quaest.
347 651 374 675 4.
385 640 487 678 punem
498 649 524 677 3.
536 639 652 667 difficul.
664 651 689 668 2.
708 639 900 669 satisostendi-

101 689 146 707 tur
156 701 162 707 .
176 681 248 710 Item
260 679 373 710 Missam
383 689 492 708 cantare
502 679 591 718 potest
607 679 679 708 solus
688 681 815 710 Sacerdos
825 703 833 714 ,
855 682 898 710 ubi

1268 55 1318 97 Μ
1349 55 1370 97 1
1631 74 1709 116 435

960 109 995 141 tis
1014 109 1172 141 Sanctorum
1182 113 1292 142 Patrum
1303 134 1311 146 ,
1331 111 1407 152 quod
1419 113 1522 143 Incoiae
1533 114 1672 152 cujusdam
1684 118 1770 148 villae

959 161 1054 182 eorum
1073 152 1265 188 Presbyterum
1283 155 1355 192 apud
1365 151 1532 193 Episcopum
1553 156 1746 188 accusaverant
1755 179 1764 192 ‚

960 193 1081 223 dicendo
1092 205 1098 221 ι
1111 195 1252 228 [Accedit
1274 193 1382 224 Mislam
1391 193 1530 226 celebrare
1543 197 1587 226 die
1598 197 1751 228 Dominico
1762 220 1771 234 ,

966 244 1038 262 nunc
1047 233 1116 262 liora
1127 235 1219 268 tertia,
1232 245 1304 263 nunc
1313 245 1405 264 autem
1415 234 1482 265 hora
1492 246 1609 271 nona‚ut
1621 238 1669 267 sibi
1680 238 1770 268 visun!

964 274 1045 303 fuerit
1055 296 1063 307 ,
1074 284 1162 313 neque
1172 275 1297 305 observat
1306 274 1458 306 solemnem
1470 299 1477 311 ,
1489 288 1517 306 ac
1529 278 1683 317 legitimum
1692 279 1752 309 ordi
1761 298 1773 305 -

963 324 1026 343 nem
1044 313 1142 343 sanctae
1164 316 1311 345 oblationis
1323 319 1354 348 .]
1378 317 1430 346 Sed
1449 319 1560 347 Sanstus
1573 320 1720 354 Presbyter
1737 321 1769 350 ab

964 353 1100 394 Episcopo
1111 357 1280 386 examinatus
1291 378 1299 390 ,
1317 358 1453 387 revelavit
1464 380 1471 391 ,
1491 360 1566 397 quod
1585 360 1645 398 post
1654 361 1769 390 matuti-

962 406 1026 423 num
1038 397 1194 434 expeftabat
1203 407 1290 436 prope
1302 398 1398 427 Altare
1408 419 1416 430 ,
1428 399 1516 428 donec
1529 400 1676 429 visibiliter
1689 411 1769 440 appa-

961 445 1032 464 reret
1042 436 1158 474 Spiritus
1170 438 1280 466 sanctus
1293 460 1300 471 ‚
1314 442 1342 467 δε
1352 448 1417 467 tunc
1428 438 1539 468 Missam
1550 441 1596 470 ille
1607 443 1766 471 celebrabat.

964 478 1009 514 Jo.
1020 476 1147 505 Moschus
1158 479 1187 506 in
1199 478 1255 507 vita
1265 481 1375 508 Pati-um
1388 479 1433 508 lib.
1449 491 1491 509 io.
1501 491 1558 519 cap.
1571 493 1618 515 27.
1631 484 1687 512 FR.
1699 483 1766 511 Cir-

962 528 991 544 ca
1000 517 1112 546 dubium
1124 539 1132 550 ‚
1152 528 1244 547 utrum
1254 529 1283 547 in
1293 520 1444 549 Dominica
1455 521 1557 551 cantari
1569 522 1686 551 debeant
1703 523 1763 552 duae

960 556 1046 586 Miss'ae
1060 559 1269 588 Conventuales
1282 581 1288 591 ,
1311 560 1422 599 quando
1443 560 1474 589 in
1490 572 1523 591 eo
1535 563 1657 592 occurrit
1669 563 1769 593 festum

960 597 1061 635 duplex
1073 619 1082 631 ‚
1093 596 1205 628 consule
1216 600 1359 638 praefatum
1370 611 1460 630 meum
1470 612 1668 642 praeceptorem
1678 605 1767 640 Quar-

958 638 1055 666 tuniin
1068 640 1193 669 Rubricae
1204 640 1319 670 Miss'alis
1341 644 1542 673 commentario
1561 654 1618 683 par.
1635 656 1658 674 1.
1678 645 1722 674 tit.
1735 656 1765 679 7-

959 679 992 707 de
1001 682 1279 710 commemoratrdub.
1296 692 1319 710 i.

99 722 274 750 Clerjcorum
283 721 362 760 copia
372 731 430 749 non
438 720 506 749 :2th
515 741 523 748 .
540 719 638 749 G10s52
649 721 679 748 in
690 732 747 751 can,
761 723 822 751 Hoc
832 733 899 761 quo-
919 720 1011 748 Mtssa
1022 721 1316 751 CAa‘bci-iummoitum
1327 743 1335 750 .
1347 720 1445 762 Usque
1454 724 1489 753 ad
1498 723 1609 755 Missam
1616 726 1742 756 Catechu
1754 745 1760 749 -

98 772 151 799 quc
161 784 167 794 ,
189 762 224 790 de
234 762 383 790 consecrat.
393 761 455 789 dist.
471 772 493 788 1.
506 760 594 790 Missae
606 771 695 799 partes
705 783 713 790 .
734 763 807 792 Vide
820 768 898 792 Ana-

90 803 175 839 phom
186 822 193 829 .
203 804 359 830 Benedic't‘io
369 822 375 828 .
387 806 542 839 Campana.
555 803 689 831 Candela.
700 807 795 832 Canon
808 805 900 842 Misfeu

97 842 216 870 collem
227 863 234 870 .
246 846 488 871 Communicamus
499 862 506 869 .
518 846 682 871 Communia
692 864 698 871 .
710 845 881 881 Compli’nda
894 867 900 872 .

957 770 1102 788 menorum
1111 761 1176 790 licet
1188 762 1329 800 JudaeiS,&
1340 764 1501 793 Gentilibus
1512 765 1695 801 intervenire,
1703 778 1766 796 can.

959 799 1110 839 Episcopus
1133 803 1239 832 nullum
1258 803 1401 841 prohibeat
1412 826 1421 837 ,
1439 805 1474 834 de
1491 806 1642 836 consecrat.
1660 808 1722 836 dist.
1738 818 1764 836 i.

956 841 1075 880 Reliqua
1086 862 1093 868 .
1112 842 1184 872 Vide
1194 845 1422 874 Catechumenur
1429 866 1436 874 .
1446 850 1622 876 Scruta'nium
1632 868 1639 875 .

94 881 236 921 Confeffi'o.
250 884 419 922 Diptychum
431 903 439 910 .
454 884 571 920 Epistola
583 905 589 911 .
601 885 797 921 Evangelium.
807 887 901 914 Glorm
918 882 1010 911 Missa
1021 884 1094 911 Cim
1104 884 1197 913 No'rA
1208 905 1216 916 ,
1227 884 1313 918 idest,
1323 895 1445 914 cantata:
1468 887 1502 915 sic
1512 887 1615 926 legitur
1625 889 1655 917 in
1664 888 1765 919 Colle·

95 924 127 949 in
138 923 250 960 excelsis
261 944 268 951 .
283 925 378 952 Gloria
388 926 485 952 Patri.
504 925 646 953 Graduale
658 945 664 952 .
678 925 810 961 Hosanna
820 946 827 952 .
848 932 901 955 Ho-

88 963 149 998 stia
158 983 165 990 .
175 967 310 992 Introitus
321 983 328 991 .
338 969 409 992 [tem
422 968 605 1001 Energumeni
617 985 624 992 .
635 970 675 993 Ite
685 966 772 1003 Missa
784 968 819 1003 esl
830 988 836 994 .
849 973 900 1006 Ky-

95 1005 136 1030 rie
147 1003 246 1031 eleison
259 1024 265 1030 .
275 1005 387 1032 Lavabo
397 1024 403 1031 .
415 1009 487 1032 Laus
498 1005 550 1032 tibi
563 1006 678 1041 christe.
687 1009 774 1036 Leiria
784 1029 790 1035 .
802 1008 901 1036 Libera

958 923 1031 961 giata
1041 923 1168 952 Malliani
1181 925 1385 955 Sabinen.Bulla
1394 926 1436 955 Pii
1446 929 1487 956 ΙΙ.
1500 937 1552 966 pro
1559 929 1683 964 ejusdem
1693 930 1766 959 C012

958 963 1067 1001 legiatae
1086 965 1225 998 erectione
1235 986 1243 998 ‚
1263 975 1343 1004 quam
1363 976 1451 1006 nuper
1463 969 1622 999 Alexander
1638 972 1707 1000 VH-
1731 971 1762 1000 ia

957 1003 1156 1032 Cathedralcm
1167 1005 1251 1034 torius
1262 1006 1367 1035 Sabinae
1377 1009 1467 1037 erexit
1480 1029 1487 1036 .

94 1053 140 1070 ms
156 1045 308 1081 quasusnus
320 1048 437 1073 Domine
446 1064 452 1071 .
465 1045 575 1073 oblatio
585 1066 592 1073 .
606 1046 782 1083 offertorium
791 1068 797 1074 .
817 1053 900 1076 Pater
917 1045 1012 1073 MissA
1026 1046 1254 1074 Defuit-cronon
1266 1057 1272 1074 :
1283 1056 1378 1076 contra
1388 1047 1458 1077 hanc
1467 1050 1618 1088 antiquam,
1630 1054 1658 1081 ὃ(
1670 1051 1762 1081 lauda-

94 1084 180 1119 nister
189 1104 196 1111 .
210 1088 269 1113 Pax
281 1104 288 1111 .
299 1090 359 1114 Pax
369 1088 497 1113 Domini.
509 1090 572 1114 Pax
581 1088 669 1115 vobis.
678 1088 816 1125 Praefatio.
826 1090 898 1126 Poll-

94 1129 257 1154 communio.
268 1126 348 1162 Profia
359 1147 366 1153 .
378 1127 492 1154 Sanctus
505 1126 562 1159 &a
577 1129 695 1155 Tmarus
705 1151 714 1157 .
727 1129 801 1157 Misia
814 1129 899 1168 bipar-

94 1172 146 1192 tita
164 1165 193 1192 in
204 1165 313 1196 Missam
323 1166 592 1195 Catecliumenorum
602 1188 612 1199 ,
633 1172 661 1196 &
681 1168 790 1198 Missam
809 1171 899 1199 Sacra-

90 1213 252 1234 mentorum
264 1226 273 1234 .
285 1206 358 1234 Vide
368 1207 600 1236 Catechumenus.
614 1210 661 1237 An
672 1209 751 1237 liceat
761 1211 898 1239 Sacerdoti

93 1245 183 1284 plures
194 1247 284 1276 Minas
295 1248 325 1275 in
333 1247 377 1275 die
388 1247 530 1276 celebrare.
543 1248 617 1276 Vide
628 1250 713 1286 Mtffa
721 1255 899 1280 Nati-vitatis

91 1290 226 1315 Domini.
249 1288 355 1317 Utrum
366 1298 394 1316 in
406 1288 475 1316 mari
488 1298 552 1317 vere
571 1287 674 1318 sacrum
685 1291 785 1320 confici
795 1291 880 1330 poss'et
892 1312 899 1319 .

93 1327 167 1356 Vide
185 1329 270 1366 Miffa
282 1328 358 1366 sicca
377 1329 402 1359 §.
425 1330 459 1357 In
477 1329 612 1367 primariis
626 1330 770 1369 Hispaniae
782 1353 789 1360 .
809 1334 881 1362 Item
893 1353 900 1360 .

95 1368 216 1402 Quando
236 1369 324 1407 prima
334 1368 413 1398 Missa
430 1370 459 1398 ab
472 1370 670 1408 Apostolorum
681 1372 811 1412 Principe
828 1374 899 1403 cele-

91 1408 164 1437 brata
177 1408 226 1437 fuit
238 1411 331 1439 :Vide
340 1412 505 1448 Pentecosten
517 1431 524 1438 .

51 1450 150 1478 Missa
164 1453 350 1480 ΑῐψιισΑτῐο
363 1471 371 1478 .
381 1451 456 1478 Vide
467 1452 636 1488 Beneficium
647 1472 656 1480 -

52 1490 148 1516 Missa
164 1491 195 1517 B.
208 1491 316 1519 inimic
328 1493 420 1519 Viitc.
436 1492 509 1519 Vide
519 1493 670 1521 Sabbatum
682 1513 690 1521 .

74 1530 147 1557 lissa
161 1529 411 1560 CONVENTUALIS.
421 1532 476 1560 PR.
489 1541 567 1570 quam
578 1535 709 1562 Reftores
721 1534 900 1565 Ecclesia-um

94 1569 220 1606 quotidie
229 1570 359 1598 celebrari
375 1571 461 1600 facere
471 1581 599 1601 tenentur
608 1595 617 1606 ,
629 1576 673 1603 vel
686 1585 747 1603 cum
758 1587 836 1605 cantu
851 1599 860 1610 ,
871 1577 902 1606 si—

92 1619 130 1637 ve
139 1610 270 1647 privatim
289 1613 367 1646 juxta
378 1612 514 1650 temporis
525 1614 747 1644 conformitatem
767 1617 826 1655 post
837 1620 904 1647 Tei·-

93 1649 268 1684 tiani.[Missii
277 1653 471 1680 conventualis
482 1653 561 1682 debet
571 1656 696 1684 celebrari
707 1657 901 1695 postTertiam,

92 1690 156 1728 quia
167 1690 214 1718 illa
223 1690 290 1720 hora
301 1691 429 1722 Christus
438 1692 522 1731 passus
531 1695 581 1728 est,
593 1706 651 1725 can.
663 1698 742 1726 nofte
753 1697 843 1727 santia
858 1724 863 1734 ,
873 1711 897 1728 c.

90 1733 120 1758 &
129 1729 182 1760 hoc
193 1731 229 1760 de
239 1732 387 1761 consecrat.
398 1735 460 1762 dilt-
477 1737 514 1766 i.]
529 1737 570 1769 :ll-
590 1740 629 1765 Ex
642 1738 855 1775 praecedcntibus
865 1740 902 1768 ri-

91 1771 195 1808 govofis
205 1771 441 1802 observationibus
462 1775 490 1802 in
510 1775 671 1816 assignando
689 1779 804 1808 cuilibet
823 1779 898 1811 horae

93 1813 306 1841 conventualem
324 1813 424 1843 ”issam
436 1814 594 1854 responderi
607 1818 695 1856 potest
713 1820 746 1848 ad
758 1820 870 1850 dubium
887 1833 900 1851 a

93 1851 185 1888 paucis
194 1853 412 1882 animadversum
426 1877 432 1887 ,
445 1859 472 1884 ὅ(
483 1866 497 1884 a
505 1858 671 1888 Francolino
681 1860 821 1898 agitatum
832 1873 896 1901 qua-

92 1901 123 1919 re
132 1913 140 1923 ,
154 1901 264 1931 nempe,
277 1894 307 1922 in
319 1895 410 1923 diebus
420 1897 589 1932 Dominicis,
598 1900 627 1927 in
638 1899 732 1938 quibus
742 1902 894 1932 celebratur

91 1931 186 1968 festum
198 1933 318 1972 duplex,
339 1945 397 1964 non
408 1937 533 1966 dicantur
553 1939 613 1967 duae
624 1939 708 1969 Miffie
726 1952 894 1972 conventua-

93 1972 132 2000 les
142 1994 151 2005 ,
163 1983 224 2002 curn
235 1975 343 2011 majoris
351 1977 450 2015 gradus
461 1978 492 2007 sit
502 1979 660 2014 Dominica,
671 1992 750 2020 quam
762 1982 828 2012 feria
837 1985 893 2023 pri—

92 2013 243 2052 vilegiata?
257 2014 418 2054 Respondet
430 2019 502 2048 idem
510 2021 603 2049 auctor
612 2043 620 2054 ‚
630 2023 694 2060 quia
706 2023 735 2051 in
746 2024 895 2054 Dominica

91 2054 196 2083 neccsse
216 2055 281 2085 ess'et
299 2066 442 2097 utramque
459 2058 564 2089 Mifl'am
585 2063 811 2092 Conventiialem
835 2066 893 2104 post

91 2095 203 2123 tertiam
213 2099 365 2131 celebrare,
383 2100 457 2137 quod
470 2110 526 2128 non
537 2103 712 2139 permittitur
720 2105 750 2132 ab
764 2106 876 2134 Ecclesia
886 2128 894 2139 ,

89 2145 149 2173 quae
161 2138 284 2166 annectit
304 2141 517 2169 conventualem
529 2142 635 2171 Missssun
647 2154 708 2172 cum
718 2145 807 2184 aliqua
827 2146 893 2175 hora

89 2177 262 2211 canonicassk
273 2179 306 2207 ob
316 2180 428 2209 candem
438 2180 541 2210 causam
552 2194 608 2212 non
618 2184 747 2213 dicuntur
755 2187 814 2215 dua:
827 2186 895 2216 Mis-

93 2215 130 2244 (σε
138 2221 339 2248 conventuales
347 2221 378 2249 in
388 2222 504 2261 Vigiliis
514 2244 521 2255 ,
542 2224 605 2262 quia
614 2226 697 2254 ambae
717 2228 776 2264 post
792 2238 893 2256 nonam

89 2256 217 2287 celebrari
228 2259 375 2292 deberent5
389 2273 451 2290 nam
463 2267 514 2297 (ut
525 2262 605 2303 supra
615 2265 704 2294 visum
713 2268 775 2302 est)
787 2277 892 2308 temp&

90 2306 119 2324 re
135 2299 305 2334 Jejuniorum
315 2301 375 2339 post
387 2313 487 2332 nonam
499 2308 693 2335 conventualis
702 2309 830 2338 celebrari
849 2310 898 2339 de-

89 2337 135 2366 het
146 2349 154 2370 i
175 2340 329 2380 antiquitus
336 2353 427 2372 autem
437 2345 561 2384 rigorose
579 2346 773 2378 observabatur
790 2360 895 2390 tempus

88 2378 244 2411 celebrandi
253 2385 465 2415 conventualem
476 2385 581 2416 Miffim
590 2399 599 2420 5
607 2388 709 2428 legitur
718 2390 834 2420 enimin
848 2393 896 2421 Vi-

957 1085 1040 1113 bilem
1061 1086 1186 1115 Ecclesiae
1205 1086 1337 1125 pietatem
1356 1098 1429 1117 nova
1450 1088 1617 1119 hxrcticalis
1636 1092 1763 1131 impietas

958 1125 1058 1154 latrare
1067 1136 1125 1154 non
1135 1126 1214 1155 cess'at
1224 1148 1232 1160 ,
1245 1129 1320 1163 cujus
1329 1129 1425 1158 dentes
1436 1130 1471 1159 sic
1481 1131 1519 1159 D.
1533 1132 1701 1170 Augustinus
1712 1135 1760 1163 ob-

958 1167 1052 1195 tundit
1060 1188 1068 1199 ‚
1079 1167 1288 1207 confringitque
1296 1190 1306 1202 ‚
1314 1169 1462 1208 inquiens:
1482 1173 1573 1207 [Non
1584 1183 1668 1211 parva
1679 1173 1716 1202 est
1729 1185 1760 1204 ii-

958 1206 1075 1235 niversae
1087 1209 1225 1242 Eccleiiae,
1235 1219 1295 1248 qua:
1307 1209 1336 1237 in
1345 1209 1394 1238 hac
1405 1210 1604 1241 consuetudine
1615 1214 1700 1243 claret
1710 1225 1759 1244 au-

956 1248 1087 1279 ‹Stoi-iram
1113 1249 1157 1277 ubi
1168 1249 1198 1277 in
1217 1249 1338 1288 precibus
1356 1252 1513 1281 Sacerdotes
1524 1274 1532 1285 ‚
1554 1263 1614 1292 quae
1629 1256 1759 1286 Domino

956 1289 1021 1317 Deo
1030 1289 1062 1317 ad
1071 1291 1126 1324 ejus
1138 1291 1233 1319 Altare
1243 1290 1394 1320 funduntur
1404 1313 1413 1325 ,
1435 1292 1527 1322 locum
1535 1292 1612 1323 suum
1625 1295 1705 1325 habet
1716 1307 1759 1328 et-

956 1328 1008 1357 iam
1020 1331 1226 1362 commendatio
1235 1341 1409 1361 mortuorum
1418 1355 1427 1367 ‚
1446 1334 1493 1363 lib.
1505 1335 1539 1363 de
1549 1346 1609 1364 cura
1620 1346 1671 1375 pro
1684 1347 1760 1368 mor-

959 1370 1013 1398 tuis
1022 1371 1125 1409 agenda
1134 1381 1192 1410 cap.
1209 1383 1232 1400 i.
1245 1374 1255 1404 ]
1281 1374 1334 1401 Pro
1342 1382 1515 1404 mortuorum
1533 1377 1611 1406 enim
1629 1376 1759 1418 suffragm

958 1421 1017 1439 non
1027 1411 1095 1439 sistit
1104 1420 1212 1441 tantum
1222 1413 1336 1442 Ecclesia
1346 1414 1375 1442 in
1389 1416 1557 1453 quotidianis
1569 1418 1695 1452 Miss‘ae,&
1704 1419 1759 1450 ho-

962 1460 1052 1480 rarum
1062 1452 1255 1482 canonicarum
1265 1455 1384 1492 precibus
1393 1477 1401 1489 ,
1423 1456 1458 1484 ita
1468 1467 1497 1486 ut
1506 1458 1538 1486 in
1546 1458 1603 1487 fine
1613 1460 1759 1492 cuiuslibet

959 1491 1036 1521 horae
1047 1493 1213 1530 expiabilem
1222 1495 1343 1534 requiem
1354 1495 1542 1535 exposcat5sed
1551 1499 1636 1528 etiam
1647 1500 1676 1528 in
1687 1510 1757 1539 quo-

959 1533 1028 1562 libet
1037 1534 1135 1562 mensis
1153 1535 1293 1574 principio
1304 1536 1442 1565 Officium
1451 1559 1459 1571 ,
1482 1548 1512 1567 ac
1522 1539 1629 1569 Missam
1639 1551 1689 1579 pro
1699 1543 1758 1572 illis

961 1574 1057 1603 recitat
1066 1596 1075 1608 ‚
1093 1585 1127 1603 ex
1138 1575 1329 1614 antiquissimo
1339 1577 1467 1607 instituto
1476 1601 1484 1613 ‚
1502 1588 1533 1608 ut
1544 1582 1657 1610 Alcuin.
1667 1582 1702 1611 dc
1712 1584 1758 1613 di'-

961 1615 1021 1643 vin.
1028 1614 1076 1644 off.
1083 1616 1195 1645 testatur
1204 1636 1212 1644 .
1222 1618 1295 1646 Cum
1307 1616 1372 1656 psal.
1383 1624 1424 1647 De
1429 1619 1575 1659 profundis
1584 1644 1592 1655 ‚
1604 1626 1632 1651 δε
1641 1623 1757 1654 collecta

959 1665 1010 1694 pro
1029 1656 1150 1685 defunffl
1160 1658 1292 1686 terminat
1301 1658 1381 1687 horas
1389 1661 1546 1690 Canonicas
1566 1663 1758 1702 Lugdunensis

959 1696 1093 1725 Ecclesia.
1116 1697 1223 1728 Missam
1239 1709 1374 1727 cantatam
1394 1701 1453 1740 post
1473 1705 1686 1733 conventualem
1699 1706 1760 1734 Ca-'

957 1736 1091 1766 thedralis
1101 1739 1242 1777 Pragensis
1253 1740 1380 1778 quotidie
1391 1752 1441 1780 pro
1450 1743 1489 1771 eis
1497 1744 1613 1773 celebrat
1622 1766 1633 1778 ,
1653 1755 1682 1774 ac
1691 1746 1754 1774 uni-

958 1777 1102 1806 versaliter
1111 1780 1184 1817 prius
1194 1778 1253 1808 usus
1262 1781 1384 1810 obtinuit
1395 1803 1406 1816 ,
1426 1793 1455 1812 ut
1464 1784 1493 1812 in
1504 1793 1677 1824 quocumque
1696 1787 1754 1825 pri-

955 1828 1001 1846 mo
1019 1817 1178 1858 septimanae
1189 1821 1234 1849 die
1254 1822 1336 1850 varize
1348 1831 1401 1860 pro
1416 1825 1556 1854 animabus
1575 1828 1756 1865 purgantibus

955 1858 1106 1888 fundantur
1122 1871 1135 1888 a
1150 1860 1392 1900 fidelibuspreccs5
1412 1864 1482 1893 hanc
1492 1868 1567 1895 enim
1576 1867 1632 1896 dici
1641 1867 1752 1897 dedica-

953 1900 1060 1929 tionem
1078 1900 1112 1929 de
1121 1912 1193 1930 anno
1208 1909 1335 1937 1056-cx
1355 1903 1485 1935 instituto
1503 1908 1673 1945 quorundam
1685 1911 1752 1939 Μο-

954 1940 1106 1969 nachorum
1115 1942 1230 1970 initium
1247 1943 1365 1974 habuiss'e
1375 1947 1507 1976 Batonius
1518 1969 1526 1981 ‚
1548 1952 1576 1977 ὃ(
1586 1951 1681 1978 Petrus
1692 1950 1751 1979 Da-

951 1981 1056 2010 mianus
1069 1982 1218 2014 testantur5
1237 1984 1368 2014 devotam
1379 1996 1446 2015 vero
1464 1986 1539 2017 feriae
1555 1988 1681 2018 secundae
1691 2000 1751 2019 me-

949 2022 1115 2051 ditationem
1126 2034 1177 2062 pro
1188 2024 1322 2053 defunctis
1330 2027 1366 2055 ob
1374 2037 1430 2056 eam
1439 2029 1577 2059 rationem
1587 2031 1752 2069 applicatam

951 2061 1026 2091 suifle
1046 2063 1119 2092 idem
1130 2065 1279 2094 Daiuianus
1294 2067 1376 2095 refert
1398 2068 1442 2097 liis
1452 2070 1558 2099 verbis:
1584 2073 1749 2108 [Quaelibet

949 2104 1049 2132 anima:
1070 2105 1261 2134 detunctorum
1289 2107 1319 2136 in
1340 2108 1434 2138 diebus
1461 2111 1620 2141 Dominicis
1641 2113 1750 2152 requic-

947 2143 1026 2172 scunt
1037 2167 1045 2178 ‚
1067 2157 1149 2185 atque
1160 2158 1173 2175 a
1181 2145 1323 2185 suppliciis
1334 2148 1485 2182 feriamur3
1504 2152 1622 2182 secunda
1632 2163 1698 2182 vcro
1709 2153 1749 2183 se-

950 2186 989 2213 ria
998 2185 1030 2214 :id
1039 2197 1070 2215 ca
1081 2209 1088 2220 ,
1112 2189 1207 2226 quibus
1216 2187 1347 2228 affignata
1356 2188 1418 2219 sunt
1428 2213 1435 2223 ,
1459 2202 1601 2230 poenarum
1613 2195 1747 2234 ergastula.

950 2235 1129 2257 revertuntur
1138 2249 1144 2256 .
1168 2229 1278 2258 Idcirco
1296 2229 1354 2268 ipso
1372 2231 1542 2270 potissimum
1561 2236 1606 2264 die
1629 2237 1747 2274 Angelis

952 2266 1091 2297 Missarum
1101 2269 1194 2298 honor
1204 2271 1386 2308 impenditur,
1395 2283 1425 2301 ut
1436 2277 1464 2303 ὅ(
1475 2277 1591 2305 mortuis
1600 2299 1607 2310 ,
1620 2280 1648 2304 ὅ(
1658 2277 1746 2305 mori-

950 2309 1017 2337 turis
1029 2311 1203 2348 patrocinalis
1219 2321 1314 2340 corum
1324 2312 1448 2343 defensio
1457 2326 1619 2354 procuretur
1628 2338 1635 2349 ,
1659 2317 1706 2346 lib.
1719 2330 1748 2347 2.

950 2349 1110 2388 epistolar.]
1133 2353 1220 2386 Quam
1234 2354 1441 2384 meditationem
1457 2357 1578 2395 Joanncs
1597 2356 1706 2388 Betleth
1718 2359 1750 2388 in

953 2392 1069 2422 Ration.
1078 2393 1168 2422 divin.
1177 2392 1222 2423 off.
1231 2404 1254 2422 c.
1267 2403 1293 2430 5.
1303 2395 1469 2425 confirmans
1479 2420 1486 2432 ‚
1498 2398 1605 2438 inquit:
1621 2404 1632 2434 [
1645 2399 1752 2429 Eodem

1359 2439 1380 2465 Ε
1389 2447 1404 2467 e
1446 2450 1462 2467 2
1649 2450 1719 2479 quo-
