1866 2526
438 37 539 79 ΕΡ

90 96 284 135 pulussestque
293 94 328 125 ad
336 94 420 125 instar
428 93 612 125 semiunciae
622 115 630 128 ,
637 104 700 134 qu:
710 91 793 134 usque
805 93 836 123 ad
843 101 889 139 eu-

88 137 181 168 bitum
191 135 326 179 pertingit
334 157 343 169 ‚
353 145 435 176 atque
443 137 505 166 duae
514 135 578 165 sunt
591 146 642 175 pro
651 144 768 179 utroque
776 134 890 179 brachio

89 180 221 216 quaelibet
239 177 368 216 ponenda
377 198 386 211 ‚
404 177 500 216 quibus
518 176 631 205 manicis
655 176 807 215 antiquitus
824 174 890 204 sohs

93 218 234 259 Episcopis
242 219 350 249 licitum
360 226 416 247 erat
426 217 524 251 indui,
535 227 565 246 ut
575 215 713 246 Balsamon
726 239 734 250 ‚
746 220 773 246 ὅ(
782 214 890 247 Thella-

92 259 238 290 lunicensis
257 260 370 289 Simeon
388 258 520 288 testantur
532 280 539 291 ‚
549 267 664 297 quorum
675 258 827 301 postremus
843 256 891 285 ad-

90 300 134 329 dit
143 303 258 331 manicas
268 301 315 331 has
324 300 434 330 vincula
445 298 554 328 Christi
565 298 707 337 piatiemis
718 297 870 337 significare
881 319 888 329 ,

91 341 122 370 in
131 351 174 381 ep.
184 341 262 383 supra
270 343 351 371 allata
361 341 390 369 in
399 340 464 369 dist-
474 342 655 379 Epigonation
663 360 672 367 .
696 339 790 368 Hodie
799 348 889 366 tamen

89 392 186 412 omnes
194 382 278 423 graeci
298 381 456 411 Sacerdotes
466 390 580 409 uruntur
589 399 597 407 .
620 379 695 408 Vide
706 379 871 408 Brachialia
880 399 889 410 ‚

89 426 256 461 Manipulus
266 444 275 456 ‚
285 427 312 453 &
321 424 348 455 §-
357 423 414 451 FR.
428 421 458 450 in
465 421 530 450 di&-
541 424 721 459 Epigonation
729 439 737 446 .
748 420 783 448 In
793 429 891 464 cappe—

89 463 116 491 la
127 466 218 503 Papali
228 464 379 496 Diaconus,
389 466 418 491 Ec
427 462 608 491 subdiaconus
618 470 720 499 praeter
728 460 852 504 manipul
860 463 889 501 ιἰ,Δ

88 504 195 543 gestant
207 505 236 534 in
246 505 309 534 albae
319 503 434 532 manicis
444 502 560 531 frustilla
570 501 671 530 coloris
680 509 817 544 currentis
830 500 890 530 sesti

87 545 214 583 expansa,
217 549 294 583 juxta
302 546 418 582 antiqui]
428 543 555 575 ritum‚ut
563 542 727 581 dictu-estgin
737 541 890 574 dist-Alba.

48 586 244 615 Emit-spanni
251 597 268 615 Α
292 586 365 614 v1de
374 586 528 616 umbilicus
537 605 545 612 .

47 628 139 656 Enim
147 638 197 655 ixi
204 630 263 659 A,&
272 627 447 664 Theophania
457 635 536 654 voces
544 634 640 663 graecze
650 622 819 663 Ε’πιφαὶγεικ,
829 635 889 663 quae

88 667 289 705 apparitionem
299 688 307 700 ,
329 670 356 695 δι
380 662 546 703 Θεσφάνεια,
557 665 684 693 divinam
694 664 888 694 mamsestatio-

91 718 155 737 nem
166 708 312 747 significan
323 706 419 736 festum
429 704 658 734 solemniffimum
668 726 677 738 ‚
689 706 728 734 ira
736 714 768 734 ut
777 716 827 744 pro
839 706 890 734 im-

90 748 142 786 piis
152 748 316 778 haberentur
327 750 508 785 Imperatores
516 767 524 778 ,
537 746 555 774 si
567 746 600 774 ad
610 745 664 774 hoc
675 745 770 775 festum
780 757 838 775 non
847 747 889 775 in-

88 788 285 817 terveniss'ent:
303 788 372 816 hanc
381 786 647 815 demonstrationem
667 787 790 817 simulare
799 788 891 816 voluit

87 829 218 858 idemmet
227 829 351 868 Julianus
361 830 386 857 A
389 827 568 867 postata,dum
578 828 609 855 in
616 826 708 857 Gallia
718 829 871 857 morabatur
881 851 889 862 ,

86 879 118 898 ut
128 869 288 898 Ammianus
297 869 470 898 Marcellinus
480 890 488 902 ‚
500 869 546 897 lib.
560 880 574 897 2
584 879 606 896 i.
616 867 710 901 refert,
723 869 798 908 quod
807 869 889 898 etiam

87 909 211 939 fecerunt
220 910 266 939 alii
276 910 393 948 Augusti
404 930 412 942 ‚
429 909 497 938 licet
508 909 604 939 Ariani
615 907 723 939 fuissent
735 931 741 938 .
754 910 838 946 Quod
851 911 889 939 fc-

88 951 159 980 stum
171 973 178 984 ‚
189 951 276 980 immo
286 951 428 989 triplicata
439 950 599 979 solemnitas
607 951 638 979 ab
651 951 791 988 Apostolis
811 952 887 980 insti—

90 1000 149 1020 tuta
161 991 260 1025 suit,ob
269 991 322 1019 tria
337 992 464 1020 miracula
475 992 506 1020 in
515 991 566 1019 hac
584 991 735 1020 festivitate
755 1002 887 1021 memora-

87 1041 136 1064 t2,-
150 1032 250 1060 namin
260 1031 313 1060 hoc
323 1032 369 1061 die
379 1031 454 1060 stella
464 1034 558 1070 Magos
568 1032 647 1060 duxit
658 1032 691 1061 ad
705 1031 825 1071 praesepe
836 1055 843 1066 ‚
853 1035 886 1062 ad

86 1072 205 1101 Calileae
219 1073 323 1111 nuptias
334 1081 402 1111 aqua
419 1072 449 1099 in
460 1082 555 1101 vinum
563 1072 696 1102 conversa
708 1094 715 1105 ,
736 1083 764 1101 ac
784 1075 813 1102 in
824 1075 886 1112 Jor-

89 1113 157 1141 dane
167 1112 293 1142 Christus
303 1112 435 1153 baptizari
448 1114 640 1142 voluinGraed
652 1114 682 1142 in
690 1112 740 1142 hac
748 1114 794 1142 die
803 1125 886 1154 agunt

90 1153 186 1182 festum
198 1153 366 1192 baptismatis
383 1152 492 1182 Christi
503 1155 532 1183 in
543 1154 683 1193 Jordane;
705 1153 751 1182 sed
770 1156 887 1184 Ecclesia

86 1193 172 1223 latina
183 1195 318 1233 praecipue
328 1197 473 1233 Magorum
483 1195 675 1224 adorationem
685 1195 802 1224 celebrat
811 1217 818 1224 .
829 1197 884 1226 ΑΞ-

85 1235 182 1273 gyptii
203 1245 296 1264 tamen
307 1246 354 1274 per
365 1246 486 1264 errorem
497 1237 660 1265 Nativitatis
669 1235 778 1264 Christi
800 1247 884 1276 agunt

92 1275 188 1303 festum
197 1275 328 1305 ‚Calliam
338 1277 429 1305 collar.
440 1287 481 1305 ιο.
494 1276 570 1305 Idem
581 1276 694 1306 ass'erere
706 1276 817 1305 videtur
829 1279 885 1306 Zo<

87 1325 151 1344 nara
162 1327 170 1347 ‚-
182 1327 244 1345 nam
255 1316 299 1345 ubi
312 1318 473 1346 Ammianus
484 1318 657 1347 Marcellinus
668 1317 705 1345 :tit
717 1339 724 1351 ‚
745 1318 819 1356 quod
837 1320 884 1356 Ju-

85 1355 176 1385 {ianus
186 1358 317 1396 Apossata
324 1357 354 1385 se
366 1359 400 1386 ad
409 1359 554 1387 Eccleliam
567 1359 725 1388 contulerat
736 1380 743 1391 ‚
757 1360 868 1397 quando
878 1383 884 1393 ‚

86 1407 187 1436 nempe
205 1404 219 1434 [
240 1398 333 1428 Mense
353 1400 485 1437 Januario
494 1399 649 1428 Christiani
670 1399 824 1437 Epiphania
845 1401 886 1429 di*

85 1438 201 1469 &itanu
223 1441 234 1470 ]
253 1440 363 1468 Zonzra
373 1441 406 1468 de
416 1441 512 1469 eodem
523 1440 621 1469 access‘u
631 1442 746 1478 loquens
754 1462 761 1473 ,
774 1441 819 1469 die
829 1443 887 1470 Na-

87 1479 150 1506 talis
173 1481 320 1508 Salvatoris
338 1480 392 1509 hoc
411 1481 533 1510 accidiss‘c
553 1482 645 1520 inquit
661 1500 668 1507 .
690 1482 776 1509 Ratio
795 1493 885 1511 autem

87 1517 168 1554 hujus
180 1521 278 1548 erroris
289 1542 297 1552 ‚
308 1521 353 1558 qui
367 1531 447 1558 penes
457 1524 569 1550 Οτι-ρος
579 1521 666 1550 adhuc
678 1531 767 1560 viget,
778 1532 808 1550 ea
817 1522 867 1552 filit
879 1543 885 1554 ³

87 1568 149 1586 nam
163 1560 193 1587 ab
202 1560 394 1589 Orientalibus
403 1572 514 1600 utraque
527 1562 658 1592 festivitas
670 1563 826 1599 Epiphania
843 1575 887 1603 ap>

87 1600 189 1637 pellata
197 1600 332 1631 erat5hinc
342 1602 532 1641 D-Gregorius
544 1603 679 1632 Nazianz.
690 1604 823 1643 quandam
832 1608 888 1641 ejus

89 1641 252 1669 orationem
269 1641 303 1670 de
314 1642 423 1671 Christi
433 1644 588 1672 Nativitate
606 1644 800 1680 denominavit
810 1657 887 1684 ,quae

85 1680 118 1709 in
128 1681 266 1711 codic-bus
275 1683 394 1721 antiquis
406 1684 541 1721 reperitur
551 1695 610 1712 cum
622 1684 705 1713 titulo
716 1689 757 1713 De
771 1687 888 1724 Epipha-

86 1724 146 1750 niis
155 1743 163 1755 ,
187 1722 242 1752 five
253 1723 285 1751 de
298 1725 396 1752 Nata-la
409 1728 542 1753 Domini.
552 1726 648 1763 Itaque
659 1725 808 1754 difficultas
829 1726 888 1756 haec

83 1760 122 1791 ad
130 1762 311 1800 quaestionem
324 1764 359 1792 de
371 1774 438 1802 paro
450 1766 562 1794 nominc
571 1766 710 1794 reducitu.¹
723 1777 730 1797 ς
743 1776 804 1794 nam
817 1769 888 1797 rec‘te

85 1801 228 1830 Nativitas
239 1805 354 1832 Domini
365 1805 511 1844 epiphania
520 1806 622 1834 dicitur
633 1828 641 1839 ‚
661 1807 727 1835 idest
740 1807 888 1837 manifesta-

85 1843 128 1870 tio
140 1843 294 1872 Pastoribus
303 1867 310 1877 ,
335 1856 381 1883 qui
403 1846 432 1873 in
453 1847 499 1874 illa
511 1847 624 1885 regione
633 1857 708 1875 erant
721 1847 869 1886 vigilantes
881 1861 887 1879 ς

85 1881 204 1911 secunda
218 1893 285 1912 vero
296 1884 444 1919 festivitas,
463 1897 522 1924 qux
534 1897 624 1915 tamen
635 1888 672 1915 2d
691 1888 889 1918 revelationem

85 1924 233 1962 ,Magorum
244 1946 251 1957 ,
271 1929 299 1954 ὃ(
310 1927 445 1955 Gentium
457 1927 508 1955 suit
519 1949 526 1960 ‚
547 1933 590 1956 De
599 1929 756 1957 lumxmbus
768 1950 776 1961 ,
797 1933 825 1958 ὁ(
845 1936 888 1959 De

77 1965 211 2002 secundis
223 1967 372 2003 epiphanus
385 1967 480 1995 festum
491 1969 522 1997 ab
532 1968 665 2007 Antiquis
676 1970 813 2007 appellata
825 1969 887 2004 fiiit,

86 2005 161 2042 quod
173 2007 294 2044 Gregor.
305 2008 441 2036 Nazianz.
462 2010 569 2045 Festum
589 2010 731 2038 luminum
743 2012 863 2049 appellat
882 2032 889 2039 .

83 2045 264 2074 Dominican:
275 2047 364 2076 solent
374 2058 474 2087 magno
496 2049 630 2084 luminum
640 2060 767 2089 apparatu
778 2051 828 2080 hac
839 2063 890 2080 no-

84 2086 128 2114 {te
149 2086 179 2114 in
191 2087 306 2117 Ecclesia
317 2099 411 2116 eorum
423 2110 431 2122 ‚
449 2090 615 2118 matutinum
626 2091 761 2120 celebrare
772 2113 780 2125 ‚
792 2092 822 2120 in
832 2103 889 2131 quo

83 2127 278 2166 genealogiam
288 2128 395 2157 Christi
405 2129 552 2159 secundum
561 2132 661 2159 Lucam
672 2132 704 2159 m
716 2133 889 2162 tertiumno-

85 2168 210 2195 durnum
221 2178 324 2197 canunt
334 2191 341 2197 .
355 2171 412 2199 PR,
425 2171 470 2199 De
485 2170 667 2209 'theophania
684 2171 744 2200 haec
753 2174 824 2211 apud
844 2175 889 2203 Sa-

79 2217 146 2235 ,σος
155 2208 306 2246 Scriptores
316 2209 448 2239 habentur
458 2232 466 2244 ‚
489 2212 620 2240 nimirum
629 2225 640 2246 ,-
655 2219 667 2248 [
678 2213 722 2241 Ab
731 2215 890 2252 apparendo

81 2247 196 2287 quidem
208 2259 309 2278 nornen
319 2249 506 2289 Theophaniz
527 2252 631 2281 dic'tum
647 2253 684 2282 est
696 2274 703 2281 .
722 2255 807 2293 Greg.
832 2257 888 2285 Na-

83 2288 244 2318 zian.0rat.
256 2291 285 2318 in
297 2289 404 2320 Christi
418 2292 610 2323 nativitatem,
624 2296 636 2325 ]
650 2294 744 2323 Suidas
752 2304 842 2323 autem
854 2296 888 2325 sic

83 2329 132 2357 ait:
146 2335 158 2364 [
169 2329 349 2369 Theophania
359 2333 396 2361 est
408 2343 469 2361 cum
480 2334 554 2362 Deus
563 2333 590 2363 se
600 2334 772 2364 manifestum
784 2335 888 2369 facin&

78 2368 118 2398 est
130 2379 232 2399 nomen
241 2373 352 2410 generis
364 2374 502 2408 muliebris
512 2395 519 2403 .
530 2376 566 2404 In
577 2385 678 2416 genere
687 2385 777 2405 autem
788 2387 886 2407 neutro

118 2412 308 2453 ffieroIexi'con
318 2418 426 2445 Macri.

1252 38 1288 80 E
1323 38 1354 82 P
1614 56 1690 98 305

945 92 1132 124 multitudinis
1140 93 1242 126 dicitur
1251 96 1311 126 haec
1323 95 1491 135 theophania
1504 109 1515 129 5·
1532 109 1646 130 numero
1656 101 1748 142 fingu-

946 134 997 165 lari
1005 134 1059 164 hoc
1068 134 1307 174 theophanion.]
1328 138 1398 167 Inde
1409 137 1466 166 dies
1478 140 1575 169 natalis
1593 142 1712 172 Domini
1729 153 1743 171 a

946 176 1048 205 Sandis
1057 177 1179 206 Pau-ibus
1190 177 1345 216 &tapnim
1356 179 1492 217 appellata
1502 180 1540 209 est
1549 200 1556 207 .
1581 187 1594 217 t
1606 183 1688 211 Nunc
1699 194 1745 213 au-

945 226 1003 245 tem
1015 215 1254 256 theophania‚sivc
1263 220 1369 248 Natalis
1383 220 1440 248 dies
1449 219 1558 259 presens
1566 222 1604 251 est
1613 221 1744 252 solemni-

945 266 1000 286 tas:
1011 267 1129 297 utroque
1137 258 1213 287 enim
1220 260 1376 298 appellatur
1386 261 1471 290 modo
1481 282 1490 294 ‚
1508 262 1610 292 duobus
1621 263 1746 293 nomini-

945 298 991 327 bus
1003 299 1050 328 uni
1062 298 1223 338 ‚eidemque
1234 300 1272 328 rei
1284 301 1434 340 impositis.
1445 304 1532 342 Greg.
1541 304 1745 335 Naziamorat.

944 337 1023 378 supra
1033 340 1095 372 cit.]
1108 340 1314 381 Rationemque
1326 343 1538 381 nuncupationis
1548 344 1631 375 infert
1641 345 1742 375 ibidem

948 381 1101 419 [Apparuit
1110 381 1186 410 enim
1197 382 1274 412 Deus
1285 382 1443 412 hominibus
1453 394 1501 422 per
1509 386 1744 423 generationem]

945 421 1002 449 Cui
1013 422 1211 460 adstipulantur
1219 424 1298 454 Bafil.
1309 424 1412 454 Caesar.
1423 425 1551 464 inquiens
1562 439 1569 455 .·
1584 433 1596 462 [
1609 428 1743 466 Appellc-

945 471 1004 490 mus
1026 462 1149 491 nostrum
1170 462 1225 492 hoc
1245 465 1342 494 festum
1361 465 1528 504 theophania
1537 489 1544 495 .
1567 468 1745 497 celebremus

945 513 1006 541 qua:
1017 502 1110 531 salutis
1125 502 1189 533 sunt
1199 506 1294 534 mundi
1305 528 1313 540 ‚
1325 506 1441 536 natalem
1453 529 1461 541 ‚
1481 507 1585 537 scilicet
1597 530 1605 542 ‚
1617 507 1745 538 humani-

945 544 1006 572 tatis
1015 543 1090 573 diem
1101 565 1108 572 .
1126 546 1208 574 Orat.
1219 547 1253 575 de
1263 546 1372 577 Christi
1390 558 1505 588 generat
1515 570 1523 577 .
1546 551 1558 581 3
1578 551 1652 579 Item
1666 551 1744 579 Aste-

944 583 1001 613 rius
1012 605 1019 616 ‚
1031 584 1108 613 hom.
1126 586 1155 613 in
1164 587 1278 616 Kalend.
1290 590 1329 617 At
1340 599 1395 618 non
1404 590 1489 618 modo
1499 591 1625 620 Natalem
1645 593 1747 632 Domi-

944 625 973 652 ni
983 636 991 655 5
1002 623 1050 654 red
1059 626 1141 655 etiam
1153 627 1272 663 ejusdem
1283 628 1407 667 baptismi
1417 630 1494 659 diem
1503 630 1670 670 theophania
1681 631 1747 662 festa

944 666 1115 703 appellarunt
1124 668 1149 696 S.
1161 670 1205 706 Jo:
1217 668 1365 705 Chrysost.
1375 670 1474 699 homil.
1484 671 1518 700 de
1532 672 1745 713 B.Philogonio¹

946 716 1013 734 tom.
1025 718 1051 745 3.
1061 708 1218 747 inquiens;[
1230 711 1292 739 Nili
1302 710 1377 739 enim
1386 711 1536 741 secundum
1544 723 1654 742 carnem
1665 724 1744 743 natus

945 746 1009 775 estet
1021 748 1148 777 Christus
1157 772 1165 783 ,
1176 760 1345 789 nequaquam
1355 752 1506 790 baptizatus
1515 752 1658 784 ess'etfflam
1668 754 1697 784 id
1707 755 1746 784 est

945 788 1042 816 festum
1050 788 1297 828 Theophaniorum
1307 812 1314 820 .
1335 795 1347 824 ]
1371 793 1442 821 Item
1462 793 1492 822 in
1502 795 1641 834 Horolog.
1653 805 1744 834 graeco

945 828 991 857 die
1000 835 1027 857 6.
1037 831 1160 868 Januarii
1170 830 1230 860 haec
1239 831 1389 862 habentur:
1410 840 1423 870 [
1451 835 1545 863 Smsta
1563 833 1744 874 Theophani:

946 870 1080 904 Domini,
1093 875 1122 900 ὃς
1131 872 1188 900 Dei
1198 872 1344 902 Salvator-is
1355 874 1440 903 nostri
1452 874 1515 913 Jesu
1526 874 1635 905 Christi
1645 897 1652 905 .
1673 879 1747 906 Tro-

943 910 1041 948 parion
1053 933 1061 945 ‚
1081 914 1175 940 Tonus
1185 913 1287 951 primus
1297 934 1303 941 .
1323 915 1358 943 In
1380 916 1501 953 Jordane
1511 916 1653 954 baptizato
1661 927 1689 946 te
1701 940 1709 952 ‚
1728 930 1745 946 ο

942 950 1066 981 Domine
1077 974 1086 986 ,
1096 953 1240 982 Trinitatis
1248 955 1382 984 declarata
1393 955 1442 984 fuit
1453 956 1576 986 adoratio
1584 979 1593 986 .
1612 961 1625 990 J
1637 961 1745 998 Grego-

940 992 995 1020 rius
1008 993 1159 1022 Alexandr.
1169 994 1198 1022 in
1210 994 1267 1023 vita
1277 997 1301 1024 S.
1322 997 1366 1034 Jo.
1376 996 1523 1032 Chrysost.
1544 1008 1633 1037 graece
1643 1009 1701 1038 cap,
1718 1011 1744 1038 3.

942 1032 1022 1066 [Die
1033 1033 1101 1062 festo
1111 1033 1361 1074 Theophanrorum
1372 1037 1614 1077 appropinquante
1624 1062 1631 1073 ,
1643 1041 1690 1078 qui
1701 1041 1746 1069 da-

940 1073 1013 1102 citur
1025 1075 1083 1102 dies
1092 1075 1228 1104 luminum
1239 1097 1247 1105 .
1261 1080 1272 1109 ]
1286 1079 1327 1107 At
1345 1075 1455 1116 vvc'a’t'ytx
1475 1079 1552 1117 φτῖτα
1564 1101 1572 1113 ,
1595 1081 1687 1109 nullus
1695 1082 1743 1114 est.

941 1114 988 1153 qui
998 1115 1138 1144 inficiatur
1148 1115 1244 1145 sellum
1255 1118 1330 1146 diem
1342 1117 1392 1147 esse
1403 1118 1529 1158 baptismi
1538 1120 1604 1159 jesu
1615 1120 1724 1150 Christi
1739 1145 1745 1154 ,

940 1165 970 1184 ut
981 1166 1014 1184 ex
1026 1158 1188 1196 Greg.Naz.
1199 1157 1314 1197 aliisque
1324 1159 1473 1189 innumeris
1482 1160 1645 1201 liquethsa
1655 1172 1746 1191 autem

941 1206 1028 1235 graeca
1038 1207 1094 1225 vox
1104 1199 1245 1226 communi
1255 1198 1302 1228 usu
1312 1200 1343 1228 in
1355 1201 1467 1229 latinam
1477 1202 1549 1240 apud
1560 1203 1674 1231 Latinos
1683 1204 1743 1233 etii

951 1237 1048 1266 transit
1059 1259 1066 1266 .
1080 1238 1202 1276 vigilius
1212 1240 1286 1268 enim
1296 1243 1366 1279 Papa
1380 1263 1389 1274 ,
1399 1241 1447 1280 qui
1458 1251 1582 1281 tempore
1593 1241 1742 1281 justiniani

941 1279 1119 1317 Imperatoris
1131 1280 1269 1313 floruit,in
1278 1281 1326 1309 suo
1338 1281 1490 1311 constituto
1499 1284 1533 1312 de
1546 1284 1630 1313 tribus
1641 1285 1745 1323 capitu-

940 1319 973 1346 hs
985 1340 993 1352 ‚
1015 1318 1074 1347 haec
1094 1318 1193 1349 habet:
1214 1323 1364 1360 Exemplar
1383 1322 1567 1361 professioni&
1590 1335 1670 1363 quam
1683 1326 1746 1355 resi-

941 1360 990 1388 dui
1021 1359 1149 1399 Episcopi
1166 1360 1413 1402 Theophaniorum
1431 1364 1476 1393 die
1487 1365 1574 1394 'nobis
1596 1366 1746 1399 fecerunt]

942 1401 1218 1436 Martyrol.Notkeri
1229 1425 1236 1436 ,
1247 1404 1296 1443 qui
1307 1404 1381 1433 vixit
1391 1415 1463 1434 circa
1472 1417 1576 1435 annum
1585 1408 1707 1443 Dom.91
1717 1420 1744 1437 ι.

941 1442 1011 1481 apud
1028 1442 1172 1471 Canistum
1182 1465 1190 1477 ,
1200 1455 1268 1473 tom.
1281 1451 1308 1474 6.
1319 1447 1405 1484 antiq.
1418 1447 1479 1474 lect«.
1490 1447 1524 1475 sic
1532 1447 1624 1476 habet:
1638 1454 1650 1484 [
1662 1449 1747 1478 Osta—

944 1494 980 1511 vo
992 1482 1056 1511 Idus
1066 1484 1189 1521 Januarii
1198 1485 1353 1525 Epiphania
1361 1487 1479 1515 Domini
1491 1509 1498 1520 ‚
1522 1489 1596 1526 quod
1607 1489 1746 1527 interpre-

943 1534 1016 1552 tatur
1029 1524 1232 1555 Manifestatio.
1247 1527 1329 1566 Apud
1338 1530 1479 1557 Romanos
1487 1538 1578 1558 autem
1590 1530 1685 1557 cadem
1705 1529 1746 1558 se-

943 1565 1049 1594 stivitas
1059 1564 1242 1605 'theophania
1258 1568 1418 1597 nominatur
1427 1591 1436 1602 ‚
1458 1578 1487 1596 ut
1498 1579 1532 1597 ex
1545 1570 1747 1609 compositione

941 1604 1066 1635 nominis
1077 1627 1085 1638 ,
1116 1609 1191 1645 quod
1219 1609 1271 1637 Dei
1295 1609 1328 1638 sit
1344 1609 1478 1647 apparitio
1495 1631 1504 1642 ,
1536 1610 1744 1643 manifestetur-5

944 1657 999 1685 quo
1020 1645 1065 1674 die
1087 1649 1165 1687 Magi
1189 1652 1241 1678 &c.
1261 1651 1272 1680 ]
1302 1653 1337 1678 Et
1367 1660 1400 1678 ex
1427 1651 1542 1678 concil.
1566 1651 1746 1690 Lugdunens.

944 1687 1059 1716 habetur
1068 1687 1098 1715 in
1107 1699 1129 1716 c,
1141 1689 1384 1727 pronunciandum
1395 1712 1403 1723 ,
1423 1691 1456 1719 de
1465 1690 1614 1720 consecrat.
1629 1692 1696 1721 dist.
1715 1703 1745 1731 3.

944 1728 1017 1766 apud
1033 1729 1160 1757 Gratiani.
1173 1737 1186 1766 [
1205 1730 1331 1759 Periandi
1351 1741 1418 1760 vero
1437 1741 1486 1770 per
1504 1742 1606 1760 annum
1617 1733 1660 1761 isti
1680 1732 1745 1762 sunt

945 1770 1020 1798 dies:
1040 1770 1141 1798 Natale
1152 1771 1236 1799 Dom.
1257 1772 1335 1800 Santi
1348 1771 1482 1810 Stephani
1495 1794 1502 1805 ‚
1522 1774 1548 1802 S.
1569 1775 1615 1811 Jo.
1636 1777 1744 1813 Evang.

946 1810 1181 1844 Innocentium&
1191 1811 1315 1841 Silvestri
1326 1813 1434 1842 (Βίτωνα
1444 1814 1528 1842 Dom.
1539 1813 1745 1852 Theophania]

947 1851 1037 1887 Quare
1049 1852 1080 1879 ab
1097 1861 1201 1880 eventu
1214 1863 1315 1881 nomen
1334 1853 1387 1881 hoc
1408 1853 1569 1892 Epiphaniae
1592 1855 1649 1883 diei
1670 1856 1747 1884 indi—

945 1892 1045 1920 derunt
1055 1892 1098 1920 SS.
1108 1893 1159 1920 PP.
1172 1893 1236 1931 quia
1246 1903 1294 1932 per
1304 1895 1380 1931 plura
1389 1894 1516 1923 miracula
1528 1894 1557 1922 in
1566 1896 1613 1923 tali
1631 1895 1676 1924 die
1686 1896 1745 1925 Do-

945 1932 1012 1960 mini
1022 1933 1112 1971 gloria
1124 1933 1291 1962 manifestata
1303 1934 1386 1963 fuerat
1396 1956 1403 1967 ,
1415 1935 1449 1963 de
1463 1936 1558 1974 quibus
1570 1936 1686 1965 Ecclesia
1703 1948 1747 1966 ca-

946 1982 1007 2002 nit:
1031 1978 1043 2008 [
1064 1974 1161 2002 Tribus
1179 1974 1316 2003 miraculis
1335 1975 1408 2003 hunc
1428 1974 1552 2004 sanetum
1570 1976 1645 2005 diem
1662 1988 1746 2006 orna-

945 2024 1003 2042 tum
1021 2014 1137 2042 colimus
1155 2019 1207 2043 &a
1227 2017 1239 2046 ]
1259 2026 1288 2043 ac
1308 2016 1360 2043 alia
1371 2015 1502 2055 prodigia
1511 2038 1519 2050 ‚
1539 2017 1574 2045 de
1585 2018 1680 2056 quibus
1702 2018 1745 2047 su-

946 2065 1010 2093 pra:
1030 2054 1103 2083 unde
1122 2054 1220 2083 fictum
1239 2056 1277 2083 est
1295 2056 1385 2094 postea
1394 2078 1402 2090 ,
1425 2066 1455 2085 ut
1469 2067 1517 2096 per
1534 2057 1747 2097 'theophaniam

944 2094 1097 2133 Epiphania
1119 2095 1323 2134 intelligeretur
1333 2118 1342 2130 ,
1364 2107 1393 2125 ac
1412 2097 1658 2137 Theophaniorum
1667 2101 1725 2128 dics
1736 2122 1745 2134 ,

946 2136 1014 2164 idest
1025 2157 1033 2168 ‚
1053 2136 1232 2173 plurimarum
1258 2137 1510 2167 manifestationum
1532 2140 1672 2169 diceretur
1682 2152 1691 2171 ,-
1715 2143 1744 2169 in

943 2186 998 2215 quo
1015 2175 1093 2204 sensu
1110 2177 1135 2204 S.
1148 2177 1230 2205 Nilus
1242 2177 1329 2206 Abb2s
1347 2178 1404 2212 ait,
1425 2179 1500 2218 quod
1518 2181 1616 2209 Paulus
1628 2203 1636 2215 ,
1659 2183 1746 2219 joan-

945 2227 992 2245 nes
1001 2239 1008 2250 ,
1021 2220 1049 2246 ὅ(
1059 2216 1218 2245 Theodolus
1231 2223 1242 2253 [
1256 2218 1360 2247 Mortui
1370 2229 1459 2248 autem
1469 2219 1532 2249 sunt
1544 2243 1552 2254 ‚
1564 2221 1747 2251 consummati

942 2256 1061 2296 septimo
1071 2257 1116 2286 die
1131 2258 1190 2296 post
1201 2257 1400 2297 theophaniam
1410 2281 1419 2293 ‚
1436 2261 1484 2300 qui
1504 2262 1543 2291 est
1553 2272 1664 2301 quartus
1673 2262 1746 2291 deci-

945 2308 1002 2326 mus
1011 2298 1108 2327 mensis
1120 2299 1241 2336 Januarii
1252 2319 1258 2326 .
1269 2300 1315 2328 De
1325 2301 1490 2340 Interempt.
1502 2303 1622 2332 Sanftor.
1633 2305 1744 2331 l’atrum

943 2339 972 2367 in
984 2339 1047 2368 Sina
1058 2360 1066 2372 ,
1077 2343 1105 2368 ὅ(
1117 2337 1216 2367 Rhaiti
1227 2360 1235 2367 .
1249 2341 1261 2372 ]
1275 2341 1311 2369 In
1320 2340 1455 2371 Biblioth.
1466 2344 1492 2372 S.
1503 2343 1621 2372 Andrca:
1633 2343 1667 2371 de
1679 2344 1744 2372 Val-

942 2380 968 2409 le
979 2381 1078 2410 Roma
1090 2379 1225 2420 reperitur
1235 2390 1272 2410 m.
1284 2391 1304 2410 s.
1313 2391 1418 2421 graecus
1427 2384 1528 2413 Codex
1541 2382 1744 2416 vetustissimus,

1401 2425 1428 2452 V
1674 2425 1704 2453 in
