1866 2526
114 82 143 109 &
163 76 288 108 minister
305 86 380 108 erat.
405 78 443 108 In
460 77 555 107 eadem
574 74 776 116 significatione
793 75 853 107 usus
869 75 908 106 est

116 119 334 149 fortunat-isui»
348 131 374 149 2.
383 118 511 158 inquiens
520 138 527 146 .

152 159 298 190 Pontificis
308 160 422 190 monitis
432 160 518 189 clerus
527 180 536 193 ‚
547 158 621 197 plebs
630 157 722 198 psallit
733 181 742 193 ,
765 162 794 188 &
802 157 891 188 infans
901 179 908 186 .

113 200 188 230 Vide
195 206 305 239 Impaens
315 221 324 234 ,
334 207 404 230 Puer
412 220 421 229 ·

73 241 210 272 tammo
218 262 228 275 ,
239 242 351 271 verbum
363 264 371 275 ,
382 241 499 271 infantes
509 240 612 274 educo;
624 240 669 270 alo
680 263 687 274 ,
698 239 793 269 nutrio
802 261 811 269 .
834 244 846 275 [
857 239 909 269 Sed

112 282 160 311 ille
169 292 220 311 nec
230 292 323 321 aquam
335 282 494 322 reprobavit
505 282 647 312 Creatoris
656 304 664 316 ‚
678 292 730 321 qua
742 280 803 310 suos
813 280 908 313 abluit,

109 332 160 351 ncc
169 324 262 352 oleum
272 345 280 357 ‚
302 334 358 362 quo
368 324 430 353 suos
440 323 536 363 ungit,
556 333 606 352 nec
616 324 706 352 mellis
715 343 723 354 ‚
741 325 770 351 ὃ(
779 321 854 350 lastis
865 321 909 350 so-

109 361 237 392 ‹ictatem
249 385 257 397 ,
277 375 329 403 qua
339 363 399 393 suos
420 364 537 393 infantat
548 383 556 392 .
577 364 695 393 Tertull.
707 361 825 390 Advers.
837 364 910 391 Mar—

108 402 184 432 cion.
194 404 241 433 lib.
258 415 279 433 1.
290 415 313 432 c.
329 408 393 440 14.]
407 406 453 435 Ad
464 406 581 444 liquores
589 404 688 432 :illudit
700 424 708 435 ,
729 411 775 440 qui
786 403 908 441 baptiza-

110 443 144 472 tis
153 445 268 483 praeberi
276 445 401 475 solebant
410 468 418 480 ,
428 446 462 475 de
472 447 567 487 quibus
578 445 606 474 111
617 445 682 474 diet.
692 444 853 482 Bapnsmus
865 443 907 472 di-

106 485 179 513 &um
189 487 228 516 est
237 507 245 516 ·

66 525 168 555 Inani
182 548 189 560 ‚
201 527 330 556 dicuntur
339 526 441 556 mortui
453 548 461 557 .
470 526 543 557 Vide
553 529 664 565 Superi.

66 566 215 596 luiturus
226 589 234 596 .
254 569 310 597 PR.
320 568 394 597 locus
404 568 594 597 damnatorum
606 587 613 596 .
631 568 724 603 Quare
737 573 826 595 autem
837 564 905 602 juste

106 606 144 634 ibi
154 608 322 636 :eternaliter
333 608 440 637 detenti
449 609 606 637 crucientur
616 611 625 636 ἒ
635 605 741 636 erudite
751 606 904 646 Gregorius

106 648 175 685 Papa
187 647 335 687 respondet
344 648 491 687 inquiens:
506 647 686 684 [Voluillent
695 646 784 685 iniqui
797 669 804 680 ,
824 648 843 676 11
855 658 903 685 po-

963 86 1021 106 tus:
1035 82 1047 112 [
1060 75 1112 109 His
1123 75 1248 106 omnibus
1258 78 1401 108 elementis
1411 99 1419 112 ,
1431 89 1513 117 atque
1523 36 1768 121 corporisusiJgnis

964 117 1140 148 inflabellatus
1150 118 1187 148 est
1197 137 1205 145 ·
1227 119 1343 148 Tertull.
1353 119 1479 150 adversus
1489 120 1600 149 Valent.
1613 124 1625 153 ]
1649 125 1712 159 Ejus
1719 133 1768 152 an-

965 158 1073 189 tithefis
1082 180 1089 187 .
1110 159 1183 190 Vide
1193 159 1280 189 Folleo
1290 181 1298 187 .

927 201 1056 231 [secono
1069 221 1076 230 .
1097 202 1156 231 FR-
1177 198 1242 229 sane
1253 199 1438 240 aequivocavit
1447 202 1493 240 Jo.
1507 200 1577 230 Lud.
1595 200 1629 230 de
1640 202 1664 230 la
1673 203 1767 232 Corda

964 241 1017 270 hoc
1030 242 1142 271 verbum
1152 251 1294 280 exponens
1303 251 1353 280 pro
1364 243 1444 271 flores
1454 241 1589 280 colligere
1600 252 1608 273 ς
1630 252 1694 270 nam
1711 248 1767 271 De-

961 282 1029 321 floro
1039 282 1176 312 diceretur
1185 282 1277 321 potius
1287 304 1295 315 ,
1317 283 1347 311 111
1358 293 1414 321 quo
1422 281 1502 312 sensu
1514 283 1715 321 Deflorationes
1726 285 1767 312 A-

965 323 1089 352 nastasius
1100 322 1234 352 Biblioth.
1245 324 1397 362 appellavit
1405 333 1486 362 opera
1495 333 1528 352 ex
1541 322 1625 352 variis
1643 323 1748 352 austeri
1756 341 1767 347 ·

964 363 1009 392 bus
1018 373 1146 402 excerpn
1157 385 1166 397 ‚
1174 374 1234 402 qua:
1245 374 1260 392 a
1270 364 1469 393 recentioribus
1479 364 1626 401 Florilegia
1641 363 1765 392 diceren-

964 413 1008 432 tur
1018 425 1026 433 .
1046 407 1143 444 Itaque
1160 405 1257 444 Inflare
1276 405 1388 434 floribus
1409 405 1543 434 adornare
1555 403 1706 443 fignificat;
1728 404 1763 433 fic

963 445 1038 474 enim
1050 446 1182 484 populum
1201 446 1235 474 ad
1246 445 1423 476 festivitatem
1439 447 1478 474 D.
1490 445 1631 474 Benedicti
1649 455 1765 473 concur-

964 495 1072 515 rentem
1091 488 1190 515 florum
1206 485 1280 515 serto
1290 507 1298 519 ,
1319 487 1486 526 corollaeque
1503 495 1664 524 comparans
1673 485 1764 515 Oddo

961 526 1049 555 Abbas
1060 526 1090 556 in
1100 525 1226 555 sermone
1236 537 1286 566 pro
1296 528 1395 556 eodem
1404 527 1513 566 inquit:
1527 528 1626 562 [Nam
1635 537 1693 555 non
1703 526 1766 565 qui-

961 577 1013 605 que
1024 567 1159 607 Pagenses
1171 579 1179 599 ς
1198 568 1298 597 'verum
1319 568 1402 597 etiam
1415 569 1488 607 plebs
1506 567 1605 597 urbana
1626 567 1763 596 nobilibus

963 607 1029 635 viris
1041 608 1175 640 conserta,
1185 609 1360 638 Clericorum
1370 610 1453 638 etiam
1462 607 1586 638 honestis
1594 608 1668 647 quali
1679 608 1762 637 inflo-

961 657 1017 676 rata
1029 648 1152 687 personis
1163 649 1315 679 letabunda
1333 650 1466 679 conflavit
1476 669 1483 677 .

105 687 215 717 tuill'ent
226 711 232 722 ,
245 689 300 718 fine
309 689 364 718 line
376 699 470 718 vivere
479 709 488 721 ‚
507 697 538 717 ut
549 687 696 726 potuill'ent
707 687 764 716 line
776 689 830 718 fine
843 699 904 727 pec·
919 690 1211 719 INFoEDERABILITER
1221 711 1229 723 ‚
1249 690 1460 730 implacabiliter
1470 711 1477 718 .
1490 688 1708 726 [Orationibus,
1730 692 1759 719 δε

105 738 180 756 care.
201 729 362 759 Ostendunt
380 729 482 767 quiain
501 738 614 767 peccato
624 726 732 766 semper
741 728 839 757 vivere
858 739 903 757 cu-

102 767 186 806 piunt
195 790 202 801 ‚
213 769 259 808 qui
271 779 407 808 nunquam
416 769 544 798 defluunt
555 779 665 807 peccare
675 791 683 802 ‚
703 769 768 797 dum
781 770 808 799 vi
816 779 884 798 vunt
896 790 902 797 .

100 808 148 837 Ad
159 819 286 848 magnam
303 821 371 850 ergo
390 810 521 845 justitiam
540 810 686 847 judicantis
703 810 825 847 pertinet
845 832 852 843 ‚
873 820 902 838 ut

958 729 1141 765 eleemosynis
1152 732 1321 768 quorundam
1331 731 1456 761 adversus
1466 741 1512 759 eos
1532 729 1762 759 infoederabiliter

959 771 1125 800 certantium
1134 792 1141 798 .
1152 773 1226 800 Petr.
1237 772 1386 801 Daniianus
1396 772 1428 802 in
1437 772 1493 800 vita
1505 772 1531 800 S.
1543 771 1690 804 Odiloniz
1700 781 1758 809 cap.

962 822 1004 840 10.
1015 811 1041 843 ξ.
1054 824 1067 840 2
1075 824 1101 840 2.

101 858 240 888 nunquam
250 861 358 880 careant
370 850 507 890 supplicio
517 873 524 884 ‚
537 851 585 890 qui
597 851 626 880 in
637 849 687 879 hac
699 859 755 878 Vita
765 851 1009 889 nunquam-INFRA
1021 871 1029 880 .
1049 854 1107 882 PR.
1117 863 1168 891 pro
1180 851 1254 882 intra
1263 874 1270 882 .
1291 853 1393 888 [Infra
1403 852 1513 883 Urbem
1522 872 1530 883 ,
1542 854 1570 879 ὃ(
1580 850 1718 889 POrticum
1731 851 1758 879 S·

100 890 248 920 voluerunt
256 902 347 921 carere
361 902 471 931 peccato
483 912 490 920 .
510 892 592 930 Apud
603 892 730 921 Gratian.
742 890 772 920 in
783 902 841 920 can.
853 903 902 922 vo-

100 930 229 965 luissent,
247 933 281 961 de
293 934 392 972 poenit.
404 933 468 962 dist.
484 935 531 965 1.]
557 934 600 962 Sic
609 943 676 971 ergo
685 942 797 960 econtra
807 933 901 962 dicen-

99 971 164 999 dum
176 994 184 1005 ‚
203 974 277 1011 quod
297 975 412 1003 Beatiin
428 974 516 1013 gloria
536 974 704 1002 xternaliter
722 983 898 1003 remuneren-

101 1020 146 1039 tur
157 1033 164 1044 ,
175 1014 238 1050 quia
250 1014 267 1042 fi
279 1013 400 1042 infinitas
419 1016 485 1043 vitts
497 1013 646 1043 habuifl‘ent
660 1035 667 1046 ,
686 1024 824 1052 nunquam
838 1016 900 1045 Deo

100 1050 246 1091 displicere
262 1054 407 1084 voluissent
416 1077 423 1083 .
434 1056 541 1084 Inferni
553 1055 680 1094 proditor
691 1076 698 1083 .
722 1055 797 1084 Vide
806 1061 899 1086 Laza-

99 1103 146 1120 rus
158 1114 164 1120 .
190 1094 318 1124 Infernus
339 1097 426 1125 Chaos
444 1097 527 1125 etiam
550 1097 669 1124 dicitur:
697 1096 854 1131 [Similiter
870 1101 897 1126 &

100 1134 230 1168 mulieri,
254 1145 313 1174 quae
326 1137 372 1164 tali
385 1137 466 1166 suerit
474 1136 575 1165 scelere
589 1136 658 1174 lapsa
669 1159 677 1170 ‚
694 1146 724 1163 ut
736 1135 892 1165 fornicatio-

956 892 1049 920 Petri.
1069 893 1275 923 BuHar-Calin.
1294 904 1362 922 toni.
1385 907 1410 923 2.
1429 893 1540 922 constit·
1556 902 1620 920 112.
1640 892 1758 929 Qualem

957 931 1052 961 fratres
1062 934 1174 970 alicujus
1185 934 1345 964 Monasterii
1356 933 1546 964 Cluniacensis
1564 932 1635 961 infra
1646 933 1760 962 Italiam

956 983 1158 1003 commorantes
1168 978 1220 1004 &e
1240 975 1347 1004 Ibidem
1357 975 1445 1004 const.
1472 979 1535 1003 180.
1552 973 1677 1006 Omnia,
1696 984 1758 1012 quae

954 1015 993 1042 D.
1005 1014 1166 1044 Benedictus
1174 1015 1246 1044 insi-a
1259 1016 1366 1046 Urbem
1377 1017 1535 1054 Capuamm
1546 1012 1660 1051 poss'edit
1671 1034 1679 1041 .
1699 1015 1760 1042 He-

954 1064 1106 1093 rempertus
1125 1056 1153 1084 111
1165 1055 1277 1093 epitom.
1295 1067 1359 1085 ann.
1373 1061 1438 1089 887.
1459 1055 1572 1084 Oblitus
1590 1055 1667 1083 vallo
1685 1053 1756 1083 infra

953 1095 1062 1124 Urbem
1072 1116 1080 1124 .
1100 1096 1206 1125 Ibidem
1217 1107 1281 1126 ann.
1290 1109 1361 1134 909.
1374 1099 1386 1130 ]
1408 1099 1444 1126 In
1454 1096 1565 1136 propria
1576 1094 1757 1134 significatio-

954 1146 988 1163 ne
999 1156 1006 1163 .
1018 1136 1199 1173 Viderts‘um
1211 1158 1220 1165 .

98 1173 140 1201 nis
152 1185 208 1202 11011
220 1175 333 1205 ducatur
342 1177 375 1205 ad
385 1177 466 1206 chaos
477 1199 485 1210 ‚
506 1187 566 1206 can.
577 1178 595 1206 si
605 1178 665 1216 quis
675 1187 736 1206 cum
745 1178 844 1206 duabus
853 1172 1001 1207 so-lINi-im
1014 1179 1059 1206 Ac
1067 1188 1177 1206 l'IONEM
1189 1199 1196 1206 .
1208 1178 1282 1207 Vide
1292 1180 1374 1208 Αἱὶὶο
1382 1178 1465 1215 Mzfflz
1476 1199 1484 1211 ‚
1497 1181 1592 1205 Canon
1601 1177 1684 1214 Miffae
1698 1196 1706 1203 .

98 1214 202 1243 roribus
212 1237 219 1249 ‚
229 1211 276 1254 ᾖ.
287 1227 331 1255 qu.
345 1229 370 1246 ι.
383 1220 394 1249 ]
408 1218 480 1247 Vide
489 1219 619 1247 Cebenna
629 1239 638 1247 .

58 1255 109 1285 Im
116 1265 212 1284 11111011
222 1276 229 1283 .
248 1257 366 1296 Dapiser
375 1278 383 1285 .
405 1259 454 1294 [Si
464 1259 524 1298 quis
535 1261 665 1292 majorem
676 1258 842 1288 infertorem
851 1270 897 1288 oc-

97 1295 214 1330 ciderit,
225 1296 256 1325 in
266 1298 327 1337 lege
337 1297 414 1327 salica
424 1300 468 1328 tit.
482 1311 508 1328 2.
521 1301 532 1331 ]
545 1299 618 1328 Vide
630 1298 746 1337 Dapafer
757 1319 765 1327 .

55 1335 158 1365 Ixfzsi
168 1348 227 1375 uco
239 1358 247 1365 .
265 1339 321 1368 Fit.
333 1339 458 1369 immitto
478 1342 508 1369 in
526 1339 716 1379 polleffionem
726 1361 733 1367 .
753 1343 815 1376 Ejus
833 1352 895 1378 ety-

95 1386 161 1404 mon
171 1398 178 1405 .
197 1379 270 1407 Vide
279 1381 404 1416 Ftstncus
415 1402 423 1409 .
441 1382 635 1417 Synonymum
643 1401 652 1410 .
672 1381 747 1410 Vide
756 1382 876 1424 Quanto
886 1403 894 1411 .

96 1417 251 1448 Antithesis
263 1441 269 1447 .
285 1421 357 1449 Vide
367 1421 512 1459 Exfisturo
521 1441 529 1449 .

54 1457 185 1487 Ixrzuno
199 1480 206 1487 .
229 1461 302 1489 Vide
314 1461 500 1498 Imbenefiiio.

53 1496 204 1527 &rioms
216 1519 223 1527 .
246 1502 301 1529 FR.
311 1500 413 1529 dicitur
430 1502 513 1530 etiam
522 1512 666 1540 peccator3
688 1513 752 1530 nani
762 1504 894 1541 concupi-

95 1535 196 1567 scentia
215 1538 372 1568 idololatria
381 1541 484 1571 dicitur
494 1562 502 1570 .
526 1543 598 1570 Vide
616 1544 780 1572 Idololatria
789 1564 797 1572 .
817 1545 894 1573 Hinc

93 1578 256 1608 Concubina
267 1580 387 1609 infidelis
397 1583 547 1620 appellatur
556 1603 563 1610 .
585 1582 840 1623 [Quotiescumque
850 1595 895 1613 au-

93 1626 149 1662 tem
160 1620 267 1648 Natalis
278 1621 394 1650 Domini
407 1644 415 1655 ‚
425 1633 468 1651 aut
479 1622 591 1662 reliquae
604 1623 765 1653 festivitates
773 1625 892 1654 devene·

94 1668 153 1702 rint
168 1681 174 1691 ,
187 1671 245 1689 non
256 1660 344 1690 solum
355 1662 384 1691 ab
397 1663 551 1692 infidelium
560 1665 774 1693 concubinarum
781 1666 894 1695 consor-

93 1707 152 1731 t105
163 1699 208 1729 sed
218 1702 300 1730 etiam
312 1714 327 1730 a
335 1704 455 1741 propriis
464 1705 591 1734 uxoribus
601 1706 734 1734 abstinere
744 1705 871 1736 debemus
883 1729 890 1740 ,

94 1749 154 1768 can.
174 1741 407 1782 Quotiescumque
419 1766 426 1777 ,
440 1755 487 1782 33.
498 1755 544 1783 qu.
556 1757 584 1781 4.
596 1748 607 1777 ]
619 1749 646 1776 &
659 1746 694 1774 ibi
703 1747 795 1776 Gloss'a
805 1769 812 1775 .
824 1748 893 1778 Infi-

93 1779 168 1808 deles
176 1803 184 1814 ,
195 1793 295 1821 nempe
304 1805 312 1817 ‚
331 1786 432 1824 Pagani
443 1785 551 1822 poliunt
563 1786 592 1815 in
604 1786 720 1816 Ecclesia
731 1797 838 1817 manere
849 1787 892 1817 us-

93 1830 146 1864 que
158 1821 192 1850 ad
215 1823 320 1853 Mill'ani
329 1825 588 1854 catechumenorum
598 1847 607 1856 .
625 1827 718 1857 Glofl'a
728 1828 757 1857 in
768 1839 825 1857 cau.
842 1831 892 1867 Ju-

92 1861 156 1893 ἀει,
166 1861 200 1890 de
212 1863 360 1893 consecrat.
371 1866 433 1894 dist.
447 1877 474 1901 4.
486 1867 561 1896 Vide
569 1873 697 1906 Paganus
707 1891 715 1902 ‚
726 1871 888 1906 Forasticus.

55 1899 224 1945 {Ni-ionem
233 1924 240 1932 .
253 1905 310 1934 PR.
321 1915 479 1945 oppignore
489 1928 496 1935 .
517 1908 566 1943 [Si
576 1908 663 1937 infans
673 1920 714 1938 res
725 1908 783 1939 suas
795 1911 878 1939 vendi

92 1942 165 1986 derit
174 1965 182 1975 ,
204 1944 248 1973 vel
259 1944 466 1976 infiduciaverit
477 1969 486 1981 ‚
505 1948 552 1977 lib.
563 1960 589 1978 2.
600 1949 643 1978 tit.
657 1961 704 1987 29.
716 1950 734 1979 1.
745 1963 772 1981 ι.
781 1951 816 1980 de
825 1961 878 1991 pro

92 1981 180 2011 hibita
190 1985 299 2014 alienat.
308 1985 411 2016 minor.

49 2023 232 2054 ἶκῑιηκιτᾼς
243 2047 250 2054 .
263 2026 335 2056 Vide
345 2029 559 2067 Morbigenera.

50 2064 193 2095 Inruimus
206 2086 213 2094 .
236 2066 308 2096 Vide
319 2069 446 2098 Clinicus
455 2090 463 2097 .

49 2103 192 2149 Iuriscon
203 2129 211 2140 ‚
232 2107 366 2138 confiscor
375 2129 383 2137 .
404 2115 415 2145 [
429 2111 512 2147 Quod
527 2110 572 2140 ubi
590 2114 652 2142 Rex
671 2111 806 2142 annuisset
814 2136 823 2148 ‚
841 2124 889 2143 au-

90 2145 169 2175 diens
178 2148 318 2177 Dominus
338 2149 501 2180 Hincmarus
510 2151 611 2180 Praesul
623 2173 630 2185 ,
653 2154 699 2191 qui
709 2152 803 2182 sedem
812 2164 875 2184 tene

94 2186 137 2229 bat
147 2190 273 2220 Ecclesia:
285 2189 451 2220 Rhemenfis
462 2213 470 2225 ,
480 2191 549 2221 hanc
558 2191 678 2222 infiscari
689 2194 803 2228 Villam,
813 2206 888 2235 rega-

88 2226 124 2254 lis
135 2237 268 2269 praecepti
291 2229 411 2261 chartam
422 2233 454 2262 in
469 2232 596 2262 archivio
615 2233 694 2270 hujus
711 2236 835 2265 Ecclefiae
846 2248 887 2265 re-

87 2276 193 2306 pertam
204 2292 212 2303 ,
224 2271 345 2301 dationis
355 2271 464 2310 hujusce
473 2272 571 2303 seriem
579 2276 770 2305 continentem
781 2299 789 2311 ,
799 2278 888 2307 Caro-

88 2307 117 2336 lo
127 2311 217 2340 mittit
227 2332 234 2340 .
249 2313 394 2343 Flodoard.
403 2314 451 2344 lib.
467 2325 490 2344 ι.
501 2314 565 2344 hist.
577 2315 681 2346 Rheni.
692 2327 748 2356 cap.
762 2329 809 2353 24·

46 2349 308 2395 {suani-iarun
326 2365 386 2387 non
403 2355 520 2397 agitatus
539 2367 554 2388 a
572 2359 684 2399 yemis,
704 2357 752 2396 seu
768 2358 877 2394 insuffla

911 1219 1025 1246 Isiaco
1035 1237 1042 1244 .
1068 1220 1124 1248 PR.
1137 1217 1167 1246 in
1179 1218 1268 1257 fugam
1278 1219 1392 1257 impello
1402 1238 1410 1245 .
1432 1225 1443 1254 [
1455 1217 1513 1247 Etsi
1521 1216 1641 1255 suspicio
1651 1217 1733 1245 suerit
1743 1239 1754 1250 ,

953 1267 982 1286 ut
994 1258 1053 1296 post
1064 1261 1267 1289 Sacramentum
1279 1260 1360 1298 pacis,
1372 1259 1554 1288 direxerimus
1564 1267 1611 1286 eos
1620 1268 1755 1296 quocum-

951 1309 1003 1337 que
1014 1320 1022 1332 ,
1034 1302 1077 1329 vel
1089 1300 1302 1338 instigaverimus
1312 1305 1364 1330 &c.
1376 1300 1406 1328 in
1415 1300 1497 1339 capit.
1507 1298 1664 1329 Radelchili
1675 1320 1683 1331 ,
1694 1309 1754 1337 cap.

956 1346 1002 1408 1όέ
1013 1342 1084 1410 11ῑὲυά
1094 1341 1247 1371 Camillum
1258 1343 1441 1381 Peregrinum
1452 1342 1483 1370 111
1493 1340 1566 1370 Hist.
1575 1340 1666 1369 Princ.
1680 1341 1754 1368 Lon-

948 1391 986 1418 go
1004 1391 1029 1408 ar
1052 1403 1059 1410 .

909 1422 1022 1450 Imm
1032 1443 1040 1451 .
1057 1425 1112 1453 FR.
1127 1422 1285 1461 Imperialis
1293 1423 1416 1453 diadema
1426 1444 1433 1455 ‚
1456 1424 1492 1452 C.
1502 1422 1535 1450 de
1544 1420 1639 1460 quadr.
1650 1430 1716 1458 prm.
1730 1421 1750 1450 l.

951 1461 1028 1491 finali
1039 1463 1068 1491 111
1079 1464 1129 1493 fin.
1147 1464 1292 1503 antiquum
1304 1465 1380 1494 enim
1398 1463 1476 1492 usum
1494 1461 1646 1491 coronandi
1658 1463 1752 1498 Impe-

949 1513 1068 1532 ratorem
1081 1526 1088 1537 ,
1100 1516 1134 1534 ex
1150 1505 1260 1534 Alciato
1271 1505 1432 1534 Laurentius
1443 1503 1549 1532 Merula.
1559 1502 1637 1531 lib-2.
1647 1502 1681 1530 de
1691 1504 1753 1531 An-

949 1543 1000 1583 tiq.
1012 1545 1112 1574 Gallim.
1125 1545 1231 1583 Cisalp.
1251 1557 1274 1573 c.
1286 1546 1363 1581 9.11;ι
1373 1545 1456 1573 refert
1469 1556 1475 1572 :
1497 1543 1686 1579 [coronandi
1705 1553 1752 1571 au-

948 1593 1005 1613 tem
1015 1584 1062 1614 hic
1073 1596 1130 1616 mos
1139 1585 1329 1615 observabatur
1339 1606 1347 1614 .
1367 1589 1442 1614 Ante
1451 1595 1525 1614 arma
1533 1583 1692 1613 Pontificiis
1705 1593 1755 1611 ve-

949 1624 1150 1656 stibusindutus
1161 1627 1283 1656 Antistes
1294 1648 1301 1659 ,
1320 1636 1461 1665 petentem
1471 1625 1499 1654 se
1508 1624 1636 1653 coronari
1646 1626 1752 1653 Rotna-

948 1676 1048 1695 norum
1058 1670 1168 1708 Regem
1178 1689 1187 1701 ‚
1199 1668 1270 1696 sacro
1280 1667 1345 1696 oleo
1353 1667 1454 1696 dextro
1463 1667 1493 1695 in
1502 1665 1618 1694 humero
1630 1664 1748 1703 perlini-

947 1707 990 1735 bat
1002 1718 1009 1735 :
1031 1708 1061 1736 in
1071 1708 1166 1738 medio
1181 1708 1287 1736 dextrae
1308 1718 1401 1736 manus
1425 1707 1520 1746 digito
1538 1707 1671 1735 annulum
1681 1715 1751 1736 mox

945 1748 1095 1778 collocabat
1104 1771 1113 1782 ,
1134 1749 1235 1778 deinde
1244 1747 1337 1777 ensem
1354 1749 1459 1777 nudum
1471 1747 1590 1776 tradebat
1600 1769 1608 1780 ‚
1630 1745 1751 1776 subinde

949 1789 1033 1826 capiti
1053 1800 1183 1818 coronam
1194 1812 1202 1823 ,
1230 1790 1389 1828 dextra-que
1407 1788 1546 1828 sceptrum
1566 1788 1726 1826 imponebat
1735 1799 1747 1818 ;

945 1828 1070 1868 hancque
1089 1841 1202 1859 omnem
1211 1829 1420 1860 solemnitatem
1439 1829 1554 1868 publicis
1571 1829 1748 1857 documentis

944 1871 1051 1905 jubebat
1060 1870 1111 1900 else
1123 1871 1263 1900 testatam:
1284 1870 1384 1910 sceptri
1395 1871 1452 1899 fasti
1456 1871 1504 1909 gio
1513 1879 1625 1908 pomum
1633 1879 1748 1899 aureum

944 1910 1027 1939 stabat
1037 1933 1046 1944 ‚
1057 1922 1112 1950 quo
1123 1912 1192 1941 Aliae
1204 1933 1212 1944 ‚
1223 1911 1324 1941 Africa:
1335 1935 1342 1945 ,
1353 1915 1381 1940 ὃ(
1392 1915 1507 1950 Europae
1517 1910 1664 1949 inscriptio
1683 1910 1747 1938 bre-

948 1951 989 1980 vis
1000 1952 1069 1981 inest
1083 1964 1092 1984 5
1111 1951 1189 1991 supra
1197 1962 1310 1991 pomum
1327 1955 1405 1982 Crux
1426 1962 1505 1981 aurea
1525 1950 1652 1981 inseritur
1664 1955 1717 1979 διε.
1728 1952 1746 1983 1

943 1992 1052 2021 C-etera
1070 2004 1130 2032 qua:
1142 1994 1176 2022 ad
1197 1994 1375 2032 Imperatoris
1393 1992 1584 2022 coronationis
1599 1991 1722 2030 specstant
1733 2010 1745 2019 .

945 2032 1018 2061 Vide
1027 2035 1163 2063 Pec'borale
1173 2054 1181 2061 .
1192 2035 1265 2062 Item
1275 2034 1367 2063 Insula
1377 2043 1488 2063 mitram
1498 2033 1640 2072 significat.
1653 2033 1745 2068 [Cum

942 2074 1113 2111 Apostolicis
1133 2074 1229 2103 infulis
1238 2076 1439 2104 celebrantem.
1462 2074 1588 2105 Anastas.
1603 2071 1741 2103 Biblioth.

941 2115 973 2142 in
984 2115 1109 2144 Adriano
1119 2117 1160 2144 ΙΙ.
1173 2117 1234 2144 Hoc
1245 2127 1318 2144 anno
1328 2122 1339 2150 (
1350 2124 1442 2154 nempe
1456 2117 1644 2153 1244.)Papa
1653 2115 1743 2143 Inno-

940 2155 1044 2184 centius
1056 2161 1067 2190 (
1079 2157 1146 2192 idest
1156 2178 1163 2189 ‚
1174 2161 1213 2186 IV.
1226 2161 1238 2189 )
1253 2156 1384 2186 conceffit
1395 2158 1510 2186 Decano
1528 2156 1638 2193 majoris
1649 2155 1743 2184 Eccle-

941 2196 985 2224 fiac
998 2217 1005 2229 ,
1016 2195 1093 2225 usum
1103 2198 1194 2226 Mitrae
1207 2219 1215 2230 ,
1238 2197 1284 2226 seu
1294 2197 1389 2226 infulae
1400 2199 1432 2227 in
1450 2198 1593 2237 praecipuis
1605 2196 1740 2225 festivita-

942 2237 1012 2266 tibus
1022 2259 1031 2265 .
1053 2237 1224 2267 Trithemius
1244 2239 1276 2267 in
1292 2238 1405 2269 Chron.
1423 2238 1604 2278 Sponimense
1614 2259 1622 2266 .
1641 2241 1740 2265 Extra-

941 2288 1055 2307 nearum
1073 2278 1239 2308 habitatores
1255 2280 1364 2310 urbium
1380 2289 1460 2309 tanto
1477 2279 1505 2310 se
1524 2277 1737 2318 tripudiolsssta*

942 2320 1007 2348 bant
1016 2341 1024 2353 ,
1044 2320 1115 2358 quasi
1127 2320 1189 2359 ipfis
1207 2322 1320 2360 proprie
1330 2320 1485 2362 profitturus
1507 2320 1606 2350 infulas
1613 2317 1739 2347 sacerdo-

941 2361 1010 2392 tales
1017 2363 1168 2405 exceperit.
1177 2362 1323 2395 Euswdius
1332 2363 1424 2394 Ticin.
1432 2361 1522 2402 Epist.
1530 2363 1561 2392 in
1571 2362 1628 2393 vita
1637 2358 1742 2429 SilF-Pi*

1355 2405 1378 2442 B
1394 2403 1410 2438 b
1454 2415 1470 2434 ⁷-
1633 2410 1652 2440 P
1676 2410 1706 2432 ²-
