1866 2526
487 33 582 78 SP

85 99 246 131 sonuum.
266 94 340 126 Vide
360 101 475 133 sparta.

91 141 304 170 sparnacum.
327 135 402 165 Vide
423 135 601 173 Spatalium.

89 182 280 211 Snnmmus
292 173 482 213 ,σταθοίριος,
500 174 650 214 Armiger,
675 170 722 212 qui
733 171 825 202 ensem
834 172 928 212 Impe—

1325 35 1352 76 S
1386 32 1419 74 P
1647 35 1728 85 627

945 88 1100 119 Sne-ritum
1112 112 1118 119 .
1131 87 1205 120 Vide
1216 90 1405 120 Biothtmtrtus
1416 110 1423 117 .
1433 93 1557 118 Horama
1567 109 1575 118 .
1593 95 1700 120 orama
1709 110 1717 118 .

945 130 1134 159 Specutnoit
1147 152 1155 163 ,
1165 132 1202 160 ita
1214 131 1366 170 appellatus
1376 130 1414 159 est
1425 128 1582 158 Gulielmns
1589 132 1728 160 Dur-antes
1737 151 1745 163 ,
1757 127 1791 158 (ἰ-

985 180 1020 199 ve
1039 170 1185 199 Dur-andus
1198 169 1345 211 Episcopus
1355 193 1362 205 ,
1385 181 1420 200 ex
1430 179 1464 198 eo
1474 170 1537 209 quia
1547 180 1614 208 opus
1626 169 1786 209 composue-

134 220 227 250 rialem
245 217 345 246 ferebat
355 237 362 244 .
386 221 400 251 [
411 216 463 245 Sed
474 215 627 254 spatharius
648 213 716 243 hom
727 214 830 243 Sanflae
841 214 930 243 Com-

134 258 274 289 munionis
285 259 384 296 Papam
394 257 471 286 nullo
483 257 567 286 modo
577 256 674 286 videre
685 254 787 294 potuit.
800 254 929 294 Sigibcrt.

135 300 166 329 in
174 298 284 329 Chron.

93 341 278 371 Sennium(
292 361 299 372 ‚
320 337 476 376 σπανιςῆο.
501 341 558 369 FR.
571 338 687 367 ferreum
699 335 931 368 instrumentum,

133 391 188 420 quo
210 380 320 409 Hebraei
341 379 495 418 pelliculam
504 378 649 409 artificiose
668 377 702 407 ad
719 376 931 415 cooperiendam

133 421 369 450 circumcifionem
380 419 545 453 traliebant,a
557 420 640 448 verbo
649 428 740 458 graeco
750 415 846 448 σπείω,
857 415 932 455 quod

135 461 215 491 traho
227 483 235 495 ,
257 461 313 490 {ive
323 460 416 489 avello
425 460 574 500 fignificat:
599 465 614 496 t
626 462 665 490 At
683 458 736 487 hoc
756 457 864 497 gravius
874 456 911 484 est
922 477 930 488 ,

134 502 210 542 quod
220 502 303 530 etiam
312 512 325 530 a
334 501 540 530 circumcifione
553 499 708 540 praeputiati
719 499 787 527 fiunt
799 507 856 526 arte
867 507 931 536 qua-

133 545 196 573 dam
208 542 312 571 medica
322 563 330 575 ,
351 539 399 580 per
409 541 620 571 instrumentum
628 538 816 570 attractorium
826 537 931 577 spathi-

135 584 232 613 sterem
243 583 427 621 appellatum,
450 582 572 611 infimam
582 582 765 610 membrorum
785 579 931 607 cuticulam

137 623 239 654 atti-alu
250 624 369 652 sinentes
379 637 388 655 ,¹
398 622 566 661 futuramque
577 622 762 653 admittentes,
774 623 801 648 &
811 619 931 659 glutina-

136 665 215 694 toriis
226 663 409 696 circumdatis,
421 663 586 701 praeputium
598 661 687 691 rursus
698 659 929 699 superinducunt.

136 704 301 744 S.Epiphan.
312 705 358 732 hb.
369 703 404 732 de
413 704 527 741 ponder.
539 707 567 733 ὃ(
577 702 710 734 mensim]
722 702 856 739 Idemque
866 702 931 729 San-

135 747 192 775 etus
204 753 333 783 praeterea
352 743 461 782 inquit,
481 744 556 782 quod
567 743 646 779 hujus
666 741 840 772 instrumenti
853 741 932 781 perfi-

133 787 181 814 dus
198 784 261 814 Esau
282 782 370 812 fuisset
384 784 518 813 inventor
527 806 535 817 ‚
557 794 586 813 ut
598 786 675 813 velut
697 783 827 822 Apostata
846 793 933 821 pater-

131 835 198 854 num
207 825 311 864 lignum
319 824 436 853 auferret
446 847 454 858 ,
463 826 644 864 divinamque
653 825 743 863 legem
753 825 858 853 deleret
868 835 875 854 ς
897 823 931 852 fic

132 866 208 894 enim
220 866 299 894 verba
308 866 438 903 Apostoli
450 865 598 904 intelligit,
609 866 720 904 quando
729 864 758 893 in
774 863 932 894 i.Corinth.

132 918 156 934 c.
168 917 195 939 7.
204 906 330 934 dixerat:
347 911 359 941 [
373 905 559 936 Circumcisus
570 906 667 944 aliquis
679 915 787 934 vocatus
797 905 834 935 est
846 917 852 933 :
876 915 932 933 non

135 947 249 976 adducat
262 947 427 985 prxputium
438 968 444 974 .
456 949 468 978 ]
481 949 550 975 Item
560 947 605 975 ubi
618 947 730 979 dicitur,
748 958 770 975 1.
784 946 931 975 Macabaeo-

133 997 202 1020 rum,
213 997 236 1014 c.
251 998 273 1014 1.
285 987 359 1025 quod
370 987 452 1026 aliqui
461 997 494 1016 ex
507 987 608 1025 Judaeis
619 987 737 1016 abierant
750 987 782 1015 ad
795 986 930 1015 Gentiles:

137 1033 149 1062 [
162 1031 195 1056 Et
206 1026 328 1055 fecerunt
339 1027 385 1056 libi
395 1029 526 1066 praeputia
536 1040 543 1056 :
555 1031 568 1060 ]
581 1029 732 1067 Origenes,
743 1031 771 1056 δ(
782 1028 817 1056 D.
831 1028 933 1055 Hiero-

133 1077 231 1103 nymus
241 1077 354 1106 negant,
368 1069 443 1107 quod
454 1069 494 1097 illi
508 1069 645 1108 Apostatae
660 1069 817 1097 naturaliter
828 1066 931 1106 potuis-

133 1107 195 1139 sent
207 1108 293 1137 facere
306 1110 469 1148 praeputium
481 1120 488 1139 ς
511 1114 538 1139 δε
551 1109 615 1138 ideo
625 1118 771 1147 exponunt
785 1132 790 1141 ,
803 1109 876 1148 qnod
888 1109 929 1137 isti

132 1150 202 1188 legis
221 1149 326 1178 divinae
337 1149 490 1178 desertores
509 1151 640 1189 praeputia
661 1149 827 1188 reliquissent
840 1159 933 1179 eorum

135 1190 216 1219 filim
239 1188 286 1218 sed
299 1189 456 1225 hujusmodi
467 1191 604 1229 expolitio
624 1192 711 1219 verbis
735 1190 862 1228 Apostoli
874 1190 935 1218 ada-

134 1230 206 1269 ptari
219 1231 395 1270 nequit:quin
405 1235 432 1260 ὃ(
442 1230 556 1270 Joseplii
567 1232 677 1260 Hebraei
689 1231 788 1259 relatio
799 1231 826 1259 in
838 1231 882 1259 lib.
892 1242 898 1259 r
909 1243 933 1259 ι.

135 1270 235 1308 Antiq.
246 1281 304 1308 cap.
315 1279 342 1300 6.
355 1271 503 1309 Epiphanii
515 1271 645 1309 opinioni
658 1271 730 1300 favet
744 1293 751 1305 ,
762 1272 827 1300 dum
840 1271 934 1304 refert,

134 1312 209 1348 quod
220 1311 306 1349 aliqui
315 1311 403 1349 Judaei
417 1312 454 1339 ita
465 1312 697 1341 circumcisionem
709 1311 895 1344 occultass'eut,
905 1321 933 1340 ut

134 1351 202 1380 nudi
213 1361 227 1379 a
238 1352 346 1380 Graecis
358 1362 414 1380 non
425 1352 679 1392 distinguerentur5
703 1353 832 1390 idemque
844 1351 935 1381 sense-

133 1401 172 1419 rit
187 1391 403 1429 I‘lieophylac‘tus
412 1394 442 1421 in
450 1394 544 1421 eadem
553 1393 629 1422 Pauli
640 1393 794 1432 epistolzric
805 1393 935 1422 Thannu-

133 1432 163 1460 di
172 1431 291 1464 all'ertio,
302 1434 332 1460 in
343 1434 418 1461 trac}-
431 1433 584 1461 Se'mmoth.
595 1444 617 1461 c.
632 1438 657 1461 8.
667 1433 779 1462 habetur
787 1455 795 1466 ,
807 1435 882 1472 quod
892 1434 934 1462 ni-

135 1473 237 1500 mirum
257 1473 385 1500 nonnulli
408 1474 519 1501 Hebraei
529 1472 586 1501 suas
603 1474 820 1503 circumcisiones
841 1475 934 1503 infice-

134 1521 196 1539 rant
208 1533 216 1544 ,
237 1521 267 1539 ut
280 1522 336 1539 non
347 1511 576 1550 dignoscerentur
596 1513 646 1542 ess'e
657 1513 779 1543 mosaicae
793 1515 861 1553 legis
871 1525 934 1553 pro-

137 1551 245 1579 feslores
255 1573 261 1583 ,
272 1555 298 1580 δε
313 1551 363 1579 hoc
378 1554 454 1589 pafto
464 1553 572 1588 injurias
585 1575 592 1586 ‚
604 1553 806 1592 persecutiones
816 1577 824 1588 ‚
837 1566 866 1584 ac
876 1565 933 1584 tor—

136 1601 227 1620 menta
236 1592 383 1620 obviarent
393 1614 400 1625 ‚
420 1594 467 1631 qui
480 1594 612 1622 tamenin
621 1594 748 1623 Civitate
756 1597 849 1624 Better
858 1597 935 1625 dein-

136 1633 171 1661 de
181 1632 418 1661 circumcisionem
429 1643 602 1668 iteraverunt,
615 1645 682 1674 quos
692 1636 805 1665 Hebraei
814 1638 934 1675 Mesct'u-

139 1674 214 1701 chim
223 1673 290 1701 idest
302 1675 441 1702 Attractos
453 1675 593 1713 appellant
605 1695 612 1703 .

96 1713 287 1743 SPATHIMELA
299 1735 306 1746 ,
317 1712 500 1752 σπαθιμῆλη,
511 1715 694 1745 linamentum
705 1738 713 1750 ,
723 1717 840 1746 torunda
851 1739 858 1751 ‚
867 1717 936 1747 sem-

137 1753 232 1783 niscus
249 1765 283 1783 ex
293 1754 346 1782 filis
357 1755 390 1782 de
398 1753 489 1783 subtili
500 1776 509 1788 ‚
530 1755 658 1794 lineoque
678 1767 770 1795 panno
791 1759 916 1787 detrastis
928 1781 935 1792 ‚

135 1793 229 1831 quibus
240 1794 376 1833 Chirurgi
389 1795 510 1829 vulnera,
520 1800 547 1825 δε
557 1797 647 1835 plagas
657 1797 778 1826 dilamas
787 1799 819 1827 ad
829 1799 937 1827 diutur-

137 1844 172 1862 ne
183 1835 332 1873 purgandas
342 1834 475 1864 sustinent
484 1856 494 1864 .
516 1836 612 1866 Italice
620 1837 782 1876 Tastofatto
791 1840 820 1867 di
832 1840 935 1876 filacci

136 1874 238 1902 dicitur
248 1895 256 1902 .
268 1875 340 1903 Vide
352 1877 448 1913 Cupha
461 1897 469 1904 .

96 1915 231 1943 spurius
243 1935 251 1942 .
264 1915 337 1943 Vide
348 1917 432 1953 spado
441 1936 450 1944 .

95 1955 231 1984 Spuma
245 1957 468 1986 Hummnns
478 1960 654 1988 Annuit-:ss
664 1978 672 1986 .
695 1960 753 1988 PR.
764 1958 833 1988 idest
843 1970 916 1990 mors
926 1981 933 1989 .

139 2001 152 2030 [
164 1999 215 2024 Eos
236 2005 303 2024 vero
312 2017 320 2029 ,
341 2007 457 2035 quorum
477 1999 591 2028 consilio
609 1999 662 2027 hoc
674 1999 754 2038 egisti
765 2021 772 2033 ,
793 2000 822 2028 in
833 2000 934 2030 duobus

136 2036 269 2064 mentibus
287 2038 538 2068 excommunicatos
556 2038 606 2068 ess'e
617 2040 805 2072 decernimus5
826 2042 864 2070 ita
873 2052 903 2070 ut
915 2042 934 2071 fi

137 2077 205 2115 quid
215 2087 252 2105 cis
263 2078 334 2105 inira
353 2078 469 2107 duorum
477 2081 609 2109 menlium
619 2079 738 2118 spatium
757 2081 934 2111 humanitatis

136 2117 283 2146 advenerit
292 2139 300 2150 ‚
313 2118 504 2148 benedidione
515 2120 609 2149 viatici
619 2131 676 2149 non
687 2121 834 2159 priventur
844 2144 854 2156 ,
875 2134 933 2152 can.

137 2168 212 2186 tanta
224 2179 231 2190 ,
241 2157 363 2187 distinet.
377 2164 424 2189 86.

95 2198 259 2228 Summus
271 2221 278 2232 ,
288 2199 432 2228 decoratus
444 2222 452 2234 ‚
463 2211 607 2230 exornatus
617 2222 624 2229 .
639 2207 651 2237 [
665 2200 741 2238 Quid
750 2201 838 2232 hodie
847 2203 935 2233 infor-

138 2249 182 2267 me
195 2240 224 2267 in
235 2240 357 2273 mundo,
377 2241 444 2280 quid
452 2251 526 2270 retro
543 2241 692 2281 speciatum
712 2242 742 2270 in
753 2244 864 2273 materia
874 2266 882 2278 ‚
904 2254 934 2274 ut

97 2296 99 2298 -
135 2279 276 2318 speculum
287 2281 318 2310 lit
330 2281 446 2311 mundus
455 2282 574 2312 materiae
586 2303 593 2311 .
615 2283 733 2312 Tei-tull.
745 2283 849 2313 advers.
861 2286 934 2314 Her-

135 2329 210 2359 mog.
219 2331 276 2360 cap.
289 2333 336 2356 40.

986 220 1027 240 rat
1039 232 1048 245 ‚
1067 210 1110 239 cui
1119 210 1216 239 titulus
1227 212 1264 239 est
1274 212 1412 251 speculum
1421 211 1495 250 Juris
1506 211 1590 239 tribus
1602 212 1787 240 voluminibus

986 252 1155 281 distinstum:
1168 249 1310 289 scripserat
1322 253 1406 281 etiam
1415 252 1552 281 rationale
1561 250 1732 280 Divinorum
1744 249 1788 279 of-

987 292 1111 322 ficiorum
1120 314 1128 325 ,
1152 292 1227 331 quod
1237 290 1308 330 saepe
1321 290 1366 320 hic
1376 292 1488 320 citamus
1499 302 1506 318 .-
1528 292 1648 329 quicum
1657 289 1719 320 esset
1730 292 1789 319 Ur-

986 333 1046 362 bini
1058 333 1233 372 Apostolicus
1244 333 1370 362 Nuncius
1381 354 1388 365 ‚
1412 331 1565 362 Castellum
1575 331 1766 360 construxerat
1779 352 1789 363 ‚

988 373 1062 413 quod
1079 372 1162 413 usque
1178 374 1211 402 ad
1223 374 1332 403 Urbani
1345 375 1431 403 V111.
1446 381 1570 411 tempora
1591 372 1706 402 Castelli
1729 372 1790 400 Du-

988 414 1074 443 rantis
1085 412 1187 443 nome'n
1199 414 1350 444 retinuerat
1360 425 1368 445 5
1378 413 1425 443 sed
1433 423 1494 442 cum
1504 415 1624 442 Ducatus
1633 412 1741 442 Urbini
1752 411 1787 440 ad

989 455 1132 484 Ecclesiam
1142 458 1296 485 Romanam
1309 464 1434 493 tempore
1443 453 1564 490 ejusdem
1574 453 1720 482 Pontificis
1740 452 1788 480 de-

989 495 1100 524 volutus
1121 495 1202 525 suerit
1214 518 1222 530 ,
1242 497 1312 535 Papa
1330 496 1362 524 in
1372 495 1515 524 civitatem
1525 517 1532 528 ,
1553 498 1582 524 ἀ
1594 493 1789 532 Episcopatum

987 536 1139 566 Castellum
1158 536 1229 566 illud
1246 545 1371 566 erexerat
1385 557 1392 569 ‚
1414 547 1443 564 ac
1454 536 1489 564 de
1506 535 1554 565 suo
1573 535 1687 564 nomine
1697 534 1789 563 Urba-

988 577 1065 605 niam
1082 577 1240 606 Civitatem
1248 577 1443 606 denominavit
1455 597 1461 604 .
1483 577 1596 607 Fwe
1613 574 1667 604 hoc
1676 574 1787 604 Guliel-

988 627 1034 646 mo
1042 627 1156 656 egerunt
1169 620 1301 647 Auelores
1310 618 1381 656 apud
1391 619 1587 646 Bellarminum
1598 638 1606 650 ‚
1617 620 1645 645 ὃ(
1654 615 1741 645 Labbe
1755 614 1790 642 de

990 658 1171 696 scriptoribus
1181 659 1373 688 Eccleliastieis
1383 681 1390 691 ‚
1413 668 1494 697 quern
1507 657 1620 687 natione
1633 655 1788 686 Vasconem

989 700 1053 727 facit
1064 698 1246 727 Bellarminus
1257 721 1263 732 ,
1285 700 1369 728 Labbc'
1384 699 1587 728 provincialem
1607 698 1698 736 potius
1715 699 1788 725 ePo-

988 740 1036 768 dio
1047 738 1176 768 Mass'onis
1188 760 1194 768 .
1214 740 1336 769 Blondus
1347 750 1414 769 vero
1429 739 1633 768 carnotensem
1644 740 1788 767 Decanum

988 779 1107 818 appellat
1117 801 1124 813 ‚
1134 790 1161 808 ac
1173 780 1207 809 de
1217 781 1402 809 aednficationc
1413 780 1527 809 castelli
1540 780 1575 808 iic
1585 779 1676 818 inquit
1694 790 1702 808 ς
1716 784 1728 814 [
1739 780 1790 807 In·

989 820 1073 850 terius
1083 831 1149 850 vero
1158 821 1192 850 ad
1205 821 1321 850 Metauri
1333 821 1471 859 superiora
1480 820 1689 860 progredientes
1701 819 1788 857 plani<

989 861 1057 889 tiem
1067 861 1215 891 inveniunt
1226 861 1490 900 speciosiffimam‚in
1499 872 1549 900 qua
1561 861 1680 900 primum
1691 859 1730 888 est
1740 869 1790 897 op-

989 902 1084 941 pidum
1105 913 1118 931 a
1138 904 1262 931 Metauro
1286 912 1368 942 poene
1388 903 1418 931 in
1437 901 1553 931 insulam
1571 901 1768 930 circumdatum
1782 921 1788 931 ,

989 943 1063 981 quod
1074 943 1227 972 Gulielmus
1236 944 1363 973 Durandi
1372 943 1550 973 Cat-notensis
1560 943 1686 971 Decanus
1698 962 1706 974 ,
1717 942 1789 969 Pon-

989 983 1070 1012 tificii
1079 983 1146 1019 juris
1158 983 1372 1013 consultiffimus
1384 1006 1392 1017 ,
1402 983 1504 1022 speculi
1515 987 1570 1021 ejus
1581 983 1716 1012 doctrinae
1729 981 1791 1010 libri

989 1025 1094 1053 Auciot·
1103 1046 1111 1057 ‚
1131 1034 1192 1052 cum
1204 1025 1319 1054 Martini
1332 1027 1385 1054 IV.
1407 1028 1490 1054 Pont.
1505 1027 1588 1054 Rom.
1599 1023 1725 1053 Nuncius
1734 1043 1742 1055 ,
1760 1025 1790 1050 δε

988 1065 1184 1094 Romandiolae
1195 1065 1386 1094 'thesaurarius
1397 1065 1460 1094 esset
1470 1087 1478 1098 ,
1497 1075 1511 1093 a
1522 1064 1708 1094 fundamentis
1721 1063 1789 1091 aedi-

988 1105 1092 1139 ficavit,
1103 1110 1131 1134 δι
1141 1118 1154 1134 a
1166 1105 1214 1135 suo
1226 1106 1339 1135 nomine
1351 1107 1475 1136 Castrum
1488 1105 1620 1134 Durantis
1629 1104 1791 1142 appellavit,

989 1146 1019 1174 in
1031 1148 1107 1175 transt.
1118 1147 1207 1175 Italiae
1220 1147 1361 1176 illustratae
1372 1147 1470 1176 Picena
1482 1146 1608 1184 provinc.
1620 1145 1734 1184 regione
1749 1145 1791 1178 ς.]

988 1186 1146 1226 Discipulus
1158 1188 1276 1216 Henrici
1292 1188 1450 1216 Cardinalis
1462 1187 1613 1216 Hostienfis
1622 1185 1718 1215 extitit
1730 1205 1738 1217 ‚
1761 1188 1790 1212 δε

991 1228 1122 1267 Magister
1140 1229 1264 1266 prafticae
1277 1229 1428 1267 appellatus
1439 1227 1489 1256 luit
1510 1228 1578 1256 teste
1587 1225 1745 1256 Trithemio
1756 1224 1790 1253 de

990 1267 1083 1307 script.
1104 1268 1203 1297 Eccles.
1213 1269 1392 1298 Giacchettus
1403 1268 1515 1306 insuper
1537 1267 1690 1298 Ricordani
1701 1266 1788 1296 Mala-

989 1308 1076 1348 spinae
1098 1320 1180 1348 nepos
1192 1310 1221 1338 in
1231 1310 1316 1338 addit.
1325 1310 1360 1338 ad
1372 1310 1524 1338 Historiam
1534 1308 1575 1337 sui
1586 1307 1725 1337 Avunculi
1737 1328 1746 1340 ‚
1766 1317 1790 1334 c.

993 1362 1027 1379 22
1035 1355 1059 1378 8.
1070 1350 1163 1388 inquit
1174 1372 1181 1383 ,
1193 1351 1268 1389 quod
1277 1350 1425 1379 Durandus
1437 1350 1538 1378 accitus
1550 1348 1638 1378 ssiiss'et
1647 1349 1678 1377 ab
1689 1349 1790 1376 Hono-

991 1391 1034 1419 rio
1045 1393 1113 1429 Papa
1125 1393 1178 1420 IV.
1197 1392 1230 1420 de
1241 1402 1316 1419 anno
1332 1396 1414 1420 1286.
1433 1394 1461 1419 ὃ(
1479 1391 1615 1419 Gilonem
1632 1391 1790 1419 Durantem

993 1432 1113 1469 appellat
1123 1452 1130 1458 .
1150 1432 1230 1460 Idem
1241 1431 1332 1460 sci-ibit
1351 1433 1396 1469 Jo.
1408 1432 1535 1460 Villanus
1555 1431 1584 1458 in
1593 1433 1648 1466 ejus
1657 1428 1769 1457 historia
1781 1449 1790 1461 ,

991 1473 1036 1501 lib.
1049 1483 1075 1504 7.
1086 1482 1109 1499 c.
1125 1483 1188 1505 107.
1199 1477 1225 1500 δ(
1247 1471 1403 1500 Provinciae
1412 1472 1557 1500 Comitem
1568 1470 1647 1498 illum
1663 1469 1790 1498 nominat

989 1511 1036 1541 sui>
1053 1512 1095 1541 liis
1108 1514 1194 1541 verbis
1206 1524 1212 1540 :
1239 1518 1250 1547 [
1263 1512 1426 1551 Guglielmo
1437 1513 1562 1540 Durante
1580 1512 1675 1540 Conte
1683 1511 1712 1538 di
1722 1512 1792 1538 Pro-

993 1563 1090 1586 venza,
1101 1555 1163 1591 qual
1176 1554 1241 1581 nell'
1250 1563 1323 1581 anno
1339 1564 1347 1580 1
1357 1565 1370 1581 2
1378 1558 1422 1582 86.
1435 1552 1465 1580 su
1476 1552 1611 1581 chiamato
1621 1561 1669 1590 per
1679 1553 1790 1580 Gover-

991 1604 1088 1622 natore
1098 1594 1131 1622 da
1153 1594 1285 1622 Honorio
1294 1595 1364 1632 Papa
1375 1594 1481 1630 Quarto
1492 1595 1522 1625 .]
1545 1591 1687 1622 Nonnulli
1697 1600 1788 1619 tamen

991 1645 1116 1663 errarunt
1133 1634 1204 1663 circa
1213 1634 1390 1662 conditiones
1401 1656 1409 1667 ‚
1431 1644 1460 1662 ac
1470 1634 1565 1662 mortis
1577 1641 1683 1671 tempus
1693 1653 1701 1664 ,
1723 1641 1791 1670 quos

991 1674 1115 1703 censurat
1124 1674 1267 1713 Philippus
1279 1675 1366 1704 Labbe
1379 1675 1412 1704 de
1425 1674 1551 1713 scriptor.
1563 1674 1636 1702 Eccl.
1647 1672 1691 1701 ubi
1702 1672 1735 1700 de
1748 1672 1791 1710 ip-

993 1715 1025 1744 so
1036 1717 1165 1744 Durante
1176 1717 1234 1755 agit
1244 1736 1250 1743 .
1274 1715 1372 1754 Aliqui
1383 1725 1525 1754 perperam
1544 1714 1616 1743 hunc
1625 1712 1791 1742 Dssl's'ss‘ldllln

991 1756 1194 1785 provincialem
1214 1757 1328 1785 natione
1342 1756 1505 1784 intellexere
1526 1755 1606 1784 illum
1626 1753 1790 1782 Dorninica-

992 1807 1036 1825 nae
1048 1797 1158 1826 familiae
1169 1797 1371 1825 Provincialem
1382 1807 1413 1825 ex
1419 1795 1501 1825 titiss'e
1513 1816 1519 1823 .
1541 1797 1609 1825 Haec
1619 1804 1711 1823 autem
1721 1796 1790 1823 Pro-

991 1838 1084 1866 vincia
1093 1849 1108 1866 a
1117 1838 1221 1867 Latinis
1231 1838 1371 1866 Clemaris
1381 1838 1519 1866 dicebatur
1529 1857 1537 1864 .
1548 1836 1672 1875 Sepultus
1681 1834 1721 1864 est
1730 1837 1790 1864 Ro-

991 1888 1042 1907 mae
1055 1879 1084 1906 in
1094 1878 1210 1907 Ecclesia
1220 1878 1320 1907 Sanstae
1332 1878 1424 1906 Mai-icc
1435 1877 1512 1916 supra
1523 1877 1680 1906 Minervam
1690 1895 1697 1903 .

951 1919 1143 1948 SPECULATOR
1155 1940 1163 1953 ,
1174 1918 1242 1947 idest
1252 1940 1259 1951 ,
1269 1917 1436 1950 observator,
1449 1918 1547 1946 Italice
1557 1921 1629 1956 Spia.
1643 1916 1716 1946 Vide
1726 1921 1790 1946 Sca-

993 1971 1070 1988 mem
1081 1981 1087 1987 .
1110 1961 1166 1989 r-R.
1176 1961 1248 1987 Item
1258 1957 1410 1996 speculator
1422 1968 1479 1987 non
1488 1957 1578 1986 solum
1588 1957 1677 1997 vigil,
1701 1961 1729 1986 ὅ(
1738 1958 1787 1986 0b÷

989 1999 1110 2029 servator
1121 1999 1306 2038 intelligitur,
1318 1997 1364 2027 sed
1374 1999 1457 2027 ctiam
1467 1999 1588 2028 carnifex
1597 2019 1604 2026 .
1617 2001 1675 2034 [Et
1685 1999 1793 2027 contri-

990 2041 1071 2069 status
1081 2040 1117 2069 est
1129 2043 1189 2069 Rex
1201 2049 1315 2078 propter
1324 2040 1512 2075 jusjurandum
1524 2061 1532 2073 ‚
1551 2043 1579 2069 ὅ(
1588 2048 1702 2078 propter
1710 2039 1789 2068 simul

990 2081 1188 2111 discumbentes
1198 2102 1206 2113 ,
1216 2080 1307 2109 noluit
1317 2090 1376 2109 eam
1385 2081 1548 2110 contristare
1560 2103 1568 2114 ,
1585 2079 1634 2108 sed
1645 2079 1723 2108 misto
1733 2079 1789 2118 spi-

990 2123 1110 2151 culatore
1119 2143 1128 2155 ‚
1149 2122 1280 2160 praecepit
1289 2120 1376 2150 afferri
1388 2131 1468 2160 caput
1481 2124 1536 2156 ejus
1547 2122 1576 2150 in
1586 2119 1661 2150 disco
1671 2142 1679 2153 ,
1703 2124 1731 2150 δε
1741 2121 1788 2149 de-

988 2163 1103 2191 collavit
1122 2172 1182 2190 eum
1194 2162 1223 2191 in
1233 2172 1336 2190 carcere
1347 2183 1354 2190 .
1375 2164 1458 2191 Marc.
1471 2168 1498 2191 6.
1511 2163 1580 2194 26.]
1601 2162 1653 2191 Sed
1665 2161 1789 2190 Vincen-

991 2204 1043 2233 tius
1053 2203 1202 2233 Riccardus
1222 2205 1250 2231 in
1259 2205 1317 2239 ejus
1325 2202 1400 2232 notis
1408 2203 1441 2232 ad
1452 2204 1477 2232 S.
1490 2204 1616 2232 Proclum
1630 2223 1638 2236 ,
1656 2211 1726 2230 orat.
1743 2207 1786 2230 18.

990 2245 1020 2273 in
1034 2244 1104 2273 laud.
1117 2245 1142 2272 S.
1153 2243 1296 2281 Stephani,
1307 2243 1340 2272 ad
1352 2254 1412 2284 pag.
1427 2254 1440 2280 5
1451 2255 1494 2279 ¹4·
1505 2254 1530 2273 v.
1546 2248 1571 2272 8.
1584 2243 1614 2272 in
1623 2243 1735 2271 Comm.
1746 2253 1786 2270 ra-

991 2286 1112 2314 tionibus
1125 2306 1133 2317 ,
1156 2288 1183 2313 δς
1195 2284 1401 2314 auctoritatibus
1418 2285 1565 2314 contendit
1576 2283 1789 2323 legendumfive-

992 2327 1110 2356 culatore
1121 2346 1128 2358 ,
1147 2328 1174 2353 δε
1186 2326 1418 2363 nonspiculatore
1428 2346 1434 2353 .

94 2359 292 2392 specu-cum
302 2384 311 2397 ,
323 2362 464 2402 prohibita
474 2385 482 2392 .
493 2363 567 2394 Vide
576 2368 668 2395 Amen
681 2383 688 2393 .
699 2366 813 2402 Lanista
823 2385 832 2394 ·
949 2367 1076 2398 Spenass
1088 2386 1094 2393 .
1107 2367 1163 2395 FR-
1174 2376 1226 2404 pro
1237 2366 1388 2405 implorans
1399 2387 1406 2395 .
1429 2365 1589 2401 [Omnibus
1599 2364 1634 2394 de
1645 2363 1722 2393 nobis
1730 2362 1791 2403 spe-

1413 2409 1440 2437 R
1449 2417 1464 2436 r
1508 2418 1521 2435 2
1688 2414 1750 2434 ran-

92 2471 101 2483 κ
377 2478 388 2495 3
1583 2459 1601 2468 χ
