1866 2526
429 31 531 78 ΖΕ

75 98 136 131 211ae
157 92 319 129 Audienda:
342 92 416 128 loci,
445 94 492 123 vel
514 89 674 123 Audientiae
693 89 870 120 dicebantun

78 150 144 171 nam
157 147 217 168 ern
233 135 384 165 Audientia
403 135 564 167 literarum,
586 141 668 172 quam
687 131 774 171 vulgo
782 131 872 160 Secre-

79 181 194 213 uriam,
215 176 261 206 vel
269 175 410 204 Dauniam
427 175 542 204 dicimus
553 195 561 202 .
584 172 658 203 Vide
669 174 831 202 Audienn'a
838 171 873 199 li-

77 228 221 252 terarum.
243 219 308 245 Erat
326 216 439 244 ulterius
458 213 630 246 Audienda,
653 213 699 241 vel
719 213 793 241 locus
814 214 869 241 Au·

77 259 189 292 dieatiae
208 268 261 298 pro
270 256 472 296 litigantibus.
494 258 533 290 :111
552 253 638 292 Quod
647 263 681 283 ex
695 253 785 282 verbis
803 252 872 281 Ald-

76 299 165 333 helmi
181 298 216 328 de
236 297 317 336 Virg.
337 307 361 324 c.
379 308 422 330 ¹7·
438 296 634 327 confirmatur,
657 293 702 322 ubi
722 294 758 323 de
777 294 873 338 s.1}2-

76 341 140 379 byla
157 349 240 379 agens
251 360 259 371 ,
277 337 399 367 ostendit
422 337 508 366 varias
526 342 630 368 Zetus,
648 333 704 363 five
722 334 871 363 audientia-

36 405 37 409 ,
76 384 150 412 rium
166 382 237 409 aulas
257 379 287 407 in
305 378 410 407 Palatio
429 377 524 410 suisse,
546 377 581 406 fic
603 374 751 412 inquiens:
774 377 874 410 [Tunc

77 422 112 452 ad
129 421 260 462 palatinas
277 419 387 448 ducitur
404 427 494 451 zetas,
512 422 540 447 δι
560 414 709 454 imperialis
727 415 874 459 hypodro—

77 463 117 493 mi
137 461 318 491 vestibulum;
339 469 471 498 quatenus
495 467 555 487 mm
575 459 654 494 Rege
680 454 788 484 funesto
808 465 874 483 reci-

1249 30 1284 71 Z
1316 31 1337 73 Ι
1592 45 1671 85 721

927 87 991 118 dam
1008 86 1272 126 Constantinopolis
1289 89 1435 122 Balneum,
1455 88 1490 118 de
1508 99 1563 129 quo
1582 89 1610 118 in
1619 90 1727 119 Codice

925 128 1120 160 Theodofiano
1139 128 1170 157 fit
1191 129 1318 164 mentio,
1339 132 1369 157 δι
1383 132 1458 164 cujus
1479 131 1651 170 magnificam
1662 131 1729 160 stru-

927 171 1029 199 auram
1047 168 1228 208 descripserat
1248 170 1392 200 Cedrenus
1406 191 1414 203 ,
1432 171 1508 208 quod
1528 172 1642 200 tandem
1650 173 1728 200 flam-

925 220 970 239 ma
998 210 1195 248 consumptum
1214 209 1289 239 suiss'e
1302 233 1309 245 ‚
1337 211 1367 240 in
1386 221 1455 240 orat.
1478 211 1511 239 ad
1529 212 1662 245 Arianos,
1685 212 1726 240 ita

929 252 966 281 D.
975 251 1128 291 Gregorius
1148 250 1346 280 Nazianzenus
1355 252 1458 280 refert:
1483 257 1496 286 [
1510 252 1570 280 Nec
1582 262 1682 281 novam
1692 253 1728 280 il-

929 293 983 321 lam
997 291 1169 322 Hierusalem
1179 313 1187 324 ,
1209 292 1262 321 hoc
1272 293 1310 322 est
1330 292 1497 331 Zeufippum
1507 291 1600 320 inviso
1609 314 1628 329 ‚·
1641 294 1729 331 impe-

931 344 1006 363 rante
1025 331 1182 371 justiniano
1203 333 1333 362 incendio
1355 332 1639 372 consumptumest.]
1666 336 1731 363 For-

931 373 994 403 tass'e
1014 374 1051 402 ita
1069 374 1278 403 denominatum
1290 395 1296 406 ,
1315 383 1345 403 ut
1355 373 1440 411 aliqui
1456 384 1616 406 autumant,
1640 385 1728 404 :icon-

930 416 1062 444 strustore
1072 415 1212 453 Zeusippo
1222 423 1230 448 ,⁷
1241 415 1289 453 qui
1300 413 1388 444 fuerat
1398 415 1570 444 Macedoniae
1583 436 1592 448 ,
1605 418 1632 444 δε
1641 415 1731 445 Thra-

929 457 978 485 cix
998 455 1159 485 Prxseftus.

78 503 169 544 procis
189 501 377 532 confliffibus,
408 502 436 528 δι
458 497 569 528 alternis
591 496 694 526 vicibus
714 495 873 534 disputans,
888 495 1150 526 ZicuAcnoxiuM.
1182 498 1238 526 PR.
1257 498 1364 526 Domus
1377 520 1384 530 ,
1417 508 1475 527 vox
1498 496 1611 536 quidem
1631 498 1735 527 Alana.

79 544 293 574 altercaretur-1
317 540 378 570 Ubi
403 539 591 568 manifestatur
616 534 693 579 fuisse
718 546 792 564 zetas
814 537 873 564 loce

77 582 294 616 Audientiarum
305 603 313 614 ,
335 585 363 610 &
381 579 613 618 disputationum.
637 575 710 604 Vide
727 577 873 621 Ziehache

77 630 152 655 rium
165 645 173 653 .
195 622 388 654 Nihilominus
406 620 554 650 dicendum
574 619 612 647 est
623 638 631 651 ,
654 617 729 655 quod
745 627 828 645 ctiam
846 627 874 645 in

78 665 158 696 sensu
175 663 289 694 cubiculi
305 660 452 700 aliquando
469 660 523 689 hoc
544 659 704 689 vocabulum
717 656 873 696 usui-patum

79 706 164 736 fuerit
177 728 183 735 .
207 707 294 741 [Eam
311 703 383 731 forte
411 700 563 739 despiciens
585 708 658 730 zetas
678 697 804 734 hymales
821 702 874 727 &c.

81 749 117 777 In
138 747 196 775 vita
213 745 240 774 S.
259 741 405 782 Valburgis
424 742 505 781 Virg.

931 542 943 572 [
958 537 1002 567 Ad
1012 537 1151 566 orientem
1163 537 1271 576 pontici
1282 538 1362 566 maris
1372 539 1444 577 apud
1455 537 1543 577 ipsum
1552 538 1650 577 pedem
1659 539 1732 567 Cau-

930 577 1060 606 cafiorum
1070 579 1210 608 montium
1219 582 1296 614 juxta
1310 577 1479 618 Absagorum
1489 601 1498 612 ‚
1519 583 1549 608 δι
1565 588 1680 617 gentem
1693 583 1733 608 A·

932 619 1057 647 latiorum
1068 640 1077 652 ‚
1095 619 1167 657 qusfi
1179 619 1262 658 (ignis
1271 620 1393 658 quinque
1403 632 1416 649 ει
1435 619 1542 658 praedio
1551 619 1712 649 zichacorio
1722 642 1730 653 ,

933 658 1021 691 idest,
1041 659 1128 698 prima
1144 660 1230 688 domo
1241 659 1373 699 Gregorii
1394 661 1453 690 veri
1475 660 1556 690 amici
1564 659 1674 690 Christi
1685 662 1733 689 Pa-

930 700 1002 727 tritii
1013 721 1021 733 ‚
1043 704 1071 729 6<
1091 700 1264 739 magistratus
1281 700 1403 737 ejusdem
1421 702 1576 731 Alanorum
1588 723 1596 730 .
1617 703 1654 731 In
1680 700 1736 737 hy-

932 741 1068 778 pomnest.
1081 741 1214 770 Anastafii
1224 752 1271 780 per
1283 742 1459 774 Sit-inondum
1469 743 1502 772 in
1512 743 1536 772 8.
1551 743 1620 771 edit.
1633 752 1698 780 1³25
1706 753 1735 777 5.

39 789 194 819 Zsunus
207 806 214 817 ‚
233 781 369 822 ζετάρισς.
392 782 514 816 aulicus,
533 780 732 814 cubicularius,
749 780 876 810 officialis
891 781 969 811 ΖῐκΑ
980 795 993 815 ,·
1011 781 1216 810 Haerefiarcha.
1239 782 1312 811 Vide
1328 784 1481 813 Thaboritae
1492 804 1500 810 .

76 826 172 867 palatii
192 824 360 863 imperialis,
381 823 437 852 five
455 822 547 861 palatii
568 822 707 855 Auditor,
725 822 812 860 qualis
821 821 877 850 fue-
891 823 965 855 Ζιο,
985 821 1118 851 secundus
1129 824 1310 852 Hebraeorum
1324 825 1423 854 mensis
1435 845 1442 852 .
1461 823 1626 860 VideJair,
1647 827 1738 863 Ziph.
1772 840 1774 844 v

78 876 120 896 rat
141 867 167 896 S.
181 865 307 896 Castulus
327 866 456 898 Martyr,
475 863 510 892 de
529 873 585 902 quo
604 863 738 892 Baronius
756 862 790 891 ad
811 872 875 890 ann.
892 864 966 892 Zitvn
979 883 986 891 .
1008 864 1064 893 PR.
1088 863 1157 900 Maji
1186 865 1284 894 meniis
1306 866 1378 903 apud
1397 865 1528 895 Hebraeos
1541 885 1547 897 ‚
1568 864 1615 903 qui
1635 866 1737 903 partim

79 913 146 938 286.
157 918 185 936 n.
217 917 246 935 ,ει
268 915 307 934 it.

38 918 220 979 ZETECULA9.
242 918 300 977 ἔῐζ.
319 945 418 986 exigua
444 956 522 975 zeta.
546 947 638 981 [Mox
658 945 779 974 zetecula
802 944 872 973 resu-

79 989 121 1028 git
141 987 214 1027 quafi
240 987 395 1016 cubiculum
416 987 510 1020 idem,
532 997 611 1026 atque
639 986 729 1015 aliud.
753 986 877 1015 Lectulus

80 1029 144 1062 hic,
166 1033 195 1058 δι
211 1028 334 1066 undique
354 1026 502 1061 fenestras,
524 1031 553 1056 δ(
570 1037 661 1056 tamen
679 1027 774 1055 lumen
783 1024 875 1054 obscu-

933 914 995 933 cum
1006 904 1099 942 Aprili
1110 905 1199 943 potest
1210 916 1384 935 concurrere.
1397 905 1508 942 [Mense
1520 906 1607 943 Ziph.
1620 916 1646 944 3.
1658 908 1733 945 Reg.

934 955 995 983 cap.
1009 947 1059 981 5.]
1085 945 1132 984 qui
1150 950 1179 975 δε
1196 949 1247 974 Zio
1265 947 1369 976 dicitur
1384 967 1390 975 .
1408 945 1530 982 Dionys.
1550 945 1649 975 Chart.
1669 947 1737 976 ibid.

933 996 990 1024 cap.
1004 992 1030 1014 6.
1049 996 1098 1014 art.
1109 998 1137 1023 9.
1161 988 1236 1016 Item
1254 997 1309 1016 erat
1328 989 1392 1017 urbs
1413 988 1535 1027 quaedam
1548 1009 1555 1020 ,
1574 997 1635 1026 quae
1645 988 1738 1025 Ziph,

934 1030 961 1055 &-
972 1030 1028 1063 ejus
1039 1026 1136 1056 incolae
1159 1027 1261 1065 Ziplaaei
1280 1029 1457 1060 diceban-cun
1481 1028 1554 1057 unde
1565 1027 1595 1056 in
1607 1028 1653 1056 tit.
1664 1027 1737 1058 Psal.

81 1079 141 1099 rum
161 1069 254 1098 umbra
273 1078 432 1107 premente:
456 1079 518 1098 nam
528 1067 668 1098 laetissima
687 1067 751 1096 vitis
761 1077 808 1105 per
817 1076 876 1095 om-

80 1121 116 1139 ne
135 1111 235 1140 teRum
254 1110 284 1138 in
305 1110 415 1138 culmen
435 1109 553 1142 nititur,
574 1108 750 1141 est-ascendit,
774 1106 877 1136 nonse-

79 1161 126 1180 eus
147 1151 204 1184 ibi,
227 1160 308 1189 quam
335 1151 364 1178 in
382 1161 496 1179 nemore
521 1153 607 1186 jaces,
630 1151 743 1178 imbrem
771 1158 879 1177 tantum

81 1201 219 1230 tamquam
229 1192 259 1220 in
279 1201 392 1220 nemore
409 1201 466 1220 non
483 1190 599 1219 sentias.
611 1190 684 1219 Plin.
695 1190 742 1218 lib.
754 1199 779 1225 5.
800 1189 877 1227 epist.

85 1234 138 1264 6.]
162 1233 231 1261 Haec
254 1232 379 1260 zetecula
409 1231 473 1260 efl'et
492 1232 582 1270 potius
603 1253 611 1264 ,
644 1241 724 1270 quam
748 1230 878 1258 Baronius

79 1272 158 1311 supra
175 1282 242 1300 ann.
263 1277 328 1301 286.
340 1281 414 1300 num.
433 1284 462 1308 9.
484 1272 599 1302 eandem
621 1281 696 1310 putat
716 1270 767 1300 ess'e
785 1281 813 1299 ac
834 1281 878 1298 ze-

81 1323 156 1344 tam5
180 1313 245 1341 licet
266 1313 416 1351 aliquando
437 1323 527 1341 zetam
544 1313 664 1351 appellet
693 1312 767 1340 Plin.
787 1311 832 1339 lib.
854 1323 879 1339 ι..

81 1353 160 1393 epist.
178 1364 220 1386 ¹7-
244 1353 278 1381 de
296 1363 377 1392 parva
396 1362 489 1381 tamen
508 1352 665 1392 intelligit,
688 1362 768 1391 quam
779 1352 813 1380 fic
823 1350 881 1380 des-

82 1395 184 1422 cribit.-
209 1394 340 1429 [Contra
357 1394 489 1431 parietem
499 1395 619 1422 medium
638 1403 700 1422 zeta
718 1403 848 1430 perquam
858 1402 890 1448 e.¹

82 1435 208 1473 legenter
227 1434 350 1465 recedit,
373 1443 432 1470 quae
452 1432 651 1471 specularibus,
673 1438 702 1462 δι
721 1433 788 1462 velis
797 1433 882 1461 obdu<

83 1475 152 1506 etis,
175 1472 327 1501 reduffisve
345 1473 429 1501 modo
440 1473 570 1508 adjicitur
579 1474 706 1502 cubiculo
717 1483 779 1502 meo
791 1495 799 1507 ,
822 1484 880 1501 mo-

85 1515 123 1543 do
134 1513 254 1542 aufertur
262 1533 273 1550 ,
294 1514 394 1542 le5tum
403 1535 411 1546 ,
422 1517 450 1542 ὅ(
460 1513 522 1542 duas
531 1513 674 1543 cathedras
684 1514 755 1553 capit
765 1535 772 1542 .
784 1516 796 1545 ]
808 1515 881 1543 Nam

84 1555 143 1583 haec
154 1563 288 1593 parvum,
311 1557 339 1582 δε
358 1554 496 1592 privatum
512 1555 678 1584 auditorium
699 1555 756 1587 est,
778 1555 808 1583 in
828 1566 883 1593 quo

82 1600 171 1631 jacens
181 1595 241 1634 quis
257 1593 432 1624 confidenter
441 1595 599 1624 accedentes
608 1595 684 1624 audit
695 1617 703 1629 ,
726 1605 806 1634 quam
817 1595 882 1625 His-

86 1635 266 1675 paniAlgoa,
289 1635 393 1664 &Itali
415 1637 564 1665 Gabinetto
574 1646 694 1668 vocant3
718 1636 816 1665 codem
826 1647 883 1665 mo—

86 1677 124 1705 do
135 1697 144 1710 ‚

86 1717 125 1746 est
144 1718 202 1746 aula
213 1716 436 1755 quodammod05
459 1727 523 1745 nam
533 1717 576 1746 illi
592 1718 630 1747 est
649 1717 779 1757 contigua
791 1739 799 1751 ,
821 1722 884 1747 &a-

84 1768 162 1797 perta
182 1757 214 1785 ad
232 1757 316 1785 instar
333 1756 442 1788 sace11i÷
465 1757 721 1788 mfflnintermedio
739 1765 818 1788 muro
841 1759 884 1788 in-

86 1808 129 1826 ter
146 1807 224 1829 eam,
246 1798 390 1831 staulam,
412 1798 469 1827 five
488 1797 562 1826 aliud
580 1799 732 1828 cubiculum
744 1820 752 1833 ,
776 1810 804 1828 ut
824 1810 884 1829 cum

87 1837 183 1867 Plinio
201 1838 367 1871 dicendum,
391 1839 466 1877 quod
484 1838 601 1877 refugiat
629 1840 834 1878 quodammodo
855 1841 886 1869 in

86 1878 259 1909 cubiculum,
281 1878 346 1916 quia
365 1879 404 1906 est
422 1879 591 1913 cubiculum,
610 1880 675 1908 dum
695 1880 768 1909 inter
788 1881 836 1915 id,
859 1886 886 1911 ὂς

87 1919 208 1948 zetulnm
229 1918 320 1946 nullus
339 1928 430 1947 murus
440 1919 606 1960 distinguit5
628 1924 726 1949 &non
744 1921 783 1950 est
793 1921 867 1951 idem
879 1944 885 1955 ,

87 1959 153 1998 quia
162 1958 318 1998 separatur,
340 1963 368 1988 &
387 1960 523 1989 clauditur
543 1960 632 1991 νεὼς
656 1971 685 1989 ac
698 1972 754 1990 non
773 1963 887 2001 amplius

89 2010 173 2038 capax
184 2022 191 2032 ,
215 2008 296 2037 quam
305 1999 386 2029 unius
396 2000 459 2029 ieffi
470 2023 478 2033 ,
488 2005 516 2031 ὅ(
533 2001 647 2030 duarum
656 2000 764 2030 sedium
777 2003 832 2031 :est
843 2014 887 2032 au-

86 2050 142 2068 tem
162 2039 358 2078 aegrotantibus
371 2061 378 2072 ‚
398 2051 426 2069 ac
447 2041 508 2070 illos
528 2041 678 2070 visentibus
693 2041 758 2071 satis
769 2052 888 2073 commo-

89 2082 120 2110 da
133 2102 141 2114 ‚
164 2081 227 2119 quia
246 2090 384 2119 aegrotans
397 2092 455 2110 non
476 2082 515 2110 est
534 2082 665 2118 subjeRus
684 2083 713 2110 in
732 2087 787 2119 ejus
798 2084 887 2113 neces-

89 2120 227 2154 sitatibus,
250 2121 317 2149 dum
334 2122 435 2151 claudit
455 2123 516 2150 vela
528 2144 535 2155 ‚
558 2127 585 2152 ὃ(
597 2123 729 2151 eximitur
749 2135 886 2161 econver-

86 2162 194 2191 satione
212 2161 365 2190 amicorum
382 2163 414 2190 in
431 2163 566 2202 contiguo
586 2164 711 2192 cubiculo
724 2187 731 2200 ‚
753 2164 810 2193 five
831 2166 889 2195 aula

88 2202 245 2232 sedentibus
263 2213 314 2241 pro
333 2213 367 2231 eo
387 2213 531 2242 tempore,
557 2214 612 2243 quo
631 2214 693 2233 eum
715 2205 889 2244 aegrirudinis

89 2242 231 2274 neceffitas
249 2242 282 2271 ad
302 2243 415 2283 aliquod
433 2254 501 2282 opus
520 2245 616 2283 cogits
639 2248 667 2274 ὅ(
685 2245 746 2273 vice
762 2245 838 2274 versa
848 2246 890 2275 vi-

87 2283 182 2312 sentes
195 2283 284 2312 morbi
294 2284 453 2323 contagium
465 2306 474 2318 ,
496 2285 552 2314 five
561 2284 734 2314 infirmitatis
742 2285 869 2316 saetorem
880 2310 888 2322 ‚

85 2335 136 2353 nec
155 2326 276 2357 timent,
299 2335 349 2353 nec
367 2324 508 2354 sentiunt.

48 2367 115 2399 Ζευ
134 2376 246 2395 mmm.
270 2367 328 2395 PR.
348 2365 385 2394 ita
403 2367 569 2405 appellatum
587 2366 640 2398 fuit
659 2366 793 2398 famosum
805 2369 888 2409 quod-

93 2418 120 2444 3„
137 2407 327 2438 Hierolcxicon
336 2409 428 2441 Macri
435 2426 445 2436 .

167 1686 222 1715 quo
241 1675 373 1704 Batonius
385 1697 392 1708 ,
415 1679 443 1705 δε
462 1676 567 1705 Plinius
585 1676 631 1706 hic
650 1676 798 1710 describit,
821 1679 893 1716 quia·

938 1078 982 1105 53.
1003 1066 1062 1096 liaec
1080 1067 1229 1097 habentur:
1253 1071 1311 1105 [In
1322 1070 1407 1098 finem
1420 1070 1451 1098 in
1469 1069 1634 1098 carminibus
1654 1069 1737 1098 intel<

934 1109 1018 1137 iectus
1037 1109 1150 1138 David:
1173 1119 1236 1138 cum
1255 1111 1391 1139 venissent
1403 1109 1534 1149 Ziphaei,
1557 1113 1585 1139 δ(
1603 1109 1734 1138 dixissent

934 1149 967 1178 ad
977 1149 1054 1177 Saul:
1079 1151 1185 1179 Nonne
1196 1151 1293 1180 David
1310 1150 1481 1180 absconditus
1500 1151 1539 1180 est
1549 1151 1619 1189 apud
1638 1161 1687 1179 nos
1699 1153 1733 1182 ?]

933 1189 1009 1228 quod
1027 1189 1140 1219 habetur
1151 1190 1234 1219 etiam
1258 1194 1363 1231 1.Reg.
1378 1204 1423 1230 23.
1441 1196 1523 1229 19.&
1536 1198 1582 1221 26.
1606 1195 1666 1220 1.&
1679 1193 1737 1221 Au-

933 1229 1066 1269 gust.ait.·
1092 1231 1198 1266 [Vicus
1220 1232 1332 1271 quidam
1351 1243 1406 1261 erat
1421 1232 1496 1272 Ziph
1510 1255 1518 1266 ‚
1537 1235 1611 1267 cujus
1632 1232 1738 1262 habim-

934 1280 1006 1299 tores
1025 1271 1135 1309 Ziphaei
1157 1272 1335 1306 dicebantur,
1354 1274 1383 1302 in
1402 1284 1519 1312 quorum
1529 1273 1644 1312 regione
1654 1271 1682 1301 se
1694 1276 1738 1303 ab-

934 1311 1079 1340 sconderat
1096 1312 1191 1341 David
1210 1318 1262 1342 ἃς.
1280 1315 1306 1343 Si
1327 1325 1479 1352 quaeramus
1499 1325 1585 1353 ergo,
1608 1314 1676 1352 quid
1693 1316 1739 1344 in-

935 1362 1120 1390 terpretantur
1132 1353 1242 1392 Ziphaei
1254 1377 1262 1389 ,
1285 1356 1441 1384 invenimus
1462 1357 1605 1385 Florentes
1617 1376 1625 1388 ,
1649 1355 1679 1382 in
1695 1356 1737 1386 su-

937 1392 1034 1431 pracit.
1054 1392 1179 1425 Psalm]
1203 1395 1247 1423 Sic
1265 1396 1348 1424 etiam
1365 1407 1379 1424 a
1395 1397 1466 1425 Beda
1484 1399 1557 1435 thh
1568 1396 1686 1430 florens,
1708 1401 1738 1427 δε

937 1434 1116 1472 germinans,
1135 1438 1162 1463 δε
1179 1437 1281 1473 Ziplmi
1300 1438 1450 1469 florentes,
1472 1440 1499 1465 ὅ(
1526 1435 1738 1477 geminantes,

937 1475 971 1503 dc
993 1485 1069 1503 nom.
1091 1473 1164 1503 hebr.
1185 1476 1421 1514 interpretantur.

897 1515 1046 1549 erpum,
1068 1516 1224 1554 placentula
1244 1520 1332 1551 frixa,
1356 1527 1438 1556 quam
1458 1517 1489 1546 in
1512 1519 1670 1558 quibusdam
1683 1521 1741 1550 Ita-¹

938 1556 982 1585 liae
1003 1555 1068 1584 locis
1087 1558 1219 1594 Zeppola,
1243 1558 1300 1587 five
1309 1559 1428 1588 Fritella
1448 1569 1566 1589 vocant.-
1591 1562 1692 1597 [Fecit
1704 1562 1740 1590 de

939 1597 1056 1625 farinula
1078 1597 1255 1632 lenticulam,
1278 1602 1306 1628 δε
1325 1600 1468 1639 zippulas.
1491 1602 1583 1641 Pelag.
1605 1602 1689 1631 libell.
1711 1615 1739 1638 4·

941 1647 1014 1665 num.
1040 1647 1087 1673 59.

899 1681 1056 1708 mewm
1068 1700 1077 1711 ‚
1095 1677 1206 1718 ζιζάνων
1217 1701 1224 1708 .
1247 1683 1304 1710 FR.
1315 1681 1349 1711 de
1360 1692 1410 1719 qun
1420 1679 1491 1718 ssepe
1514 1683 1543 1712 in
1556 1694 1633 1712 novo
1646 1683 1739 1713 Testa-

940 1729 1036 1748 mento
1047 1741 1054 1752 ‚
1072 1730 1130 1749 eam
1142 1720 1235 1749 Latini
1255 1723 1361 1750 Lolium
1373 1721 1469 1750 dixere
1482 1744 1489 1755 ,
1509 1727 1536 1752 δ(
1558 1725 1621 1753 Itali
1632 1726 1719 1762 Loglio
1731 1744 1740 1752 .

941 1762 983 1789 Ita
992 1758 1085 1788 Gloria
1097 1758 1126 1789 in
1137 1772 1160 1789 c.
1172 1762 1275 1790 dudum
1285 1783 1292 1795 ‚
1315 1763 1340 1793 §.
1352 1762 1467 1790 Zizania
1478 1785 1485 1796 ,
1507 1765 1540 1792 de
1552 1764 1699 1805 sepulturis
1709 1765 1742 1793 in

938 1801 1083 1829 Clement.
1105 1805 1141 1830 Et
1162 1802 1192 1829 in
1206 1806 1318 1831 Exrrav.
1337 1813 1437 1831 (omni.
1456 1803 1576 1838 ejusdem
1597 1806 1642 1834 tit.
1660 1810 1688 1834 ὅ(
1710 1805 1743 1834 in

940 1850 999 1879 cap.
1011 1840 1092 1879 super
1100 1841 1269 1871 cathedram
1280 1864 1286 1870 .
1310 1844 1368 1872 Ubi
1383 1855 1432 1882 pro
1441 1844 1580 1875 diabolico
1590 1845 1740 1875 discordie

941 1880 1046 1909 semine
1058 1881 1191 1910 sumitur.
1215 1884 1257 1912 Sic
1271 1884 1354 1912 etiam
1363 1885 1458 1913 eadem
1469 1887 1630 1925 metaphora
1643 1887 1673 1915 in
1683 1890 1741 1923 ejus

942 1922 1094 1960 Apologet.
1113 1921 1173 1951 usus
1193 1924 1231 1951 est
1243 1925 1352 1953 Ennod.
1374 1925 1464 1954 Ticin.
1479 1927 1631 1968 Episcopus
1648 1928 1743 1966 inqui-

943 1972 1006 1990 ens:
1032 1963 1189 1997 [Marcenti
1200 1963 1260 1992 solo
1270 1965 1335 1993 lolia
1346 1962 1573 1997 commendantes
1585 1991 1592 2002 ‚
1616 1979 1743 2007 receptu-

943 2002 1028 2046 rihpro
1039 2003 1089 2031 tali
1100 2004 1244 2042 impendio
1254 2006 1342 2043 paleas
1355 2028 1362 2039 ,
1385 2007 1479 2045 quibus
1489 2008 1626 2047 gehennae
1641 2009 1670 2038 in
1682 2019 1743 2047 per-

944 2044 1046 2072 mciem
1063 2045 1178 2072 vestram
1190 2045 1261 2083 ignis
1283 2047 1421 2075 animetur
1431 2049 1461 2079 .]
1486 2052 1512 2078 A
1524 2051 1608 2079 Petro
1619 2050 1740 2080 Blesenfi

943 2084 1107 2113 Aulicorum
1117 2085 1195 2124 panis
1213 2090 1299 2115 Panis
1309 2088 1424 2116 loliatus
1433 2087 1552 2119 dicitur:
1578 2098 1590 2127 [
1603 2091 1648 2120 Ad
1657 2092 1741 2119 curia-

943 2124 981 2152 les
991 2125 1074 2154 redeo
1085 2147 1092 2158 ,
1115 2126 1187 2165 apud
1195 2136 1264 2164 quos
1274 2137 1302 2155 in
1315 2128 1479 2166 accipiendo
1490 2131 1550 2160 cibo
1563 2152 1574 2168 ,
1596 2132 1625 2159 in
1636 2131 1742 2172 equita-

945 2165 1022 2193 tione
1032 2187 1040 2198 ,
1063 2166 1094 2194 iu
1105 2166 1211 2205 vigiliis
1222 2178 1280 2195 non
1292 2168 1331 2197 est
1342 2169 1411 2197 ordo
1424 2191 1432 2202 ,
1455 2181 1513 2200 non
1524 2172 1561 2201 est
1573 2173 1642 2200 ratio
1652 2193 1660 2204 ,
1683 2182 1744 2200 non

943 2206 982 2235 est
1000 2206 1115 2235 modus.
1139 2209 1301 2245 Apponitur
1322 2209 1454 2244 Clerico,
1477 2221 1520 2240 aut
1539 2212 1624 2241 militi
1646 2211 1743 2242 curiali

946 2248 1023 2285 panis
1040 2258 1098 2275 non
1116 2248 1269 2278 elaboratus
1280 2270 1289 2282 ‚
1311 2260 1368 2278 non
1383 2249 1559 2281 fermentatus
1571 2274 1578 2285 ,
1601 2253 1743 2281 consecras

945 2297 979 2315 ex
996 2287 1118 2317 cervisia:
1139 2288 1268 2318 soecibus:
1290 2291 1366 2329 panis
1378 2292 1517 2329 plumbeus
1529 2315 1537 2326 ,
1560 2293 1670 2323 loliatus
1683 2315 1691 2326 ,
1714 2297 1744 2323 ὅ(

948 2329 1045 2357 crudus
1055 2349 1063 2362 ,
1086 2328 1165 2367 epist.
1181 2341 1224 2365 ¹4·
1235 2333 1249 2362 ]
1272 2331 1510 2362 EtAntiochenus
1521 2333 1597 2363 hom.
1612 2339 1660 2371 48.
1680 2333 1743 2363 haec

947 2368 1044 2400 habet:
1070 2368 1215 2406 [Absutda
1235 2380 1312 2406 erat,
1333 2376 1361 2402 δε
1382 2372 1510 2404 loliaceos
1529 2375 1656 2405 demittit
1669 2375 1744 2404 ziza—

1393 2414 1416 2443 Z
1439 2425 1456 2444 z
1640 2416 1703 2447 nio*
