1866 2526
470 36 581 78 XE

471 123 514 164 X

205 236 206 258 l
229 224 392 251 Enaooous
403 243 412 254 ‚
432 218 578 258 ξεναγωγός
587 240 595 253 ,
618 219 665 260 qui
676 222 810 252 extraneis
819 222 918 252 militi-

201 276 207 299 γ
241 263 286 291 bus
306 263 421 301 imperat
431 283 439 295 ‚
461 271 653 290 extraneorum
672 262 728 290 dux
739 282 746 290 .
762 263 873 293 Dicitur
891 267 919 292 ὃ(

189 301 205 342 e*
241 313 370 341 xenagus‚
381 300 492 340 ξεναγώς
502 323 511 335 ‚
523 302 731 341 peregrinorum
741 303 796 332 dux
806 308 833 334 ὃ(
843 304 920 344 prin-

84 351 85 354 ’
172 341 204 356 *¹*
238 353 299 381 ceps
309 354 316 373 5
340 354 391 382 pro
400 353 455 381 quo
466 343 636 381 reperitur&
646 344 802 373 Xenarchus
813 365 820 372 .

72 375 191 405 XEMUM
203 402 212 414 ‚
234 382 311 421 ξένιον
321 406 329 417 ,
352 384 457 412 donum
475 382 625 421 hospitibus
645 382 704 411 dari
728 382 842 413 solitum
854 407 862 418 ,
884 396 917 415 ex

136 39 215 89 716

1260 42 1370 85 XE

967 93 1085 140 primum
1095 95 1155 135 post
1168 96 1360 132 Ascenfionem
1367 99 1485 132 Domini
1494 104 1623 143 appellati
1648 106 1712 137 sunt
1730 106 1775 139 di.¹

968 135 1065 175 scipuli
1076 137 1248 170 Christiani,
1259 139 1326 168 ficut
1335 142 1436 180 legitur
1444 143 1474 172 in
1485 146 1595 175 Actibus
1607 150 1733 187 Apostol.
1743 153 1772 180 δε

970 177 1147 207 Xenodechia
1156 199 1164 211 ‚
1182 183 1210 208 δε
1221 180 1387 210 Monasteria
1397 184 1485 220 postea
1495 185 1558 215 sunt
1568 190 1702 226 appellata
1722 202 1772 220 no-

973 217 1015 247 vis
1025 219 1196 250 nominibus5
1218 229 1260 247 res
1273 229 1366 250 tamen
1376 221 1439 260 ipsae
1451 245 1460 257 ,
1480 230 1507 256 ὅ(
1519 237 1581 256 ante
1601 231 1715 260 nomina
1726 231 1772 261 sua

972 269 1051 287 erant
1060 281 1068 293 ‚
1090 263 1118 288 δε
1135 260 1280 298 religionis
1299 262 1416 290 veritate
1437 264 1577 296 firmantur
1588 291 1596 301 ,
1619 281 1670 309 qua
1688 272 1772 302 etiam

972 310 1068 329 contra
1078 301 1215 338 improbos
1225 300 1410 331 defenduntur
1420 323 1428 331 .
1452 311 1464 340 [
1474 307 1633 344 Synonyma
1641 313 1771 342 xenodo-

974 339 1031 369 chii
1041 361 1048 368 .
1071 342 1144 370 Vide
1162 341 1193 370 in
1201 341 1266 371 diet.
1279 345 1533 382 Brephotneophinm.
1544 351 1682 387 Hospitale
1691 373 1698 380 .
1718 359 1772 385 Xe2

975 383 1139 419 noparochus
1149 403 1156 411 .

113 429 183 448 voce
191 432 279 460 graeca
290 421 359 462 ξένος
369 445 380 462 ,
401 424 469 452 idest
480 445 488 456 ‚
512 422 618 460 Hospes
629 442 636 450 .
661 424 758 458 [Fecit
770 426 845 464 quod
855 437 919 455 ante
932 424 1137 452 Xenonocuus
1149 445 1156 456 ,
1178 419 1313 462 ξενᾶἇὶιχος
1324 446 1332 457 ,
1353 423 1475 464 hospites
1486 427 1621 467 recipiens
1631 453 1639 464 ‚
1659 433 1705 463 seu
1717 436 1770 463 Xe-

112 470 173 489 non
199 464 299 493 fecerat
320 465 469 493 Martinus.
493 463 606 492 Nullius
625 463 700 491 euim
731 475 851 504 unquam
873 479 919 497 xe-

112 501 209 537 nium,
233 505 333 534 nullius
354 514 449 533 munus
460 504 580 541 accepit.
604 504 704 542 Sulpit.
725 506 838 546 Dialog.
863 511 914 540 2.]

112 544 265 581 Reperitur
287 545 370 573 etiam
392 548 532 573 Exenium
554 544 585 572 in
616 545 713 573 eodem
744 547 914 586 significatu:

112 588 126 618 [
137 584 265 614 Condito
275 595 390 623 corpore
401 585 495 623 quibus
505 594 656 623 potuerunt
665 589 828 617 aromatibus
839 611 845 621 ,
865 591 918 618 im·

113 625 257 662 perialibus
270 625 375 654 exeniis
395 625 463 655 illud
482 625 621 663 prosecuti
641 625 722 655 sunt.
746 630 853 658 Balder.
873 630 917 659 hi-

110 664 177 693 stor.
198 665 389 701 Hierosolym.
409 667 517 704 lib.3.]
541 666 622 695 Varia
632 668 713 696 xenia
723 670 753 697 ab
773 670 915 710 Episcopis

977 463 1112 492 nodochii
1123 465 1253 503 Superior
1261 484 1267 491 .
1293 466 1350 496 PR:
1371 473 1382 502 [
1394 468 1546 496 Hortamur
1558 490 1565 502 ,
1588 479 1618 497 ut
1629 472 1664 500 ibi
1680 475 1770 513 (ingu-

971 505 1005 535 Iis
1015 504 1162 544 quibusque
1170 506 1335 543 temporibus
1345 507 1463 535 rationes
1473 508 1530 536 suas
1540 511 1711 547 Xenodochi,
1722 515 1770 553 qui

971 547 1001 575 in
1013 547 1049 575 eis
1060 546 1203 574 constituti
1213 545 1278 574 sunt
1289 568 1295 579 ,
1310 548 1354 577 vel
1365 547 1466 576 fuerint
1477 570 1485 581 ‚
1496 548 1630 580 subtiliter
1639 553 1752 583 reddant
1761 574 1771 583 .

970 589 1008 616 D.
1022 589 1107 626 Greg.
1120 587 1150 614 in
1160 586 1267 625 Regist.
1278 588 1323 616 lib.
1335 598 1361 625 3.
1372 588 1448 626 epist.
1462 601 1508 624 24.
1522 592 1532 621 ]
1548 591 1603 625 Qui
1617 593 1772 622 Sacerdotes

972 627 1023 656 ess‘e
1033 626 1155 656 solebant
1166 647 1172 655 .
1198 628 1328 662 [Iiidoro
1349 630 1512 664 Presbytero
1522 652 1530 663 ,
1553 636 1580 660 ὃ(
1600 632 1773 662 Xenodocho

974 668 1170 698 Alexandrinae
1181 669 1323 697 Ecclesiae.
1336 670 1439 698 Pallad.
1450 670 1480 699 in
1492 672 1613 701 Laufiaca
1623 694 1632 710 ‚
1654 684 1676 701 c.
1694 685 1717 702 t.

112 707 203 734 exaRa
215 727 222 734 .
248 707 319 736 Vide
331 708 562 736 Cathea'raticum
574 727 582 734 .
601 707 812 744 Instnuatt‘vum
821 732 828 737 .
837 717 915 750 Syno—
929 710 1072 738 XENons
1083 729 1089 736 -
1114 710 1169 739 FR·
1186 708 1389 748 hospitantium
1399 711 1496 740 dus-“tor
1506 733 1513 740 .
1538 714 1575 741 V.
1595 719 1750 753 Xenagogus
1761 735 1769 748 ,

113 746 241 775 daticum
253 768 260 775 .
271 748 405 784 Pastellus
416 769 422 776 .
435 752 517 776 Erant
526 748 610 776 etiarn
620 749 698 776 zenia
710 760 722 777 a
734 750 851 780 Clericis
864 757 914 781 Ec-

970 751 1018 778 vel
1026 750 1115 778 Guido
1124 771 1132 779 .

113 787 200 815 clesiis
211 787 283 816 solw
302 787 383 817 solita
393 810 401 821 ‚
425 799 484 827 quae
499 789 718 826 Consuetudines
737 801 751 819 a
760 791 915 830 justiniano
928 792 1065 819 XENONES
1076 810 1084 818 ·
1108 791 1180 819 Vide
1191 793 1429 831 Brephotrophium
1439 815 1445 822 -

112 829 218 857 Novel.
234 837 278 864 56.
289 833 316 857 ὃ(
333 841 341 857 1
351 841 396 867 23.
406 829 622 858 denominantur
640 839 668 857 ea
685 830 719 858 de
748 832 820 861 causa
831 855 840 866 ‚
852 835 913 872 quia
929 833 1170 860 XENOPAKOCHUS
1182 853 1189 864 ,
1213 829 1390 871 ξεναπάροχος
1402 856 1408 863 .
1432 835 1487 867 Qui
1500 835 1612 864 nominc
1624 835 1770 874 Reipubli-

112 880 172 898 non
180 869 316 898 sacrorum
326 880 461 899 canonum
472 870 588 906 juffione
598 891 606 903 ‚
628 869 676 898 sed
685 880 793 901 tantum
802 875 913 903 consue-

114 910 210 939 tudine
224 912 335 949 quadam
346 910 539 940 solvebantur.
561 912 635 939 Item
654 921 712 940 erat
731 915 914 952 Entbromsti-

114 962 177 979 mm
196 952 290 989 penlio
311 952 450 990 quatdam,
476 963 557 990 quam
576 950 719 982 solvebant
742 965 799 983 non
824 955 912 986 solum

112 992 240 1024 Clerici,
252 991 299 1021 sed
310 993 392 1021 etiam
403 992 546 1032 Episcopi,
569 993 634 1021 dum
643 992 838 1024 beneficiorum
849 1018 856 1029 ,
870 997 914 1025 vel

113 1031 290 1101 Episcopatus
301 1031 489 1072 poffeffionem
500 1034 605 1063 adibant
616 1053 623 1061 .
645 1034 750 1067 synon.
775 1037 847 1065 Vide
860 1043 913 1067 Ba-

134 1084 175 1101 eln
185 1093 193 1101 ο

970 881 1008 900 cae
1021 881 1112 900 curam
1121 870 1235 900 habebat
1244 871 1403 910 hospitandi
1415 895 1422 902 .
1443 881 1454 911 [
1467 877 1505 903 Hi
1516 885 1623 915 quoque
1634 898 1641 909 ,
1652 877 1698 915 qui
1712 877 1756 904 Cu
1765 894 1772 899 -

970 912 1058 941 stodes
1070 913 1189 950 aedium,
1213 913 1258 941 vel
1268 913 1411 944 Archiotae
1424 938 1432 949 ,
1443 916 1488 945 vel
1499 917 1690 955 Logrographi
1700 938 1707 949 ,
1724 916 1771 944 vel

968 953 1132 986 Tabellarii,
1156 954 1203 982 vel
1220 955 1436 993 Xenoparochi,
1461 957 1490 984 in
1509 955 1535 984 ff.
1556 957 1574 984 l.
1605 966 1650 991 50.
1677 957 1719 985 tit.
1743 968 1770 991 4.

970 993 1016 1021 lib.
1041 998 1082 1021 18.
1099 994 1125 1024 §.
1152 996 1218 1025 10.]
1239 996 1294 1023 PR.
1308 999 1369 1025 Hoc
1388 997 1510 1025 officium
1532 1007 1613 1035 penes
1634 999 1773 1026 Romanos

970 1034 1120 1070 Quaestoris
1130 1034 1238 1064 Urbani
1250 1046 1325 1069 er-it5
1350 1048 1404 1077 quo
1424 1039 1454 1066 ab
1473 1037 1575 1066 eisdem
1585 1038 1626 1066 nil
1645 1039 1773 1076 agebatur

969 1074 1117 1103 solemnius
1132 1086 1138 1103 ε
1160 1075 1234 1104 unde
1245 1078 1364 1117 Regibus
1375 1101 1382 1112 ,
1395 1082 1422 1107 ὅ(
1433 1078 1542 1116 Legatis
1552 1089 1586 1107 ex
1600 1078 1707 1107 ultimis
1718 1088 1772 1105 tei--

72 1118 234 1145 Xfiuiown
246 1136 254 1147 ,
277 1115 483 1145 munusculum.

70 1159 310 1187 XunonocuARiA
327 1178 335 1190 ,
357 1157 561 1196 Hospitalaria.

70 1197 349 1230 ΧκκουοεΗΑκιυς,
372 1198 592 1237 Hospitalariu5‚
617 1206 640 1219 ‘⁸

968 1124 1057 1144 rarum
1066 1116 1222 1155 regionibus
1238 1121 1356 1148 Romani
1376 1118 1504 1158 profestis
1523 1119 1659 1157 publicum
1677 1117 1772 1156 hospi-

969 1156 1039 1185 tium
1053 1177 1060 1189 ι
1072 1160 1099 1185 &
1112 1167 1222 1185 munera
1232 1181 1240 1191 ‚
1251 1170 1311 1198 quae
1323 1164 1428 1189 Lamia
1439 1160 1596 1188 dicebantur
1608 1181 1615 1192 ,
1626 1169 1675 1198 per
1686 1160 1769 1194 Quae-

968 1197 1067 1226 storem
1079 1198 1223 1227 Urbanum
1234 1200 1306 1239 large
1318 1223 1325 1234 ,
1348 1200 1561 1239 &hospitaliter
1571 1200 1752 1239 erogabantur
1761 1217 1770 1226 .

72 1239 318 1270 Xnnonocuiuiu,
340 1238 508 1275 Ξενοῶὶζεῖον,
540 1240 721 1279 Hospitium,
744 1241 912 1280 Hospitale,·
933 1243 935 1245 ’

113 1277 190 1304 Iocus
199 1278 243 1305 ubi
260 1278 381 1316 hospites
390 1280 577 1317 recipiuntur:
600 1292 680 1320 quare
691 1283 820 1312 mendose
831 1291 912 1320 pent-'S

113 1317 247 1356 quosdam
259 1320 391 1348 Auctores
408 1322 598 1350 Smodochmm
609 1324 709 1361 legitur
721 1345 728 1352 .
750 1326 785 1353 In
798 1323 912 1352 Consti-

115 1358 266 1387 mtionibus
276 1360 374 1388 Leonis
384 1362 486 1398 Imper.
498 1362 609 1391 habetur
618 1385 625 1396 ,
649 1366 722 1402 quod
735 1366 835 1402 primus
850 1362 913 1392 suis—

113 1397 154 1426 set
164 1399 188 1426 S.
200 1400 313 1428 Zoricus
326 1421 333 1432 ‚
356 1402 403 1438 qui
413 1402 487 1440 piam
498 1402 568 1431 hanc
578 1403 731 1434 instituerat
740 1415 850 1444 operam
862 1413 913 1441 pro

112 1439 241 1468 Advenis
250 1462 258 1474 ‚
281 1444 308 1470 ἃ
320 1442 490 1480 Peregrinis:
510 1444 538 1472 id
547 1453 639 1472 tamen
649 1445 862 1484 intelligendum
875 1443 913 1471 est

111 1479 234 1518 respectu
244 1482 565 1521 Constantirmpolitanae
576 1486 727 1517 Civitatis5
752 1497 814 1515 nam
827 1487 923 1524 prima}

112 1520 270 1558 Hospitalis
287 1523 423 1551 institutio
442 1524 492 1552 suit
513 1525 717 1561 Hierosolymis
737 1528 767 1555 ab
789 1529 913 1556 Hircano

112 1560 198 1593 sacta,
222 1563 257 1590 ita
281 1563 383 1601 Joseph
396 1565 479 1593 Hebr.
492 1566 537 1594 lib.
555 1577 577 1594 1.
599 1567 715 1607 Antiqu.
725 1578 780 1606 cap.
797 1581 820 1597 2.
842 1566 915 1607 quod

112 1602 194 1629 etiam
206 1604 236 1631 ab
247 1605 423 1644 Hegefippo,
446 1605 493 1634 lib.
509 1607 684 1636 1.&Ilidoro
697 1630 703 1641 ,
727 1609 772 1637 lib.
790 1620 833 1643 15.
853 1620 876 1637 c.
891 1619 915 1635 2.

110 1643 279 1673 affirmatur.
303 1647 365 1674 Hoc
384 1646 540 1675 institutum
560 1649 670 1685 Equites
681 1649 840 1678 Melitenses
859 1659 913 1677 rna-

111 1683 186 1711 xima
197 1706 204 1716 ,
227 1689 254 1714 ὃς
263 1686 415 1715 admirabili
426 1687 573 1726 diligentia
583 1688 718 1718 sectantur
729 1711 735 1718 .
759 1692 814 1720 FR.
826 1691 859 1719 de
870 1701 915 1719 cu-

112 1727 152 1758 jus
172 1726 278 1754 ordinis
297 1728 426 1757 instituto
445 1730 490 1768 egi
504 1729 539 1757 'in
556 1730 696 1768 Apologia
713 1731 746 1758 ad
768 1732 915 1759 calumnias

111 1765 283 1802 Hieronymi
293 1768 421 1797 Brusonis
431 1791 438 1802 ‚
461 1773 534 1805 cujus
552 1770 649 1798 titulus
658 1771 696 1799 est
715 1773 740 1799 Il
754 1772 836 1800 Valot
849 1773 915 1800 Mal-

114 1805 171 1834 tesc
184 1828 191 1839 ,
215 1809 314 1837 Romae
328 1809 467 1848 impressus
478 1833 486 1843 ‚
510 1811 646 1849 praecipue
658 1812 689 1839 in
700 1811 836 1850 Respons.
857 1822 910 1841 vii.

114 1847 241 1883 Quorum
255 1848 403 1888 Hospitale
423 1851 713 1886 Hierosolymitanum
732 1862 793 1881 ante
811 1853 915 1881 adven-

113 1897 172 1915 tum
182 1890 321 1919 Gotisridi
332 1892 459 1921 Bulionis
468 1893 575 1921 extabat
586 1914 594 1925 ‚
617 1902 647 1920 ut
666 1904 697 1921 ex
708 1892 852 1922 Chronica
860 1895 915 1922 Ca-

112 1929 252 1959 {ineu-lib.
264 1943 291 1966 4.
303 1943 359 1970 cap.
385 1944 392 1960 1
405 1944 426 1961 1.
438 1933 582 1972 colligitur
592 1953 599 1961 .
621 1934 773 1972 Gregorius
792 1934 915 1962 Lambat-

114 1970 241 1999 dellusin
253 1973 310 2001 vita
321 1974 462 2002 ServiDei
483 1974 588 2003 Sororis
606 1975 733 2012 appellati
751 1974 842 2013 inquit
860 1974 914 2012 pri-

69 2014 74 2034 ι
115 2019 188 2037 mum
202 2011 347 2050 Hospitale
364 2015 394 2042 in
413 2015 493 2043 Italia
513 2015 573 2053 post
593 2015 770 2044 Barbarorum
780 2015 916 2053 expulsio-

111 2060 176 2079 nem
189 2052 217 2079 in
228 2054 337 2083 Senensi
350 2055 477 2084 Civitate
489 2055 629 2084 fundatum
643 2055 716 2084 fuiss'e
727 2056 758 2084 ab
768 2055 820 2084 hoc
830 2056 911 2084 Soro-

113 2092 186 2119 rede
204 2103 277 2121 anno
299 2096 448 2133 898.‘quod
459 2096 602 2135 Hospitale
620 2097 653 2125 dc
670 2097 770 2125 Schala
790 2096 912 2124 dicitur.

112 2183 183 2205 rum,
194 2174 238 2201 ubi
250 2185 309 2202 non
318 2174 432 2204 habetur
441 2177 586 2208 formatum
596 2177 802 2206 monasterium.
815 2178 914 2213 [Quod

113 2215 324 2244 Xenodochium
334 2237 342 2249 ,
364 2215 409 2244 seu
433 2219 629 2246 monasterium
639 2242 646 2252 ,
670 2219 744 2258 quod
771 2219 799 2246 in
816 2218 912 2246 eodem

114 2256 278 2284 Francorum
295 2259 397 2296 Regno
415 2259 594 2286 constitutum
604 2259 641 2288 est
653 2280 662 2291 ,
685 2269 743 2287 can.
766 2258 834 2286 hinc
854 2258 891 2286 est
905 2281 911 2290 ‚

116 2301 158 2322 16.
170 2307 215 2333 qu.
233 2301 277 2329 i.]
303 2298 366 2333 Quo
384 2307 473 2326 autem
483 2309 607 2337 tempore
628 2299 678 2327 hoc
690 2299 850 2328 vocabulum
866 2309 912 2336 pe—

113 2344 159 2362 nes
172 2338 321 2366 Monachos
331 2339 517 2368 introductum
528 2339 619 2371 ftierit,
630 2341 666 2368 D.
680 2341 784 2378 Aug.in
794 2349 852 2377 cap.
867 2346 909 2368 16.

116 2376 228 2413 Ioannis
239 2399 248 2412 ‚
271 2380 346 2409 traust-
363 2390 411 2417 9⁴⁷·
423 2380 458 2411 fic
476 2379 573 2410 refert:
595 2382 653 2417 [In
666 2379 818 2412 Antiochia
835 2379 909 2410 enim

114 2133 187 2160 Item
208 2135 422 2163 Xenodochium
447 2137 549 2166 dicitur
571 2136 731 2175 Hospitium
755 2136 925 2432 Religiosol

966 1238 1111 1266 Germanis
1123 1249 1190 1267 vero
1208 1240 1324 1278 hospitii
1341 1245 1382 1278 jus
1393 1240 1587 1270 sanffiffimum
1607 1240 1688 1279 usque
1706 1240 1772 1268 adeo

967 1289 1044 1314 erat,
1065 1289 1094 1307 ut
1111 1290 1199 1308 arcere
1211 1280 1332 1320 hospites
1343 1283 1509 1319 inexpiabile
1526 1282 1599 1310 nefas
1620 1283 1772 1323 diceretur.

968 1320 1046 1348 Idem
1056 1319 1190 1349 servatum
1201 1320 1252 1349 suit
1263 1323 1337 1350 inter
1346 1324 1466 1351 Lucanos
1475 1344 1482 1355 ‚
1506 1323 1632 1351 Calabres
1642 1343 1650 1354 ‚
1662 1323 1768 1350 Corin-

968 1359 1229 1398 tliiosffllegarenses
1239 1384 1246 1395 ,
1259 1366 1285 1390 ὅ(
1297 1363 1380 1393 alios5
1394 1362 1439 1390 sed
1452 1362 1521 1401 apud
1533 1372 1638 1391 veteres
1650 1361 1770 1390 nonnul-

969 1401 1009 1428 los
1019 1401 1122 1429 barbara
1131 1423 1138 1434 ‚
1162 1402 1378 1442 &inhospitalis
1388 1402 1556 1432 consuetudo
1566 1403 1660 1431 extitit
1671 1423 1677 1434 ,
1698 1402 1770 1429 inter

969 1451 1037 1479 quos
1050 1451 1172 1470 numerat
1184 1443 1342 1471 Alexander
1359 1444 1389 1471 ab
1399 1443 1559 1472 Alexandro
1581 1444 1626 1470 lib.
1639 1455 1665 1477 4.
1679 1453 1702 1469 c.
1726 1452 1769 1470 10-

970 1482 1074 1518 Spartas
1085 1503 1093 1514 ‚
1117 1484 1322 1511 Lacedaemones
1332 1506 1339 1516 ‚
1352 1482 1537 1512 Athenienses
1548 1504 1556 1515 ,
1567 1481 1772 1520 Carthaginen-

970 1520 1027 1555 ses,
1047 1522 1266 1562 Gamphsantcs,
1287 1526 1370 1559 Syros
1383 1546 1389 1556 ,
1411 1525 1587 1562 AEgyptios,
1610 1527 1637 1552 ὃ(
1655 1521 1773 1558 Scytho-

973 1573 1062 1592 tauros
1073 1584 1080 1591 .
1102 1566 1180 1593 Inter
1193 1565 1277 1593 Indos
1286 1575 1396 1603 quoque
1405 1566 1456 1594 nili
1469 1564 1561 1592 triduo
1571 1564 1708 1591 divertere
1721 1563 1773 1590 ini-

973 1606 1047 1634 nime
1059 1605 1154 1633 licebat
1165 1627 1172 1638 ,
1183 1616 1218 1633 ne
1231 1606 1306 1634 cives
1317 1607 1403 1645 longo
1413 1605 1459 1633 usu
1470 1603 1611 1633 dissimiles
1625 1614 1712 1632 mores
1723 1604 1772 1631 ini-

972 1648 1085 1674 buerent
1095 1667 1103 1678 ,
1125 1650 1152 1675 ὃ(
1163 1646 1192 1673 in
1204 1646 1303 1674 alienas
1314 1648 1385 1685 leges
1396 1669 1403 1679 ‚
1414 1645 1533 1683 ritusque
1544 1644 1687 1674 transirent
1700 1665 1706 1671 .
1721 1647 1773 1673 At-

973 1687 1288 1715 tamenCatholicorum
1306 1687 1447 1715 meritoria
1458 1685 1629 1724 hospitalitas
1647 1685 1684 1713 est
1693 1694 1773 1712 caete-

972 1728 1007 1756 ris
1016 1728 1273 1760 commendabilior,
1294 1738 1354 1756 cum
1366 1727 1421 1767 ipsa
1433 1727 1464 1756 fit
1474 1726 1719 1769 praedestinationis
1732 1725 1772 1769 ιΓιἡ

972 1779 1057 1807 guum
1071 1791 1076 1800 ‚
1101 1769 1118 1796 si
1130 1769 1205 1796 Divo
1218 1769 1373 1807 Augustino
1391 1768 1557 1796 credendum
1570 1767 1623 1794 etit
1634 1788 1641 1798 ,
1664 1775 1710 1810 qui
1728 1774 1766 1809 ita

972 1818 1026 1837 ait:
1054 1809 1102 1844 [Si
1114 1809 1264 1847 agnoscunt
1274 1831 1282 1841 ‚
1303 1810 1379 1847 quod
1389 1809 1451 1837 dico
1462 1830 1470 1841 ‚
1491 1807 1676 1847 praedestinati
1689 1815 1718 1833 ln
1731 1815 1772 1834 vi-

973 1860 1028 1879 tam
1039 1860 1169 1878 aeternam
1177 1850 1476 1888 operibusloquantur,
1500 1859 1556 1876 non
1578 1848 1704 1876 vocibus:
1727 1856 1773 1890 co-

971 1892 1062 1929 gimur
1083 1891 1159 1929 loqui
1180 1891 1255 1918 vobis
1266 1912 1274 1923 ‚
1298 1891 1372 1928 quod
1383 1901 1439 1918 non
1459 1889 1597 1918 debuimus
1607 1909 1614 1915 .
1639 1890 1771 1916 Invenire

972 1932 1046 1959 enirn
1058 1932 1087 1959 iu
1101 1931 1176 1959 vobis
1186 1931 1265 1959 debui
1274 1953 1281 1964 ‚
1306 1932 1380 1969 quod
1391 1931 1558 1959 laudaremus
1571 1951 1577 1961 ‚
1597 1939 1655 1957 non
1666 1937 1772 1971 quaere-

971 1983 999 2000 re
1012 1994 1018 2004 ,
1041 1972 1116 2010 quod
1127 1972 1332 2000 admoneremus
1344 1993 1350 1999 .
1374 1974 1440 2000 Ecce
1458 1980 1548 1999 tamen
1567 1970 1687 1998 breviter
1706 1968 1772 1996 dico

972 2024 1029 2041 non
1041 2013 1202 2040 immemor.
1227 2011 1379 2050 Agnoscite
1399 2011 1616 2050 hospitalitatem
1628 2019 1675 2047 per
1691 2018 1773 2046 quam

972 2063 1136 2091 perventum
1155 2053 1192 2082 est
1215 2053 1248 2081 ad
1259 2052 1430 2081 Dominum.
1455 2050 1589 2089 Suscipite
1610 2049 1748 2093 hospitem
1761 2069 1770 2081 ,

971 2098 1043 2128 cujus
1054 2099 1081 2123 δ(
1094 2104 1123 2123 tu
1133 2105 1159 2122 es
1170 2103 1259 2121 comes
1269 2093 1298 2121 in
1312 2094 1354 2121 via
1363 2115 1371 2126 ‚
1394 2092 1456 2132 quia
1467 2102 1563 2120 omnes
1575 2099 1715 2129 peregrini
1729 2088 1771 2133 su-

971 2144 1029 2162 mus
1041 2156 1047 2162 .
1071 2134 1131 2173 Ipse
1142 2134 1179 2163 est
1189 2133 1365 2163 Christianus
1377 2155 1384 2166 ‚
1404 2134 1450 2172 qui
1461 2137 1488 2161 ὅ(
1499 2133 1528 2160 in
1536 2133 1620 2160 domo
1632 2129 1693 2174 sua,
1702 2133 1730 2158 δι
1740 2139 1771 2157 in

972 2176 1056 2214 patria
1067 2175 1108 2203 sua
1121 2176 1297 2214 peregrinum
1320 2174 1348 2202 se
1365 2173 1415 2202 cli'e
1425 2171 1570 2212 cognoscit
1582 2192 1588 2199 .
1610 2172 1699 2200 Patria
1720 2180 1771 2198 no-

972 2217 1021 2244 stra
1033 2215 1135 2244 sursum
1145 2217 1183 2245 est
1193 2237 1200 2248 ,
1223 2216 1258 2244 ibi
1274 2214 1395 2253 hospites
1405 2225 1462 2243 non
1472 2215 1586 2243 erimu55
1611 2221 1675 2239 nani
1688 2208 1770 2238 unus-

970 2255 1084 2295 quisque
1096 2256 1140 2285 hic
1152 2278 1159 2289 ,
1183 2257 1251 2285 &in
1270 2256 1354 2284 domo
1374 2254 1417 2283 sua
1437 2253 1534 2292 hospes
1543 2253 1581 2282 est
1593 2273 1600 2280 .
1620 2252 1712 2280 Sinon
1730 2247 1768 2276 est

970 2296 1068 2335 hospes
1081 2320 1088 2330 ,
1111 2308 1168 2326 non
1179 2297 1243 2327 inde
1250 2295 1369 2325 transeat
1380 2317 1386 2324 .
1397 2296 1427 2324 Si
1439 2295 1595 2324 tranliturus
1604 2292 1642 2321 est
1653 2313 1661 2324 ,
1671 2287 1768 2331 hospes

967 2338 1004 2365 est
1016 2359 1022 2365 .
1046 2340 1113 2366 Non
1140 2337 1166 2366 se
1195 2338 1267 2367 fallat
1278 2359 1285 2370 ‚
1320 2336 1418 2375 hospes
1456 2335 1494 2365 est
1516 2346 1523 2366 5
1549 2334 1618 2378 velit
1627 2353 1651 2374 1.
1673 2329 1745 2357 ΠΟῙΠ
1759 2348 1767 2358 ι

967 2377 1065 2419 hospes
1077 2379 1114 2408 est
1124 2378 1318 2417 5sed1dirnittit
1330 2378 1408 2407 illam
1418 2376 1531 2405 domum
1541 2374 1604 2403 filiis
1614 2370 1665 2401 suis
1675 2367 1767 2448 ‚Paos-

1864 1384 1865 1387 „
1864 1360 1865 1372 ⁴
1855 1299 1865 1339 ες
1846 1070 1865 1294 ‘Q'V3153-4m‘n-2
1858 1059 1859 1062 „
