1866 2526
480 44 586 90 ΒΟ

90 107 209 136 Bonus
219 125 227 134 .
236 104 294 137 m.
304 115 362 135 non
374 113 481 135 tantum
491 105 526 135 de
534 104 628 142 apibus
640 125 648 137 ,
670 100 717 132 sed
729 102 763 132 de
772 100 843 132 echo
855 123 862 136 ,
885 105 912 132 8<

131 146 252 175 armonia
268 156 377 186 quoque
403 146 525 176 dieitur..
546 143 713 175 Prudentius
744 145 778 173 dc
809 145 916 173 Natura

129 187 240 218 Anima·
258 208 265 215 .
600 197 622 212 ο

138 238 153 252 ο
167 227 306 267 Concipit
317 249 324 262 ‚
347 237 392 257 aut
405 227 452 257 ille
463 227 501 256 est
514 226 600 265 presio
612 225 800 255 modulamine
812 235 914 264 parcus,

170 271 228 298 Aut
238 268 375 298 tumidum
387 269 464 308 largo
473 267 602 297 sublimat
613 267 684 296 flami
691 277 723 294 ne
733 267 858 295 bombum
868 286 876 294 .

88 309 291 339 Bomorocmn
302 331 310 342 ,
331 305 507 347 βωμολοχία
526 329 534 341 ,
558 308 603 337 Est
621 307 770 336 scurrilitas
782 328 789 340 ,
813 307 913 335 vitium

130 349 331 379 diametraliter
341 349 497 388 euti-apeliae
516 348 691 387 oppositum,
714 351 741 376 δι
749 350 823 383 jocus
841 347 913 375 scur-

131 390 191 418 rilis
211 391 242 419 ab
264 390 416 420 Aristotele
439 399 552 418 vocatur
562 409 569 416 .

89 430 106 450 ἢ
126 427 389 462 ΒΩΜΟΛΟΚῙἈ
401 450 407 457 .
428 429 584 468 Turpitudo
606 430 750 458 verborum
769 431 797 456 3<
818 427 915 456 scurri-

129 471 163 498 lis
184 470 310 500 dicacitas
333 472 423 500 Cone.
445 469 544 499 Carth.
555 482 582 506 4.
601 480 624 497 c.
645 476 690 499 60·
714 469 749 498 fic
772 467 860 497 invisa
884 477 912 495 ut

127 510 256 540 Clericos
275 511 398 540 scurriles
419 514 447 540 ὅ(
470 510 558 539 verbis
581 510 700 549 turpibus
730 509 861 545 joculares
883 509 914 536 ab

129 551 226 581 officio
246 552 427 581 retrahendos
449 551 586 580 statuerit.

88 593 177 622 Boni:
199 602 341 621 minorue
355 613 361 620 .
386 595 441 622 PR.
455 591 500 620 vel
510 592 610 620 Felicis
621 591 828 620 Recordationis
838 590 912 618 .De-

129 632 284 661 funCtotum
293 632 450 671 epithetum
460 654 467 665 ,
478 631 552 670 quod
565 633 644 670 I‘apae
656 629 826 668 ‚Episcopa
836 633 912 660 Pres-

126 674 226 707 bytero
239 695 246 705 ,
269 677 297 702 δε
316 673 444 702 Diacono
455 671 601 700 Cardinali
622 671 680 700 vita
704 671 803 699 functis
823 670 912 699 solum

126 714 263 741 convenit
275 735 282 746 ‚
293 714 398 742 caeteris
409 711 558 750 improprie
568 711 698 740 tribuitur
708 723 716 743 ᾗ
727 711 848 760 Regibus
864 721 911 739 ve-

127 764 160 782 ro
170 775 178 786 ‚
188 763 218 781 ac
227 753 396 791 Principibus
407 753 491 782 Clara
503 773 509 784 ‚
519 751 564 779 seu
573 752 676 780 Inclita
687 755 821 780 Memoria
836 774 842 785 ,
855 754 912 781 Im-

126 794 294 832 peratoribus
305 793 374 821 olim
385 796 464 822 Diva
477 795 614 820 Memoria
624 792 773 824 dicebatur,
783 792 870 821 Gioii‘.
883 792 910 819 in

129 838 241 863 Extrav.
252 833 286 862 dc
295 833 491 864 Schismaticis3
505 833 602 860 titulus
614 841 705 861 autem
718 836 798 861 Diva
810 839 912 862 Memo-

125 877 168 903 ria
182 874 396 912 Imperatoribus
405 873 541 902 defunctis
550 873 664 902 dabatur
672 873 704 902 ab
713 873 832 911 ipsismet
842 876 914 902 Por„

123 913 243 942 tisicibus
253 935 261 942 .
282 926 341 944 can.
354 915 456 954 placuit
466 913 530 942 huic
540 912 638 943 sanetae
650 933 657 941 .
684 920 727 942 16.
739 914 833 953 quaest.
847 924 874 951 3.
886 914 912 941 S.

126 954 261 983 Maximus
270 957 377 991 Martyr
386 958 587 995 Imperatorem
596 954 757 983 Heraclium
766 958 819 990 jam
838 964 911 982 mor-

127 1004 204 1022 tuum
214 999 265 1024 Pia
279 999 414 1024 Memoria
424 994 575 1033 appellavit
586 1017 594 1028 ‚
616 1006 676 1023 non
689 994 752 1032 quia
772 995 852 1022 illum
862 1004 911 1032 pro

125 1034 266 1063 catholico
276 1035 458 1073 pronunciare
470 1034 656 1065 voluiss'et5sed
667 1034 729 1072 quia
740 1045 803 1063 tunc
815 1044 871 1062 crat
883 1034 911 1061 in

127 1074 175 1102 usu
184 1076 368 1114 Imperatores
391 1086 449 1103 non
472 1074 579 1113 publice
600 1075 634 1103 de
652 1074 748 1104 lie->resi
770 1067 912 1103 damnaios

126 1115 188 1152 pios
198 1116 336 1154 appellare
346 1136 353 1143 .
379 1116 452 1144 Vide
462 1115 611 1144 Batonium
621 1119 756 1149 Asu-³540.
767 1126 794 1144 n.
812 1127 853 1143 ro.

83 1157 312 1185 Romu-rurum
324 1177 331 1183 .
356 1158 412 1185 PR.
422 1165 510 1194 grxce
522 1156 673 1194 Eutychius
684 1155 802 1186 dicitur-5
815 1156 853 1183 ita
864 1157 913 1184 La-

128 1196 252 1225 tiniusin
263 1199 316 1231 ejus
326 1197 451 1225 Correst.
462 1196 493 1223 in
502 1195 640 1224 Trithem.
650 1195 676 1225 ξ.
689 1196 843 1231 Eusachius
855 1215 862 1223 .

86 1236 257 1265 Boseomu
269 1257 276 1264 .
301 1238 357 1266 PR.
369 1235 504 1264 Haercrici
515 1256 524 1268 ‚
546 1245 663 1274 quorum
681 1235 860 1274 blasphemias
869 1246 911 1264 re·

125 1277 178 1305 fer-t
189 1276 345 1305 Euthimius
355 1277 425 1314 apud
437 1278 535 1304 Baron.
545 1279 617 1304 Arm
631 1286 637 1303 1
651 1280 692 1304 18.
705 1287 783 1309 n.27.
796 1287 911 1314 quoi-uni

126 1317 233 1346 Auctor
255 1317 367 1356 quidam
388 1317 499 1345 Basilius
511 1316 634 1345 Medicus
657 1316 743 1346 suerat
755 1338 762 1344 .
785 1317 894 1345 Ibidem
904 1338 911 1344 .

125 1357 210 1395 Apud
219 1358 321 1393 Mysios
335 1358 506 1396 Bongomilus
518 1356 732 1387 misericordiam
743 1358 799 1387 Dei
810 1357 912 1396 implo-

124 1406 231 1426 rantem
242 1398 392 1438 significat⁴

82 1435 272 1468 Bou'xscurus
285 1459 292 1467 .
319 1441 375 1469 FR.
386 1438 586 1469 diminutivum
603 1450 617 1469 a
634 1440 708 1468 bono
718 1459 725 1467 .
744 1445 759 1474 [
771 1439 855 1473 Quod
867 1449 912 1468 eos

1233 45 1271 89 Β
1300 47 1343 89 O
1635 62 1710 100 117

972 103 1018 132 bus
1029 124 1036 136 ‚
1055 101 1140 133 tonsis
1149 102 1235 132 comis
1245 103 1401 133 ministrent
1411 99 1452 132 illi
1463 113 1523 133 cum
1537 98 1702 143 presbyteris
1711 104 1763 135 ibi—

970 143 1036 173 dem
1053 144 1116 172 Deo
1139 142 1464 188 famulantibus-Sicque
1485 146 1520 174 de
1531 147 1639 184 Regnis
1662 146 1761 175 nostris

943 196 946 197 ⁷
972 183 1132 222 colligimus
1141 194 1258 223 quatuor
1267 195 1316 225 per
1326 194 1409 213 trium
1422 185 1540 224 partium
1551 186 1580 214 in
1593 186 1679 225 figura
1697 188 1762 215 San-

972 226 1021 253 &ae
1036 224 1198 259 Trinitatis,
1220 229 1248 255 δε
1258 235 1376 264 quatuor
1388 226 1624 265 Evangelistarum
1636 246 1644 253 .
1666 226 1710 255 Sic
1734 227 1763 255 iit

972 264 1080 294 honore
1088 265 1236 295 duodecim
1248 266 1447 308 Apostolorum
1463 266 1592 306 eligimus
1603 276 1719 306 quatuor
1728 266 1762 294 de

974 305 1087 335 Francia
1097 328 1106 339 ‚
1125 309 1152 336 8<
1163 312 1280 345 q'uatuor
1289 306 1323 335 de
1332 306 1486 346 Aquitania
1497 329 1504 340 ,
1524 316 1640 346 quatuor
1650 308 1684 336 de
1696 307 1763 336 Gal-

972 346 1010 375 lia
1020 368 1028 380 ,
1050 356 1079 376 ut
1089 346 1125 375 ibi
1134 345 1257 376 serviant
1267 348 1330 376 Deo
1340 351 1416 379 &cd
1427 350 1461 375 Et
1472 358 1535 376 mox
1547 358 1641 377 eorum
1652 347 1760 386 obliga-

972 385 1062 416 tiones
1071 386 1189 417 declarat
1199 409 1207 421 ,
1228 387 1348 416 scilicet:
1373 388 1546 427 [Colligam
1570 388 1663 418 fratres
1683 397 1762 426 pere-

971 428 1069 466 grinos
1078 449 1086 461 ,
1107 428 1155 467 qui
1178 428 1321 467 migraturi
1332 427 1394 456 sunt
1406 428 1436 456 in
1447 428 1510 466 ipsis
1520 429 1638 467 partibus
1657 433 1757 460 Romae

972 471 1024 496 &c.
1044 470 1167 498 Vocatur
1177 469 1297 508 denique
1307 468 1388 497 Prior
1395 467 1497 498 scholae
1508 474 1560 499 &c-
1583 470 1627 499 Ut
1648 469 1760 499 ubicun-

973 519 1025 546 que
1048 509 1079 537 in
1099 510 1158 538 istis
1169 509 1290 548 partibus
1300 509 1334 537 de
1343 509 1555 549 ultramontanis
1578 509 1698 548 partibus
1708 531 1715 542 ,
1738 511 1758 539 si

972 548 1031 577 :asu
1040 549 1141 579 accidit
1151 549 1287 590 migrandi
1300 571 1307 581 ‚
1327 549 1471 588 inquirant
1482 571 1490 583 ,
1507 560 1538 580 ut
1549 550 1683 589 sepeliant
1694 572 1702 583 ,
1711 550 1761 579 de-

970 589 1125 618 ducendum
1137 592 1170 619 ad
1179 594 1234 628 jam
1243 590 1342 619 distam
1353 590 1497 620 Ecclesiam
1508 595 1561 620 &c.
1581 591 1625 621 Ut
1635 601 1683 630 per
1693 593 1762 620 Bor-

970 629 1082 664 dinatis,
1095 630 1143 669 qui
1154 631 1255 660 suerint
1269 630 1298 658 in
1309 631 1370 669 ipsis
1383 631 1449 659 locis
1460 631 1599 669 praediflis
1608 653 1616 666 ‚
1628 641 1676 670 per
1687 631 1758 670 ipso-

970 681 1029 698 rum
1043 671 1207 700 nunciorum
1229 681 1322 700 manus
1333 671 1504 701 destinentur
1513 672 1646 700 ducendis
1656 673 1684 701 in
1705 675 1759 708 jam

971 720 1130 748 praenotato
1146 712 1210 740 loco
1220 733 1227 745 ,
1252 712 1316 741 sicut
1340 712 1429 740 nollra
1451 712 1608 750 praeceptali
1618 711 1760 741 sanstione

969 752 1090 780 decrevit
1100 751 1180 787 jussio
1191 774 1198 785 ,
1209 762 1290 790 atque
1303 752 1339 780 ibi
1347 751 1530 781 servientibus
1543 753 1616 781 nulla
1626 753 1759 792 impediat<

969 791 1100 820 turrcausa
1107 792 1283 821 necessitatis.
1293 792 1489 829 Praecipientes
1500 793 1674 831 praecipimus
1683 803 1756 822 com-

970 833 1139 862 morantibus
1150 833 1254 862 ibidem
1264 855 1272 866 ,
1284 833 1367 861 alium
1377 831 1523 861 sci-vitium
1533 833 1681 862 exhibeant
1694 834 1757 862 Deo

970 877 997 901 δε
1019 873 1119 901 nostra·
1142 873 1291 903 Serenitati
1300 893 1307 900 .
1331 874 1441 902 Idcirco
1453 895 1460 907 ‚
1484 872 1660 912 quoscunque
1682 873 1756 902 causa

969 913 1104 941 orationis
1115 914 1148 942 de
1169 913 1383 943 ultramontanis
1404 914 1524 952 partibus
1538 914 1666 943 venerint
1675 937 1683 947 ,
1707 914 1756 952 ipri

969 954 1022 982 sint
1032 954 1157 982 dustores
1165 965 1260 984 eorum
1272 955 1305 983 ad
1316 954 1450 983 orandum
1470 964 1517 992 per
1539 954 1636 983 limina
1648 956 1758 984 Saneto-

972 1004 1031 1021 rum
1042 1015 1049 1021 .
1072 995 1118 1023 De
1127 995 1207 1024 allata
1219 1005 1330 1024 munera
1342 1016 1349 1026 ,
1362 995 1437 1033 quod
1447 996 1526 1023 datur
1538 1004 1588 1033 pro
1597 1005 1758 1034 unaquaque

970 1034 1086 1063 Ecclesia
1096 1056 1104 1067 ,
1126 1045 1194 1073 quos
1206 1046 1257 1074 pro
1269 1045 1362 1063 eorum
1373 1035 1516 1064 duftiones
1537 1036 1686 1064 mittuntur
1698 1058 1705 1069 ,
1728 1046 1756 1063 ut

968 1075 1032 1102 duas
1054 1084 1142 1113 partes
1163 1076 1301 1114 praediffis
1312 1075 1435 1104 Ecclesiis
1446 1076 1545 1106 deturs
1569 1077 1680 1104 tertiam
1693 1086 1759 1104 vcro

970 1115 1019 1152 ipsi
1031 1116 1166 1144 Duftores
1187 1117 1321 1154 accipiant
1331 1137 1338 1143 .
1361 1116 1567 1145 Tantummodo
1589 1116 1638 1144 hac
1649 1127 1758 1155 praeno—

970 1154 1078 1183 tatione
1090 1155 1173 1184 vctiri
1183 1156 1343 1185 Scholastici
1352 1177 1361 1188 ‚
1384 1166 1436 1184 una
1458 1167 1519 1184 cum
1542 1156 1706 1194 presbyteris
1715 1155 1758 1186 su-

969 1195 1099 1233 pradissae
1119 1196 1247 1225 Ecclesia?
1258 1198 1284 1225 S.
1294 1196 1444 1225 salvatoris
1453 1197 1487 1225 de
1498 1197 1607 1236 Regnis
1619 1197 1737 1226 Franciae
1749 1220 1759 1232 ,

969 1239 997 1264 ὅ(
1020 1236 1178 1274 Aquitaniae
1191 1259 1198 1269 ,
1221 1236 1267 1265 seu
1290 1237 1493 1275 Burgundionis
1513 1259 1520 1270 ‚
1543 1238 1689 1266 Alcmauia
1701 1260 1707 1271 ,
1731 1243 1758 1268 δε

972 1275 1032 1304 aliis
1054 1278 1204 1306 numerosis
1226 1277 1383 1316 regionibus
1394 1299 1402 1310 ,
1424 1288 1454 1306 ut
1477 1278 1511 1306 de
1533 1278 1611 1307 Saxis
1624 1300 1632 1311 ,
1657 1278 1736 1309 Frisia
1751 1301 1758 1311 ,

968 1315 1097 1345 omnibus
1119 1318 1179 1349 aliis
1201 1318 1361 1357 regionibus
1384 1319 1432 1356 ipsi
1443 1318 1546 1348 ducant
1566 1329 1706 1353 oratores,
1728 1324 1757 1348 δε

966 1357 1110 1396 hospitent
1121 1380 1129 1392 ‚
1151 1359 1287 1396 sepeliant
1309 1369 1404 1387 omnes
1425 1363 1477 1388 &c.
1501 1360 1635 1397 Diploma
1657 1361 1756 1389 Caroli

967 1399 1064 1437 Magni
1086 1400 1158 1437 apud
1180 1400 1341 1439 Torrigium
1362 1399 1396 1427 de
1417 1401 1521 1438 Crypt.
1533 1401 1621 1428 V.-.tic.
1633 1401 1755 1429 Secunda

967 1437 1084 1476 impress-
1096 1450 1156 1479 pag.
1172 1450 1236 1478 503.
1248 1444 1275 1469 ὅ(
1284 1439 1360 1479 seqq.

126 1478 274 1507 bonisculis
283 1490 426 1518 parentum
437 1485 449 1514 (
460 1481 526 1509 sicut
536 1480 645 1513 asserit)
656 1480 769 1519 reliquit
778 1490 911 1509 extorres.
929 1481 1045 1508 Boiu‘ffl
1057 1501 1065 1513 ,
1076 1479 1166 1510 herbte
1177 1479 1281 1519 species
1289 1503 1297 1514 ,
1311 1492 1363 1519 qua
1373 1481 1432 1509 lana
1444 1491 1573 1520 purgatur
1584 1503 1591 1514 ‚
1603 1485 1630 1510 ὃ(
1641 1481 1753 1509 inaculae

126 1527 185 1545 can.
196 1519 384 1558 Irreligiosum
394 1541 401 1548 .
410 1520 472 1549 dist.
486 1526 529 1554 87.

85 1556 225 1600 Boxoxia
239 1580 246 1591 ‚
269 1560 359 1588 Italiae
372 1561 482 1589 Civitas
493 1582 499 1588 .
524 1563 580 1590 FR.
593 1565 647 1598 ejus
657 1571 776 1597 etymon
787 1582 794 1594 ,
817 1572 846 1589 ac
859 1561 911 1589 stu-

127 1598 174 1625 dia
184 1618 191 1629 ,
216 1599 384 1628 Videolossi
397 1601 425 1628 in
436 1601 606 1630 Clenientin.
618 1603 652 1631 dc
663 1601 818 1640 Magistris.
828 1613 851 1630 c.
862 1603 910 1630 In-

127 1647 180 1665 ter.
189 1638 216 1669 §.
225 1641 352 1668 Bononia
362 1661 369 1667 .
392 1644 433 1669 Ex
443 1651 474 1669 ea
485 1642 630 1670 Academia
640 1644 780 1681 inceptum
791 1641 842 1670 fuit
855 1645 909 1671 An.

126 1677 213 1707 Dom.
225 1690 239 1707 a
249 1680 408 1709 Nativitate
418 1680 540 1718 ejusdem
553 1683 687 1711 numerari
699 1703 708 1711 .
721 1682 794 1711 Vide
803 1688 872 1712 AEra
883 1703 889 1710 .

82 1719 253 1748 Bonosum
267 1740 273 1747 .
287 1723 344 1750 PR.
357 1722 602 1752 HaereticiBondsi
613 1723 741 1762 Episcopi
752 1722 908 1761 Discipuli5

125 1761 330 1802 contendebant
336 1761 486 1791 Christum
495 1774 553 1791 non
562 1774 657 1792 verum
667 1785 675 1797 ‚
692 1762 738 1792 sed
748 1764 908 1802 adoptivum

126 1799 215 1843 filiu-m
224 1801 278 1829 Dei
289 1801 339 1830 esl'e
350 1823 357 1830 .
383 1814 428 1837 24.
440 1813 484 1841 qu.
498 1814 524 1841 3.
535 1814 594 1832 can.
606 1815 654 1841 39.
667 1807 701 1833 Et
710 1814 771 1833 cum
783 1806 909 1834 Circum-

125 1839 289 1870 cellionibus
300 1863 308 1875 ‚
318 1841 364 1872 seu
377 1844 529 1881 Scotopicis
539 1845 745 1874 conveniebant
755 1865 762 1872 .
786 1844 892 1873 Ibidem
902 1866 908 1873 .

84 1882 165 1910 Booz
177 1900 184 1911 ,
207 1881 288 1910 robur
297 1903 304 1914 ‚
326 1886 354 1912 ὅ(
376 1883 512 1912 fortitudo
522 1904 529 1911 .
553 1885 627 1913 Vide
649 1891 763 1914 Dextra
771 1906 779 1913 .

969 1521 1151 1559 deterguntur
1162 1528 1195 1557 .·[
1206 1522 1234 1550 Si
1243 1522 1344 1550 laveris
1354 1532 1381 1549 te
1395 1522 1469 1550 nitro
1480 1543 1488 1554 ‚
1511 1526 1537 1550 &
1549 1522 1757 1560 multiplicave-

968 1561 1005 1589 ris
1016 1562 1067 1589 tibi
1078 1560 1189 1590 herbam
1201 1561 1295 1590 borith
1308 1584 1316 1595 ,
1326 1563 1457 1591 maculata
1467 1572 1493 1590 es
1503 1562 1532 1590 in
1544 1562 1691 1600 iniquitate
1701 1571 1755 1590 tua.

969 1602 1136 1640 Jerem.,cap.
1148 1614 1175 1631 2.
1186 1605 1198 1634 ]
1211 1605 1268 1632 PR.
1276 1606 1432 1632 lanariam
1453 1601 1523 1630 hanc
1546 1602 1656 1631 herbam
1673 1613 1753 1630 vocat

967 1642 1073 1671 Plinius
1085 1664 1093 1675 ‚
1117 1643 1447 1682 vulgaritei·Saponaria;
1459 1645 1558 1671 Romae
1570 1643 1678 1679 Risculi
1688 1664 1695 1675 ‚
1706 1641 1754 1671 scu

968 1684 1062 1712 Barba
1071 1684 1101 1711 di
1111 1689 1192 1712 Becco
1202 1683 1303 1712 dicitur
1314 1705 1322 1716 ‚
1345 1683 1435 1721 ibique
1443 1684 1518 1711 cofta
1529 1683 1684 1712 comeditur
1696 1694 1703 1714 ;
1726 1693 1755 1712 at

966 1723 1048 1752 cruda
1058 1724 1133 1752 inter
1144 1724 1247 1762 digitos
1259 1724 1324 1753 trita
1333 1723 1404 1753 cutis
1413 1723 1611 1761 aspritudinem
1621 1723 1754 1762 detergit,

965 1764 1094 1803 levatque
1102 1764 1200 1793 eodem
1212 1765 1295 1793 modo
1306 1786 1315 1797 ,
1337 1775 1392 1803 quo
1414 1763 1478 1803 sapo
1501 1764 1580 1792 facit:
1603 1764 1634 1792 in
1644 1765 1754 1793 oriente

965 1807 1022 1843 ejus
1034 1806 1125 1834 cinere
1135 1805 1267 1843 saponem
1279 1805 1409 1833 fabricant
1421 1826 1428 1837 ,
1452 1804 1514 1833 ideo
1524 1810 1662 1841 Saponara
1671 1805 1701 1832 in
1710 1804 1752 1833 Si-

967 1845 1031 1879 cilia
1042 1855 1155 1875 vocatur
1167 1858 1172 1873 :
1184 1848 1239 1883 ejus
1251 1845 1334 1874 forma
1345 1846 1379 1874 ad
1390 1845 1473 1874 instar
1485 1846 1592 1883 equina:
1602 1845 1693 1874 caudae
1704 1844 1752 1874 est.

925 1888 1030 1915 BottMA
1043 1907 1049 1914 .
1074 1886 1147 1916 Vide
1168 1892 1286 1915 Steura.

84 1923 267 1965 Bouepnirffi
278 1943 286 1954 ‚
296 1922 615 1962 Bopaowoei.·H:eretic2
626 1925 693 1954 festa
703 1936 738 1954 ex
748 1925 889 1955 Gnosticis
902 1948 909 1959 ,
925 1929 1015 1956 Boset
1029 1948 1036 1959 ‚
1058 1924 1155 1957 Bo'ouoi
1165 1948 1172 1959 ,
1195 1927 1375 1955 Eremitarum
1384 1936 1469 1965 genus
1477 1946 1485 1953 .
1509 1925 1582 1955 Vide
1591 1931 1684 1955 Laura
1695 1945 1702 1953 .

125 1971 173 1999 qui
183 1983 190 1994 ‚
202 1961 269 1990 teste
281 1963 436 2001 Augustino
446 1986 454 1996 ,
465 1975 498 1993 ex
511 1965 630 2003 sordidis
640 1976 735 1995 eorum
746 1967 845 1995 acribus
857 1966 910 1995 tale
924 1970 1021 1996 Boson
1033 1987 1040 1994 .
1065 1968 1121 1996 r-R.
1135 1966 1221 1995 dietio
1231 1966 1353 1996 hebraica
1364 1988 1371 1999 ,
1392 1970 1419 1994 Sc
1429 1976 1554 1994 craneum
1566 1988 1572 1999 ,
1595 1967 1689 1995 sivein
1701 1966 1750 1994 tri-

124 2012 228 2070 ηοξτὲεη
240 2012 414 2035 memerunt;
437 2001 559 2045 βόρβορος
579 2007 656 2035 enim
676 2008 864 2046 graecelutum
878 2008 910 2036 si-

125 2052 172 2081 gni
195 2052 237 2071 cnt
249 2063 256 2070 .

965 2007 1107 2035 bulationc
1129 2008 1246 2046 positum
1268 2007 1419 2046 significat.
1441 2017 1498 2035 can.
1521 2007 1598 2035 sicuti
1619 2005 1699 2046 sunt.
1725 2019 1751 2035 ι.

962 2047 1055 2085 quaest.
1068 2059 1095 2079 7.

83 2084 278 2127 Boumtsarjrs
292 2104 298 2110 .
320 2085 376 2114 PR.
388 2096 462 2115 erant
472 2086 628 2125 quindecim
639 2088 817 2117 Ecclefiastici
827 2088 910 2117 ultra-
922 2088 1079 2117 Bosrnitm
1092 2110 1100 2121 ‚
1111 2087 1243 2117 bovinum
1254 2088 1384 2117 stabulum
1394 2107 1401 2114 .
1412 2088 1447 2116 In
1458 2082 1521 2116 hi'st.
1533 2087 1633 2116 Matth.
1644 2085 1728 2117 Paris.

127 2133 251 2152 montani
272 2134 286 2152 a
307 2126 412 2154 (arole
421 2129 524 2166 Magno
546 2129 575 2155 in
600 2129 714 2157 Ecclesia
724 2130 749 2158 S.
759 2129 909 2158 Salvatoris
924 2130 1006 2157 ΒοτΑ
1019 2150 1026 2161 ,
1048 2139 1188 2157 ocrearum
1197 2138 1282 2166 gemis
1293 2149 1299 2155 .
1325 2134 1337 2163 [
1348 2127 1484 2157 Conversi
1498 2127 1528 2156 in
1537 2128 1662 2167 grangiis
1672 2129 1748 2156 botas

123 2174 210 2202 prope
222 2166 247 2194 S.
257 2167 369 2194 Petrum
380 2166 409 2194 in
420 2168 554 2196 Vaticano
563 2169 645 2198 ereCH
654 2191 663 2203 ‚
678 2170 732 2208 vqui
752 2170 890 2198 Gnidones
901 2191 909 2203 ‚

123 2203 169 2232 seu
178 2210 269 2234 Duces
280 2206 442 2235 dicebantur
451 2228 458 2235 .
482 2209 555 2237 Vide
563 2211 652 2238 Guido
663 2221 669 2241 i
689 2219 752 2238 nam
764 2210 836 2238 inter
846 2211 909 2238 alias

125 2245 307 2284 obligationes
315 2248 349 2275 ad
358 2246 448 2276 sansta
459 2248 544 2281 Urbis
551 2250 612 2279 loca
620 2251 786 2289 Peregrinos
805 2251 909 2279 condu-

123 2295 184 2314 cere
194 2287 358 2316 tcnebantut
369 2308 376 2316 .
400 2289 520 2327 [Itaque
527 2289 615 2319 stabili
634 2290 700 2328 juss'u
711 2291 837 2319 decrevit
859 2302 908 2319 no-

120 2326 177 2354 stra
189 2328 345 2356 Αυᾶοτίιεις
356 2329 383 2356 in
394 2329 526 2367 praedista
533 2331 649 2360 Ecclesia
659 2342 712 2360 tres
722 2331 905 2370 presbyteros,

123 2366 307 2396 &duodecim
318 2370 431 2398 clericos
451 2368 628 2401 scholasticos
638 2393 647 2406 ‚
669 2372 774 2403 litteras
793 2370 905 2402 scienti-

159 2409 350 2440 flietotextcon
375 2416 466 2440 Mam
477 2431 483 2438 .
821 2408 832 2412 ”

963 2179 1021 2197 non
1031 2168 1146 2197 habeant
1156 2189 1163 2196 .
1177 2169 1299 2198 Constit.
1311 2168 1475 2197 Cistercien.
1485 2178 1543 2207 cap.
1558 2171 1624 2205 19.]
1640 2180 1654 2196 a.
1664 2169 1747 2197 verbo

962 2209 1080 2248 gallico.
1093 2216 1172 2238 Botte
1184 2229 1191 2236 .
1213 2211 1272 2238 FR.
1284 2215 1295 2245 [
1307 2208 1491 2238 AEstivssibus
1500 2208 1582 2248 largis
1592 2230 1600 2242 ,
1623 2219 1668 2238 aut
1678 2208 1750 2237 botis

962 2250 1024 2277 altis
1035 2260 1087 2288 pro
1097 2250 1280 2278 calciamentis
1289 2259 1400 2277 utantur
1411 2270 1417 2277 .
1436 2249 1616 2279 Clementina
1627 2250 1661 2278 de
1671 2250 1750 2278 Statu

961 2290 1092 2319 Monach·
1103 2300 1159 2328 cap.
1176 2301 1197 2317 i.
1209 2291 1221 2321 ]
1242 2290 1284 2318 Ibi
1297 2289 1389 2319 Gloss'a
1399 2310 1406 2318 .
1427 2294 1439 2324 [
1451 2290 1635 2319 AEstivalibus
1645 2290 1676 2317 in
1687 2289 1750 2317 vul-

959 2331 1019 2369 gari
1031 2341 1157 2359 vocamus
1169 2330 1257 2358 stivali
1273 2352 1279 2362 ,
1290 2333 1317 2359 ὅ(
1327 2329 1391 2359 sunt
1401 2331 1583 2359 calceamenta
1590 2329 1659 2358 corii
1669 2350 1677 2362 ,
1689 2329 1750 2367 qui-

956 2372 1002 2402 bus
1014 2371 1042 2399 in
1052 2372 1142 2402 :estate
1151 2380 1213 2400 utor
1223 2392 1231 2405 ,
1251 2375 1278 2402 ὃς
1287 2370 1394 2412 optima
1405 2370 1474 2399 fiunt
1485 2371 1556 2411 apud
1566 2370 1694 2400 Sanctum
1703 2370 1749 2398 Se-

1377 2412 1407 2441 H
1450 2421 1464 2449 3
1631 2409 1708 2440 veri-
