1866 2526
432 9 438 19 l
478 15 483 18 -
743 19 748 32 Ι
776 13 784 29 -ὶ

40 123 47 134 ε
58 107 356 147 patena-*involutam
364 107 538 136 tenetfiem.
545 105 582 135 de
591 106 692 144 Antiq.
702 105 773 137 Ri'tu
782 105 850 135 Mis·

38 135 45 141 ”
57 149 120 182 ft,
128 148 177 178 lib.
193 159 216 178 ι.
226 159 250 177 c.
261 153 312 185 48·
324 151 337 181 ]
349 148 456 178 Eodem
464 157 574 186 quoque
587 157 714 186 tempore
733 147 853 187 gestabat

40 211 43 214 Α
57 187 178 218 fistulam
186 189 217 219 in
226 199 309 220 manu
318 211 325 222 ,
346 199 395 227 per
403 198 484 229 quam
494 187 651 218 attrahebat
661 189 778 228 populus
788 198 852 218 tunc

40 244 44 247 ·
61 230 196 269 temporis
213 231 322 262 Christi
342 230 524 270 sanguinem.
550 234 564 264 [
583 230 761 267 Acolythum
777 239 852 274 patc-

56 280 133 305 mm,
144 276 174 302 &a
182 272 298 302 fistulam
307 270 466 301 habentem.
477 274 490 303 ]
505 270 714 306 Acolythorum
723 271 852 316 officium

53 311 99 340 est
119 312 228 343 serendi
245 313 330 343 etiam
347 323 442 342 cereos
465 310 590 342 accensos
608 314 637 342 in
662 314 851 342 celebratione

35 375 38 378 .
57 352 158 383 Missae.
170 354 230 384 Alii
241 359 270 384 δι
278 353 376 383 melius
385 364 504 390 etymon
515 353 654 383 deducunt
666 365 680 383 a
690 355 775 384 verbo
784 363 854 392 grae-

53 403 92 422 to
100 393 260 430 danuvio,
280 391 356 435 quod
365 394 442 435 sequi
459 394 614 435 significan
636 406 701 424 nam
716 399 772 432 ejus
789 394 852 422 offi-

53 435 132 464 cium
142 435 181 464 est
191 446 253 465 cum
264 447 344 466 cereo
352 435 466 465 accenso
477 436 636 466 Diaconum
646 436 724 475 sequi
735 458 744 470 ,
762 445 851 474 quan-

33 493 36 496 >
53 475 96 504 do
106 477 140 505 ad
150 478 307 506 canendum
318 477 500 516 Euangelium
508 477 614 507 incedit
625 489 632 508 ς
652 487 681 506 at
690 481 770 513 juxta
781 476 852 505 hanc

53 515 288 555 significationem
297 519 410 548 deberet
419 517 499 547 scribi
509 518 665 548 Acolutbus
677 539 685 546 .
696 518 780 555 Quod
792 528 850 546 mu-

53 567 108 586 nus
125 560 238 588 nonnisi
258 561 290 590 ab
299 560 432 589 ordinato
441 559 471 586 in
488 558 542 587 hoc
561 559 647 598 gradu
665 559 849 588 exercendum

50 598 111 627 etit
121 621 130 633 ‚
150 610 180 628 ut
195 602 310 630 Concil.
319 602 447 630 Trident.
456 597 513 628 sesti
527 611 543 628 2
547 609 575 637 3.
587 610 647 639 cap²
663 611 707 633 17·
718 601 752 630 de
764 600 851 630 resor-

54 648 115 667 mat
126 661 133 668 .
152 639 297 679 disponit,
319 642 365 670 ubi
375 639 597 669 vehementerin
611 640 664 669 hoc
674 642 849 686 inculcantur

55 680 205 709 ordinarii
221 693 228 712 3
249 687 278 711 δε
295 682 358 711 ideo
368 683 425 711 sac.
438 682 615 722 Congregat.
637 682 768 727 prohibet
786 684 848 711 Lai-

57 731 104 748 cos
114 742 121 753 ‚
131 724 160 749 &
171 723 308 751 Novitios
319 723 501 762 Regularium
511 734 525 752 a
535 722 585 751 tali
594 724 732 752 exercitio
743 746 750 757 ‚
761 734 848 768 quan-

49 761 93 789 do
102 771 197 790 carent
207 762 261 792 hoc
271 764 371 792 ordine
381 775 390 795 ς
412 764 519 803 quin&
529 762 707 802 Nicephorus
717 786 726 798 ,
747 765 795 794 hb-
821 769 845 793 8.

54 799 120 829 hist.
131 812 188 840 cap.
207 814 215 831 ι
225 808 250 832 8.
260 803 299 832 ait
310 826 319 838 ‚
344 805 419 843 quod
431 808 487 840 ejus
497 815 560 834 aevo
571 804 725 836 incurrebat
736 806 766 834 in
776 807 845 834 irre-

51 842 246 880 gularitatem,
270 846 316 884 qui
330 856 387 874 non
397 846 542 875 ordinatus
559 844 612 874 hoc
631 856 746 876 munere
765 847 845 886 fungi

51 882 168 911 audebat
177 904 185 912 .
197 882 303 915 ‘Refert
315 887 444 917 Codinus
452 908 462 920 ,
481 887 646 917 Praefectum
658 889 826 933 Bai-angium
837 909 844 921 ,

51 921 123 951 idest
131 945 140 957 ,
151 925 273 955 militurn
284 949 292 961 ,
305 928 473 964 Byzantinae
484 928 622 958 Coliortis
633 928 785 968 imperialis
798 939 846 968 ap-

48 964 190 1001 pellatum
203 966 281 997 fiiiss'e
290 970 472 998 Acolutbum.
485 971 541 999 PR.
554 971 651 998 Petrus
661 979 754 999 tamen
763 973 845 1000 lom-

52 1004 149 1034 bardus
158 1007 221 1035 dist.
234 1021 283 1044 24·
297 1011 343 1038 lib.
353 1022 381 1045 4.
392 1010 475 1039 docet
487 1009 558 1038 hanc
576 1020 675 1039 vocem
692 1011 845 1051 significare

50 1046 278 1084 Ceraj‘erariumz
297 1049 345 1079 sed
354 1050 446 1088 potius
463 1051 588 1079 officium
599 1073 608 1084 ,
626 1062 708 1089 quam
727 1063 845 1088 etymon

53 1086 196 1122 Acolythi
205 1090 359 1127 explicavit
368 1111 375 1117 .
393 1093 492 1120 Romae
509 1091 563 1119 tria
571 1102 673 1130 genera
684 1093 844 1129 Acolytho-

51 1135 112 1153 rum
123 1129 345 1165 reperiebantur5
356 1131 497 1164 Palatini,
509 1132 558 1169 qui
566 1132 699 1160 nimirum
708 1133 844 1163 insci-vie-

52 1165 118 1194 bant
128 1170 259 1198 Pontifici
270 1182 277 1201 ς
302 1174 471 1200 stationarii
480 1192 488 1203 ,
511 1172 559 1209 qui
578 1171 735 1201 affistebant
753 1175 783 1203 in
793 1179 845 1204 Ec-

42 1207 154 1241 denis,
167 1209 212 1237 ubi
223 1210 354 1239 stationes
364 1211 588 1244 celebrabantur5
601 1217 761 1251 Regionarii
774 1237 782 1249 ,
794 1215 843 1255 qui

49 1247 274 1279 administrabant
282 1262 345 1281 cum
353 1251 523 1282 Diaconibus
543 1252 575 1281 in
598 1253 631 1283 U
632 1254 686 1283 rbis
705 1256 844 1295 Regioni-

50 1288 96 1315 bus
107 1308 115 1316 .
139 1290 214 1319 Vide
233 1294 325 1322 Ambo
344 1315 354 1327 ,
373 1295 534 1332 Anagnosta
542 1314 551 1326 ‚
572 1295 809 1326 Archiacoluthus
835 1319 843 1330 ,

49 1329 238 1368 ceroferarius
254 1354 263 1367 ‚
275 1335 482 1364 Corbicularius
494 1354 501 1361 .
521 1334 681 1370 Acolythus
691 1338 844 1377 antiquitus
869 1362 873 1363 γ

49 1375 178 1407 patenam
186 1372 216 1401 in
228 1373 305 1403 Missiz
316 1374 463 1404 sustinebat
476 1397 483 1403 .
498 1375 572 1404 Vide
583 1381 691 1406 Patena
701 1398 708 1405 .

7 1410 102 1439 ,Ac-na
114 1433 123 1444 ,
135 1422 190 1441 vox
199 1416 356 1453 germanica
368 1420 461 1445 Acker
470 1438 478 1449 ‚
498 1416 672 1446 territorium
680 1419 781 1448 arabile
799 1445 806 1455 ,
815 1423 843 1448 ὃ(

49 1451 84 1479 ad
94 1453 308 1486 cultivationetn
318 1466 412 1497 aptum
421 1456 557 1497 significat
568 1478 575 1485 .
592 1464 604 1494 [
615 1460 749 1498 Jugerum
760 1470 840 1489 terrae

50 1495 226 1524 concedimus
235 1507 368 1535 praeterea
379 1498 417 1528 eis
428 1497 639 1528 Pinchecrosort
657 1511 720 1529 cum
739 1502 841 1530 duabus

49 1531 135 1560 acris.
153 1536 258 1566 Invita
271 1540 296 1567 S.
316 1539 381 1569 Alb.
398 1540 468 1569 Abb-
482 1542 494 1572 ]
517 1541 574 1570 FR.
598 1541 696 1575 [Cum
717 1541 840 1578 ejusdem

51 1571 138 1601 Villae
155 1575 295 1607 Dominus
307 1580 413 1619 viginti
423 1591 497 1610 acras
516 1591 597 1611 terrae
619 1581 757 1621 fi‘ugiferae
771 1585 840 1612 velit

48 1612 83 1640 ad
93 1612 152 1641 usus
164 1616 318 1648 Sacerdotis
335 1621 479 1656 conferre,
499 1621 546 1650 lib.
559 1633 586 1660 3.
605 1623 650 1651 tit.
672 1629 720 1659 48.
737 1635 795 1663 cap.
808 1636 834 1662 3.

48 1653 180 1684 decretal.
192 1660 203 1689 ]
228 1659 287 1688 Ubi
297 1660 390 1690 Glofla
401 1672 481 1691 notat
491 1684 499 1696 ,
509 1664 586 1702 quod
596 1668 676 1693 Acta
686 1665 719 1694 fit
729 1666 839 1695 mensu-

49 1703 78 1722 ra
90 1704 171 1725 terrae
179 1700 257 1734 juna
269 1702 383 1741 vulgare
394 1704 554 1743 Anglorum
566 1715 574 1735 ς
593 1705 658 1734 ideo
678 1706 838 1736 Alexander

48 1736 157 1765 Tertius
168 1741 292 1779 Anglico
306 1743 428 1772 termino
438 1744 527 1773 utitur
537 1745 567 1773 in
577 1746 654 1774 citat.
665 1757 722 1785 cap.
733 1749 837 1777 Decre-

49 1777 96 1805 tal.
107 1788 170 1807 mm
181 1781 340 1812 Eboracensi
352 1783 575 1824 Archiepiscopo
584 1785 726 1825 scripserat
739 1811 746 1818 .

0 1815 181 1849 Ammon-m
195 1843 202 1849 .
224 1825 280 1853 PR.
291 1827 561 1856 excommunicatio.
585 1833 597 1863 [
613 1828 670 1861 Qui
682 1839 750 1859 vero
765 1840 836 1869 prae—

47 1857 134 1886 missas
144 1859 328 1894 inhibitiones
339 1867 434 1897 animo
446 1869 583 1907 petulanti
593 1871 814 1909 contempserint
826 1895 834 1906 ‚

46 1907 148 1941 praeter
155 1904 304 1939 pnoceffum
314 1908 485 1939 ordinarium
497 1931 504 1943 ,
525 1914 553 1939 δί
563 1909 784 1949 deputandorum
804 1915 835 1943 ab

46 1939 109 1983 lpfis
119 1962 129 1974 ,
147 1941 252 1974 divinae
263 1948 396 1984 ultionis,
415 1954 444 1979 ὃ(
453 1952 553 1980 nostrae
565 1961 698 1989 poterunt
719 1956 836 1984 acrimo-

47 1990 123 2023 niam
134 1980 279 2017 formidare
289 2011 297 2022 ,
322 1991 412 2020 donec
421 1990 497 2021 suum
510 1992 623 2022 ronseffi
636 2004 742 2023 reatum
752 2018 760 2029 ,
780 2006 793 2024 a
803 1996 836 2025 fi-

46 2020 155 2065 milibus
163 2023 273 2057 firmato
290 2032 433 2070 proposito
445 2033 661 2064 deliberaverint
679 2036 815 2066 abstinere
831 2061 838 2072 ‚

46 2070 92 2089 tit.
106 2075 152 2102 23.
164 2075 222 2105 cap.
238 2080 260 2097 1.
279 2070 310 2100 in
319 2078 346 2100 6.
358 2075 370 2105 ]
383 2077 411 2102 5<
420 2074 457 2102 ibi
467 2075 561 2105 Glossa
581 2075 672 2115 inquit
684 2083 698 2113 [
709 2081 838 2108 Acrimo-

44 2106 143 2138 niam,
166 2107 252 2143 idest,
271 2121 360 2141 aerem
377 2124 488 2152 poenam
500 2138 508 2150 ,
528 2120 555 2145 &
567 2116 669 2146 <ficitur
680 2120 753 2157 quasi
770 2120 839 2149 acris

44 2145 166 2176 monitio
176 2170 186 2182 ,
208 2151 253 2179 vel
264 2173 273 2185 ‚
292 2152 361 2181 idest
372 2176 380 2188 ‚
401 2164 513 2193 poenam
524 2160 819 2189 excommunicationis
829 2184 837 2195 ‚

46 2187 119 2222 quasi
130 2199 143 2217 a
152 2193 262 2229 gremio
273 2194 398 2223 Ecclefiae
418 2198 606 2236 expellentem
616 2219 624 2227 .
647 2201 660 2232 ]
673 2201 726 2229 Sed
745 2202 836 2239 potius

34 2229 209 2261 Acrimonia
220 2234 335 2263 dicenda
354 2234 392 2263 est
411 2237 442 2266 ab
451 2240 563 2277 Acrasta
572 2240 642 2269 idest
652 2262 661 2273 ,
682 2242 784 2280 absque
803 2243 838 2277 (ἐι

0 2304 4 2311 Ι
43 2276 126 2299 extra
134 2274 275 2308 judicium
287 2297 296 2308 ‚
308 2285 338 2304 ut
349 2274 395 2304 hic
404 2276 562 2310 immediate
573 2280 698 2320 sequitur
708 2302 716 2309 .

0 2307 132 2341 {Acmsm
144 2333 152 2346 ,
172 2325 277 2345 nomen
287 2326 407 2356 graecum
417 2315 529 2357 xeg'my}
548 2323 622 2360 quod
639 2322 773 2358 judicium
791 2321 837 2353 soa

39 2358 90 2379 ssat
101 2374 109 2385 ‚
129 2355 174 2384 cui
183 2358 330 2396 praeposita
349 2359 479 2398 negativa
499 2362 631 2400 particula
641 2376 660 2392 α
671 2385 679 2397 ‚
699 2363 836 2402 fignificat

34 2391 140 2434 absque
146 2397 254 2434 judicio
264 2410 273 2432 5
291 2400 442 2440 &proprie
460 2401 495 2431 de
504 2402 609 2440 judicio
629 2414 746 2437 erroneo
764 2405 834 2435 dici-

1191 52 1235 95 A‘
1265 55 1304 96 C
1599 75 1614 102 1
1627 75 1645 114 5

907 115 971 140 tur,
991 118 1021 138 ht
1032 110 1136 138 duobus
1146 109 1202 139 illis
1219 110 1374 150 Discipulis
1385 111 1418 141 ad
1428 116 1553 144 Enim-ius
1571 119 1698 150 euntibus

907 148 1006 181 evenit
1015 171 1023 183 ‚
1034 149 1107 179 haud
1118 150 1335 182 discernentibus
1346 153 1421 183 suiss'e
1433 155 1604 187 Salvatorem
1615 162 1699 191 Mun-

909 189 949 222 di,
961 190 1008 230 qui
1017 201 1080 220 cum
1088 191 1151 230 ipsis
1159 192 1298 222 associatus
1307 195 1337 223 in
1348 195 1393 224 via
1405 194 1491 226 fuerat
1502 219 1509 230 ,
1521 201 1698 239 peregrinum

909 228 960 260 esse
970 231 1186 263 existimantibus
1197 255 1204 262 .
1225 240 1238 270 [
1251 235 1458 276 Hospitalitatis
1478 239 1530 267 fuit
1548 242 1676 271 meritum
1690 266 1698 276 ,

907 272 982 309 quod
992 272 1048 301 duo
1057 272 1197 314 Discipuli
1208 285 1303 306 cuntes
1315 279 1344 306 in
1356 281 1483 309 Emmaus
1494 282 1583 310 aerina
1596 282 1700 312 sublata

909 312 939 340 in
959 312 1093 343 srac‘tione
1104 317 1181 354 panis
1191 318 1346 347 Dominum
1357 330 1551 359 cognoverunt
1563 344 1569 350 .
1592 322 1700 353 Blescn.

908 353 986 391 epist.
1001 365 1046 391 29.
1060 357 1072 387 ]
1087 358 1185 395 Itaque
1195 368 1342 388 erroneum
1351 361 1485 397 judicium
1495 363 1630 403 fignificat
1639 387 1647 393 .

868 395 1078 425 Aeuom-:nm
1090 417 1097 424 .
1110 399 1168 428 PR.
1181 404 1193 434 [
1207 401 1286 429 Alius
1295 402 1410 440 quidem
1422 401 1537 440 ps2lmos
1548 407 1642 435 David
1652 417 1696 435 ca-

908 443 957 463 nat
967 456 975 468 ‚
995 438 1111 475 populus
1130 450 1198 468 vcro
1216 441 1297 471 initia
1318 443 1445 472 versuum
1455 467 1463 478 ,
1484 456 1544 484 quae
1564 448 1697 477 dicuntur

907 477 1081 508 Acrostichia
1093 501 1101 512 ,
1121 478 1242 510 succinat
1253 503 1260 510 .
1280 485 1395 514 Constit
1406 487 1504 524 Apost-
1523 488 1569 517 lib.
1592 501 1616 517 2.
1636 500 1696 528 cap.

910 520 978 552 57·]
999 518 1158 559 Α’κρσςιχὶς
1175 523 1251 552 enim
1267 524 1383 554 initium
1394 525 1521 556 versuum
1539 529 1695 569 fignificat.

905 559 980 586 Coel.
992 559 1117 600 Rhodig.
1129 564 1228 602 Antiq.
1240 565 1301 594 left.
1312 567 1358 596 hb.
1375 579 1417 606 ¹3·
1429 579 1486 607 cap.
1498 581 1546 607 39.

866 597 880 611 ⁴‘
902 600 994 628 Acri
1010 602 1234 634 Aposrotoxun
1246 627 1253 633 .
1277 609 1542 649 Pei-quinquaginta
1553 611 1611 641 dies
1621 614 1692 641 Pen—

904 639 1045 668 tecostalcs
1065 641 1148 672 solita
1165 645 1235 684 legis
1253 647 1283 675 in
1296 650 1413 678 Ecclesii
1425 671 1432 678 .
1453 653 1696 682 Certasleftionc's

905 680 988 708 certis
998 684 1167 721 temporibus
1189 698 1218 715 ac
1228 686 1448 720 solemnitatibus
1468 693 1620 733 adsignatcs
1631 694 1695 723 fuis-

906 719 953 755 se,
970 731 1002 750 ut
1013 723 1072 751 aliae
1091 735 1184 754 earum
1195 728 1257 757 loco
1267 730 1323 770 legi
1341 743 1399 760 non
1411 733 1517 770 pollent
1531 758 1537 767 ‚
1561 736 1637 764 testis
1656 736 1696 764 cl'c

905 764 1076 800 Augustinus
1086 787 1095 798 ,
1115 769 1234 805 Exposit.
1256 773 1285 798 m
1301 783 1323 800 ι.
1335 776 1410 805 Ima.
1421 778 1450 802 in
1457 775 1565 813 praeffzt.
1576 782 1654 805 Tom.
1665 788 1696 813 9.

901 804 1050 842 Speciatim
1062 805 1092 834 in
1106 806 1258 838 festivitate
1268 812 1392 841 paschali
1406 824 1453 852 per
1464 825 1581 852 quatuor
1593 817 1651 845 dies
1662 818 1697 846 fi-

901 844 929 873 bi
939 843 1123 876 succedentes
1143 848 1287 880 historiam
1317 854 1538 885 Resurrec‘tionis
1563 857 1673 887 Christi
1683 880 1692 891 ‚

900 890 985 914 serm.
1000 896 1064 924 ¹39<
1076 889 1108 916 de
1118 897 1235 927 tempore
1246 915 1254 925 ,
1275 904 1308 923 ex
1321 905 1442 934 quatuor
1451 901 1472 926 E
1481 898 1613 930 :anzeliis
1624 900 1695 927 reci-

901 926 953 954 tari
965 937 973 958 5
993 929 1119 957 omnibus
1129 940 1222 961 autem
1240 934 1334 964 diebus
1354 937 1430 966 inter
1442 937 1543 967 Pascha
1553 943 1580 968 δε
1591 942 1694 969 Pente-

901 967 1004 996 costem
1014 989 1022 1001 ,
1034 973 1127 998 Trac't.
1139 978 1165 1000 6.
1176 976 1206 1001 in
1222 978 1304 1009 Joan.
1317 979 1402 1007 Actus
1415 980 1616 1017 Apostolorum
1634 981 1693 1021 legi

901 1018 1011 1037 narrat.
1029 1010 1064 1038 Id
1083 1010 1241 1050 frequenter
1261 1018 1346 1046 etiarn
1366 1030 1535 1049 memoratur
1545 1022 1694 1063 chrysosto-

902 1060 946 1077 mo
957 1070 964 1082 ,
977 1050 1023 1088 qui
1034 1050 1148 1091 integro
1156 1052 1284 1086 sermone
1294 1079 1302 1091 ,
1323 1065 1402 1089 Hom.
1414 1069 1462 1099 63.
1483 1067 1541 1090 Cur
1552 1065 1583 1090 in
1593 1069 1694 1092 Pente-

902 1091 966 1126 coste
984 1093 1059 1119 Aci-a
1078 1093 1207 1130 legantur
1218 1117 1226 1129 ,
1253 1096 1332 1134 hujus
1351 1101 1391 1129 rei
1410 1103 1530 1131 rationes
1548 1103 1672 1132 recenset
1685 1125 1693 1132 .

901 1130 993 1159 Addit
1010 1132 1095 1160 etiam
1106 1155 1114 1165 ,
1132 1136 1209 1163 Idem
1229 1139 1298 1166 ibid.
1318 1140 1347 1169 in
1365 1142 1411 1171 die
1422 1142 1562 1171 paschatis
1571 1154 1601 1172 ea
1612 1145 1666 1183 legi
1678 1168 1686 1178 ,

899 1181 959 1209 quse
971 1171 1214 1204 Resurrectionem
1225 1179 1326 1217 Christt
1339 1183 1514 1212 condoceant
1526 1206 1533 1217 ,
1557 1188 1585 1213 δε
1596 1185 1627 1213 in
1638 1187 1692 1215 lin-

898 1212 972 1252 gulis
984 1213 1066 1241 Pestis
1076 1235 1084 1246 ‚
1107 1226 1168 1254 quae
1180 1217 1210 1245 in
1220 1219 1334 1258 singulis
1344 1224 1496 1253 acciderint
1507 1246 1514 1253 .
1533 1225 1605 1254 Inde
1614 1237 1691 1265 quae-

900 1253 1016 1282 rendum
1025 1255 1124 1284 restare
1133 1257 1203 1286 dicit
1215 1281 1223 1292 ‚
1245 1271 1293 1289 cur
1310 1266 1386 1293 Affa
1396 1267 1582 1304 Apostolorum
1594 1288 1602 1299 ‚
1626 1278 1688 1306 que

898 1293 1094 1324 miraculorum
1106 1298 1166 1335 post
1176 1299 1360 1333 Pentecosten
1372 1305 1404 1334 ab
1414 1307 1451 1334 eis
1462 1317 1635 1346 patratorum
1647 1309 1692 1338 hi-

897 1335 1009 1363 storiam
1025 1338 1190 1368 contineant
1198 1362 1206 1374 ,
1230 1354 1289 1372 non
1307 1346 1400 1382 potius
1419 1349 1481 1386 post
1490 1369 1499 1381 ,
1522 1358 1603 1387 quam
1623 1361 1690 1380 ante

897 1378 1080 1406 Pentecosten
1091 1379 1233 1419 legantur.
1257 1385 1303 1414 Ad
1322 1389 1396 1425 quod
1414 1388 1563 1427 respondet
1574 1411 1581 1422 ,
1606 1391 1689 1420 mira—

896 1418 956 1445 cula
966 1419 1116 1457 apostolica
1125 1431 1154 1449 m
1166 1421 1219 1451 hoc
1237 1424 1308 1454 libro
1325 1428 1477 1468 perscripta
1486 1452 1495 1463 ‚
1516 1431 1688 1461 demonstra-

897 1458 1004 1487 tionem
1015 1460 1065 1488 ess‘e
1077 1460 1296 1495 Resurrectionis
1308 1469 1463 1502 Servaroris
1474 1471 1558 1500 nostri
1571 1485 1577 1500 :
1602 1473 1691 1508 Quod

895 1498 982 1538 igitur
992 1502 1151 1531 Dominicae
1161 1504 1384 1538 Resurrectionis
1405 1512 1523 1541 maxime
1544 1513 1629 1542 fidem
1651 1514 1690 1544 fa-

893 1542 950 1569 ciat
960 1564 968 1575 ,
991 1542 1045 1571 hoc
1057 1543 1148 1572 statim
1170 1547 1231 1583 post
1243 1549 1362 1579 Crucem
1374 1574 1382 1584 ‚
1405 1557 1432 1582 ὅ(
1442 1553 1688 1585 Resurrefc'iOnem

892 1583 986 1611 Patres
998 1584 1055 1623 legi
1068 1584 1187 1614 statuisse
1199 1609 1206 1619 ,
1230 1597 1261 1616 ut
1271 1589 1402 1621 homines
1419 1595 1592 1623 manifestam
1604 1599 1632 1624 δ(
1642 1597 1687 1625 in-

892 1622 1044 1654 dubitatam
1065 1624 1286 1658 Resurrectiom's
1302 1634 1497 1669 probationem
1520 1634 1653 1665 haberent
1676 1659 1687 1667 .

893 1663 939 1692 Ut
948 1665 1018 1694 adeo
1028 1688 1037 1700 ‚
1056 1667 1124 1695 iicet
1135 1668 1270 1698 lectiones
1278 1672 1308 1699 in
1318 1674 1379 1702 aliis
1401 1675 1596 1704 festivitatibus
1617 1678 1688 1707 rcci-

891 1705 944 1733 tari
956 1705 1046 1735 solitae
1057 1708 1091 1736 ad
1102 1718 1132 1736 ea
1143 1712 1331 1746 pertinuerint
1342 1736 1350 1747 ‚
1374 1726 1433 1753 quae
1446 1717 1474 1745 in
1494 1717 1551 1746 istis
1570 1717 1690 1749 fuerunt

889 1755 998 1784 patrata
1007 1769 1015 1780 ,
1027 1749 1158 1786 peculiari
1170 1759 1262 1779 tamen
1273 1753 1306 1782 de
1315 1754 1391 1783 causa
1402 1760 1476 1786 Ac‘ia
1485 1759 1685 1795 Apostolorum,

889 1787 1035 1817 historiam
1046 1799 1137 1818 rerum
1146 1791 1207 1828 post
1217 1793 1402 1825 Pentecosten
1410 1798 1546 1836 gestarum
1558 1801 1685 1838 comple-

889 1839 999 1862 xa,ante
1009 1832 1192 1860 Pentecosten
1202 1832 1269 1862 lcfta
1281 1835 1411 1876 fint,quia
1423 1840 1540 1877 tempori
1550 1841 1688 1870 Domini-

888 1880 946 1897 cam
957 1870 1200 1900 Resurrectionem
1209 1876 1337 1911 proxime
1346 1879 1501 1917 excipienti
1522 1881 1609 1919 magis
1619 1892 1686 1912 con-

888 1912 1038 1940 veniebant
1049 1933 1057 1940 .
1075 1913 1165 1949 Quam
1174 1914 1209 1942 ob
1218 1915 1321 1945 causam
1332 1921 1468 1956 generalis
1479 1922 1572 1961 regula
1581 1932 1632 1961 per
1642 1933 1686 1952 to-

893 1961 949 1979 tam
959 1953 1105 1982 Ecclesiam
1117 1954 1182 1983 (afta
1194 1955 1232 1983 est
1243 1978 1251 1989 ,
1271 1968 1301 1986 ut
1311 1962 1385 1988 Ac'ba
1396 1962 1539 1998 Apostolor.
1549 1962 1604 1992 hoc
1615 1973 1688 1993 tem-

894 2002 962 2030 pore
971 1994 1132 2032 legerentur
1140 2016 1148 2028 ,
1157 1996 1201 2024 uti
1213 1998 1410 2037 chysostomus
1421 2012 1480 2030 non
1499 2012 1606 2032 tantum
1618 2004 1685 2041 hie,

894 2032 941 2062 sed
951 2035 1047 2063 multis
1058 2036 1143 2064 ctiam
1160 2037 1191 2065 in
1201 2037 1269 2065 10c1s
1279 2061 1286 2071 ,
1297 2044 1377 2069 Hom.
1387 2053 1435 2076 47.
1447 2043 1482 2076 ό-
1493 2049 1540 2079 48.
1551 2045 1666 2074 testatur
1675 2069 1684 2077 .

894 2076 1029 2104 Eumdem
1047 2077 1175 2105 ordinem
1194 2078 1269 2106 inter
1278 2084 1401 2121 Egyptios
1419 2082 1594 2114 observatum
1614 2085 1665 2115 ess‘e
1676 2111 1685 2121 ,

894 2117 987 2144 :motor
995 2117 1034 2145 est
1045 2119 1185 2156 Caffianus
1197 2139 1205 2150 ,
1223 2119 1241 2146 l.
1256 2132 1281 2148 2·
1291 2131 1313 2148 c.
1327 2128 1353 2150 6.
1363 2125 1458 2162 Atque
1470 2126 1507 2154 ita
1518 2126 1547 2154 in
1559 2128 1687 2158 Ecclefiis

893 2157 1234 2192 Gallicanisobtinuiss'e,
1253 2171 1287 2189 ex
1306 2163 1422 2202 antiquo
1432 2169 1600 2197 LcHionario
1617 2169 1686 2197 Gal-

893 2197 985 2226 ltcano
994 2209 1106 2236 apparet
1115 2221 1123 2228 .
1145 2202 1218 2229 Nam
1237 2201 1350 2242 singulis
1366 2208 1569 2244 propemodum
1591 2209 1685 2239 diebus

891 2237 967 2266 inter
976 2239 1076 2268 Pascha
1088 2245 1115 2269 ἃ
1126 2242 1310 2272 Pentecosten
1319 2267 1327 2278 ‚
1350 2247 1473 2285 exceptis
1483 2248 1577 2277 diebus
1589 2253 1684 2288 Roga-

895 2278 1211 2319 tionusn&paucisaliis
1228 2305 1236 2316 ,
1258 2284 1317 2314 duae
1329 2285 1460 2316 lectiones
1482 2289 1537 2328 legi
1554 2290 1684 2326 jubentur

894 2331 927 2349 cx
938 2322 1107 2361 Apocalypsi
1118 2344 1125 2355 ,
1148 2326 1175 2351 ὅ(
1187 2325 1306 2354 Afflbus
1316 2329 1502 2365 Apostolorum
1513 2351 1520 2358 .
1543 2331 1681 2361 Obtinuit

913 2372 1003 2401 uoque
1014 2362 1088 2391 idem
1098 2373 1155 2391 mos
1165 2363 1195 2391 in
1204 2365 1330 2396 Ecclefiis
1340 2369 1540 2406 Hispaniarum
1559 2381 1593 2399 ex
1611 2381 1684 2410 prae-

892 2373 996 2444 scripto
1026 2404 1153 2435 Concilii
1173 2406 1305 2436 Toletani
1332 2409 1422 2447 quarti
1432 2431 1441 2445 ,
1460 2420 1518 2451 cap.
1542 2418 1584 2441 16.
1605 2413 1683 2443 infli-

1600 2453 1641 2482 fta
