1866 2526
91 124 137 144 tur
146 137 154 149 ,
174 114 248 155 quod
264 113 443 143 abutebantur
461 111 562 151 Ephod
582 109 684 140 hebr-ti
706 110 736 140 iu
751 108 885 140 sacrificio

91 157 235 186 ldolorum
244 175 253 184 .

51 199 242 227 Τκειιιπιωκ
251 216 260 228 ,
279 190 389 232 θέρεςρον
399 214 409 230 ,
420 193 488 222 idest
502 214 510 226 ‚
520 191 625 222 subtilis
634 196 662 222 dc
671 191 766 222 aeflivs
775 213 784 225 ,
803 191 884 221 vesti-

91 246 213 266 mentum
224 235 354 267 mefl'oris‚
364 235 420 264 five
430 234 563 262 muliebre
571 233 669 272 capitis
677 243 811 262 ornamcn
816 242 883 265 tum,

89 277 146 306 five
154 277 246 305 velum
257 298 264 309 ‚
286 287 299 304 a
307 285 391 314 graeca
401 274 523 303 dictione
534 273 602 312 θέρος
611 295 620 307 ,
640 284 738 313 nempe
747 295 756 307 ‚
773 273 847 302 astas
856 277 883 302 &c

92 315 197 346 meffis:
221 323 234 353 [
248 317 354 347 Atticas
364 315 444 344 stolas
454 321 675 353 comportantem
685 335 694 348 ,
716 317 743 342 ἃ
754 313 882 342 theristra

88 357 156 390 tibi,
180 361 208 387 ὅ(
220 357 290 386 mihi
299 355 346 385 sub
356 356 481 384 aestivum
500 355 566 384 anni
575 364 681 392 tempus
691 355 863 383 accomodata
874 374 881 381 .

84 397 181 433 Synes.
191 398 268 436 epist.
286 407 331 432 52.
343 399 355 429 ]
366 397 411 425 De
422 396 518 424 eodem
532 396 597 424 velo
605 396 790 424 Tertullianus
802 416 810 427 ‚
822 403 880 432 cap.

86 449 115 473 4.
125 439 159 467 de
172 440 235 477 pall.
248 438 420 466 mentionem
431 436 494 465 lacit
503 457 512 470 ,
532 436 597 464 dum
608 435 757 464 Herculem
766 434 879 477 effoemi·

85 489 179 507 natum
191 478 318 507 describit
330 499 338 510 ,
359 478 501 516 inquiens:
523 476 622 510 Qualis
638 476 687 503 ille
707 475 840 504 Hercules
850 485 880 502 in

86 519 217 548 theristro
227 518 382 557 Omphales
392 519 473 547 fiierit
484 518 514 548 .]
526 520 560 545 Et
572 516 600 543 in
610 515 679 544 Sacr.
689 515 828 559 Scriptura
839 525 881 558 et·

85 559 138 587 iam
150 560 263 589 habetur
273 559 326 588 hoc
337 559 497 587 vocabulum
510 569 516 585 :
543 561 555 591 [
567 557 636 592 Quae
646 555 778 594 depositis
787 556 880 584 vidui—

84 599 148 628 tatis
170 600 287 629 vestibus
297 622 305 633 ‚
323 598 456 637 assiimpfit
466 597 626 626 theristrum
636 617 645 628 ,
668 600 696 625 δ(
706 605 813 624 mutato
833 595 880 640 ha-

84 640 142 668 bitu
162 639 232 670 sedit
244 640 272 668 in
281 639 358 669 bivio
370 638 493 667 itineris.
516 636 620 666 Genes.
638 646 697 675 cap.
708 647 722 674 3
731 641 756 665 8.
777 640 811 665 Et
823 646 880 683 νιπ-

82 689 122 709 12³
132 702 140 714 ,
162 685 189 710 δι
198 680 325 709 theristra
335 699 342 706 .
355 678 418 708 Isai.
429 688 485 716 cap.
496 687 523 715 3.
536 679 548 708 ]
571 678 628 706 PR.
639 687 728 715 graeca
739 687 794 706 vox
806 680 877 715 &epi-

84 731 141 759 ςρσν
149 742 157 754 ,
175 721 288 759 pallium
309 719 392 748 etiam
410 718 525 747 denotat
543 718 675 746 muliebre
686 729 694 748 ς
711 728 773 745 nam
792 718 838 746 ubi
851 718 878 747 in

85 761 205 799 Vulgata
231 760 364 800 legimus:
389 764 402 794 [
423 758 650 797 Nunciatumque
675 758 713 787 est
743 758 860 787 Thamar
870 780 878 791 ,

82 802 157 838 quod
176 800 253 829 socer
263 803 320 837 ejus
340 798 497 828 ascenderet
515 798 544 826 in
555 797 693 828 Thamnas
709 798 743 827 ad
760 800 878 828 tonden-

79 840 126 869 das
133 851 199 870 oves
211 862 218 868 .
228 841 296 877 Quae
306 839 434 879 depositis
445 839 586 867 viduitatis
597 839 715 867 vestibus
724 860 732 871 ‚
743 839 878 878 assumplit

79 879 238 910 theristrum
249 903 257 916 ,
269 886 295 911 ὅ(
306 889 412 908 mutato
423 879 533 912 habitu,
547 877 618 907 sedit
629 879 657 908 in
669 880 747 908 bivio
758 882 878 909 itinerzs.

54 920 58 924 ’
77 921 181 950 Genes.
191 933 204 961 3
213 927 238 951 8.
247 933 252 949 ι
262 924 337 958 4.]ac
347 921 381 949 de
391 919 551 950 Rebeccam
561 921 704 958 Vulgata:[
716 925 755 950 At
766 922 813 950 illa
823 923 878 950 tol-

77 960 137 990 lens
145 962 203 991 cito
211 963 326 1001 pallium
335 982 342 994 ,
353 960 464 999 operuit
472 959 508 989 se.
519 959 671 995 Genes.24.
685 964 747 997 65.]
760 971 825 991 axx.
835 972 880 990 au-

79 1011 135 1030 tem
143 1003 315 1040 Therzstrum
327 1010 484 1031 verterunt:
503 1004 532 1029 ὅ(
544 1002 574 1029 in
586 1002 670 1031 Cant.
685 1011 710 1037 5.
721 1013 748 1034 2·
761 1003 806 1032 ubi
819 1003 878 1032 vul-

76 1051 140 1079 gata
149 1041 228 1072 habet
241 1054 248 1071 ε
267 1043 422 1079 [Tulerunt
430 1042 542 1080 pallium
553 1043 664 1073 mcum]
676 1053 778 1081 graecus
789 1053 879 1072 textus

79 1080 193 1122 θέεις-ρον
209 1083 361 1122 legiulicet
373 1092 467 1111 verum
476 1082 518 1114 sit,
531 1082 604 1121 quod
615 1092 649 1110 eo
658 1084 744 1121 pallio
755 1084 876 1112 foemina:

1238 54 1278 97 T
1308 57 1356 99 H
1610 70 1688 117 671

940 109 1052 141 laesione
1062 111 1152 151 aliqua
1162 112 1318 150 perarderet
1327 136 1336 147 ‚
1348 117 1360 146 ]
1381 117 1409 145 ὅ(
1419 116 1500 155 Paulo
1508 119 1567 157 post
1584 126 1697 162 pallium
1707 126 1742 155 il-

940 153 989 182 lud
998 153 1120 191 appellat
1131 174 1139 185 ‚
1161 152 1290 192 inquiens
1299 168 1307 182 .·
1319 158 1482 196 [Tanquam
1491 159 1510 188 si
1519 163 1670 196 confinium
1679 177 1742 196 mm

942 191 999 232 ipsa
1009 192 1110 222 fecisset
1120 193 1196 222 inter
1204 203 1301 233 ignem
1311 216 1319 228 ,
1332 198 1359 224 δε
1369 196 1482 235 pallium
1493 201 1522 230 .]
1536 202 1622 234 Unde
1631 208 1742 247 colligi-

939 244 986 263 tur
994 233 1164 267 theristrum,
1175 234 1232 263 five
1241 235 1427 274 maphorium.‚
1436 237 1482 268 seu
1492 241 1666 280 maphortem
1676 247 1743 277 suis.

937 274 966 304 se
977 274 1064 303 etiam
1074 274 1104 303 in
1114 273 1163 303 usu
1173 275 1298 304 virorum
1308 298 1316 310 ,
1335 277 1418 316 idque
1428 280 1502 308 clare
1519 291 1553 311 ex
1565 287 1741 318 Tertulliano

937 314 1016 353 supra
1026 315 1076 344 cit.
1087 325 1116 343 ac
1125 315 1160 343 de
1170 314 1374 351 chrysostomo
1385 320 1696 367 Constantinop.Episc.
1707 341 1741 360 ex

937 356 1052 391 Synodo
1062 366 1157 384 contra
1165 366 1226 386 eum
1235 359 1326 386 coneha
1338 368 1346 384 -·
1367 364 1381 394 [
1390 360 1558 392 Couvocato
1567 368 1646 398 Cleri
1657 371 1744 402 to'tius

939 396 1074 425 Concilio
1084 418 1092 429 ,
1110 406 1173 424 eum
1181 397 1338 436 produxisti:
1357 400 1386 428 in
1397 401 1518 432 medium
1537 415 1592 436 tres
1601 410 1744 441 Diu-0110:

937 440 1067 465 Acacium
1078 459 1086 470 ‚
1097 437 1289 476 Endraphium
1299 461 1307 473 ,
1316 443 1345 469 ὃ(
1354 441 1489 478 Joanncm
1500 466 1507 477 ‚
1519 446 1619 487 eosque
1626 451 1745 482 accusas-

937 475 964 504 se
974 498 982 509 ,
992 477 1065 515 quali
1075 477 1249 515 maphorium
1259 480 1339 517 ipfius
1350 480 1423 510 furto
1433 484 1606 517 abstulissent.
1618 492 1630 522 ]
1643 495 1669 522 Α
1679 494 1739 522 Sui-

935 517 968 545 d2
980 527 1046 546 vero
1056 520 1227 548 Kridemnon
1235 521 1389 558 appellatur
1401 534 1407 550 :
1427 523 1568 562 Κρῆἆὶμνον
1575 549 1587 566 ‚
1609 531 1739 570 Kapau-

935 555 1045 593 ιῖἕσμιον
1055 578 1065 595 ‚
1078 557 1091 588 ii
1097 558 1243 597 μαᾳόειαν,
1256 561 1335 594 idest,
1347 563 1520 596 Kridemnon
1532 589 1540 600 ,
1549 570 1646 608 capitis
1656 573 1695 602 est
1706 574 1741 603 li-

934 607 1044 634 gamen,
1055 598 1111 628 five
1122 600 1307 638 maphorium,
1318 603 1391 632 unde
1401 615 1449 642 per
1458 607 1611 639 distionem
1621 621 1741 651 κεφαλα-

934 635 1046 674 δῗσμιον
1055 639 1135 669 datur
1153 641 1276 680 intelligi
1289 663 1297 675 ‚
1307 644 1382 681 quod
1394 646 1487 685 aliquo
1497 649 1652 689 obligaculo
1660 654 1742 683 devi-

936 678 1009 706 frum
1019 679 1151 718 ligaretur
1162 681 1192 709 in
1201 683 1471 720 capite.Describirur
1479 688 1532 718 hoc
1544 691 1739 724 indumentum

933 718 963 746 ab
974 719 1118 750 Eustathio
1127 721 1156 749 in
1166 722 1248 751 Iliad.
1259 723 1284 760 ξ.
1297 724 1493 759 [Kridemnon
1501 731 1600 770 capitis
1609 733 1673 764 sane
1682 744 1739 764 tra-

933 758 1002 788 dunt
1013 760 1065 790 elle
1076 762 1262 792 velamentum
1271 764 1305 792 ad
1313 763 1441 796 humeros
1451 768 1534 808 usque
1542 772 1680 804 dimitiam
1692 797 1699 804 .
1721 779 1737 809 J

932 799 978 827 De
988 800 1131 831 Theristro
1142 803 1225 832 etiam
1237 804 1389 834 Ifidor.lib.
1416 820 1458 845 ¹9·
1469 821 1492 838 c.
1506 823 1551 848 24.
1565 815 1628 842 Hoc
1647 824 1741 847 tamen

933 850 1019 878 genus
1029 844 1106 881 pallii
1125 853 1208 881 penes
1219 846 1320 874 Arabes
1329 847 1456 878 mulieres
1468 851 1634 883 inserviebat
1652 857 1686 885 ad
1697 868 1737 886 te-

933 883 1056 918 gendum
1066 893 1147 921 caput
1156 905 1164 917 ,
1184 887 1212 913 &
1223 885 1318 914 faciem
1329 907 1338 919 ,
1356 888 1391 916 de
1400 891 1494 927 quibus
1505 895 1620 924 Tertull.
1632 901 1645 931 [
1656 897 1737 926 1ndi-

933 922 1027 951 cabant
1039 925 1144 953 Arabiae
1156 925 1277 954 soeminae
1287 926 1407 957 ethnicae
1419 951 1426 963 ,
1437 941 1497 969 quae
1509 944 1565 962 non
1574 945 1655 974 caput
1663 959 1672 971 ,
1689 937 1736 967 sed

935 961 1032 992 faciem
1041 975 1151 1004 quoque
1159 967 1197 995 ita
1208 976 1294 996 totam
1303 976 1403 1007 tegunt
1412 992 1420 1003 ,
1443 982 1473 1000 ut
1483 983 1539 1004 uno
1547 978 1628 1005 oculo
1639 978 1736 1007 libera-

933 1011 963 1031 to
973 1014 1112 1034 contentx
1125 1007 1178 1036 (int
1197 1007 1340 1036 dimidiam
1361 1009 1412 1039 frui
1422 1012 1511 1042 lucem
1522 1037 1529 1049 ,
1549 1027 1629 1054 quam
1649 1028 1736 1050 totam

934 1043 1030 1073 faciem
1043 1047 1207 1083 prostituere
1217 1069 1225 1080 ,
1244 1049 1278 1077 de
1289 1049 1400 1088 Virgin-
1413 1053 1521 1084 veland.
1532 1057 1641 1096 &quod
1651 1059 1739 1099 usque

933 1085 966 1113 ad
977 1085 1093 1124 praesens
1106 1087 1225 1116 soeminae
1233 1089 1379 1119 orientales
1386 1092 1532 1125 observant
1541 1117 1549 1124 .

76 1132 156 1161 caput
167 1124 429 1162 obnuberent5quai·e
439 1123 530 1161 inquit
542 1123 707 1152 Ambrosius:
721 1127 810 1160 [Bene
818 1125 878 1163 qui·
892 1126 1116 1157 Tuzsiummus
1130 1150 1138 1160 ‚
1158 1129 1342 1159 Ecclesiastica
1359 1132 1481 1172 dignitas
1491 1136 1520 1164 in
1531 1138 1667 1178 plerisque
1679 1141 1736 1170 Ca-

77 1163 140 1192 dem
151 1165 221 1203 quasi
231 1164 327 1203 sponsa
338 1163 466 1192 veniebat
484 1173 546 1191 cum
569 1164 654 1202 pallio
664 1186 672 1197 ,
692 1175 747 1203 quo
757 1166 876 1194 obnube-

78 1213 118 1231 rit
128 1214 208 1244 caput
216 1203 293 1233 suum
303 1226 312 1238 ‚
335 1214 396 1233 cum
404 1202 517 1242 sponsus
528 1214 689 1233 occurreret:
700 1206 765 1234 licut
776 1207 876 1235 Rebec-

77 1255 106 1271 ca
117 1266 125 1277 ‚
135 1255 194 1284 quae
205 1246 322 1284 cognito
331 1266 338 1277 ‚
348 1245 422 1282 quod
433 1243 502 1272 Isaac
515 1245 622 1273 veniret
631 1245 727 1274 obvius
737 1268 745 1279 ‚
765 1245 876 1275 descen-

76 1286 120 1314 dit
131 1286 166 1314 de
176 1287 281 1315 camelo
290 1307 298 1319 ‚
309 1289 336 1314 δ(
345 1286 429 1323 pallio
437 1285 546 1323 operuit
559 1283 585 1312 se
596 1306 605 1318 ‚
615 1285 662 1313 lib.
670 1287 704 1315 dc
716 1285 786 1316 Isaac
798 1298 821 1316 c.
834 1290 875 1319 6.]

77 1327 141 1355 Hoc
167 1325 331 1355 indumento
356 1325 498 1354 utebantur
525 1325 608 1353 etiam
634 1337 716 1365 penes
735 1331 876 1357 Romanos

75 1365 182 1405 sponsae
193 1387 202 1399 ,
214 1378 270 1406 quo
279 1376 358 1405 caput
367 1366 562 1404 cooperiebant
574 1378 580 1394 ;
591 1367 665 1395 unde
675 1368 766 1406 inquit
776 1368 874 1402 Festus,

77 1406 160 1435 lib.de
172 1409 246 1436 verb.
256 1407 349 1446 fignii.
363 1406 501 1444 [Nuptias
511 1407 596 1435 dietas
605 1407 655 1436 ess‘e
666 1430 674 1441 ,
685 1409 724 1437 ait
735 1409 873 1442 AElius,&

75 1447 191 1477 Cincius
201 1469 209 1481 ‚
228 1448 291 1486 quia
307 1449 434 1476 flammeo
448 1457 526 1484 caput
546 1448 675 1476 nubentis
690 1450 854 1478 obvolvatur
867 1472 873 1481 ,

76 1487 152 1525 quod
160 1488 269 1526 antiqui
281 1487 417 1515 obnubere
426 1496 559 1515 vocarunt
570 1508 578 1519 ‚
599 1490 612 1519 ]
627 1492 655 1517 &
665 1489 762 1518 clarius
779 1490 826 1518 cit.
836 1491 872 1518 D.

77 1526 203 1557 Ambros.
215 1527 278 1556 ibid.
290 1537 347 1565 cap.
357 1539 383 1560 7·
395 1527 429 1555 de
439 1525 489 1555 hoc
498 1526 603 1565 sponsae
616 1529 703 1566 pallio
713 1531 766 1558 ait:
783 1531 873 1565 [Non

75 1566 167 1597 otiose
176 1568 289 1606 pallium
298 1577 353 1601 ejus
361 1561 496 1595 sufflatum
506 1568 640 1608 intelligis
648 1590 657 1601 ,
677 1579 706 1598 ut
715 1580 808 1608 aperta
818 1581 873 1598 me-

77 1608 140 1637 ritis
153 1630 160 1641 ‚
171 1612 197 1637 3<
210 1608 281 1636 nuda
293 1609 418 1645 fulgeret.
428 1609 440 1639 ]
451 1608 496 1636 De
505 1607 552 1637 usu
564 1609 678 1647 tegendi
686 1620 774 1649 capita
782 1609 860 1640 foemi

75 1659 172 1678 narum
184 1651 369 1678 Romanarum
380 1648 423 1676 adi
433 1650 532 1678 Baron.
542 1649 572 1677 in
581 1651 664 1678 Notis
683 1651 717 1679 ad
726 1652 873 1687 Mai-tyrol.

79 1701 106 1724 7.
117 1689 181 1725 Maji
193 1689 307 1718 lit.c.De
318 1689 416 1717 eodem
427 1688 593 1718 indumento
601 1689 695 1729 Isaj.3.
708 1695 804 1730 23.[Et
815 1694 873 1721 Sin-

74 1730 163 1758 dones
172 1752 180 1764 ‚
189 1733 216 1759 &
228 1731 309 1759 vittas
322 1752 328 1762 ,
339 1733 365 1758 &
378 1728 526 1762 theristra]
546 1731 583 1758 D.
595 1732 764 1768 Hieronym.
779 1732 872 1768 [The-

75 1770 185 1800 ristrum
195 1771 308 1809 pallium
317 1771 427 1803 dicitur,
437 1780 522 1808 genus
530 1771 613 1798 etiam
623 1782 694 1800 nunc
708 1774 812 1802 Arabici
826 1784 872 1802 ve-

75 1809 196 1840 stimenti
207 1832 215 1843 ‚
233 1821 289 1852 quo
300 1811 426 1839 mulieres
437 1811 588 1849 provinciae
598 1812 660 1839 illus
670 1815 797 1842 velantur
807 1836 814 1847 ,
825 1824 871 1852 qq.

931 1166 1098 1197 thedralibus
1107 1189 1115 1195 .
1132 1170 1206 1198 Item
1228 1173 1327 1200 Romae
1346 1172 1384 1200 est
1400 1174 1592 1207 Thesaurarius
1609 1181 1735 1211 Camere

933 1208 1102 1245 Apostolica:
1113 1230 1120 1237 .
1142 1211 1212 1245 [Ad
1221 1210 1429 1243 'thesaurarium
1439 1218 1559 1254 pertinet
1568 1220 1714 1250 Bafilicarii
1726 1245 1733 1255 .

931 1249 1087 1283 &Dstiarii
1106 1251 1247 1280 ordinatio
1259 1274 1267 1285 ‚
1288 1251 1391 1283 incensi
1400 1266 1461 1285 cura
1475 1279 1483 1292 ,
1503 1258 1655 1290 chrismatis
1673 1273 1735 1291 cura

930 1289 1097 1320 conficiendi
1108 1314 1116 1324 ‚
1134 1291 1286 1330 baptisterii
1296 1294 1445 1326 ordinandi
1457 1319 1464 1331 ,
1482 1302 1645 1338 praeparatio
1654 1303 1736 1332 lumi-

932 1330 1071 1373 nariorum
1082 1333 1110 1361 in
1119 1332 1236 1362 sacrario
1245 1356 1253 1367 ,
1266 1337 1429 1372 praeparatio
1439 1338 1561 1369 sacrificii
1573 1342 1606 1370 de
1617 1342 1734 1382 his‚quae

931 1371 1099 1402 immolanda
1114 1372 1197 1406 sunt,
1217 1375 1250 1403 ad
1269 1382 1332 1404 eum
1344 1378 1461 1407 veniunt
1481 1381 1515 1409 de
1527 1383 1664 1419 parochiis
1681 1394 1733 1422 pro

929 1410 1076 1441 chrismate
1086 1435 1094 1446 ,
1113 1424 1206 1443 cereos
1217 1437 1224 1447 ,
1242 1418 1270 1444 δε
1281 1414 1432 1447 oblationes
1439 1420 1531 1448 altaris
1541 1422 1599 1460 ipse
1606 1424 1706 1462 accipit
1719 1436 1733 1453 a

929 1452 1033 1489 populo
1043 1474 1050 1485 ,
1072 1453 1129 1493 ipse
1138 1455 1250 1494 colligit
1257 1464 1307 1494 per
1320 1458 1447 1488 Ecclcfias
1457 1470 1549 1490 cereos
1559 1463 1587 1491 in
1599 1463 1736 1494 festivita-

929 1493 1017 1533 tibus,
1028 1494 1062 1522 ad
1072 1505 1133 1523 eum
1143 1502 1286 1534 pertinent
1296 1505 1458 1529 ornamenta
1467 1521 1474 1533 ,
1486 1505 1513 1530 δε
1526 1502 1687 1533 vestimenta
1695 1506 1735 1534 al·

930 1533 995 1562 taris
1005 1545 1013 1565 ‚-
1023 1534 1160 1573 quidquid
1170 1536 1199 1564 in
1210 1536 1256 1565 usu
1269 1538 1365 1574 templi
1376 1539 1423 1572 est,
1433 1539 1479 1569 sub
1489 1545 1544 1577 ejus
1554 1544 1734 1575 ordinatione

926 1574 1019 1603 existit
1028 1586 1039 1608 ,·
1051 1577 1111 1604 vela
1123 1599 1131 1609 ,
1150 1580 1176 1605 ὅ(
1188 1586 1349 1606 ornamenta
1357 1579 1529 1610 Basilicarum
1540 1605 1547 1616 ,
1558 1594 1617 1622 quae
1629 1585 1659 1613 in
1668 1586 1734 1616 urbe

928 1613 991 1643 sunt
1002 1637 1010 1648 ‚
1024 1618 1052 1643 ὃ(
1065 1627 1121 1645 non
1130 1616 1230 1646 habent
1241 1617 1434 1653 Presbyterum
1443 1643 1451 1653 ,
1471 1621 1526 1660 ipsc
1536 1623 1655 1653 custodit
1665 1646 1672 1652 .
1684 1627 1730 1654 De

928 1655 1048 1684 candelis
1058 1666 1157 1690 autem,
1170 1662 1197 1686 ὅ(
1207 1659 1321 1687 cereolis
1329 1661 1497 1698 quotidianis
1507 1664 1644 1703 quidquid
1653 1664 1731 1705 supe-

928 1695 980 1723 rest
991 1705 1021 1723 in
1031 1697 1149 1726 Basilicis
1158 1720 1166 1731 ,
1184 1699 1350 1728 Rafilicarius
1363 1711 1412 1739 per
1424 1702 1543 1742 singulos
1552 1705 1655 1734 menses
1666 1706 1731 1736 huic

927 1735 1072 1773 deportat.
1092 1739 1190 1767 Isidor.
1202 1739 1250 1767 lib.
1264 1751 1288 1768 ι.
1298 1741 1333 1769 de
1341 1742 1444 1771 Eccles.
1454 1743 1498 1772 off.
1509 1755 1567 1783 cap.
1585 1756 1592 1773 ι
1604 1748 1651 1778 ι.]
1672 1751 1734 1783 Ejus

926 1774 944 1802 s
939 1779 1171 1811 ynonyma.Vidc
1181 1783 1535 1821 Arcarius,Archipbylax.
1547 1786 1730 1823 Caffnlarius.

929 1817 1117 1847 Cameliarcha
1128 1839 1134 1847 .
1144 1826 1161 1848 S
1162 1821 1322 1849 anularius
1334 1841 1342 1848 .
1351 1826 1369 1850 S
1371 1825 1536 1864 cevophylax
1544 1845 1553 1853 .

75 1850 104 1878 in
115 1849 218 1879 Genes.
230 1853 242 1882 ]
255 1852 322 1880 acin
332 1862 391 1890 cap.
402 1862 429 1889 3.
440 1850 523 1886 Esajae
535 1863 542 1879 :
555 1858 567 1886 [
579 1853 688 1881 Habent
699 1855 836 1887 mulieres,
845 1858 872 1882 δ(
888 1858 1062 1886 ΤΗεςΑυκυε
1074 1878 1081 1885 .
1092 1860 1166 1888 Vide
1180 1861 1323 1890 Enthem.

72 1889 208 1924 theristra,
219 1901 279 1929 quae
291 1902 341 1921 nos
352 1892 461 1929 palliola
473 1893 608 1930 possumus
615 1894 750 1932 appellare
762 1916 770 1927 ,
779 1895 873 1933 quibus
887 1898 1044 1926 Tamusia
1056 1919 1063 1929 ,
1076 1896 1205 1938 Θεκργιά
1215 1922 1223 1932 ,
1243 1902 1329 1934 idest,
1341 1911 1409 1940 opus
1419 1925 1426 1936 ‚
1448 1914 1491 1933 aut
1502 1906 1628 1943 operatio
1636 1908 1733 1943 divina

75 1931 206 1959 obvoluta
217 1931 255 1959 est
265 1933 395 1961 Rebecca:
406 1936 434 1961 ὅ(
443 1931 529 1961 hodie
538 1943 646 1972 quoque
658 1935 807 1967 Arabiae,&
816 1936 874 1963 Me-

73 1970 229 2009 sopotamix
239 1972 401 2010 operiuntur
410 1972 604 2011 foeminae,quae
616 1974 739 2003 hebraice
750 1979 873 2014 &c-grae-

928 1939 1137 1975 interpretatur,
1149 1950 1162 1968 a
1174 1940 1247 1975 Θείς
1266 1946 1382 1974 Dum&
1393 1942 1464 1981 ἔργα
1477 1947 1626 1983 opus-Hinc
1638 1950 1734 1979 theur—

924 1989 976 2015 gus
987 1979 1088 2006 dicitur
1097 2000 1106 2012 ‚
1115 1980 1165 2018 qui
1175 1980 1205 2007 in
1217 1980 1297 2009 sacris
1305 1992 1450 2020 operaiur:
1461 1989 1488 2014 δ(
1500 1985 1549 2015 hac
1559 1997 1627 2016 voce
1636 1991 1734 2019 theur-

72 2022 103 2040 ce
112 2008 230 2050 θεέιςρα,
241 2012 272 2040 ab
280 2013 400 2052 e0,quod
410 2013 439 2042 in
447 2010 523 2050 θέρε-ι,
531 2013 582 2042 hoc
593 2015 674 2047 est,in
683 2019 803 2048 matta&
811 2025 871 2044 cau.-
924 2030 1003 2056 gtcus
1012 2018 1081 2057 saepe
1090 2020 1126 2048 D.
1137 2020 1288 2055 Dionysius
1298 2032 1394 2052 uritur.
1406 2026 1488 2063 Apud
1499 2027 1627 2057 Gentiles
1636 2030 1732 2059 theur-

74 2062 146 2080 mate
157 2062 271 2091 corpora
291 2063 437 2093 protegant
455 2053 578 2083 foeminae
588 2054 725 2085 Ther-istra
735 2078 743 2090 ‚
764 2066 819 2094 quo
831 2067 872 2085 te-

74 2091 204 2121 nuiffimo
214 2103 242 2121 in
252 2094 355 2123 :cuibus
365 2096 526 2133 tegebantur
535 2096 690 2124 umbraculo
702 2099 732 2128 .]
752 2100 791 2126 Ex
813 2098 870 2126 He-

72 2131 172 2169 sychio
183 2155 191 2166 ,
201 2134 247 2171 qui
258 2134 368 2173 inquit:
391 2141 403 2171 [
417 2134 554 2166 Therii'tra
568 2145 651 2165 tenue
662 2136 852 2167 indumentum
862 2159 870 2170 ,

73 2174 165 2202 aestiva
175 2173 265 2202 vestis.
277 2177 288 2207 ]
303 2176 376 2204 Item
386 2185 442 2204 erat
452 2176 536 2208 idem,
547 2186 574 2204 ac
586 2177 808 2215 Maphormm,de
816 2187 872 2217 quo

70 2214 119 2242 suo
130 2214 193 2242 loco
201 2214 303 2243 dietum
314 2215 352 2245 est
363 2236 370 2244 .
382 2223 395 2252 [
405 2215 576 2245 'Ihm-istrum
585 2239 594 2250 ‚
605 2221 633 2246 ὅ(
641 2218 816 2257 maphorium
825 2229 871 2258 ap-

72 2254 188 2292 pellant.
199 2254 283 2285 Philo
293 2255 427 2295 Carpath.
440 2256 529 2296 Episc.
542 2259 570 2285 in
589 2267 645 2296 cap.
661 2269 686 2293 ς.
703 2259 869 2292 Cantica-1

72 2294 252 2334 Maphorium
267 2298 428 2326 Fortunatus
439 2298 470 2326 in
481 2298 539 2326 vita
550 2299 575 2327 S.
585 2299 706 2332 Hilarii,
720 2300 766 2328 lib.
778 2311 803 2328 2.
816 2302 871 2339 pal-

66 2335 134 2364 lium
146 2335 197 2364 ess'e
207 2337 308 2366 tradit:
333 2340 459 2374 [Cereus
478 2338 647 2368 illuminatus
665 2339 725 2368 casu
742 2339 822 2379 super
830 2340 870 2370 se-

64 2375 213 2418 pulchrum
223 2388 280 2415 ejus
289 2380 396 2414 ardens,
407 2379 530 2416 corruitj
544 2380 582 2410 ita
591 2390 621 2410 ut
633 2379 803 2420 maphortem
813 2381 869 2411 fine

927 2061 980 2097 giae
995 2069 1095 2087 nomen
1105 2060 1212 2098 prorsus
1223 2063 1311 2098 etymi
1323 2063 1362 2091 sui
1374 2065 1540 2104 dignitatem
1553 2069 1651 2104 amisit,
1664 2071 1731 2101 dum

927 2109 985 2127 eam
994 2100 1026 2128 ad
1038 2100 1152 2129 nefarias
1162 2111 1231 2130 artes
1240 2124 1248 2135 ,
1257 2107 1284 2134 ὁ(
1294 2103 1415 2133 scelestas
1425 2106 1582 2137 daemonum
1592 2113 1730 2148 operatio-

926 2151 973 2169 nes
984 2163 992 2173 ‚
1004 2151 1072 2178 quos
1084 2141 1156 2171 inter
1167 2143 1242 2171 Deos
1254 2144 1438 2180 recensebant,
1447 2149 1729 2187 transtulerint.Quafi

927 2183 1057 2210 vernillae
1077 2192 1218 2222 magorum
1238 2187 1265 2212 ὅ(
1283 2184 1606 2224 daemonumillufiones‚
1624 2191 1729 2221 divinae

925 2221 1009 2250 css'ent
1019 2232 1209 2259 operationes,
1231 2234 1259 2252 ut
1269 2225 1329 2253 illas
1344 2225 1504 2258 honestiore
1523 2230 1575 2258 isto
1595 2232 1729 2262 vocabulo

926 2261 1243 2301 apudsuperstixiofiores
1260 2265 1363 2296 neccss'e
1371 2267 1454 2297 fuerit
1464 2271 1648 2308 compellare.
1669 2273 1728 2303 PR.

924 2301 1109 2341 superstitiosa
1119 2326 1128 2337 ‚
1141 2308 1168 2333 ὃς
1179 2305 1281 2344 magica
1289 2316 1331 2335 ars
1343 2330 1350 2341 ‚
1359 2318 1418 2347 quae
1429 2308 1520 2338 salsam
1532 2311 1728 2350 purgationem

923 2344 1023 2373 animis
1032 2364 1040 2376 ‚
1059 2344 1216 2373 daemonum
1239 2347 1416 2377 invocatione
1433 2350 1582 2387 promittit.
1602 2352 1642 2382 D.
1651 2355 1728 2394 Aug.

923 2384 972 2414 lib.
986 2395 1029 2415 ιο.
1039 2384 1073 2414 dc
1084 2385 1178 2417 Civit.
1188 2386 1261 2423 Dei,
1272 2397 1330 2428 cap.
1341 2400 1370 2426 9.
1380 2393 1406 2419 δι
1421 2400 1464 2419 ιο.

1563 2433 1666 2465 ΤΗευτ
1676 2453 1686 2464 .
