1866 2526
149 27 226 64 216
483 22 521 64 C
552 22 592 64 O

92 84 217 110 Commii
228 101 237 113 ‚
248 80 320 109 verb.
333 78 473 118 deponens
485 102 493 114 ,
505 81 619 118 clangor
628 82 714 109 cornu
723 100 730 108 .
745 84 757 115 [
769 78 859 109 Faciat
869 89 928 108 cor-

132 121 203 154 nari,
213 131 249 149 ne
262 121 391 153 videatur
400 121 503 151 furtive
515 121 717 150 faeere-Matth.
728 120 811 150 Paris.
822 121 853 150 in
865 119 928 148 hist.

91 163 242 190 Gonnum
253 183 261 194 ‚
284 161 362 200 capsa
373 163 499 201 quaedam
509 184 517 196 ,
538 172 599 201 quae
612 171 737 201 tempore
749 163 887 191 conclavis
898 161 931 189 ad

132 202 281 231 deserenda
292 203 475 232 comestibilia
496 213 546 241 pro
556 202 730 232 Eminentiffi
736 203 787 231 mis
797 203 931 232 Cardina-

130 243 199 273 libus
209 242 327 272 inservit
344 266 350 277 ‚
374 244 409 272 fic
419 245 554 283 appellata
564 255 578 271 a
587 244 658 272 binis
667 245 793 272 cornibus
802 265 811 276 ,
830 243 875 272 seu
885 253 932 270 an-

130 284 163 315 fis
177 283 206 311 in
219 285 441 316 extremitatibus
453 289 508 322 ejus
519 284 614 323 positis
624 306 632 317 ‚
644 295 692 322 per
702 294 765 323 quas
775 283 850 313 hasta
859 293 920 312 tran

133 322 200 352 satta
211 346 219 358 ,
229 325 399 355 commodius
410 325 548 358 defertur,
559 336 573 353 a
582 324 666 354 servis
675 345 683 352 .
699 331 710 360 [
722 324 834 354 Praelan
844 325 931 353 custo—

134 365 180 392 des
189 375 331 395 cornutam
342 368 465 405 aperiant
476 389 484 400 ,
508 366 607 396 fercula
618 387 626 398 ,
648 369 676 394 ὅ(
684 365 777 395 omnia
788 387 794 398 ,
817 376 876 405 quae
891 367 930 394 in-

134 414 178 432 tus
188 404 253 434 sunt
262 428 271 439 ,
294 408 447 447 diligenter
458 408 662 445 perscrutentur
674 427 682 439 ,
704 417 738 434 ne
748 407 815 446 quid
825 409 932 436 littera-

136 455 195 473 rum
206 447 286 476 insit.
309 451 427 478 Caerem.
440 452 523 478 Rom.
536 447 581 476 lib.
597 459 618 475 1.
631 457 691 484 cap.
712 459 738 482 4.
751 450 761 478 ]
776 448 873 486 Aliqui
894 457 934 475 ta.-

132 495 198 515 men
209 489 391 518 Recentiores
403 494 561 519 Carnutam
574 488 653 517 scribi
664 488 800 523 maluere,
823 490 854 518 ab
873 488 933 517 iila—

137 527 172 554 tis
185 537 214 555 in
224 538 253 556 en
262 530 383 558 carnibus
393 539 509 565 etymon
521 529 663 558 trahentes
674 548 681 555 .

96 567 227 596 (onom
238 590 246 601 ‚
269 571 474 598 Ornamentum
487 593 494 603 ,
517 570 591 610 quod
601 580 631 597 in
643 568 758 599 Ecclesia
779 569 913 609 pendebat
925 590 932 601 ,

135 608 170 636 de
178 618 233 651 quo
241 608 274 637 sae
280 621 313 648 pe
324 611 418 639 Anast.
431 612 498 639 Bibl.
509 613 584 645 cujus
595 618 692 648 typum
707 609 753 638 hic
774 611 914 647 subjiciam
926 631 932 641 ,

136 658 166 677 ut
178 658 207 676 in
218 651 338 687 quodam
349 651 499 686 Martyrol.
510 651 540 679 in
548 651 702 679 membrana
721 660 832 681 exarato
854 651 934 680 Vati-

134 699 209 717 tanae
223 690 382 720 Bibtnhecae
393 703 406 721 a
418 692 503 720 Paulo
512 691 640 723 AEmilio
649 691 794 721 Cardinali
805 691 935 722 §sondra-

136 738 168 758 ιο
177 729 251 758 dono
261 731 327 762 dato
337 732 507 763 delineatum
519 731 644 771 inspexi,
668 731 715 760 fol.
727 742 794 771 342.

1269 25 1378 68 CO

988 83 1037 112 m‘a
1049 103 1056 111 -
1078 85 1220 114 Diadema
1229 105 1237 113 .
1260 85 1405 114 Garrhara
1416 103 1423 112 ι
1446 83 1543 123 Insula
1551 104 1559 113 .
1570 84 1663 114 Pileus
1674 103 1683 111 ·
1692 84 1774 116 Pim-

990 126 1043 152 mis
1056 144 1063 152 .
1086 126 1201 154 Corona
1211 125 1367 164 Imperialis
1385 125 1530 163 Justiniani
1543 126 1572 154 in
1581 124 1715 154 incendio
1724 124 1772 152 de-

990 164 1096 212 perdita
1105 188 1114 199 ‚
1135 167 1231 205 &post
1247 166 1359 205 aliquod
1372 176 1477 205 tempus
1488 165 1600 196 inventa
1610 187 1616 194 .
1639 165 1714 195 Vide
1726 169 1771 193 Se·-

985 211 1109 242 pttmum
1118 225 1126 234 0

950 245 1079 274 CORONA
1102 247 1296 277 ΟΒιΑΤιοΝῐε
1315 268 1326 281 .,
1348 248 1487 277 dicebatur
1504 248 1580 286 panis
1602 258 1653 287 pro
1669 244 1772 275 sacrifi»—

989 286 1034 314 cio
1055 286 1139 315 Mifl‘ae
1151 287 1253 316 oblatus
1264 309 1272 321 ‚
1291 288 1356 317 licet
1374 289 1458 328 aliqui
1469 298 1607 328 perperam
1624 287 1708 327 ipsam
1720 289 1774 315 Eu·

992 326 1147 356 charistiam
1156 327 1349 361 intellexerint
1357 350 1366 362 ‚
1389 330 1436 367 qui
1455 329 1568 368 quidem
1591 339 1665 358 error
1678 339 1711 356 cx
1733 327 1774 356 D.

990 367 1122 406 Gregorii
1135 378 1213 397 textu
1224 390 1232 401 ‚
1254 368 1302 396 hb.
1314 379 1340 403 4.
1352 379 1408 407 cap.
1423 379 1468 404 55.
1479 370 1617 399 manifeste
1629 366 1774 398 convinci-

995 417 1039 436 tur
1050 419 1058 439 5
1070 408 1105 436 ibi
1120 409 1195 437 enim
1207 409 1343 438 visionem
1350 409 1487 445 cujusdam
1497 411 1594 439 anima:
1607 410 1637 439 in
1645 418 1774 449 purgato-

990 449 1035 478 rio
1044 448 1187 478 existentis
1198 449 1333 482 referens,
1356 458 1415 487 quae
1436 450 1541 478 cuidam
1562 451 1700 480 Sacerdoti
1714 448 1775 476 hxc

994 490 1074 518 verba
1086 489 1180 519 fudisse
1192 512 1200 523 ,
1212 490 1303 528 inquit
1313 501 1320 521 ‚-
1335 496 1347 525 [
1359 489 1413 518 Iste
1424 490 1496 528 panis
1505 489 1608 519 sanetus
1618 491 1655 520 est
1665 512 1673 523 ‚
1684 494 1711 519 δε
1721 498 1774 527 ego

992 529 1065 559 hunc
1075 531 1219 559 comedere
1230 542 1287 559 non
1297 529 1400 568 possum
1410 551 1417 558 .
1430 531 1518 566 ]Quae
1527 531 1607 559 verba
1615 534 1699 561 Panis
1707 531 1775 568 san·

993 573 1051 600 Hus
1061 572 1227 600 occasionem
1237 570 1365 600 censendi
1377 571 1492 609 praebuit
1513 571 1662 600 errantibus
1671 594 1679 606 ,
1701 569 1776 610 quod

993 612 1026 640 de
1037 611 1201 641 saci-osiutffa
1212 611 1379 640 Eucharistia
1388 611 1434 640 liic
1444 621 1567 650 ageretur
1578 622 1585 642 ς
1606 611 1653 640 sed
1661 623 1694 640 ex
1716 610 1777 639 sub-

994 652 1167 691 sequentibus
1177 653 1266 680 verbis
1277 675 1284 685 ‚
1308 653 1341 683 de
1352 663 1407 691 quo
1420 663 1489 690 pane
1511 652 1600 680 anima
1610 652 1658 681 illa
1667 651 1779 680 intelle·

994 693 1068 722 xerit
1078 715 1084 726 ‚
1099 702 1172 731 patet
1184 705 1192 724 5
1203 694 1268 722 dum
1278 692 1417 731 sequitur5
1431 699 1442 728 [
1455 693 1479 721 Si
1491 702 1580 721 autem
1590 691 1657 721 mihi
1668 692 1780 730 praesta-

992 744 1021 761 re
1032 734 1072 762 vis
1083 756 1090 766 ,
1113 735 1316 772 Omnipotenti
1327 734 1389 761 Deo
1400 733 1465 762 offer
1475 733 1547 762 hunc
1559 743 1665 771 panem.
1677 735 1688 764 ]
1704 736 1777 771 Ergo

995 774 1082 803 adhuc
1093 773 1261 803 consecratus
1274 785 1330 803 non
1339 782 1395 802 erat
1405 794 1412 801 .
1437 776 1493 803 PR.
1517 776 1589 802 Item
1602 776 1717 803 Corona
1738 775 1778 809 ju-

995 813 1185 843 risdietionem
1196 836 1204 848 ‚
1227 819 1253 844 ὃ(
1266 815 1426 853 potestatem
1440 814 1606 853 significabat
1617 837 1624 847 ,
1647 820 1658 849 [
1670 814 1778 851 Suppli-

995 865 1056 883 cans
1067 865 1175 883 coronae
1187 855 1281 884 vestrae
1294 877 1301 888 ,
1324 864 1354 883 ut
1363 856 1444 893 gestis
1463 855 1646 884 eccleliasticis
1657 865 1689 883 ex
1701 853 1779 882 omni

994 896 1156 923 obnoxitate
1165 894 1295 923 solvatur.
1305 896 1412 923 Ennod.
1424 905 1452 923 ln
1463 896 1596 933 petitorio
1606 907 1655 934 pro
1667 897 1781 923 Geron-

995 937 1036 964 tio
1047 936 1173 975 Agapyti
1186 946 1270 974 puero
1280 956 1287 963 .
1298 937 1372 964 Cum
1383 936 1527 964 Ecclefiam
1537 937 1625 964 SanCti
1641 938 1670 965 L.
1691 936 1724 963 de
1733 945 1780 963 co-

992 986 1057 1005 roua
1080 987 1131 1005 tuae
1154 976 1288 1005 Dioecelis
1309 976 1441 1005 canonice
1454 975 1486 1004 {it
1500 976 1619 1014 'adeptus
1631 997 1637 1003 .
1659 977 1703 1004 De
1715 975 1781 1003 filiix

994 1017 1218 1053 presbyterorum
1228 1039 1237 1050 ‚
1260 1017 1304 1044 lib.
1321 1028 1343 1044 1.
1365 1017 1504 1045 Decretal.
1518 1027 1574 1055 cap.
1591 1027 1599 1043 1
1608 1027 1633 1053 3.
1645 1017 1658 1045 ]
1682 1016 1713 1043 sic
1737 1015 1781 1044 di-

992 1059 1079 1089 cimus
1089 1063 1194 1087 Corona
1203 1058 1355 1095 hispanica.
1366 1061 1471 1085 Corona
1477 1055 1667 1094 gallccaNidc
1679 1058 1779 1084 Baton.

993 1109 1107 1138 an.503.
1118 1109 1191 1127 num.
1201 1110 1208 1126 1
1219 1108 1243 1133 5.
1253 1099 1437 1136 Corona'quae
1447 1098 1478 1126 in
1493 1097 1597 1125 Sanffitis
1608 1096 1779 1135 depingitur.

996 1140 1069 1169 Vide
1087 1140 1203 1169 Nimbus
1213 1159 1220 1166 .
1247 1139 1314 1174 Quae
1325 1138 1415 1178 spinae
1439 1138 1540 1167 fuerint
1549 1147 1651 1166 coi-ona
1673 1136 1782 1166 Christi

995 1180 1057 1217 passi
1071 1200 1078 1206 .
1101 1180 1175 1208 Vide
1186 1180 1328 1209 Rhamnus
1340 1200 1347 1207 .

952 1222 1158 1250 Conoumuum
1169 1220 1225 1248 AEs
1235 1241 1243 1252 ‚
1256 1220 1312 1248 sive
1320 1230 1413 1248 aurum
1424 1241 1431 1248 .
1443 1219 1514 1249 Vide
1526 1220 1628 1249 Bahem
1637 1240 1643 1246 .
1652 1219 1783 1248 Fodrum.

953 1263 1079 1291 CORONA
1086 1271 1137 1289 τιο
1161 1261 1367 1290 IMPERATORIS
1379 1280 1386 1288 .
1411 1260 1482 1289 Vide
1492 1260 1588 1298 Infida
1598 1281 1608 1288 .
1623 1260 1759 1288 Pec‘r'orate
1770 1278 1778 1285 .

994 1309 1064 1332 Rota
1072 1301 1259 1339 prophyretica
1269 1322 1278 1329 .

143 1339 178 1367 Iu
191 1342 309 1371 Ecclesia
318 1344 343 1372 S.
355 1342 512 1371 Clementis
521 1343 618 1370 Romae
639 1339 677 1368 est
690 1339 773 1368 etism
791 1337 887 1369 similis
905 1336 936 1365 ἦ·
954 1343 1079 1373 Conouo
1090 1363 1097 1370 .
1122 1342 1194 1370 Vide
1215 1348 1290 1371 moro
1301 1361 1309 1370 .

141 1390 209 1417 gum
219 1383 249 1410 in
260 1384 373 1421 quadam
383 1393 494 1422 antiqua
506 1383 643 1421 imagine,
662 1391 725 1420 quae
742 1380 883 1409 ndlaevam
895 1379 936 1406 in-
955 1386 1135 1415 Coumque.
1161 1383 1233 1412 Vide
1255 1384 1415 1420 Agnostici.

145 1422 297 1458 gredientss
310 1425 416 1462 depistss
425 1423 589 1461 perspicitur
599 1443 606 1450 ·
628 1422 703 1451 Vide
721 1426 839 1458 staupus
850 1440 858 1448 ·
880 1421 935 1448 FR·
955 1426 1136 1455 CORPORALE
1149 1445 1157 1456 ‚
1180 1424 1272 1453 velum
1281 1423 1384 1451 sacrum
1397 1444 1405 1455 ,
1428 1422 1465 1450 ita
1475 1423 1641 1461 appellatum
1651 1443 1659 1455 ,
1681 1432 1714 1450 ex
1726 1430 1758 1449 eo
1771 1440 1780 1453 ‚

142 1464 220 1491 Ante
238 1465 437 1503 Imperatorem
468 1467 629 1493 Graecorum
660 1461 852 1490 deserebantur
878 1460 937 1489 duae

145 1502 280 1541 lampades
291 1516 427 1534 coronatae
437 1528 444 1540 ‚
469 1516 528 1544 quae
541 1506 604 1534 ideo
624 1515 639 1532 a
654 1501 814 1532 Balsamonc
827 1498 939 1538 σεφοινώ-

144 1555 220 1577 ματα
230 1545 404 1575 dicebantur:
425 1546 578 1576 adulatorie
588 1555 678 1574 tamen
701 1542 757 1581 ipse
768 1542 854 1571 ass'erit
869 1541 938 1569 hanc

143 1588 337 1614 caeremoniam
352 1587 502 1616 adhibitam
513 1586 587 1614 fuifle
597 1607 605 1619 ,
617 1595 647 1613 ut
668 1584 837 1613 indicaretur
846 1582 878 1610 ad
890 1582 940 1609 im-

143 1628 307 1661 peratoriam
321 1630 487 1664 majestatem
498 1650 507 1661 ‚
524 1625 570 1655 seu
580 1635 712 1655 coronam
725 1645 732 1656 ,
755 1633 845 1652 rerum
864 1622 939 1650 divi-

142 1676 236 1695 narum
247 1689 255 1700 ‚
268 1673 295 1697 ὅ(
314 1668 492 1698 humanarum
503 1678 593 1697 curam
603 1667 721 1705 speetare
731 1687 739 1698 ‚
760 1675 839 1703 quam
851 1665 940 1691 aucto-

144 1716 253 1736 ritatem
265 1709 312 1738 sibi
323 1711 484 1749 arrogabant
506 1709 601 1737 Graeci
621 1710 823 1745 Imperator-&5
843 1715 938 1733 contra

145 1757 212 1785 quos
223 1751 354 1779 Nicolaus
365 1753 436 1789 Papa
444 1751 503 1779 haec
517 1748 676 1788 stripserat:
690 1754 702 1783 [
722 1748 761 1774 Hi
777 1747 872 1785 quibus
883 1755 940 1773 tan-

146 1798 202 1816 tum
212 1790 336 1819 humanis
347 1793 421 1819 rebus
434 1814 442 1824 ‚
465 1801 523 1819 non
532 1790 638 1818 divinis
656 1786 771 1826 praecss‘e
785 1786 941 1825 permistum

145 1830 184 1857 est
195 1851 202 1862 ‚
213 1832 354 1869 quomodo
366 1833 399 1860 de
409 1831 452 1860 his
464 1853 471 1865 ,
482 1842 530 1869 per
541 1841 608 1869 quos
619 1829 714 1857 divina
733 1827 922 1856 ministrantur
933 1849 940 1859 ,

142 1871 261 1903 judicare
273 1872 435 1910 praesumant
447 1894 455 1905 ‚
478 1872 587 1910 penitus
596 1871 754 1909 ignoramus
765 1890 772 1901 ,
795 1879 853 1897 can.
863 1868 941 1896 deni-

145 1921 197 1947 que
207 1934 215 1945 ,
237 1914 300 1941 dist.
313 1920 362 1949 96.
375 1917 401 1942 δε
413 1924 471 1942 can.
484 1912 587 1942 eumad
608 1920 722 1944 vetum,
746 1909 847 1938 ibidem
858 1929 865 1936 .
878 1910 889 1939 ]
902 1912 940 1937 At

146 1952 224 1980 unita
235 1953 389 1988 hujusmodi
404 1955 502 1992 lampas
521 1950 682 1981 Patriarchae
703 1949 892 1989 praefercbatur
912 1959 940 1977 in

148 1991 253 2029 signum
266 1996 340 2023 illius
349 1995 499 2033 spiritualis
510 2003 616 2022 tantum
628 2002 718 2022 (ιιι-κῇ
739 1991 772 2018 sic
792 1991 875 2019 etiam
886 1992 941 2019 Im-

147 2034 276 2069 peratrici
287 2045 366 2063 unica
377 2037 490 2073 praeibat
500 2057 508 2068 ‚
532 2035 594 2073 quia
602 2033 636 2062 ad
647 2042 705 2061 eam
726 2031 836 2060 nonnisi
846 2031 941 2060 huma-

144 2081 240 2102 narum
252 2084 314 2103 cura
327 2075 458 2113 spectabat
469 2097 476 2104 .
489 2078 562 2104 Item
575 2079 679 2103 Corona
691 2083 741 2111 pro
752 2082 817 2100 auro
827 2082 941 2100 corona-

149 2123 192 2141 rio
203 2136 211 2147 ‚
233 2125 347 2143 munere
359 2138 366 2148 ,
389 2121 415 2144 ἃ
427 2118 516 2145 xeniis
527 2137 535 2149 ‚
547 2126 607 2155 quae
620 2115 705 2153 vulgo
722 2114 838 2150 Regalta
847 2114 941 2141 dicun⁴

151 2163 196 2182 tur
208 2176 215 2185 .
237 2166 346 2185 coronae
358 2179 365 2189 ,
389 2156 493 2186 stilicct
504 2179 511 2189 ,
532 2157 592 2195 regi
612 2156 709 2185 debitae
721 2173 727 2180 .
751 2155 825 2182 Vide
845 2155 942 2182 Bebem

149 2196 268 2224 Fodrum
291 2198 404 2226 Corona
425 2198 624 2235 baptizatorum
635 2217 642 2224 .
673 2195 746 2224 Vide
765 2195 925 2232 Baptismus
937 2214 943 2221 .

149 2236 263 2264 Corona
273 2237 405 2265 clericalis
416 2258 423 2264 .
447 2238 520 2266 Vide
529 2240 653 2275 Tonsura
663 2257 670 2263 -
693 2237 748 2265 Klu
768 2236 798 2263 in
808 2236 872 2263 dict.
885 2239 943 2262 Coe-

150 2277 275 2305 nahtam.
296 2278 473 2314 Papalethra.
484 2279 583 2306 Flatm
593 2300 599 2306 .
611 2280 726 2307 Corona
743 2276 830 2304 civica
840 2297 848 2308 ,
872 2276 944 2303 mili-

149 2325 214 2345 taris
224 2323 243 2350 ,⁴
254 2322 281 2347 δ(
292 2317 486 2347 sacrificiorum
498 2339 504 2345 .
529 2320 602 2347 Vide
620 2325 693 2355 Roga
702 2338 709 2344 .
727 2318 840 2345 Corona
853 2317 944 2353 Impe-

151 2359 240 2392 nilis,
263 2359 447 2398 aliorumque.
473 2358 547 2387 Vide
557 2360 690 2398 Calyptra
701 2378 708 2386 .
727 2358 835 2396 Collyra
846 2377 852 2385 .
867 2362 942 2385 Crto-

996 1466 1058 1504 quia
1070 1475 1120 1503 pro
1129 1463 1235 1493 Christi
1245 1463 1440 1492 sacrament-'tto
1452 1460 1785 1501 coi-p01·einservit‚quod

996 1507 1077 1534 Palla
1087 1505 1187 1533 dicitur
1196 1515 1209 1532 a
1222 1505 1248 1534 S.
1261 1504 1408 1534 Clemente
1418 1525 1426 1536 ,
1449 1514 1491 1541 ep.
1505 1515 1530 1532 ι.
1554 1504 1628 1531 Item
1637 1503 1738 1530 Sindon
1749 1500 1780 1529 ab

997 1547 1104 1576 Ilidoro
1114 1545 1249 1575 Pelufiota
1258 1566 1265 1578 ,
1283 1546 1428 1582 l.i.c.123.
1440 1548 1467 1572 &
1477 1544 1505 1571 in
1518 1541 1615 1572 Miss‘ali
1626 1541 1785 1572 Ambrosia-

998 1599 1035 1616 no
1047 1608 1054 1614 .
1077 1589 1150 1615 Item
1164 1587 1247 1614 Palla
1260 1587 1401 1624 corporalis
1414 1585 1442 1612 in
1454 1584 1513 1612 ord.
1522 1586 1606 1613 Rom.
1621 1583 1783 1622 Appellatur

998 1629 1080 1656 etiam
1102 1627 1272 1656 Antimensia
1285 1648 1292 1658 ,
1315 1626 1343 1654 id
1355 1626 1392 1654 est
1404 1647 1411 1657 ,
1435 1625 1497 1652 loco
1519 1623 1618 1652 mensae
1630 1646 1637 1657 ‚
1662 1623 1726 1652 vide
1749 1622 1781 1650 in

998 1669 1064 1697 dict.
1087 1669 1190 1697 Altare
1202 1688 1210 1695 .
1232 1669 1306 1696 Item
1329 1662 1419 1705 θρόνος
1428 1687 1436 1698 ,
1458 1676 1519 1693 cuin
1532 1665 1565 1694 sit
1586 1664 1672 1702 Regis
1682 1663 1781 1702 gloriae

999 1709 1114 1738 thronus
1123 1729 1131 1736 .
1155 1710 1227 1737 Item
1238 1706 1397 1737 Chrismale
1408 1728 1417 1738 ,
1439 1715 1468 1734 ut
1477 1705 1525 1734 suo
1535 1706 1598 1733 loro
1609 1704 1711 1732 diEturn
1722 1703 1759 1731 est
1772 1722 1780 1729 .

998 1750 1087 1779 Debet
1098 1749 1156 1778 fieri
1169 1760 1202 1777 cx
1213 1749 1266 1776 tela
1286 1748 1357 1775 linea
1367 1769 1375 1780 ‚
1398 1746 1520 1784 simplice
1530 1767 1538 1779 ‚
1560 1744 1661 1773 munda
1673 1765 1681 1777 ,
1703 1753 1785 1781 atque

999 1790 1173 1821 benedicitur
1183 1789 1213 1818 ab
1223 1787 1358 1826 Episcopo
1370 1808 1378 1819 ,
1399 1787 1443 1815 seu
1455 1787 1485 1814 ab
1494 1785 1610 1814 habente
1628 1784 1784 1813 {nult-atem

1001 1841 1154 1871 paramenta
1164 1829 1235 1858 sacra
1243 1827 1423 1857 benedicendi
1434 1848 1440 1854 .
1463 1827 1533 1855 Dixi
1556 1832 1600 1854 Ex
1621 1825 1679 1854 tela
1690 1826 1784 1854 linem

1000 1882 1064 1901 nam
1076 1893 1084 1904 ‚
1094 1881 1124 1900 ut
1134 1869 1267 1900 Alcuinus
1278 1868 1386 1897 notavit
1396 1890 1403 1901 ,
1417 1867 1593 1906 [Corporale
1603 1888 1611 1900 ‚
1632 1866 1675 1894 cui
1690 1863 1782 1903 supet-

1001 1912 1154 1951 imponitur
1174 1912 1282 1948 Corpus
1304 1908 1474 1937 dominicum
1486 1929 1494 1940 ‚
1518 1918 1576 1936 non
1594 1906 1667 1935 aliud
1677 1928 1684 1939 ,
1707 1914 1788 1944 quam

1000 1955 1117 1982 linteum
1127 1974 1134 1985 ‚
1158 1949 1207 1978 effe
1230 1959 1341 1988 oportet
1353 1961 1360 1980 5
1386 1949 1516 1987 quoniam
1538 1946 1642 1986 Joseph
1664 1947 1785 1975 linteum

1001 1994 1134 2023 mundum
1145 1992 1245 2030 legitur
1256 1989 1346 2018 emisse
1357 2011 1364 2022 ,
1388 1990 1432 2018 ubi
1443 1997 1540 2027 corpus
1551 1987 1727 2017 dominicum
1739 1987 1783 2015 in·-

1001 2034 1094 2063 volvir
1106 2054 1113 2062 .
1136 2033 1182 2061 Do
1192 2031 1282 2060 diviu-
1291 2032 1388 2061 offic.]
1412 2030 1490 2059 Licet
1500 2032 1586 2059 Azor.
1596 2028 1642 2057 lib.
1660 2038 1702 2055 10.
1724 2036 1783 2065 cap.

1003 2087 1016 2104 2
1024 2080 1049 2103 8.
1059 2073 1181 2113 tumst-8.
1193 2071 1264 2110 posse
1276 2082 1307 2099 cx
1320 2072 1373 2099 tela
1383 2070 1532 2099 cannabina
1543 2069 1603 2099 fleri
1611 2066 1787 2096 censen-Di-

1001 2116 1030 2143 xi
1040 2115 1158 2151 §emplex
1169 2135 1176 2146 ,
1198 2113 1261 2151 quia
1273 2134 1280 2146 ,
1304 2121 1333 2140 ut
1344 2112 1468 2140 Rabanus
1479 2133 1486 2144 ,
1509 2111 1556 2139 lib.
1569 2121 1592 2138 1.
1603 2109 1636 2137 de
1645 2107 1708 2136 inst.
1719 2108 1789 2136 cler.

1002 2166 1059 2193 cap.
1073 2165 1120 2193 33.
1131 2153 1252 2183 advertit
1264 2152 1408 2191 inquiens:
1435 2151 1681 2188 [Immittiturque
1704 2147 1784 2187 supet

1003 2198 1099 2225 Altare
1110 2194 1251 2232 corporale
1260 2193 1374 2232 pallium
1386 2215 1393 2225 ,
1415 2192 1489 2230 quod
1499 2190 1632 2230 fignificat
1650 2189 1767 2218 linteum
1775 2209 1786 2221 ,

1003 2246 1058 2275 quo
1069 2245 1164 2274 corpus
1173 2234 1319 2262 salvatoris
1341 2232 1536 2262 involvebatur
1546 2253 1553 2264 ‚
1577 2230 1651 2269 quod
1673 2241 1707 2258 ex
1723 2229 1784 2257 lino

1004 2287 1072 2316 puro
1082 2285 1187 2305 textum
1197 2273 1248 2303 effe
1258 2275 1338 2303 debet
1352 2296 1360 2307 ‚
1383 2278 1410 2303 ὃ(
1421 2283 1477 2302 non
1486 2282 1518 2301 ex
1533 2271 1620 2300 serico
1631 2293 1639 2304 ‚
1663 2270 1708 2299 vel
1718 2278 1781 2308 pur-

1002 2327 1068 2356 pura
1078 2338 1086 2350 ,
1098 2326 1185 2354 neque
1195 2325 1227 2343 ex
1240 2326 1332 2354 panno
1343 2315 1430 2343 tinfto
1441 2334 1448 2346 ,
1460 2314 1527 2342 sicut
1538 2323 1551 2341 a
1559 2313 1585 2341 S.
1595 2311 1724 2341 Silvestre
1734 2310 1785 2338 Pa-

1004 2368 1036 2397 pa
1047 2357 1203 2387 institutum
1214 2357 1371 2396 mvenimus
1381 2357 1411 2387 .]
1431 2353 1514 2396 Quod
1523 2362 1613 2382 tmen
1623 2350 1786 2418 (31aessan
