1866 2526
447 53 558 96 TA

53 122 223 152 finianum
232 137 239 145 .
256 116 312 145 FR-
323 112 437 154 pallium
447 111 537 141 usuale
546 132 553 139 .
572 116 585 146 [
597 108 703 139 Ceteri
725 106 889 147 quicumque

97 158 201 191 Clerici
211 165 318 186 utentes
328 153 454 193 epirogio
465 174 473 185 ‚
491 151 537 180 seu
551 150 662 180 tabardo
672 149 798 178 foderato
809 147 892 187 usquc

95 201 130 231 ad
137 208 220 229 oram.
228 196 371 226 clement.
381 203 455 222 unic.
466 194 500 222 de
514 191 610 224 virm&
620 189 727 219 honest.
738 189 891 220 Cierium]

1243 47 1281 88 T
1313 47 1353 88 A
1605 52 1688 99 659

947 104 1071 134 tabellam
1083 125 1091 138 ,
1105 102 1136 133 in
1145 114 1196 143 qua
1209 113 1339 133 notantur
1349 102 1484 134 Monaclii
1495 125 1504 138 ‚
1523 104 1557 134 ad
1566 114 1635 143 quos
1644 105 1746 144 spectat

947 146 1060 184 aliquod
1077 145 1204 174 officium
1211 154 1339 173 exercere
1359 144 1389 172 in
1398 143 1498 174 Choro
1508 165 1517 178 ‚
1537 144 1594 174 five
1605 146 1636 175 in
1647 147 1747 176 Mona-

948 186 1032 215 sterio
1043 210 1050 221 ,
1059 185 1106 214 lib.
1122 196 1149 224 3.
1160 196 1183 213 c.
1196 196 1242 214 22.

98 240 171 270 Vide
182 240 338 276 Epitogs'um
347 257 354 264 .
365 234 453 264 Unde
463 234 585 263 Tabarro
595 231 706 264 Italico,
716 233 744 260 ὅ(
756 230 891 260 Tabanel-
908 231 1098 258 ‘truncamus
1108 247 1116 259 ,
1140 226 1170 255 in
1179 225 1275 254 eadem
1283 224 1427 254 Chronica
1436 225 1500 254 loco
1517 222 1597 263 supra
1607 225 1655 254 cit.
1666 225 1753 254 deno-

97 282 127 310 la
133 279 234 308 dicitur
242 297 250 304 .

58 325 261 352 TABELLARIUS
272 339 280 346 .
299 317 372 347 Vide
381 316 540 345 Veredarius
550 334 557 341 .

950 277 989 296 tat
1000 267 1079 296 illum
1088 288 1096 300 ,
1115 270 1188 302 cuius
1198 275 1254 295 erat
1265 267 1390 295 officium
1402 265 1504 295 tabulas
1513 266 1646 295 officiales
1667 265 1755 294 conli-

949 318 1010 337 cere
1021 327 1029 335 .

57 365 204 391 ΤΑιειιιο
217 379 223 386 .
244 360 299 388 FR.
318 356 465 387 Notarius.
483 352 675 384 Tabellionem
691 361 802 390 quoque
815 372 823 383 ‚
847 350 894 388 qui
909 352 1102 379 Tamvucmus
1115 368 1122 380 ,
1144 355 1326 384 tympanum.
1349 346 1556 383 [Buccinarum
1574 347 1732 386 clangorem
1745 367 1754 378 ‚

97 399 250 429 confecerat
261 399 470 427 instrumentum
481 417 489 428 ‚
509 398 537 424 &
548 404 633 422 unum
643 403 677 420 ex
691 392 799 420 testibus
814 391 842 418 in
852 391 895 434 in-

96 441 279 471 strumentum
298 437 454 475 subscriptis
466 457 474 469 ‚
490 435 524 464 ad
534 435 564 463 id
576 431 747 472 probandum
763 432 876 459 induxxt
887 450 894 457 .

98 483 135 510 In
145 480 282 509 Decretal.
294 479 327 508 de
338 479 391 508 fide
402 476 526 506 instrum.
535 485 593 513 cap.
601 485 643 503 ιο.
653 475 716 508 Ejus
727 471 894 507 synonyma.

98 521 172 550 Vide
183 523 315 549 Notarius
325 539 332 547 .

950 388 1072 426 ic‘tusqtie
1084 387 1288 417 taburcinorum
1298 408 1305 415 .
1324 387 1427 416 Matth.
1440 386 1522 416 Paris.
1534 388 1563 416 in
1573 386 1669 415 histor.
1681 388 1692 418 ]
1704 385 1753 425 qui

951 429 1026 458 idem
1038 438 1199 467 tympanum
1209 429 1323 458 Thalam·
1334 428 1436 457 ibidem
1446 428 1568 467 appellat
1579 448 1587 461 ‚
1609 437 1643 456 ex
1658 426 1753 456 Arabi-

952 480 986 498 co
995 469 1086 498 rabat
1095 489 1102 497 .
1124 471 1126 473 ’

910 512 1010 539 Taceo
1021 529 1028 537 .
1039 508 1113 537 Vide
1124 509 1240 538 Silentia
1249 529 1257 537 .

58 565 307 592 ΤΑΒειωοκΑ-τυς
319 580 326 587 .
347 560 403 589 FR.
413 556 572 587 Notariatus
581 576 588 584 .
610 552 790 590 [Mandemus
800 561 894 591 quate·
913 553 1086 580 ΤΑειτυκιο
1097 570 1105 582 ,
1125 558 1214 577 tacere
1224 548 1306 594 cupio
1317 549 1327 577 .’
1344 548 1458 584 [Unde
1466 547 1633 594 cognoscere
1647 569 1654 581 ,
1678 547 1753 586 quod

98 613 145 631 nus
155 601 274 632 Clericis
287 600 318 628 in
328 598 406 627 sacris
416 597 558 626 ordinibus
567 594 722 624 constitutis
733 593 894 621 tabelliona-

97 653 140 671 tus
148 642 272 671 officium
283 639 470 669 exercentibus
480 647 527 675 pei·
537 635 735 677 beneficiorum
745 632 896 662 subtractio.

955 591 1003 619 etli
1015 599 1101 618 tacere
1111 590 1214 619 nedum
1223 600 1357 628 coepiinus
1370 611 1377 622 ,
1396 601 1469 619 certe
1480 599 1623 619 taeiturire
1642 591 1696 626 jam
1705 589 1754 616 de-

959 631 1131 660 liberavimus
1142 650 1149 657 .
1161 630 1311 660 Sidon.lib.
1323 642 1351 669 3.
1360 631 1439 669 epist.
1456 637 1500 660 16.

98 693 163 712 nem
173 681 354 721 appellatione
362 677 509 718 postposita
519 675 668 706 interdicas
677 695 686 707 ‚
698 673 743 704 lib.
758 685 785 713 3.
795 675 840 703 tit.
854 684 898 710 50.
915 675 1040 702 TALAGA
1053 690 1062 699 .
1072 670 1148 699 Vide
1157 673 1260 708 Togala
1269 692 1276 699 .

97 733 156 762 cap.
168 727 192 751 8.
203 721 331 750 decretal.

61 767 205 794 Tantam
218 764 392 790 ΜεκιτοκῐΑ
405 780 412 787 .
423 758 497 787 Vide
508 759 671 787 Meritorius
682 778 689 785 .

59 806 304 834 usamentum
316 802 492 830 Casriumsr
505 819 511 826 .
523 798 597 827 Vide
606 799 801 834 Heribergium
811 816 818 823 .

57 847 298 874 'tinnunculum
308 863 316 875 ‚
328 842 358 869 in
368 851 423 879 quo
435 838 610 868 Eucharistiae
623 839 823 866 Sacramentum
833 847 898 865 con-

97 883 220 912 servatur
231 903 239 910 .
250 883 322 912 Vide
333 880 528 911 Armariolum
536 900 543 912 ,
554 879 698 909 Cibarcum
708 901 716 911 ‚
729 878 896 916 Cophynum‚

101 927 188 962 Pyxis
200 945 208 956 ‚
218 925 317 952 Turris
328 942 335 949 .

55 968 199 995 'rammi
211 984 218 992 .
238 964 370 1000 Αξὶοτ.9.
382 961 579 1000 interpretatur
597 964 688 998 Capra
699 981 707 993 ‚
728 958 774 988 seu
793 958 880 987 Dama
891 978 898 985 .

99 1004 173 1033 Vide
183 1009 286 1032 Dorcas
299 1024 307 1031 .

58 1047 164 1075 ΤΑΒυΜ
176 1064 183 1072 .
197 1046 253 1074 FR-
264 1044 355 1082 liquor
367 1042 492 1082 putridus
502 1064 510 1076 ,
522 1053 536 1071 a
546 1043 605 1071 tabe
618 1063 625 1070 .

142 1087 223 1113 Hunc
235 1084 411 1123 inquinatum
421 1084 518 1112 talibus
529 1081 665 1121 contagiis

139 1126 213 1155 Tabo
224 1135 342 1154 'recentis
354 1124 495 1153 sordidum
509 1124 608 1162 piaculi

138 1166 246 1195 Omnes
255 1164 390 1198 salutant,
403 1175 485 1203 atque
497 1165 614 1200 adorant
624 1163 730 1192 eminus
741 1182 749 1191 .

99 1207 265 1236 Prudentius
279 1207 308 1235 iu
319 1209 449 1236 Romano
459 1225 467 1232 .

56 1250 200 1277 ΤΑεοκυΜ
213 1267 220 1274 .
243 1248 298 1276 FR.
308 1246 367 1274 haec
377 1246 465 1274 dictio
474 1245 546 1284 apud
565 1244 729 1274 Aldelmum
739 1243 771 1272 de
782 1240 901 1271 laudibus

98 1288 212 1325 Virgin.
224 1287 360 1325 reperitur
372 1308 378 1319 ‚
390 1287 435 1315 ubi
446 1286 480 1314 iic
491 1286 548 1314 ait:
563 1284 730 1320 [Praemiffo
741 1283 850 1313 Christi
859 1293 898 1310 ta-

96 1328 164 1355 boro
177 1349 184 1359 ‚
206 1331 233 1355 &
246 1327 355 1356 Christi
369 1327 475 1355 vexillo
484 1335 600 1355 armatus
611 1346 618 1352 .
642 1327 760 1363 Joannes
771 1323 901 1353 Merufius

95 1369 231 1396 Laborum
243 1368 312 1407 legit
325 1390 332 1401 ‚
345 1364 429 1401 idest,
445 1368 584 1396 Labarum
595 1378 607 1400 ,-
619 1366 694 1395 idem
705 1367 779 1394 enim
791 1374 848 1393 erat
858 1364 901 1392 di-

96 1418 157 1436 cere
171 1410 308 1437 Laberum
319 1430 327 1442 ,
340 1419 369 1437 ac
383 1409 521 1437 Labarum
534 1429 541 1440 ,
551 1418 581 1436 ut
591 1408 621 1436 in
630 1407 753 1436 dictione
762 1407 901 1435 Labarum

101 1448 206 1477 dictum
219 1448 271 1477 fuit
281 1469 288 1476 .
312 1449 448 1477 Henricus
460 1458 526 1476 vero
538 1448 672 1486 Spelmarn
681 1457 757 1485 putat
767 1445 899 1485 fignifica-

104 1498 133 1516 rc
144 1498 308 1526 tympanum
319 1488 526 1526 militare,quod
538 1488 779 1526 vulgoTamburro
788 1487 899 1517 dicitur5

101 1538 129 1556 at
139 1529 226 1567 qualis
235 1527 307 1557 sc'sus
317 1527 380 1556 css'et
389 1528 496 1557 Christi
510 1538 644 1566 tympano
653 1527 828 1566 praemisim&
839 1527 900 1566 qui-

99 1569 184 1597 dnam
195 1567 258 1597 ess'et
279 1568 332 1597 hoc
341 1568 451 1598 Christi
461 1578 622 1606 tympanum
635 1573 645 1597 ?
665 1566 779 1606 Insuper
790 1578 899 1606 tympa-

102 1609 174 1638 nista
192 1609 221 1637 in
231 1610 355 1638 exercitu
375 1620 431 1639 non
442 1610 573 1648 praeccdit
585 1631 592 1642 ‚
616 1619 645 1638 ut
659 1609 687 1637 in
707 1610 754 1637 illa
777 1609 900 1637 dictione

98 1650 230 1687 praemtffi
240 1649 408 1681 insinuatum
432 1650 518 1689 magis
527 1660 594 1689 ergo
603 1649 756 1678 consonum
774 1649 845 1678 mihi
856 1649 899 1677 vi-

102 1690 182 1718 detur
192 1691 294 1729 corrigi
308 1692 450 1720 Cantabri)
460 1713 468 1724 ,
477 1701 533 1729 quo
544 1691 664 1720 termino
673 1691 837 1720 Tertullian.
859 1701 899 1719 et-

101 1730 157 1758 iam
168 1729 228 1759 usus
245 1733 283 1760 est
295 1730 400 1760 advers.
411 1733 498 1761 Geni.
511 1741 534 1759 c.
550 1738 593 1759 16.
606 1731 753 1769 inquien35
776 1733 899 1769 [Sypara

914 716 1100 742 ΤΛιΑΜΛςεΑ
1112 732 1120 744 ,
1133 712 1207 739 larva
1221 733 1228 745 ,
1242 711 1321 741 facies
1330 711 1426 740 fictitia
1439 734 1447 745 ‚
1457 711 1530 741 unde
1539 710 1672 740 Horatius
1682 737 1691 743 ,
1705 709 1752 738 lib.

960 765 982 782 ι.
994 751 1084 787 satyra
1099 752 1236 787 5.cecinit
1248 765 1254 781 :

1068 813 1138 819 —-
1146 813 1210 819 --
1232 796 1271 822 At
1280 792 1323 821 illi
1335 792 1408 821 foedz
1418 792 1533 822 cicatrix

995 834 1117 865 Setosam
1126 835 1191 864 laevi
1204 834 1323 863 frontem
1333 843 1487 871 turpaverat
1499 832 1554 862 oris

992 878 1164 915 Campanum
1181 876 1211 904 in
1222 874 1347 904 morbum
1359 895 1368 908 ,
1387 874 1418 902 in
1437 873 1533 903 facicm
1551 887 1600 916 per
1618 871 1705 906 multa
1713 873 1753 908 jo-

1034 926 1108 945 catus
1119 938 1126 949 ,

993 958 1130 987 Pastorem
1139 956 1235 986 saltare
1246 955 1287 985 uti
1297 957 1411 994 cyclops
1421 957 1548 995 rogabat:

995 998 1047 1027 Nil
1058 998 1101 1026 illi
1112 996 1267 1040 Μαι
1279 997 1391 1036 tragicis
1401 1007 1468 1035 opus
1477 995 1528 1027 efl'e
1538 998 1684 1029 cothurnis
1694 1017 1702 1024 .

955 1040 1050 1077 Itaque
1061 1028 1211 1068 Tilamasca
1221 1059 1229 1071 ,
1243 1038 1314 1066 idem
1325 1038 1400 1076 quod
1413 1039 1511 1075 Masta
1524 1062 1532 1074 ,
1553 1045 1581 1069 ὃς
1590 1040 1679 1069 italice
1688 1043 1753 1067 Ma-

948 1079 1048 1116 schem
1056 1079 1156 1109 dicitur
1168 1099 1174 1106 .
1187 1084 1199 1114 [
1210 1081 1309 1107 Larvas
1320 1080 1490 1107 Dxmonum
1499 1099 1506 1111 ,
1517 1091 1580 1119 quas
1593 1080 1691 1119 vulgus
1701 1081 1753 1107 Ta-

954 1118 1079 1148 lamascas
1090 1129 1169 1148 voca:
1180 1141 1188 1152 ‚
1200 1118 1246 1147 sub
1257 1119 1429 1148 anathemate
1441 1119 1613 1158 prohibemus
1623 1141 1631 1149 .
1641 1122 1678 1150 In
1687 1129 1756 1158 quo<

954 1159 1016 1188 dam
1030 1162 1146 1189 Canone
1155 1160 1267 1189 Concil.
1278 1160 1440 1190 Rhemenlis
1451 1180 1457 1186 .
1470 1162 1482 1192 ]
1506 1162 1606 1201 Aliqui
1616 1160 1682 1190 falso
1695 1170 1754 1188 cre-

955 1200 1098 1233 diderunt,
1108 1201 1182 1239 quod
1191 1200 1222 1228 in
1231 1199 1304 1229 hunc
1316 1201 1405 1229 locum
1415 1205 1523 1232 Larvas
1533 1208 1698 1232 Doemonum
1709 1210 1755 1239 ap—

957 1241 1108 1279 paritiones
1120 1241 1267 1280 spirituum
1277 1241 1463 1281 malignorum
1473 1253 1522 1282 per
1532 1242 1752 1272 incantationem

957 1283 1088 1311 excitatas
1099 1282 1266 1321 significaret
1276 1305 1284 1316 ‚
1301 1281 1347 1311 sed
1358 1292 1453 1312 revera
1472 1283 1605 1313 falluntur
1616 1295 1623 1315 5
1642 1293 1707 1312 nam
1716 1282 1750 1311 de

955 1322 1060 1351 eisdem
1078 1323 1189 1351 ludicris
1201 1323 1284 1352 larvis
1297 1323 1379 1352 Nilus
1401 1324 1469 1352 libb.
1480 1325 1558 1363 epist.
1572 1329 1617 1354 81.
1635 1322 1668 1353 ad
1679 1325 1754 1354 Gau-

955 1364 1082 1393 dentium
1102 1364 1288 1393 Silentiarium
1300 1386 1306 1397 ,
1326 1364 1433 1403 inquit:
1456 1367 1548 1401 [Non
1559 1365 1634 1394 enim
1650 1363 1753 1402 caperis

956 1404 1078 1437 ludicris,
1088 1414 1134 1433 aut
1144 1404 1271 1433 ludibriis
1281 1405 1450 1433 Daemonum
1461 1417 1518 1435 non
1529 1405 1753 1436 attendis-INam

955 1445 1054 1474 similia
1063 1444 1234 1474 bacchanalia
1244 1443 1387 1484 sacrilegia
1397 1443 1449 1473 ess'e
1458 1446 1564 1485 antiqui
1577 1445 1754 1474 existimave-

955 1496 984 1514 re
999 1507 1006 1518 ‚
1017 1484 1052 1514 ita
1063 1487 1101 1515 D.
1115 1486 1228 1525 August.
1237 1484 1316 1514 serm.
1328 1494 1394 1520 215.
1405 1485 1440 1514 de
1450 1496 1576 1525 tempore
1586 1507 1594 1520 ,
1615 1484 1650 1515 de
1659 1485 1755 1514 simili-

955 1527 1000 1555 bus
1011 1526 1123 1555 ludicris
1134 1537 1214 1565 agens
1224 1548 1231 1559 ,
1241 1527 1333 1564 inquit
1345 1537 1351 1554 :
1375 1527 1441 1561 [Ita
1451 1526 1544 1556 duriffi
1550 1538 1592 1556 me
1603 1526 1732 1564 castigate
1743 1547 1754 1559 ‚

954 1576 985 1595 ut
996 1577 1042 1595 eos
1060 1567 1197 1606 poeniteat
1206 1577 1263 1595 rem
1280 1565 1440 1634 Γεςτίἰοίζιηι
1450 1565 1610 1596 commisiss‘e
1622 1588 1628 1595 .
1641 1568 1653 1598 ]
1673 1567 1754 1596 Tala-

954 1607 1041 1636 masca
1049 1618 1138 1636 autem
1150 1630 1157 1641 ‚
1169 1607 1257 1636 Masca
1268 1629 1275 1640 ,
1285 1611 1313 1636 δε
1322 1610 1370 1638 Ma
1386 1607 1466 1637 chem
1476 1630 1484 1641 ‚
1496 1619 1509 1637 a
1520 1609 1673 1646 Maschara
1680 1609 1753 1637 Ara-

953 1649 1014 1676 bico
1026 1649 1158 1677 vocabulo
1171 1649 1321 1686 provenit,
1333 1648 1407 1686 quod
1418 1649 1552 1687 signif-icat
1564 1649 1681 1678 fibrium
1692 1669 1701 1680 ,
1723 1651 1752 1676 ὅ(

952 1694 1082 1718 Scurram
1092 1709 1100 1717 .
1110 1690 1274 1725 Synonyma
1285 1699 1353 1719 vero
1361 1687 1442 1719 habes
1454 1690 1485 1718 in
1496 1689 1562 1718 dict.
1573 1689 1710 1722 Cer-aula,
1721 1691 1750 1718 δε

951 1730 1022 1767 Mas
1018 1740 1050 1758 ca
1059 1749 1067 1757 .

73 1781 81 1788 -
103 1769 153 1799 illa
162 1772 332 1801 vexillorum
342 1794 349 1805 ,
361 1776 388 1801 δε
400 1772 591 1800 cantabrorum
603 1793 612 1805 ‚
621 1775 650 1800 δε
660 1772 813 1801 labarorum
822 1772 897 1801 stolae
912 1771 1077 1799 Taunum
1090 1791 1098 1803 ,
1118 1767 1258 1801 τάλαντον
1266 1792 1274 1804 ,
1287 1780 1400 1800 moneta
1412 1793 1420 1804 ‚
1429 1770 1463 1799 de
1473 1781 1525 1810 qua
1535 1769 1567 1801 fit
1578 1769 1687 1799 mentio
1696 1767 1755 1808 pas-

103 1811 224 1839 crucium
237 1812 300 1841 sunt
311 1815 341 1844 .]
367 1813 440 1841 Vide
451 1813 628 1841 Cantabrum
639 1832 647 1840 .

62 1852 184 1880 ΤΑωνιΑ
196 1872 205 1884 ,
225 1852 294 1880 idest
306 1874 314 1885 ,
324 1863 432 1892 campus
442 1874 452 1886 ‚
462 1857 490 1882 ὃ(
498 1851 617 1891 spatium
626 1852 658 1881 in
667 1852 785 1882 vestibus
796 1864 811 1882 a
819 1856 898 1883 Grae-

102 1900 140 1919 cis
150 1913 157 1924 ,
168 1895 196 1921 ὃς
205 1902 219 1920 a
228 1892 361 1921 Cedreno
372 1896 456 1928 ταβλ
464 1891 491 1923 ia
500 1893 603 1922 dicitur
615 1913 622 1921 .
637 1899 650 1928 [
661 1894 763 1922 Eodem
774 1904 898 1933 tempore

103 1931 250 1960 investivit
261 1934 369 1972 Corpus
378 1935 409 1962 Β.
420 1934 495 1963 Petri
506 1933 634 1972 Apostoli
642 1933 739 1962 tabulis
758 1935 898 1974 argenteis

99 1972 234 2001 deauratis
243 1993 251 2001 .
263 1973 386 2003 Anastas.
395 1974 508 2004 Bibliot.
517 1975 550 2003 in
559 1975 650 2013 Pelag.
662 1976 727 2006 11.]
752 1977 791 2004 Ac
801 1975 899 2004 clarius

101 2012 176 2041 idem
190 2013 220 2042 in
229 2015 321 2043 Leone
332 2016 390 2044 111.
398 2021 416 2050 ,[
425 2015 518 2044 Aliam
527 2015 631 2045 vestem
643 2015 788 2044 habentem
798 2016 898 2045 tabulas

101 2053 293 2089 chrysoclavas
303 2064 356 2084 tres
366 2075 374 2082 .
386 2057 400 2087 ]
423 2056 475 2084 Sed
485 2055 578 2094 potius
594 2055 626 2084 in
634 2055 679 2084 his
697 2055 765 2086 locis
783 2057 898 2086 tabulam

102 2104 153 2133 pro
162 2095 262 2123 lamina
271 2094 437 2125 intellexiss'e
448 2096 560 2125 videtur
569 2096 730 2126 Anastasius.
741 2095 898 2126 Nihilomi-

102 2145 152 2163 nus
163 2136 349 2168 Tertullianus
361 2157 369 2169 ,
379 2136 427 2165 lib.
437 2136 472 2166 de
483 2137 567 2176 pallio
576 2158 585 2170 ‚
594 2147 654 2176 cap.
667 2136 752 2166 1.h0c
765 2138 899 2168 vocabulo

98 2175 186 2204 utitur
195 2176 229 2205 ad
245 2176 434 2215 significandas
444 2177 589 2216 plicaturas
605 2177 637 2206 in
655 2177 770 2207 vestibus
788 2188 898 2208 contra-

99 2216 152 2244 &as
162 2236 169 2243 .
191 2221 203 2251 [
215 2218 348 2246 Tunicam
357 2217 515 2257 longiorem
525 2218 617 2246 cinstu
627 2218 773 2247 arbitrante
785 2217 832 2248 sus
829 2230 897 2259 pen-

97 2256 166 2285 ditis
176 2278 185 2290 ,
206 2260 234 2286 ὁ(
243 2257 321 2296 pallii
329 2261 386 2294 jam
395 2259 490 2288 teretis
498 2258 690 2288 abundantiam
704 2260 821 2289 tabulata
830 2271 897 2290 con-

97 2297 261 2336 gregatione
271 2297 372 2328 fulcitis
383 2319 392 2327 .
897 2310 904 2362 ι

56 2340 181 2367 'riuum
191 2340 378 2370 quenum
389 2361 398 2374 ‚
416 2341 515 2370 Altare
523 2339 656 2380 portatile
664 2360 672 2369 .
686 2341 760 2370 Vide
772 2343 876 2373 Altare
886 2363 895 2372 .

57 2380 179 2411 ’Iasum
188 2380 367 2413 Orrlcuus
378 2402 388 2417 ,
408 2381 440 2412 in
449 2380 592 2414 Chronica
601 2382 743 2424 Cafinengi
759 2372 905 2457 fignificatl

952 1810 1001 1839 sun
1011 1810 1041 1839 in
1063 1812 1132 1840 Sacr.
1143 1811 1282 1850 Scriptura
1291 1832 1300 1845 ,
1323 1811 1397 1850 quod
1407 1814 1483 1849 juxta
1501 1811 1618 1851 Josephi
1640 1809 1753 1839 Hebraei

951 1852 1149 1881 documentum
1157 1874 1166 1885 ,
1185 1852 1232 1881 lib.
1248 1863 1257 1880 1
1265 1863 1292 1888 4.
1312 1853 1400 1891 antiq.
1409 1862 1467 1891 cap.
1481 1863 1491 1881 1
1499 1865 1525 1882 1..
1544 1861 1603 1882 erat
1622 1850 1752 1890 ponderis

952 1893 1041 1922 CCL.
1054 1893 1179 1921 librarum
1190 1903 1199 1923 ς
1222 1902 1285 1920 nam
1298 1914 1306 1926 ‚
1318 1901 1348 1921 ut
1358 1892 1459 1921 ibidem
1467 1893 1506 1921 ait
1518 1892 1608 1931 ‚apud
1615 1892 1752 1920 Hebraeos

951 1932 1110 1961 continebat
1121 1934 1158 1962 C.
1169 1932 1255 1961 minas
1269 1957 1275 1966 ,
1285 1936 1313 1962 ὅ(
1324 1932 1454 1971 quaelibct
1466 1933 1542 1962 mina
1550 1930 1678 1972 pensabat
1687 1931 1752 1962 duas

951 1974 1030 2002 libr-as
1041 1983 1102 2002 curn
1111 1973 1228 2002 dimidio
1240 1994 1247 2002 .
1268 1975 1367 2013 Itaque
1375 1973 1674 2004 hebraicum.talentum
1683 1983 1753 2001 con-

952 2014 1056 2043 tineret
1072 2014 1115 2043 his
1124 2015 1292 2053 temporibus
1311 2014 1415 2053 viginti
1427 2014 1551 2054 quinque
1566 2014 1656 2044 millia
1673 2023 1751 2043 aurea

951 2053 1026 2083 scuta
1036 2076 1043 2083 .
1069 2057 1126 2085 PR.
1138 2055 1344 2094 reperiebantur
1352 2058 1381 2085 δι
1390 2055 1443 2084 alia
1453 2056 1556 2086 talenta
1573 2051 1749 2085 diversorum

954 2096 1080 2125 valorum
1090 2118 1098 2129 ,
1108 2106 1138 2124 ut
1148 2096 1218 2134 apud
1230 2097 1364 2126 Auftores
1372 2096 1407 2126 dc
1417 2096 1595 2136 ponderibus,
1604 2098 1633 2125 ὃ(
1640 2093 1750 2124 mensu-

952 2136 989 2165 ris
998 2147 1112 2176 agentes
1123 2136 1512 2176 habetur‚nempe,Talentam
1521 2141 1644 2167 atticum
1655 2147 1750 2173 majus,

949 2180 979 2206 ὅ(
989 2178 1172 2216 parvumslive
1182 2181 1305 2215 majus‚&
1316 2178 1509 2211 minus5minu's
1519 2180 1576 2208 Lx.
1587 2177 1672 2206 minas
1683 2187 1750 2205 con-

951 2218 1057 2248 tinebat
1071 2230 1079 2250 ς
1091 2221 1175 2255 majus
1185 2221 1293 2249 LXXX.
1304 2219 1396 2257 Quare
1405 2226 1467 2249 cum
1477 2219 1582 2249 talenta
1591 2217 1686 2248 Livius
1696 2227 1749 2245 no-

950 2259 1043 2288 minat
1053 2281 1061 2294 ‚
1071 2260 1105 2288 de
1114 2260 1220 2299 magnis
1230 2259 1286 2289 sere
1298 2282 1307 2295 ,
1323 2263 1353 2289 δι
1363 2261 1476 2299 quidem
1485 2260 1519 2290 de
1531 2259 1621 2288 atticis
1640 2258 1750 2286 intelli-

949 2301 1058 2340 gendus
1067 2300 1114 2329 est.
1124 2302 1196 2330 Item
1204 2302 1357 2330 Talentum
1367 2302 1564 2340 Babylonicum
1576 2298 1679 2328 valebat
1689 2298 1752 2327 dra-

949 2341 1041 2370 chmas
1052 2343 1122 2370 VII.
1139 2345 1288 2380 AEgineum
1298 2343 1331 2372 X.
1342 2345 1450 2380 Syrium
1459 2363 1468 2374 ‚
1486 2341 1542 2370 sive
1551 2340 1720 2370 Hebraicum
1734 2359 1754 2374 .,

950 2382 987 2415 de
999 2393 1054 2423 quo
1063 2381 1143 2423 supra
1155 2404 1164 2418 ,
1182 2383 1249 2417 DC·
1258 2382 1398 2415 drachmas
1407 2404 1415 2415 ,
1435 2381 1525 2411 atticae
1542 2378 1742 2411 aestimationis

1380 2425 1404 2454 T
1413 2433 1425 2452 t
1469 2433 1484 2452 2
1647 2419 1711 2450 Fuit
