1866 2526
471 39 574 84 SU

78 106 273 136 Surrentino
283 124 292 137 ,
302 99 435 141 despicio,
444 98 617 139 parvipendo
629 109 634 127 :
650 103 662 134 [
674 98 821 144 Nunquam
830 101 911 138 Moy-

118 148 150 177 sis
160 140 473 183 vocemsuperhtibuiffet
483 162 491 170 .
508 139 617 171 Lucifer
627 139 744 169 Caralit.
754 141 801 170 lib.
816 152 840 170 1.
861 152 913 182 pro

118 190 144 218 S.
157 185 307 218 Athanasio
316 205 324 212 .
723 221 728 226 ι

76 227 326 258 δυρεκι-ιυκειιηε
337 246 345 254 .
365 224 437 257 Vide
448 223 571 253 Pallium
582 243 590 250 .
612 223 669 252 FR.
681 221 842 267 Aliquando
851 221 910 252 haec

113 268 199 298 diffie
214 267 311 296 stolam
323 265 471 304 significat:
496 266 594 303 [Ergo
613 273 672 292 non
689 262 726 292 est
735 262 910 293 Christianus

114 309 240 339 Sacerdos
250 312 261 337 ?
281 311 316 336 Et
325 306 385 334 dixi
398 327 405 339 ,
417 316 474 334 non
483 304 521 333 est
530 324 538 332 .
562 306 662 343 Neque
671 304 746 332 enim
756 304 820 333 :istut
830 305 911 334 Alta-

114 350 138 379 ri
152 371 160 383 ,
179 359 267 388 neque
277 347 336 386 post
346 345 586 376 sanctificationem
596 345 672 384 panis
683 344 786 373 exaltat
796 354 858 374 eum
866 344 907 389 di-

113 401 192 420 cens:
211 390 306 419 sancia
316 387 420 416 Sanctis
430 409 437 421 ,
457 396 544 424 neque
553 385 676 423 baptizat
687 405 696 418 ,
711 395 803 429 *neque
822 385 908 414 chris-

113 432 191 460 matis
212 429 416 460 confeciionem
428 436 516 466 patrat
526 448 535 459 ,
556 435 646 464 neque
666 425 729 468 facit
739 425 888 464 Episcopos

113 473 158 501 vel
169 472 355 506 Presbyteros‚
366 479 411 498 aut
421 469 579 498 Diaconos5
591 476 681 505 neque
691 465 754 494 linit
764 465 896 510 ’Ecclesias

113 523 202 551 neque
212 511 313 541 indicia
322 509 473 540 Sacerdotii
488 508 540 536 fert
550 529 558 541 ‚
569 506 707 535 humerale
715 527 724 539 ‚
733 505 838 549 scilicet
848 527 857 539 ,
877 510 904 535 ὅ(

113 553 304 591 Eviiigelium.
316 553 351 580 In
362 550 467 580 Collar.
478 550 503 577 S.
513 547 628 577 Maximi
639 549 720 575 Mart.
731 556 745 574 a
754 547 903 575 sii-mundo

112 604 140 621 in
155 598 179 621 8.
189 594 255 622 edit.
268 592 422 631 pag-123.]
434 589 579 619 Humerale
589 597 646 616 erat
657 585 784 615 differens
793 597 806 615 :i
816 586 905 631 super.

111 633 255 668 humerali,
266 642 328 662 nam
337 631 408 660 illud
416 639 474 658 erat
486 628 619 660 Amictus,
629 636 659 656 iit
666 626 715 656 suo
726 628 789 656 loco
799 628 903 656 dietum

110 674 161 704 fuit
172 696 178 703 .
190 683 204 711 1
216 677 318 704 Verum
328 669 535 701 Sacerdos'solus
544 669 648 697 accedit
658 689 666 700 ‚
688 672 715 697 ὅ(
725 667 799 696 solus
808 669 902 697 adorat

110 725 218 744 tantum
229 711 445 752 superhumerale
455 710 566 739 indutus
575 730 582 737 .
592 708 719 738 Philotli.
732 709 901 743 miriarcha,

109 766 165 793 cap.
182 766 204 783 i.
213 756 256 783 tit.
279 752 429 789 Quomodo
439 750 574 779 ministrat
586 750 728 779 Diaconus
738 760 800 778 cum
811 751 901 780 Sacer-

109 796 222 824 dote-In
233 799 330 823 tom-6.
341 791 529 822 Biblioth.Pl³.
539 791 613 819 Edit.
626 789 710 819 Paris.
718 791 753 819 de
761 801 822 820 :imi
833 801 845 827 ς
855 796 901 828 89.

104 837 158 864 col.
171 841 237 870 246.
249 837 261 866 ]
282 833 505 872 Superliumerale
515 831 634 861 hebraici
643 831 794 861 Sicerdotis
804 852 812 860 .
828 833 902 861 Vide

65 875 262 946 Sui‘iizwii'ilidl-'K
273 915 401 955 appellati
421 914 483 943 sunt
504 913 631 942 viventes
640 934 649 946 ‚
672 922 735 941 nam
744 912 900 958 superstites

103 956 166 986 sunt
176 956 297 995 respectu
307 965 477 985 mortuorum
487 977 496 989 ,
505 954 552 994 qui
562 953 645 982 inferi
655 953 812 997 dicebantur
821 977 829 988 ‚
839 965 901 994 quia

103 997 133 1026 in
145 997 276 1026 inferiora
287 1007 366 1026 terrae
376 1000 467 1033 jacent
478 1016 485 1024 .
499 1002 511 1031 [
523 996 550 1024 Si
563 1004 605 1023 me
617 1004 773 1033 quempiam
790 996 898 1024 laudare

102 1038 256 1077 repererint
267 1060 274 1071 ,
287 1039 335 1076 qui
345 1036 447 1076 superis
455 1038 562 1074 junctus
573 1035 606 1064 sit
615 1055 622 1064 .
633 1036 669 1064 In
679 1036 735 1065 vita
745 1037 770 1065 S.
782 1037 898 1065 Colum-

101 1079 162 1108 bini
174 1079 242 1108 Abb.
622 1117 626 1121 ⁵
715 1116 720 1121 .
890 1119 894 1122 ῃ

62 1120 283 1149 ὃυιιειιιςοκιεε
294 1141 301 1152 ,
321 1119 361 1151 im
376 1119 478 1149 litterae
496 1119 526 1147 in
545 1118 665 1157 imagine
684 1118 796 1161 alicujus
806 1118 897 1147 San-sti

102 1161 230 1199 apposito:
242 1160 408 1189 dicebantur.
419 1158 587 1196 [Nesciebzt
597 1168 688 1187 tamen
698 1159 765 1198 quid
774 1169 892 1192 caneret,

101 1203 163 1240 quia
174 1201 277 1230 litteras
285 1201 436 1240 ignorabat.
452 1200 558 1229 Videris
567 1210 658 1229 autem
667 1200 696 1228 in
704 1200 839 1230 Oratorio
850 1201 897 1228 lit-

103 1252 170 1271 teras
196 1241 394 1279 supericonicas
420 1241 620 1279 Apostolorum
638 1262 646 1273 ,
673 1241 898 1279 reliquorumque

98 1283 258 1312 Sanctorum
270 1303 278 1315 ‚
289 1282 457 1321 exemplavit
467 1291 506 1309 eas
517 1282 547 1309 in
557 1281 665 1310 Codice
675 1303 684 1314 ,
695 1283 782 1320 Greg.
793 1284 897 1310 Turon-

100 1324 131 1352 in
143 1323 210 1352 vitis
220 1325 332 1352 Pati-um
341 1344 350 1356 ‚
362 1334 385 1351 c.
396 1324 445 1353 6.]
467 1323 530 1350 Vox
540 1321 651 1361 quidem
662 1321 700 1350 est
721 1322 896 1361 latino-gnu-

97 1374 141 1392 ca:
152 1364 329 1402 componitur
338 1364 414 1394 enim
423 1373 455 1392 ex
468 1362 657 1403 propositione
672 1362 756 1391 latina
766 1362 857 1402 super,
868 1367 895 1393 δε

98 1402 171 1435 dxciv
181 1426 188 1437 ,
199 1405 291 1444 imago
301 1425 309 1432 .

58 1444 221 1474 SUPlesTA
235 1468 240 1474 .
264 1445 338 1474 Vide
351 1446 504 1482 Sphaerista.

58 1486 173 1513 Suveno
183 1506 192 1517 ‚
202 1485 255 1513 hoc
267 1487 377 1514 verbum
388 1484 534 1522 aliquando
545 1484 699 1523 relinquere
708 1483 832 1513 denotat.
846 1489 895 1520 [E-

98 1535 136 1563 go
146 1524 274 1562 superavi
283 1524 353 1553 solus
363 1525 564 1563 prophetarum.
576 1526 686 1553 Lucifer
696 1525 862 1554 leiuhb.
870 1537 893 1554 i.

99 1575 151 1603 pro
172 1565 197 1593 S.
210 1564 359 1594 Athanasio
369 1587 375 1594 .
387 1567 399 1597 ]
418 1566 452 1593 In
464 1564 517 1593 hoc
529 1566 611 1593 etiam
627 1564 705 1594 sensu
715 1567 893 1604 exponendus

98 1605 137 1634 est
149 1615 238 1634 textus
249 1605 365 1643 Joannis
377 1627 385 1639 ,
407 1615 465 1643 cap.
479 1612 506 1634 6.
515 1605 561 1634 ubi
581 1605 689 1635 Christi
701 1607 781 1635 verba
792 1607 891 1635 refert:

98 1652 112 1681 [
123 1646 260 1685 Colligite
278 1667 285 1679 ‚
305 1656 364 1685 quae
373 1646 570 1685 superaverunt
590 1646 744 1686 fragmenta
755 1667 762 1676 .
774 1649 788 1680 1
805 1648 875 1677 idest
884 1670 892 1681 ‚

95 1697 155 1725 quae
167 1688 258 1715 relieta
266 1686 329 1716 sunt
342 1708 349 1715 .

51 1727 320 1761 ‘SUPERPELLICEUM1
333 1726 544 1757 Ecclesiasticum
557 1727 748 1758 indumentum
757 1730 831 1770 quod
843 1728 892 1758 ita-

96 1768 150 1795 lice
162 1773 245 1798 Cotta
257 1791 264 1801 ‚
275 1779 308 1797 ex
318 1779 410 1808 graeco
421 1768 553 1798 vocabulo
565 1767 646 1807 χιτών
657 1792 664 1803 ,
675 1772 795 1800 tunicam
805 1770 889 1809 figni-

97 1807 214 1842 ficante,
231 1810 336 1839 dicitur
345 1831 354 1842 ‚
372 1810 428 1839 sive
436 1820 470 1838 ex
491 1810 596 1838 arabico
605 1814 710 1840 Rittan
721 1834 728 1846 ,
747 1812 814 1841 idest
825 1832 833 1844 ‚
856 1811 889 1839 li-

93 1857 159 1876 num
171 1870 179 1881 ,
188 1859 221 1877 ex
232 1859 283 1887 qua
289 1851 402 1879 materia
410 1849 637 1888 superpelliceum
646 1853 790 1882 conficitur
801 1864 809 1884 ς
830 1853 889 1881 iino

95 1889 195 1918 Arabes
211 1895 340 1919 Kettuna
359 1900 461 1920 vocant
478 1892 564 1920 albam
575 1902 582 1922 5
601 1892 631 1919 in
642 1893 774 1930 aliquibus
795 1903 887 1922 tamen

93 1929 217 1958 Senensis
236 1931 359 1960 Ecclefiae
370 1932 617 1960 Caeremon-ialibus
635 1943 672 1961 in.
681 1932 714 1961 [ς.
734 1939 837 1968 Caeca,
859 1939 886 1964 ὅ(

93 1969 148 1998 alio
158 1970 272 2000 nomine
283 1971 567 2010 Camistasuperanea
576 1973 749 2011 appellantur
757 1995 765 2002 .
776 1975 886 2004 Davan-

94 2010 146 2039 tria
157 2020 249 2039 tamen
266 2011 296 2039 in
314 2013 370 2047 ejus
388 2022 426 2041 m.
436 2012 457 2041 s.
466 2013 651 2043 caeremoniali
670 2024 718 2052 per
729 2017 886 2053 Superpelli—

91 2062 168 2080 ceum
180 2051 336 2080 rochettum
347 2052 481 2092 intelligit
492 2075 502 2091 ,
513 2055 575 2093 quia
585 2054 632 2083 sub
642 2056 784 2092 pelliceam
795 2067 884 2095 cappae

90 2091 216 2129 geritur5
228 2102 290 2120 nam
299 2093 374 2130 quod
384 2104 433 2121 nos
441 2094 670 2133 superpelliceum
680 2096 795 2125 dicimus
804 2119 813 2130 ,
826 2097 884 2135 ipse

91 2135 205 2161 Cottam
214 2143 311 2162 vocat:
325 2143 441 2169 etymon
448 2134 536 2174 igitur
545 2134 623 2172 hujus
634 2135 791 2165 indumenti
801 2149 814 2166 a
824 2139 883 2167 Du-

89 2172 175 2201 tando
183 2192 194 2209 ,
206 2174 252 2201 lib.
263 2184 289 2211 3.
301 2184 323 2202 c.
342 2184 364 2202 i.
375 2174 409 2203 sic
420 2175 587 2214 explicatur:
608 2183 624 2212 s
635 2177 862 2215 Superpelliceum
872 2201 880 2213 ‚

1276 45 1306 87 S
1337 45 1380 87 U
1633 52 1710 103 651

967 97 1006 128 cit
1015 121 1023 133 ‚
1035 98 1163 139 inquiens
1173 122 1180 134 ,
1191 101 1267 141 quod
1276 100 1308 132 fit
1318 101 1445 136 cindid³‚
1455 105 1485 133 ὃ(
1494 105 1596 136 nedum
1603 106 1758 137 Sacerdoti-

965 140 1012 169 bus
1020 161 1031 178 ,
1040 140 1089 171 sed
1098 142 1242 176 Dinonis,
1253 147 1282 173 δι
1292 141 1424 173 universo
1433 145 1520 174 ciero
1529 149 1691 178 communis.
1702 150 1760 178 iia-

964 181 1009 210 bet
1019 183 1118 212 Crucis
1128 182 1244 212 formam
1251 206 1260 218 ,
1277 184 1342 224 quia
1352 185 1532 214 Ecclesiastici
1542 187 1642 217 imitari
1659 190 1761 219 debent

965 221 1109 252 Christum
1126 224 1286 254 crucifixum
1297 237 1304 252 .·
1323 225 1363 255 ita
1372 226 1497 256 Durand.
1507 227 1561 256 loc.
1571 227 1620 257 cit.
1638 229 1760 269 Antiqua

964 265 1022 298 ejus
1032 263 1180 304 longitudo
1188 275 1222 295 ex
1232 265 1367 296 Concilio
1384 267 1522 298 Busiliensi
1532 269 1675 309 colligitur
1683 291 1692 303 ,
1713 270 1759 300 ubi

963 303 998 333 sic
1007 303 1118 334 habetur
1126 318 1134 334 .-
1158 312 1171 342 [
1184 308 1274 336 Horas
1285 307 1429 336 canonicas
1439 309 1607 339 disturicum
1620 312 1710 341 tunica
1720 321 1760 339 ta-

965 344 1016 373 lari
1027 365 1039 383 ,
1048 356 1077 375 ac
1088 345 1291 386 superpelliceis
1301 349 1409 378 mundis
1419 350 1489 378 ultra
1497 351 1599 380 medias
1609 351 1687 380 tibias
1697 353 1758 381 lon-

964 385 1006 424 gis
1015 406 1022 414 .
1034 389 1046 419 ]
1065 388 1128 416 Ιιιιο
1136 388 1287 427 antiquitus
1297 390 1394 426 majori
1403 390 1582 429 longitudine
1594 391 1758 431 superpelli-

962 436 1009 455 cea
1020 427 1202 458 formabantur
1211 450 1219 462 ‚
1234 440 1264 458 ut
1273 430 1387 460 Gemin.
1397 431 1431 459 de
1441 431 1528 470 antiq.
1539 432 1585 460 rit.
1596 432 1666 462 Miss'.
1678 433 1724 463 lib.
1732 444 1756 462 i.

961 477 1018 505 cap.
1036 478 1064 506 ¹3
1073 481 1098 498 ρ..
1108 469 1192 498 refert
1202 470 1344 510 inquiens:
1367 477 1379 506 [
1391 473 1459 500 Haec
1471 473 1552 501 vestis
1564 473 1602 501 est
1612 474 1681 506 laxa,
1693 475 1758 513 quia

959 508 1094 538 clericalis
1105 510 1163 539 vita
1173 511 1254 540 debet
1263 511 1315 541 esse
1324 511 1354 540 in
1364 513 1557 548 eleemosynis,
1569 517 1596 542 &
1605 513 1682 543 bonis
1691 526 1758 553 ope-

960 548 1031 577 ribus
1041 550 1114 589 larga
1124 562 1132 582 ς
1151 551 1190 579 est
1201 551 1285 581 etiam
1294 553 1385 582 talaris
1396 575 1404 586 ,
1427 553 1490 592 quia
1498 554 1580 584 docet
1588 553 1671 594 usque
1683 556 1715 585 :id
1726 556 1758 585 si-

957 598 1021 617 nem
1033 590 1205 628 perseverare
1217 593 1246 621 in
1256 593 1334 622 bonis
1344 614 1351 621 .
1365 596 1376 625 ]
1400 594 1533 634 Idemque
1542 595 1648 625 Aufior
1656 596 1734 625 addit
1743 619 1752 630 ‚

957 631 1033 666 quod
1042 641 1166 670 tempore
1178 633 1400 673 quadragesimali
1410 634 1607 674 superpellicea
1624 638 1755 676 gei-chan*

958 679 1045 699 tiu-ex
1056 672 1114 700 lanei
1130 683 1263 703 contexta
1274 675 1417 715 insignum
1427 677 1566 706 moestitiae
1578 699 1585 710 ,
1605 681 1632 706 δι
1642 677 1757 708 humili-

958 711 1021 739 tatis
1029 731 1039 748 ,
1050 712 1187 752 inquiens:
1199 720 1212 750 [
1225 716 1328 744 Diebus
1338 717 1557 757 quadragesimae.
1569 719 1615 746 vel
1624 719 1680 748 :ilio
1689 730 1757 749 con-

956 762 1028 791 gruo
1044 763 1168 793 tempore
1187 756 1272 784 laneis
1291 758 1390 786 tunicis
1400 767 1513 787 utuntur
1528 780 1535 791 ,
1558 758 1620 796 quia
1632 760 1754 789 Ministti

957 794 1081 823 Ecclesiae
1093 796 1166 835 Regi
1176 795 1291 825 Christo
1301 797 1330 826 in
1340 797 1499 828 humilitate
1508 798 1612 829 servire
1623 801 1753 839 praecipi-

957 844 1041 862 untur
1049 855 1056 862 .
1068 836 1175 865 Ibidem
1184 858 1192 870 ‚
1201 847 1224 865 c.
1239 849 1305 876 233·
1315 841 1326 870 ]
1338 839 1461 878 Ideoque
1470 842 1613 870 Romanus
1623 842 1754 871 Pontifex

957 874 987 903 in
995 876 1195 915 quadragesima
1206 899 1214 910 ‚
1233 882 1261 908 δε
1275 880 1305 907 in
1323 880 1382 908 aliis
1397 880 1564 917 jejuniorum
1584 883 1754 919 temporibus

956 914 1008 944 fert
1019 916 1122 946 vestem
1130 918 1256 947 candidae
1267 919 1346 953 lanae,
1360 923 1435 960 quod
1445 923 1527 951 etiam
1535 923 1566 951 in
1577 923 1754 959 poenitentiae

956 954 1140 986 funffionibus
1150 958 1273 988 observat
1285 982 1293 993 ,
1304 960 1373 990 idest
1386 984 1392 994 ,
1416 962 1446 991 in
1456 961 1668 1001 processionibus
1677 964 1752 1002 Jubi-

954 996 1000 1025 laei
1010 1019 1017 1030 ‚
1028 1008 1057 1026 :ic
1068 999 1178 1037 quando
1186 998 1289 1038 septem
1298 1003 1426 1032 Ecclesias
1432 1004 1530 1033 visitat
1541 1027 1548 1037 ,
1568 1004 1614 1033 vel
1625 1003 1655 1032 in
1666 1007 1753 1034 Anno

952 1037 1050 1067 sancio
1060 1050 1178 1078 quatuor
1187 1040 1382 1072 Patriarchales
1391 1063 1398 1071 .
1407 1045 1444 1073 In
1453 1045 1587 1083 aliquibus
1597 1054 1689 1074 rameri
1698 1049 1752 1076 Ec-

954 1078 1042 1108 clesiis
1051 1079 1139 1109 adhuc
1151 1081 1246 1119 primae
1252 1092 1283 1110 va
1293 1081 1485 1122 superpellicei
1496 1086 1582 1114 forma
1593 1087 1729 1115 retinetur
1740 1109 1751 1121 ‚

953 1130 1063 1159 nempe,
1075 1131 1105 1149 ea
1115 1122 1288 1151 rotunditate
1299 1125 1420 1164 antiquae
1431 1127 1547 1163 planetae
1559 1126 1614 1155 sine
1624 1128 1750 1162 manicis,

950 1158 997 1189 sub
1009 1171 1059 1199 qua
1069 1173 1102 1191 ex
1113 1163 1238 1192 lateribus
1255 1163 1362 1194 brachia
1372 1168 1546 1196 extolluntur
1558 1188 1564 1194 .
1586 1168 1750 1206 Reprehen—

951 1201 1027 1230 sione
1037 1202 1136 1242 dignus
1146 1203 1184 1232 est
1202 1205 1377 1234 Clericorum
1388 1207 1479 1236 abusus
1490 1229 1497 1240 ,
1517 1209 1563 1247 qui
1573 1218 1636 1237 cum
1650 1208 1749 1239 usuali-

950 1243 996 1270 bus
1006 1243 1097 1280 palliis
1106 1245 1136 1273 in
1147 1244 1262 1282 publicis
1274 1246 1485 1284 processionibus
1495 1250 1660 1287 procedunt,
1672 1250 1749 1280 usum

949 1281 1209 1322 supet-pelliceorum
1218 1288 1461 1324 praetermittentes
1469 1300 1566 1319 contra
1584 1290 1749 1322 laudabilem

949 1325 1074 1354 Ecclesiae
1086 1326 1170 1354 rituin
1181 1349 1189 1359 ,
1207 1337 1266 1365 qux
1279 1328 1414 1366 profunda
1434 1331 1563 1366 mysteria
1574 1332 1602 1360 in
1621 1333 1748 1363 omnibus

951 1365 1066 1395 vestibus
1077 1389 1085 1400 ‚
1095 1371 1122 1396 δι
1134 1367 1288 1405 praesertim
1297 1368 1327 1397 in
1337 1368 1537 1408 superpelliceo
1546 1393 1555 1406 ,
1568 1373 1643 1411 quod
1653 1374 1750 1403 candi-

948 1405 1013 1434 dum
1024 1409 1198 1446 Angelorum
1210 1409 1404 1438 indumentum
1413 1411 1745 1454 denotat,:ignoscit,quo-

947 1456 1007 1475 rum
1027 1449 1191 1478 munditiam
1202 1449 1305 1478 imitari
1327 1451 1428 1479 debent
1437 1452 1544 1481 Clerici
1558 1476 1564 1484 ,
1585 1454 1688 1493 quippe
1697 1456 1747 1495 qui

948 1498 1005 1515 non
1015 1488 1117 1518 liabent
1129 1499 1159 1519 ut
1168 1490 1269 1529 reliqui
1279 1491 1416 1529 Religiosi
1425 1491 1546 1522 habitum
1557 1492 1746 1534 sacrum,prae-

949 1538 991 1556 tei·
1000 1529 1053 1559 hoc
1071 1529 1298 1569 superpelliceum
1310 1552 1317 1558 .
1337 1532 1491 1562 Prudenter
1500 1534 1586 1573 igitur
1601 1537 1747 1566 Generalis

948 1570 1090 1600 societatis
1098 1571 1161 1610 Jesu
1173 1572 1391 1601 Piccolomineus
1400 1573 1434 1601 de
1443 1584 1516 1602 anno
1530 1586 1539 1603 1
1546 1582 1561 1604 6
1568 1586 1612 1610 30.
1631 1577 1744 1607 ordina-

950 1621 1028 1639 verat
1038 1634 1045 1645 ‚
1072 1623 1102 1641 iit
1120 1615 1174 1648 ejus
1195 1612 1302 1642 Clerici
1324 1613 1351 1641 in
1372 1613 1585 1652 processionibus
1605 1618 1743 1656 Corporis

948 1651 1055 1681 Cliristi
1072 1663 1132 1682 cum
1150 1653 1354 1692 superpelliccis
1374 1655 1501 1683 incedere
1519 1656 1648 1685 deberent
1658 1680 1666 1691 ,
1686 1669 1743 1698 quo

949 1693 1006 1720 aifiu
1017 1703 1076 1722 cum
1086 1704 1178 1723 eorum
1190 1693 1274 1722 solito
1283 1695 1381 1724 decore
1393 1717 1400 1728 ‚
1421 1706 1449 1724 ac
1460 1697 1591 1726 modestia
1601 1698 1742 1729 consocia-

940 1742 974 1761 -εει
985 1733 1023 1761 est
1032 1733 1099 1764 sacri
1111 1757 1119 1768 ,
1140 1739 1167 1764 ὃ(
1177 1735 1353 1764 Ecclesiastici
1365 1736 1433 1764 ritus
1441 1736 1614 1767 observantia
1625 1760 1632 1766 .
1655 1740 1699 1769 Sic
1710 1742 1744 1769 il-

943 1774 969 1802 le
982 1776 1112 1815 Angelici
1124 1776 1217 1814 Regni
1227 1776 1417 1805 Caiicellarius
1427 1776 1544 1807 Thomas
1557 1781 1649 1808 Morus
1658 1781 1691 1809 :id
1700 1782 1744 1810 in-

944 1815 998 1843 star
1007 1815 1191 1846 candidissimi
1201 1817 1286 1844 oloris
1295 1815 1494 1855 superpelliceo
1506 1819 1618 1848 indutus
1639 1822 1741 1851 officiis

944 1855 1047 1885 divinis
1056 1856 1186 1886 assistebat
1199 1879 1206 1890 ‚
1218 1857 1252 1885 de
1261 1867 1312 1895 qua
1321 1867 1350 1885 re
1361 1880 1366 1890 ‚
1377 1868 1437 1895 cum
1446 1859 1604 1888 admonitus
1614 1860 1678 1889 esset
1686 1884 1694 1895 ‚
1704 1874 1741 1893 ne

944 1896 972 1924 id
981 1907 1076 1936 ageret
1087 1919 1096 1931 ,
1119 1898 1182 1926 dum
1192 1907 1288 1925 contra
1304 1901 1360 1932 ejus
1371 1899 1457 1936 Regis
1475 1899 1603 1928 decorem
1613 1900 1665 1930 hoc
1688 1902 1740 1933 esle

944 1936 1101 1972 videretur,
1113 1948 1179 1966 tunc
1188 1936 1293 1975 sapiens
1303 1959 1311 1969 ‚
1321 1948 1349 1966 ac
1362 1940 1421 1975 pius
1434 1939 1485 1967 Vir
1494 1962 1502 1973 ‚
1513 1951 1572 1969 non
1585 1941 1635 1971 elle
1645 1943 1675 1971 in
1685 1946 1739 1974 Re-

941 1979 983 2016 gis
996 1978 1150 2017 despeEium
1165 2000 1171 2010 ,
1182 1977 1333 2015 respondit,
1345 1978 1382 2011 id,
1390 1979 1467 2017 quod
1476 1980 1505 2008 in
1514 1980 1672 2021 obsequium
1682 1987 1739 2014 Re-

941 2029 982 2057 gis
992 2022 1101 2058 Regum
1111 2019 1251 2057 praestatur
1262 2030 1270 2049 ‚-
1293 2018 1327 2047 sic
1337 2019 1420 2047 etiam
1430 2031 1487 2049 non
1504 2022 1673 2053 erubescebst
1682 2026 1737 2054 Da-

942 2060 990 2088 vid
1008 2059 1108 2099 Ephod
1128 2061 1203 2088 lineo
1221 2059 1350 2088 incedere
1368 2071 1459 2089 coram
1470 2062 1586 2092 Domini
1600 2067 1670 2094 Arca
1679 2087 1688 2099 ‚
1707 2076 1737 2095 ut

939 2100 1053 2129 liabetur
1064 2114 1089 2129 2.
1100 2103 1171 2139 Reg.
1182 2110 1237 2138 cap.
1252 2107 1296 2129 16.
1307 2103 1335 2128 ὃ(
1349 2111 1372 2129 i.
1384 2103 1499 2140 Paralip.
1509 2113 1567 2142 cap.
1585 2115 1592 2132 i
1603 2115 1627 2140 5.
1643 2107 1734 2144 Igitur

939 2142 1027 2170 multo
1045 2142 1134 2170 minus
1154 2139 1308 2169 crubescere
1325 2141 1426 2170 debent
1443 2144 1550 2172 Clerici
1567 2145 1598 2174 in
1619 2146 1736 2184 praefati's

938 2181 1120 2210 fiinc‘iionibus
1131 2180 1329 2219 superpelliceo
1341 2183 1382 2210 uti
1392 2202 1399 2209 .
1413 2183 1617 2222 Superpelliceo
1627 2187 1655 2214 in
1670 2186 1736 2215 Mis-

88 2213 206 2256 colquod
218 2214 366 2257 antiquitus
376 2214 456 2254 super
467 2216 570 2245 tunicas
578 2217 705 2256 pelliceas
715 2219 748 2247 de
769 2219 882 2257 pellibus
935 2221 961 2250 sa
973 2222 1012 2250 iiti
1023 2223 1121 2251 debent
1130 2220 1258 2260 Episcopi
1277 2223 1427 2261 Regulares
1439 2243 1446 2251 .
1470 2225 1543 2254 Vide
1553 2228 1716 2255 Rochettum
1728 2248 1735 2255 .

86 2253 245 2283 animalium
258 2254 429 2288 induebatun
440 2257 514 2295 quod
526 2257 613 2286 adhuc
623 2259 654 2286 in
665 2258 821 2297 quibusdam
830 2264 879 2289 Ec-
895 2259 1110 2292 SUPERPOSlTio
1124 2284 1131 2297 ,
1141 2263 1275 2297 jejunium
1289 2284 1296 2296 ,
1307 2263 1486 2293 abstinentia,-
1500 2266 1537 2294 ita
1548 2266 1659 2299 dicitur,
1671 2268 1735 2305 quia

86 2293 174 2322 clesii's
183 2295 359 2328 observatur,
370 2298 612 2335 repraesentantes,
634 2299 710 2338 quod
718 2300 808 2329 Adam
819 2301 878 2340 post
934 2313 999 2332 tunc
1016 2302 1174 2332 abstintntia
1193 2303 1254 2331 cibo
1275 2305 1467 2343 praeponitur,
1493 2306 1526 2334 ad
1548 2306 1732 2336 imitationem

86 2342 225 2371 peccatum
236 2336 331 2365 talibus
343 2338 455 2367 vestitus
462 2338 503 2367 est
511 2339 631 2377 pelliciis
639 2360 648 2368 .
662 2345 674 2375 [
685 2341 730 2369 De
739 2351 793 2380 qua
804 2343 877 2371 veste
933 2346 1094 2373 Graecorum
1108 2342 1210 2381 phrasis
1219 2365 1227 2377 ‚
1247 2345 1293 2382 qui
1302 2345 1436 2381 jejunium
1447 2346 1574 2374 similiter
1594 2343 1734 2386 ὑπέρθεσιν

84 2372 122 2402 D.
133 2374 322 2412 Hieronymus
333 2378 438 2409 advers.
450 2380 542 2419 Pelag.
553 2380 600 2410 lib·
616 2391 640 2411 i.
655 2382 830 2412 mentionem
840 2382 875 2412 fa·
932 2385 1071 2425 appellant
1082 2405 1088 2413 .
1100 2387 1250 2421 [Errorem
1260 2385 1362 2424 placuit
1372 2386 1493 2425 corrigi,
1511 2395 1542 2416 ut
1552 2387 1631 2416 omni
1641 2388 1732 2431 Sabba-

1669 2437 1693 2456 ti
