1866 2526
122 55 201 96 524
459 43 492 86 P
524 43 560 86 E

62 103 198 131 Pzitomss
213 122 225 139 ,
243 105 271 131 ὅ(
293 106 445 131 Peronatus
456 123 463 130 .
488 103 561 132 Vide
583 109 654 133 Hero
665 123 672 130 .

61 143 220 172 PERPERAM
230 165 238 176 ,
256 153 311 181 quo
321 142 451 171 adverbio
472 142 532 172 usus
553 145 590 174 est
601 144 716 173 Paulus.
739 152 762 171 x.
777 144 846 175 Cor.
861 154 903 182 ¹3·

105 182 257 220 [Cha-ritas
268 194 327 212 non
344 183 404 222 agit
423 193 562 222 perperam
575 206 581 213 .
595 188 607 217 ]
631 182 729 222 Aliqui
746 194 760 212 a
780 184 904 212 dic‘tione

103 234 194 264 graeca
208 221 343 264 πέρπερας
354 246 360 256 .
380 224 506 253 derivare
524 234 622 264 putant
634 247 640 257 ,
661 234 718 263 quae
731 225 905 253 temerarium

101 264 238 305 fignificat
250 286 258 297 ‚
267 275 329 293 cum
337 263 455 293 charitas
466 276 522 295 non
533 265 689 294 inordinate
699 275 837 304 operetur.
849 266 906 294 Ste-

103 306 211 345 phanus
222 316 287 334 vero
298 304 461 334 Menochius
472 307 502 334 in
512 309 568 343 ejus
580 307 675 335 storeis
684 315 790 335 centur.
802 318 828 341 4.
840 316 862 334 c.
882 317 904 334 1.

102 347 158 376 hoc
170 346 329 376 vocabulum
338 356 371 373 ex
382 346 496 384 quadam
509 347 595 375 fabula
607 368 614 379 ,
624 358 637 375 a
647 347 830 376 Nazianzeno
840 347 904 375 tela.

104 396 132 419 ‚ta
141 387 283 426 originem
293 386 410 415 habuisse
420 396 496 425 purat
506 408 514 420 ‚
526 387 572 416 ubi
580 387 695 420 dicitur,
704 387 778 425 quod
787 387 842 416 duo
854 387 906 416 fra-

962 100 1007 130 d'tc
1019 123 1027 135 ,
1037 100 1112 139 quod
1121 98 1170 129 ista
1179 100 1373 131 discernuntur
1382 112 1416 131 ex
1431 101 1610 133 institutione
1617 125 1626 138 ‚
1639 104 1685 134 vel
1693 109 1762 135 conl

962 141 1107 171 suetudine
1117 141 1259 178 cujuslibet
1269 143 1469 176 Ecclefiae‚nam
1479 145 1602 184 dignitas
1609 146 1640 174 in
1649 148 1759 175 matrali-

963 182 1072 220 quando
1083 182 1120 210 est
1132 203 1139 214 ,
1160 181 1192 209 in
1213 183 1265 211 alia
1271 182 1432 221 personatus
1442 206 1450 217 ,
1469 187 1514 215 vel
1525 187 1649 215 officium
1659 208 1666 219 ,
1687 190 1715 215 ὅ(
1725 187 1760 216 fic

963 223 1102 259 Hostia-2
1111 222 1145 250 de
1155 222 1272 270 praePen.
1289 234 1347 251 can.
1368 235 1402 253 ne
1411 226 1512 256 multa:
1533 228 1656 255 officium
1667 236 1761 256 tamen

962 263 1122 302 personatus
1133 263 1296 301 providetur
1307 265 1451 302 aliquando
1462 278 1475 294 a
1488 267 1652 304 Pontifice.[
1661 269 1761 297 Statui-

962 314 1030 337 mus,
1040 314 1069 332 ut
1083 304 1207 332 Ecclesiae
1220 304 1382 342 dignitates,
1393 306 1561 343 personatus,
1572 311 1599 336 ὅ(
1609 308 1739 337 beneficia
1751 331 1760 342 ‚

962 355 1022 383 quse
1040 344 1111 382 apud
1131 343 1221 372 sedem
1233 347 1286 373 δερ.
1298 345 1332 372 de
1342 346 1459 382 praeben.
1471 352 1497 375 δι
1509 349 1612 386 dignit.
1623 351 1654 378 in
1665 357 1691 378 6.
1701 360 1760 387 cap.

962 385 1078 424 primo.]
1093 384 1165 413 Vide
1177 385 1260 413 etiam
1269 384 1358 415 Gloss'.
1368 387 1434 415 ibid.
1443 398 1466 415 c.
1477 389 1504 416 6.
1514 389 1740 427 §.fPersonatibus
1751 411 1758 417 .

105 439 160 457 tres
171 428 283 466 Perperi
292 428 422 466 appellati
434 449 441 459 ,
458 438 522 456 cum
533 429 571 456 ita
580 428 691 456 audaces
702 450 710 460 ,
729 438 758 456 ac
769 428 905 457 temerarii
922 429 1117 456 Pur-nimus
1127 447 1136 458 ,
1149 426 1213 454 vitae
1225 426 1389 455 diuturnitas
1401 433 1413 461 [
1426 428 1573 462 Quomodo
1582 431 1692 468 quidam
1701 442 1763 469 per-

102 469 198 502 estem,
209 479 238 498 ut
251 469 377 500 Herculi,
387 468 453 496 dum
462 462 668 505 dormit-emejus
681 479 751 497 arma
760 468 843 498 furari
853 468 905 497 aufi

102 509 168 539 sunt
179 532 187 542 ,
198 510 218 538 is
230 509 398 547 ex-perrestus
410 530 418 541 ‚
436 509 526 537 ambos
537 509 649 547 pedibus
659 510 805 548 colligavit
818 531 825 543 ‚
837 513 865 538 δε
874 509 907 537 ad

963 468 1076 495 trastum
1088 466 1233 504 quemdam
1252 467 1284 495 in
1301 465 1402 496 saeculo
1419 469 1577 507 postulant?
1600 471 1715 501 Tertull.
1726 471 1761 499 de

963 516 1033 536 orat.
1056 517 1114 544 cap.
1141 516 1166 542 ς.

104 551 190 580 instar
199 551 316 579 duorum
330 548 467 586 pullorum
477 553 533 586 ejus
543 551 617 578 clava
627 549 707 588 super
716 549 842 581 humeros
856 560 905 578 im-
922 547 1246 577 PnarususAERJoratus
1259 553 1271 583 [
1283 548 1337 584 Qui
1348 549 1484 578 mercedes
1493 552 1681 590 congregavit,
1691 551 1763 581 mifit

104 592 192 631 polita
203 602 236 619 ex
248 590 358 628 pedibus
367 587 507 628 suspensos
518 589 607 620 secum
626 591 728 619 detulit
741 612 747 623 ‚
767 589 833 619 hinc
845 590 906 619 ada-

103 633 181 671 gium
193 631 322 669 provenit
332 634 419 668 Agere
426 639 567 669 perperam
579 653 587 664 ,
600 631 678 663 idest,
689 633 832 661 temerarie
841 652 848 659 .
870 635 908 660 A-

104 673 235 711 postolus,
245 672 366 709 inquam,
379 682 426 710 per
435 671 488 700 hoc
501 672 660 701 vocabulum
671 682 810 710 perperam
823 672 908 711 figni-

106 713 186 742 ficare
196 712 323 745 videtur,
347 712 421 750 quod
430 712 544 742 charitas
554 714 704 751 procaciter
722 723 779 741 non
790 723 850 752 agat
861 734 867 739 .

61 756 236 786 Penni-3101(
249 775 256 786 ‚
279 753 308 780 in
318 753 521 791 significatione
531 753 633 792 paffiva
646 754 706 782 loco
719 753 795 782 verbi
806 755 911 782 toleror

102 801 119 830 [
132 795 176 823 Ut
189 804 250 822 cum
261 793 423 832 delinquens
436 816 444 827 ,
455 799 481 823 ὃ(
492 794 663 833 deprehendi
671 794 698 823 se
706 794 854 833 ‚cognoscit
865 815 872 826 ‚
883 797 911 822 ὃ(

106 835 214 874 perpeti
228 855 235 862 .
258 836 296 863 D.
307 836 459 873 Gregorius
471 837 539 874 Papa
549 846 617 873 part.
630 847 655 864 2.
664 846 721 874 cap.
736 846 778 863 10.

62 878 277 906 PERSARMENJA
291 897 299 908 ‚
321 877 377 905 FR.
398 877 468 904 dista
478 878 515 905 est
526 875 660 905 Armenia
671 879 758 912 major
767 896 773 903 .
797 876 909 906 Sozom.

107 916 155 944 lib.
169 926 193 952 5.
203 927 225 944 c.
239 927 265 948 7.
277 919 304 945 ὃ(
314 916 436 955 Niceph.
448 918 494 946 lib.
509 928 552 951 ¹7·
563 927 586 945 c.
597 927 643 955 37.

63 959 217 988 Persona.
242 956 314 986 Vide
332 958 479 997 hypostasis
490 978 497 986 .

64 1000 203 1027 Pi-:Rsotm
226 998 337 1029 Urius
348 1018 355 1024 .
379 999 452 1027 Vide
474 999 558 1028 Utilis
575 999 687 1037 persona
698 1020 706 1028 .

64 1040 261 1069 ΡεκςοΝΑτυε
272 1059 278 1065 .
299 1039 357 1067 PR.
368 1039 528 1078 parochialis
547 1039 690 1068 vicariatus
700 1061 707 1073 ,
730 1039 791 1078 quia
804 1036 909 1067 Vicatii

962 599 1004 617 eas
1014 588 1044 616 in
1052 587 1185 616 sacculum
1197 588 1345 628 pertusum.
1357 594 1476 629 Aggasus
1485 602 1509 619 c.
1524 602 1546 619 1.
1559 594 1570 623 ]
1584 592 1642 621 Ubi
1653 595 1762 632 Grego-

965 629 1020 658 rius
1031 635 1043 664 [
1055 630 1099 658 De
1112 629 1222 667 pei-tuso
1234 651 1242 662 ‚
1257 630 1368 669 quippe,
1379 630 1484 659 sacculo
1497 631 1608 661 aliunde
1619 632 1765 671 exit,quod

963 666 1075 698 aliunde
1085 670 1248 698 immittitur
1261 692 1267 703 ,
1291 673 1353 709 quia
1372 671 1528 700 indiscretae
1547 683 1650 702 mentes
1661 683 1762 703 merce-

964 710 1028 739 dem
1038 732 1046 744 ,
1059 721 1119 748 quae
1131 721 1164 739 ex
1175 711 1249 739 bono
1262 722 1344 750 opere
1356 712 1503 750 requiritur
1513 734 1520 746 ,
1540 724 1596 742 non
1608 712 1742 752 aspiciunt
1755 736 1762 747 ,

966 751 1107 789 quomodo
1117 762 1149 779 ex
1161 752 1232 780 malo
1242 762 1324 790 opere
1336 753 1463 790 perdatur
1472 773 1478 780 .
1490 755 1525 781 In
1533 754 1645 782 decreto
1655 756 1763 784 Gratia-

966 792 996 820 ni
1009 791 1042 820 de
1052 793 1152 829 poenit.
1166 792 1227 820 dist.
1240 804 1267 827 4,
1278 804 1338 821 can.
1355 796 1419 824 17.]
1445 794 1518 821 Vide
1528 797 1664 823 Diatreca
1674 815 1681 822 .

926 835 1124 861 Paratomos
1135 831 1316 870 ,πέταλέγος
1325 854 1332 861 .
1353 835 1409 862 FR.
1422 833 1443 861 is
1455 855 1462 866 ,
1483 834 1529 872 qui
1541 836 1630 872 petala
1640 857 1648 868 ‚
1661 835 1716 864 five
1727 836 1765 864 la-

966 874 1041 902 mina
1052 883 1181 900 extenuat
1191 893 1198 900 .
1210 873 1301 909 Quare
1310 873 1402 902 Glofl'a
1413 874 1443 902 in
1453 874 1470 902 l.
1487 885 1508 902 ι.
1519 875 1552 903 de
1562 874 1650 904 excus.
1660 884 1710 904 art.
1722 887 1764 905 er-

966 915 1038 944 ravit
1049 914 1078 941 in
1089 913 1311 951 ortograpliia,ac
1323 914 1552 952 interpretatione
1561 915 1639 952 hujus
1650 919 1764 945 vocabu-

965 955 995 987 li,
1005 955 1071 983 dum
1081 953 1148 982 falso
1160 952 1265 992 scripsit
1278 976 1286 987 ‚
1299 958 1326 983 δε
1339 954 1464 992 exposuit
1479 957 1652 994 [l’etalargas
1662 959 1764 985 rotulas

965 996 994 1023 in
1004 996 1135 1033 capitibus
1145 1005 1277 1033 equorum
1289 1017 1296 1028 ,
1306 1006 1320 1023 a
1330 1005 1414 1033 pente
1427 1017 1434 1028 ,
1445 995 1519 1033 quod
1529 996 1566 1024 est
1577 998 1698 1035 quinque
1709 1019 1717 1030 ,
1737 1002 1764 1026 ἃ

962 1036 1047 1075 largas
1058 1058 1065 1068 ,
1087 1035 1156 1064 idest
1169 1057 1177 1068 ‚
1199 1036 1264 1065 latas
1273 1057 1280 1064 .

107 1089 238 1108 tenentur
247 1078 370 1117 personis
383 1101 390 1112 ‚
401 1084 428 1108 ὃ(
438 1080 561 1109 Ecclesia:
573 1080 677 1108 servire
688 1102 694 1108 .
714 1091 737 1108 c.
750 1092 775 1109 2.
788 1084 815 1108 ὅ(
825 1090 852 1117 3.
874 1078 908 1106 de
924 1078 1068 1106 Peritum
1083 1098 1091 1110 ,
1114 1077 1214 1105 lamina
1234 1088 1313 1106 tenue
1332 1077 1441 1109 extensa
1452 1100 1460 1112 ,
1479 1089 1513 1107 ex
1522 1089 1614 1117 graeco
1636 1079 1767 1108 vocabulo

107 1120 218 1152 Officio
231 1120 346 1153 vicarii,
358 1125 384 1150 ὅ(
396 1122 428 1150 de
440 1121 568 1150 eleemon.
578 1125 605 1150 ἃ
616 1122 696 1150 electi
707 1121 812 1160 potest.
825 1132 848 1148 c.
864 1130 909 1154 54.

108 1160 169 1191 Ubi
178 1159 272 1189 Gloss'ci
286 1162 354 1190 male
365 1172 561 1201 interpretatur
579 1160 628 1190 effe
638 1167 816 1191 Decanatum
828 1181 835 1188 .
847 1167 859 1195 [
871 1162 909 1188 M.

107 1201 181 1230 filius
192 1202 332 1235 Antonii,
354 1204 402 1241 qui
413 1203 542 1242 proximo
561 1212 625 1231 ante
636 1203 715 1241 ipsius
727 1202 851 1231 Ecclesiae
865 1201 911 1228 lia-

107 1243 168 1273 buit
180 1241 400 1280 personatum,de
412 1244 476 1273 filiis
489 1244 640 1282 presbyter.
651 1254 724 1281 c.13.
736 1246 748 1274 ]
761 1253 840 1281 quem
852 1251 912 1279 per-

107 1281 235 1311 sonatum
248 1284 385 1312 Vicariam
394 1286 430 1313 ibi
440 1285 558 1323 appel-lat
570 1305 577 1311 .
591 1288 647 1319 [Et
659 1285 705 1312 alii
718 1295 775 1312 non
787 1284 912 1322 legitime

109 1324 168 1357 nati
179 1324 211 1351 ad
220 1324 368 1362 dignitates
379 1348 386 1358 ‚
397 1330 424 1355 &
437 1325 592 1363 personatus
606 1347 613 1357 ,
624 1329 651 1353 ὃ(
661 1324 791 1353 beneficia
803 1346 810 1356 ‚
822 1332 913 1351 curam

109 1365 261 1395 animarum
271 1364 398 1394 habentia
409 1370 460 1394 &a
472 1366 572 1394 ibidem
581 1376 604 1393 c.
620 1377 627 1393 i
638 1371 661 1395 8.
676 1368 688 1397 ]
708 1367 771 1394 Imo
782 1363 914 1393 Persona-

109 1415 152 1434 tus
162 1406 199 1434 est
213 1415 315 1433 nomen
326 1407 485 1445 genericum
500 1428 506 1438 ‚
518 1406 592 1444 quod
603 1416 698 1435 omnes
707 1406 856 1444 dignitates
866 1426 874 1437 ‚
885 1414 914 1431 ac

111 1445 241 1475 beneficia
255 1446 380 1474 habentia
389 1447 591 1485 obligationem
603 1446 784 1484 personaliter
796 1445 915 1474 residen-

110 1487 141 1516 di
150 1486 361 1526 comprehendit
375 1488 518 1522 [Decams
529 1509 536 1520 ‚
549 1488 771 1520 Archidiaconis,
782 1489 840 1515 Prae
846 1486 915 1523 poli-

965 1115 1089 1148 ’πέταλον
1099 1139 1107 1151 ,
1127 1118 1201 1156 quod
1212 1118 1309 1147 folium
1321 1119 1452 1158 fignificat
1464 1142 1471 1152 ‚
1492 1120 1525 1148 fic
1537 1121 1721 1158 appellabatur
1732 1120 1767 1147 la-

967 1159 1041 1186 mina
1052 1158 1099 1187 illa
1108 1169 1194 1192 aurea,
1205 1169 1284 1198 quam
1295 1161 1417 1188 Summus
1429 1160 1558 1189 Pontifex
1569 1161 1687 1199 antiquae
1700 1161 1768 1199 legis

969 1200 998 1226 in
1009 1198 1099 1228 fronte
1109 1200 1217 1238 gerebat
1232 1206 1244 1235 [
1257 1201 1390 1229 Induatur
1400 1201 1584 1230 foeminalibus
1593 1202 1683 1234 lineis,
1695 1211 1767 1230 tuni-

967 1250 996 1267 ca
1008 1240 1081 1268 linea
1092 1262 1100 1273 ‚
1120 1240 1187 1268 tiara
1197 1262 1205 1273 ‚
1225 1242 1316 1278 petalo
1325 1252 1390 1270 auro
1401 1263 1408 1270 .
1431 1242 1501 1270 Beda
1511 1242 1544 1269 de
1555 1243 1670 1271 Tabern.
1681 1242 1728 1271 lib.
1739 1244 1774 1280 3.'

964 1291 990 1308 ι.
1000 1291 1029 1316 9.
1041 1283 1053 1311 ]
1065 1281 1108 1308 De
1122 1291 1174 1318 qua
1184 1282 1285 1309 lamina
1295 1283 1397 1310 cecinit
1409 1282 1564 1311 Althelmus
1574 1303 1582 1310 .

1008 1323 1099 1348 Aurea
1109 1341 1117 1353 ‚
1139 1319 1185 1349 seu
1196 1322 1269 1349 fulva
1281 1342 1288 1354 ,
1311 1333 1375 1361 quas
1384 1332 1485 1350 ornant
1497 1324 1584 1360 petala
1604 1323 1708 1351 frontes
1718 1344 1725 1350 .

969 1361 1012 1389 De
1023 1361 1046 1388 S.
1057 1362 1165 1398 Joanne
1187 1363 1362 1399 Evangelista
1372 1364 1527 1398 Polycrates
1544 1364 1615 1402 apud
1625 1363 1769 1393 Eusebium

969 1400 1066 1429 histor.
1078 1401 1124 1429 lib.
1135 1413 1162 1439 3.
1175 1413 1196 1429 c.
1207 1413 1220 1440 3
1232 1413 1254 1430 1.
1265 1402 1408 1442 scripserat
1432 1410 1443 1438 [
1455 1403 1506 1432 His
1517 1405 1621 1433 accedit
1632 1406 1750 1443 Joaunes
1762 1426 1768 1435 ‚

970 1441 1017 1480 qui
1026 1440 1104 1480 supra
1113 1444 1205 1480 pec'tus
1217 1444 1335 1471 Domini
1348 1444 1377 1472 in
1386 1455 1464 1473 coena
1475 1445 1607 1478 recubuit,
1620 1446 1721 1484 quique
1733 1449 1766 1473 εὖ

971 1481 1033 1510 esset
1045 1483 1172 1511 Sacerdos
1181 1483 1239 1511 Dei
1251 1506 1258 1516 ‚
1269 1484 1433 1513 pontificale
1443 1485 1561 1522 petalum
1574 1487 1688 1523 gestavit
1697 1506 1707 1514 .

113 1529 149 1557 tis
160 1550 167 1561 ‚
178 1528 301 1557 Plebanis
312 1550 320 1561 ,
331 1529 485 1558 cantoribus
495 1551 502 1561 ,
524 1532 550 1557 <St
563 1529 625 1556 aliis
637 1527 742 1557 clericis
754 1526 914 1556 habentibus
930 1525 988 1553 PET
997 1533 1162 1552 Alamannis
1177 1546 1185 1556 ,
1203 1528 1232 1553 ὃ(
1241 1526 1415 1554 funambulo
1424 1547 1432 1558 ‚
1452 1525 1471 1552 is
1481 1526 1527 1563 qui
1538 1524 1616 1564 super
1628 1526 1720 1554 funem
1729 1527 1770 1554 lu-

109 1568 286 1608 ‚personatum
298 1590 306 1602 ,
328 1570 374 1598 lib.
386 1581 411 1608 3.
422 1569 492 1598 sexti
503 1570 575 1598 decr.
587 1569 632 1597 tit.
644 1581 690 1604 24.
703 1580 725 1597 c.
741 1580 762 1597 ι,
778 1570 789 1599 ]
809 1572 836 1596 ἃ
846 1560 924 1595 clarel

111 1612 142 1640 in
150 1620 257 1639 extrav.
266 1620 404 1638 commun.
416 1610 449 1638 de
460 1610 573 1638 decimis
586 1611 653 1645 [Sed
665 1608 846 1638 Ecclefiallica
856 1618 916 1646 per-

106 1650 249 1690 sona‚qu.e
262 1651 291 1678 in
304 1651 420 1679 Ecclefia
431 1650 531 1684 ss1a‚vel
542 1651 677 1679 beneficio
688 1656 698 1683 (
710 1650 784 1688 quod
797 1649 915 1677 residen—

111 1693 178 1721 tiam
191 1691 363 1730 personalem
374 1692 489 1730 requirit
502 1696 581 1723 )non
590 1691 687 1720 residet
703 1692 770 1721 &cd
783 1691 856 1718 Item
866 1700 916 1728 pro

114 1733 258 1763 Beneficio
269 1755 276 1766 ‚
289 1734 364 1771 quod
376 1731 545 1771 personalem
556 1732 732 1761 residentiam
742 1732 871 1769 requirat,
883 1731 917 1758 de

116 1784 206 1807 aetate,
219 1777 246 1802 ὃ(
256 1775 352 1812 qualit.
363 1773 508 1802 ordinand.
518 1785 539 1801 c.
555 1784 579 1810 3.
589 1779 604 1808 ¹[
614 1772 775 1801 Mandamus
787 1794 793 1804 ‚
814 1781 843 1799 ut
853 1782 916 1810 qua-

117 1825 195 1844 tenus
212 1816 318 1844 nemini
330 1816 403 1843 intra
413 1825 513 1842 annum
524 1823 650 1852 quartum
671 1812 806 1841 decimum
817 1813 916 1840 consti-

971 1564 1039 1591 dens
1049 1585 1056 1596 ,
1071 1564 1222 1601 pervolitat
1231 1586 1240 1598 ,
1250 1576 1283 1593 ex
1295 1575 1386 1604 graeco
1399 1566 1530 1595 vocabulo
1540 1565 1667 1603 vincia-ux
1696 1566 1771 1606 quod

972 1605 1065 1633 volare
1078 1604 1213 1643 significat
1235 1607 1408 1643 [Equidem,
1427 1607 1490 1644 quia
1500 1607 1614 1646 longum
1633 1608 1671 1636 est
1680 1608 1770 1636 dicere

972 1645 1006 1673 de
1017 1646 1142 1674 omnibus
1154 1645 1364 1684 amphitheatris
1374 1668 1382 1679 ,
1405 1645 1509 1675 scilicet
1519 1668 1526 1680 ,
1547 1648 1623 1676 odeis
1634 1670 1641 1680 ,
1662 1648 1771 1676 lusoriis

973 1686 1081 1723 pompis
1091 1708 1098 1718 ‚
1111 1685 1220 1715 athletis
1231 1709 1238 1719 ‚
1251 1687 1439 1725 petaminariis
1449 1710 1457 1721 ,
1471 1689 1647 1725 pantomimis
1660 1710 1667 1720 ‚
1687 1697 1771 1717 exte-

974 1724 1064 1764 risque
1075 1728 1208 1764 portentis
1221 1750 1229 1760 ‚
1252 1738 1311 1767 quae
1324 1730 1403 1767 piget
1415 1729 1505 1756 dicere
1515 1751 1522 1761 ,
1541 1729 1604 1767 quia
1616 1730 1691 1767 piget
1703 1729 1771 1756 mala

974 1767 1037 1795 talia
1047 1768 1091 1795 vel
1102 1767 1175 1797 nolle
1186 1779 1195 1799 ς
1215 1769 1248 1797 de
1257 1768 1321 1797 solis
1331 1770 1465 1797 circorum
1476 1790 1484 1801 ‚
1502 1779 1530 1797 ac
1543 1768 1710 1800 theatrorum
1722 1770 1773 1796 iin-

975 1808 1133 1845 puritatibus
1142 1808 1206 1837 dico
1216 1829 1222 1836 .
1237 1809 1336 1838 Saliari.
1347 1810 1393 1838 lib.
1406 1821 1432 1847 3.
1444 1810 1477 1838 de
1487 1809 1609 1839 Gubern.

114 1865 176 1884 tuto
185 1855 361 1894 personatum
370 1855 514 1891 cujuslibet
526 1854 648 1883 Ecclesice
660 1853 812 1882 concedere
822 1852 917 1891 praesu-
933 1850 1073 1877 PHASMA
1084 1869 1091 1876 .
1115 1849 1188 1878 Vide
1209 1852 1409 1887 AntIpetalffia
1420 1871 1426 1877 .
1555 1866 1558 1867 ν

115 1897 197 1926 matis
208 1918 214 1924 .
227 1897 301 1925 Illud
312 1896 349 1924 est
360 1896 437 1924 omni
448 1896 555 1924 ratione
565 1895 759 1925 contrarium]
773 1894 851 1926 idest,
862 1895 917 1921 cle·
933 1891 986 1917 Prs
1001 1909 1008 1916 .
1018 1891 1074 1918 FR.
1084 1888 1262 1918 extensorum
1274 1889 1405 1922 mensura}
1419 1892 1491 1919 varie
1502 1901 1584 1929 penes
1596 1889 1716 1919 diversas
1727 1901 1772 1919 na-

116 1938 187 1967 ricus
198 1937 383 1970 beneficiatus,
395 1937 441 1975 qui
452 1937 481 1964 in
493 1935 580 1964 choro
591 1935 727 1964 inservire
739 1943 879 1967 tenentur,
890 1938 917 1962 ἅ

118 1989 133 2011 a
151 1979 272 2016 capitulo
289 1979 405 2017 eligitur
423 1983 438 2012 [
451 1978 510 2006 Nec
528 1975 648 2015 permiffi
668 1976 722 2004 duo
734 1976 872 2004 Canonici
885 1975 918 2003 fic

118 2019 227 2047 excludi
239 2040 245 2051 ,
255 2029 315 2046 cuin
327 2019 428 2058 primus
439 2017 568 2046 existeret
578 2018 606 2045 in
620 2017 807 2046 Canonicatus
819 2014 916 2054 poll'es-

118 2060 193 2088 sione
204 2081 211 2091 ‚
225 2060 268 2087 vel
278 2060 350 2098 quali
363 2081 370 2091 ‚
381 2058 507 2089 habendo
519 2058 627 2086 stallum
638 2058 667 2085 in
678 2056 765 2085 choro
775 2078 782 2089 ,
791 2057 881 2084 locum
892 2057 920 2084 in

119 2100 238 2138 capitulo
249 2121 256 2132 ‚
276 2100 396 2138 legendo
410 2121 417 2132 ,
436 2099 572 2127 cantando
583 2120 590 2131 ,
609 2107 641 2126 ut
651 2098 810 2127 canonicus
820 2118 827 2129 ,
840 2101 867 2125 ὅ(
888 2098 920 2125 ad

118 2141 246 2171 trafiatus
257 2161 265 2172 ,
278 2151 305 2167 ac
314 2140 463 2168 elestiones
472 2139 642 2178 dignitatum
654 2161 661 2171 ,
671 2137 900 2176 &personatuum
913 2159 920 2169 ,

120 2191 180 2220 quae
190 2190 366 2209 occurrerunt
378 2191 428 2218 pro
439 2190 562 2217 tempore
575 2180 858 2216 faciendae,tamquam
867 2180 923 2207 Ca-

975 1930 1066 1957 tiones
1075 1930 1214 1968 accipitur.
1227 1931 1321 1961 Graeci
1331 1932 1405 1960 enim
1417 1942 1464 1970 pei·
1476 1932 1550 1970 pedis
1561 1931 1714 1960 mensuram
1731 1939 1774 1959 16,

976 1970 1128 2008 digitorum
1140 1972 1303 2010 intelligunt
1315 1992 1321 1999 .
1335 1972 1427 2000 Suidas
1441 1973 1470 2000 in
1482 1972 1547 2000 dist.
1556 1973 1665 2007 πῐῖἲῑζυς.
1676 1974 1724 2001 Pes
1732 1982 1776 1999 au-

975 2020 1033 2038 tem
1045 2014 1186 2040 Romanus
1195 2013 1354 2040 continebat
1373 2012 1478 2051 digitos
1495 2024 1538 2050 ¹3·
1558 2023 1619 2040 cum
1628 2013 1712 2052 digiti
1723 2012 1776 2041 tri-

975 2062 1039 2079 ente
1051 2072 1058 2078 .
1081 2054 1151 2086 [Pes
1163 2053 1290 2086 Italicus,
1308 2057 1336 2082 ὃ(
1348 2053 1563 2082 Nicomedianus
1581 2052 1661 2081 habet
1672 2053 1776 2091 digitos

976 2102 1043 2120 xiii.
1055 2102 1114 2120 cum
1125 2093 1207 2131 digiti
1225 2094 1328 2122 triente
1339 2114 1345 2121 .
1372 2096 1419 2122 Pes
1430 2095 1517 2132 regius
1529 2115 1537 2126 ‚
1559 2097 1585 2122 δε
1595 2094 1776 2122 Ptolemaicus

976 2131 1056 2161 habet
1076 2133 1179 2172 digitos
1200 2139 1297 2164 xxi&
1315 2135 1428 2173 palestas
1450 2145 1584 2173 quatuor.
1607 2137 1647 2162 Ex
1662 2136 1775 2164 Herone

979 2183 1015 2200 m.
1038 2184 1057 2201 s.
1079 2184 1188 2212 graece.

121 2221 237 2250 nonicus
250 2221 283 2249 sit
294 2221 453 2253 vocatus‚de
465 2222 572 2249 cicer&
583 2221 658 2248 elect.
670 2220 766 2258 potest,
777 2229 835 2256 cap.
849 2229 861 2253 5
871 2230 894 2254 ς.
907 2222 917 2250 ]
937 2217 1064 2244 ΡεςειΜο
1075 2235 1082 2242 .
1092 2216 1148 2243 ΓΗ.
1160 2216 1273 2243 verbum
1283 2238 1292 2249 ,
1305 2225 1447 2253 perverto,
1459 2215 1600 2245 inmalum
1609 2214 1688 2246 duco,
1699 2215 1775 2251 pejo-

120 2266 149 2294 ,ὃς
159 2260 279 2290 Gloffam
289 2261 317 2289 in
328 2270 432 2289 extrav.
451 2261 484 2288 de
496 2261 614 2298 praeben.
626 2264 653 2289 ὅ(
665 2260 767 2298 dignit.
780 2270 803 2286 c.
814 2270 920 2287 exem.-

122 2303 183 2331 bilis
195 2323 201 2329 .
213 2302 288 2334 Quid
299 2302 332 2330 fit
342 2300 462 2339 dignitas
474 2323 481 2333 ,
492 2300 687 2339 &personatus
698 2300 821 2328 officium
831 2322 839 2333 ,
852 2304 878 2328 ὃ(
892 2311 919 2328 in

124 2353 180 2381 quo
189 2342 315 2371 differant
324 2341 473 2371 secundum
490 2344 531 2376 jus
540 2340 670 2379 scriptum
682 2362 688 2369 .
712 2340 785 2369 Vide
795 2340 868 2378 quod
878 2340 920 2368 su-

123 2383 323 2423 pei-hociiotat
333 2382 488 2423 §buhelmus
498 2382 532 2411 de
550 2381 665 2412 consult.
685 2393 707 2411 c„
724 2392 746 2410 i.
759 2381 805 2409 lib.
819 2387 845 2410 6.
866 2382 917 2410 Vel

978 2266 1008 2283 ¹¹0
1019 2276 1025 2282 ·
1051 2255 1148 2292 [ρ’-ΠΗ
1158 2255 1228 2284 mihi
1248 2256 1285 2284 est
1294 2266 1361 2295 Opus
1373 2279 1380 2289 ‚
1398 2261 1425 2286 ὃ(
1435 2267 1495 2295 quae
1508 2266 1588 2285 erunt
1599 2254 1667 2282 mihi
1677 2263 1710 2280 ex
1721 2253 1776 2280 hoe

977 2297 1047 2324 bona
1058 2300 1066 2325 ἓ
1077 2299 1121 2326 Ne
1131 2296 1204 2324 dicas
1216 2308 1221 2323 ,-
1232 2296 1373 2325 sufficiens
1384 2297 1453 2325 mihi
1463 2296 1538 2326 sum.-
1565 2300 1593 2325 δε
1602 2293 1668 2332 quid
1677 2302 1709 2320 ΕΧ
1720 2291 1774 2319 hoc

977 2337 1147 2374 peilimsibor?
1158 2336 1258 2365 Ecclcs.
1275 2348 1284 2364 1
1296 2349 1317 2365 ι.
1331 2349 1377 2372 25.
1392 2339 1427 2366 In
1436 2339 1474 2365 ira
1483 2339 1598 2368 flammae
1607 2334 1754 2375 devoretur
1766 2353 1774 2364 ‚

975 2380 1022 2418 qui
1032 2378 1189 2407 salvatum&
1201 2377 1248 2418 qui
1258 2377 1403 2418 peffimant
1412 2377 1519 2417 plebem
1529 2384 1618 2408 tuam,
1629 2374 1777 2401 invenient

1676 2422 1734 2452 perf
