1866 2526
503 29 604 73 PE

1289 31 1322 74 P
1350 34 1399 77 H
1662 48 1737 89 525

145 89 332 130 perditionem
343 109 352 118 .
362 88 433 120 lb’rd.
442 97 490 130 3⁶.
506 101 514 118 ι
526 100 549 118 ι.
559 91 604 118 Ne
614 84 723 117 dederis
733 86 765 116 in
775 86 889 118 tristitia
899 98 946 118 cor
997 88 1032 117 de
1041 92 1155 120 Primus
1165 111 1172 119 .
1191 93 1257 128 Ejus
1267 91 1415 120 materialis
1423 90 1553 120 cathedra
1565 112 1571 119 .
1590 92 1664 123 Vide
1675 95 1798 134 sallago-

146 129 391 170 tuumisedrepelle
401 141 460 160 eam
469 142 483 160 a
494 133 562 164 te,&
573 139 714 158 memento
725 127 946 175 noviffimorum,

144 171 205 201 noli
213 170 357 201 oblivisci:
377 181 466 211 neque
474 171 549 201 enim
557 171 595 199 est
605 170 750 199 conversio
759 190 768 203 ,
790 173 818 199 ὃς
828 171 892 200 huic
903 181 945 199 nt-

144 211 187 241 hil
195 211 318 250 proderis
328 234 336 246 ‚
347 215 375 240 δι
386 222 414 241 te
426 212 513 251 ipsum
525 210 588 251 peili
594 212 676 240 mabis
685 231 693 239 .
712 210 784 240 Ibid.
795 221 809 249 3
818 216 843 241 8.
856 223 871 241 2
880 223 903 240 ι.

103 254 311 282 Ρεςευιυς.ΡΚ.
322 253 600 291 instrumentum,quo
612 261 698 290 portae
711 251 942 298 clauduntur-,Ron-

141 302 193 321 mae
210 293 313 322 dicitur
325 297 492 324 Catenactio
512 293 672 329 [Pessiilum
688 292 753 321 ostii
774 302 830 323 mei
846 303 940 332 aperui

139 333 226 362 Cant.
251 336 275 370 5'.
299 340 326 362 ⁶.

100 373 234 404 PerAsus
247 396 254 404 .
279 375 352 404 Vide
375 380 535 414 Campana.

101 414 214 448 ΡετιΑ,
237 417 438 455 fragmentum,
457 416 588 444 frustum.
613 421 625 452 [

637 417 710 444 Rete
720 423 812 443 totum
820 424 853 443 ex
864 426 941 454 gem-

140 455 191 483 mis
201 457 332 486 albaveris
344 479 351 490 ,
371 461 399 487 ὅ(
409 457 490 486 bullis
498 457 601 488 aureis,
621 454 758 484 conclusas
780 456 864 484 etiam
883 457 940 484 auri

990 130 1114 167 statoria
1124 133 1279 170 Apostolica
1287 152 1294 160 .
1309 134 1372 168 Ejus
1382 131 1521 161 Cathedra
1532 133 1693 171 potestativa
1703 156 1710 163 .
1722 135 1798 165 Vide

997 171 1076 199 Sedes
1094 173 1264 210 Apostolica.
1279 173 1355 202 Vide
1373 175 1535 201 Trinomius
1545 192 1553 200 .
1577 175 1639 209 Ejus
1653 176 1779 206 miracula
1789 196 1800 205 ·

999 211 1072 240 Vide
1082 213 1234 242 Umbilicus
1244 234 1253 241 .
1273 216 1335 250 Ejus
1346 215 1445 243 Romae
1455 213 1600 253 Templum
1611 235 1618 242 .
1641 216 1714 244 Vide
1725 220 1798 245 Vati-

999 262 1071 281 cana
1078 252 1219 290 Bafilicae.

957 292 1070 322 Ρετιως
1089 295 1262 324 Cumanus
1274 315 1282 328 ‚
1292 293 1396 333 primus
1407 293 1523 325 vitarum
1533 299 1617 326 Rom.
1628 296 1798 327 Pontificum

998 333 1131 372 ScriPtor.
1142 335 1216 364 Vide
1226 336 1311 364 Palea
1320 355 1328 363 .

955 374 1226 405 Puram-muira
1238 396 1246 403 .
1257 375 1392 405 Haerctici
1403 396 1410 404 .
1423 375 1496 405 Vide
1506 379 1736 417 Trascordurgita
1749 398 1756 407 .

955 414 1152 444 Pauus-1112
1165 437 1172 443 .
1193 418 1251 446 PR.
1263 417 1331 446 idest
1341 438 1350 450 ‚
1369 415 1478 447 lascivia
1489 437 1496 445 .
1517 417 1649 448 Gloss'ain
1666 430 1725 449 can.
1737 422 1795 449 Aut

995 454 1061 484 sarm
1071 477 1079 488 ‚
1089 457 1123 484 de
1134 457 1234 495 poenir.
1246 457 1308 486 dist.
1323 468 1347 485 1.

142 498 227 533 petias
238 497 267 525 in
277 497 304 525 se
315 497 415 526 habens
425 497 557 526 smaltitas
567 518 574 530 ‚
587 499 614 524 8<
623 495 778 524 amendulas
789 506 878 525 aureas
889 495 1109 525 11n-⁴P³.mzxpfl
1115 507 1169 526 tum
1181 518 1188 525 .
1203 498 1316 527 Donum
1327 497 1387 536 post
1396 497 1547 537 mephium,
1558 499 1604 529 seu
1615 501 1719 530 donum
1731 505 1798 539 μνο-Δ

139 537 228 565 decim
241 559 248 570 ‚
267 541 294 567 &
305 548 424 576 gemmas
433 537 626 572 chrysoclavas
646 536 739 580 decem
749 534 829 574 super
841 538 938 566 Altare

139 578 258 614 pendere
267 578 341 614 juffir
351 599 359 607 .
372 577 491 608 Anastas.
503 577 572 607 Bibl.
584 576 614 604 in
624 577 775 605 Benedxfto
785 578 842 606 111.
854 579 866 608 ]
880 579 935 607 PR.

139 619 214 646 Item
231 628 310 647 terrae
331 620 404 656 petia
423 619 453 647 in
472 617 654 647 contractibus
673 616 808 656 fignificat
826 627 937 656 parvam

137 667 217 686 terra:
239 658 428 697 poss'effionem
437 678 445 685 .
736 698 740 702 -
761 697 765 702 ⁵
842 698 847 703 ι

95 699 252 728 Panum
266 720 273 727 .
290 701 347 729 FR.
358 698 491 728 Haeretici
500 720 508 732 ‚
529 708 543 726 a
554 698 672 736 quodam
683 699 823 728 Petiliano
840 709 878 728 ita
887 710 934 738 ap—

134 739 230 776 pellati
241 760 249 772 ,
267 741 313 778 qui
325 740 437 769 docebat
450 739 583 768 malorum
595 739 782 767 immunditias
791 741 935 779 contagio-

133 788 170 806 ne
179 779 264 807 bonos
275 801 282 812 ‚
305 790 335 809 ac
345 781 462 809 mundos
480 791 536 808 non
545 779 658 808 inficere
669 791 675 806 :
695 782 722 807 ὅ(
734 779 834 819 impios
845 782 935 810 Sacer—

131 818 210 847 dotes
221 830 270 848 nec
280 820 437 850 consecrare
447 843 455 854 ‚
468 831 554 858 neque
565 820 652 848 ullum
661 819 856 850 sacramentum
867 822 936 850 vali-

131 858 166 887 de
176 859 302 890 conferre
311 861 382 900 poss'e
391 884 398 891 .
410 860 495 891 Glofli
506 861 536 889 in
545 871 604 889 can.
615 860 754 890 Dominus
764 861 913 892 declaravit
926 885 934 896 ,

90 901 390 973 Psi-iiltliiiistl‘iscua.
416 943 490 972 Vide
512 942 741 979 Capitilavium.

90 981 128 1009 Pr
135 991 270 1011 rom-rim
282 1004 289 1016 ,
311 988 340 1012 δε
353 987 523 1012 Petton'tum
532 1002 540 1010 .
564 983 620 1012 PR.
633 982 755 1012 vehiculi
766 994 851 1022 genus
860 985 934 1013 unde

132 1020 238 1050 Auson.
248 1023 326 1061 epist.
338 1031 364 1052 6.
376 1025 496 1053 cecinit:

171 1063 304 1092 Invenies
326 1065 425 1102 praesto
445 1063 582 1099 subjunfta
606 1064 725 1102 petorita
747 1065 849 1097 muliss

131 1105 159 1130 ὃ(
180 1112 222 1141 ep.
251 1115 294 1132 ιι.
316 1105 349 1134 :id
372 1107 476 1134 Axium
495 1106 626 1133 Paulum:
841 1145 847 1151 η

170 1144 346 1183 Cornipedes
369 1147 474 1185 rapiant
495 1144 620 1183 impolita
642 1145 760 1183 petorita
780 1147 877 1176 mulis.

129 1186 194 1212 Erat
211 1193 363 1222 petoritum
381 1185 539 1215 vehiculum
559 1195 673 1224 quatuor
683 1196 823 1220 rotarum,
845 1189 927 1218 Alex.

128 1223 174 1251 lib.
190 1236 214 1252 2.
225 1228 336 1255 Genial.
347 1238 371 1254 c.
381 1238 428 1264 30.
440 1227 473 1255 de
482 1228 557 1262 cujus
569 1227 690 1254 nominis
702 1228 876 1268 etymologia
884 1229 912 1258 di

126 1262 218 1301 sputat
239 1267 346 1296 Gellius
365 1268 410 1295 lib.
425 1277 468 1303 ις.
486 1276 542 1304 cap.
555 1277 601 1305 30.
621 1271 648 1295 Sc
670 1268 842 1297 mentionem
863 1269 928 1298 facit

127 1305 247 1341 Quintil.
261 1307 307 1336 lib.
323 1318 413 1346 neap.
424 1312 492 1345 9.&
503 1308 602 1335 Horat.
612 1307 658 1336 lib.
675 1319 697 1336 1.
707 1308 758 1337 ser.
771 1308 822 1337 sat.
833 1317 859 1339 6.
869 1311 925 1339 ait:

207 1362 348 1367 ————
357 1363 494 1369 -ψ
516 1357 598 1386 atque
619 1349 713 1377 caballi

163 1383 310 1414 Pascendi:
328 1385 449 1413 ducendi
469 1388 606 1426 petorita;
630 1399 702 1417 nunc
715 1388 788 1418 mihi
807 1401 886 1420 curto

162 1427 208 1455 Ire
231 1425 295 1453 licet
317 1426 410 1454 mulo.

124 1467 176 1494 Sed
193 1466 344 1504 Calepinus
363 1476 396 1493 ex
415 1465 553 1496 sententia
566 1469 700 1498 Hadriani
720 1471 799 1508 Junii
817 1470 921 1512 duplici

123 1508 150 1535 R
166 1505 338 1534 scribendum
359 1507 522 1536 contendit.

993 546 1052 573 pter
1063 537 1169 575 nuptias
1179 559 1187 571 ‚
1206 538 1225 566 l.
1236 538 1256 567 fi
1267 540 1345 568 Pater
1357 537 1440 569 filiam
1452 552 1478 570 2.
1487 540 1522 569 de
1539 539 1698 571 succeffion.
1719 543 1794 571 Item

992 576 1210 616 Phalderphium
1222 600 1229 611 ‚
1247 579 1297 608 dos
1306 602 1314 614 ‚
1333 581 1352 609 l.
1363 581 1382 610 fi
1395 581 1508 610 Maritus
1519 602 1527 615 ,
1547 582 1581 612 de
1591 582 1726 612 homicid.
1739 581 1795 620 he:

991 617 1078 645 minis
1086 619 1163 647 liberi
1174 639 1181 646 .

949 658 1138 687 Parentes-A
1150 681 1156 692 ,
1175 657 1341 698 φαγέδζκινκ,
1360 663 1453 697 ulcus,
1471 663 1547 702 quod
1565 675 1675 694 carnem
1695 663 1794 699 rodim

991 708 1019 725 ut
1028 709 1132 728 nomen
1142 699 1230 738 ipsum
1239 712 1359 741 graecum
1369 703 1448 732 sonat
1463 706 1565 740 [Hanc
1576 705 1667 744 grsvis
1680 705 1791 734 tenebat

990 739 1098 768 morbus
1110 762 1117 773 ,
1138 751 1166 769 ac
1176 751 1269 771 curatu
1278 743 1403 772 difficilis
1413 766 1420 776 ‚
1444 744 1643 783 phagedaenam
1653 747 1792 785 appellare

990 778 1193 810 consueverunt
1204 783 1316 817 Medici,
1329 786 1358 813 in
1369 785 1434 813 Vita
1445 786 1470 814 S.
1481 788 1559 815 Lucae
1571 785 1768 826 Thaumaturgi
1782 805 1795 815 .

949 822 1183 851 Pimoomnoaus
1194 844 1202 855 ‚
1213 823 1444 861 eleemosynarius
1454 847 1463 859 ,
1473 837 1506 855 ex
1516 827 1612 864 graecis
1622 827 1792 856 diffitionibus

989 858 1138 899 φκγύλιαν,
1161 863 1231 892 idest
1240 885 1248 897 ‚
1269 866 1435 904 marsupium
1444 889 1452 901 ‚
1473 871 1501 896 ὅ(
1509 867 1584 906 [Σῦρον
1595 889 1602 901 ,
1627 878 1727 908 nempe
1737 868 1792 897 do-'

991 911 1056 930 num
1077 909 1088 938 [
1101 905 1252 933 Hortamur
1273 906 1303 934 in
1320 907 1446 936 Domino
1456 929 1465 940 ‚
1480 919 1513 937 ne
1525 909 1616 937 nostra
1625 908 1790 948 spernantut

989 954 1002 971 a
1013 943 1203 982 phagolidoris
1214 946 1295 978 dictu
1308 946 1355 976 sed
1364 949 1454 986 potius
1465 949 1630 988 praeopimas
1641 950 1720 989 regni
1731 961 1790 979 coe-

986 984 1076 1012 lorum
1085 986 1184 1024 gratias
1195 987 1322 1016 reddant.
1334 988 1535 1018 Etheluverdus
1546 990 1575 1019 in
1585 991 1694 1030 prolog.
1709 992 1792 1020 lib-2-'

986 1023 1082 1053 chron.
1094 1028 1104 1057 ]
1118 1029 1158 1054 Ex
1171 1025 1223 1054 hoc
1235 1029 1365 1058 vocabulo
1375 1040 1503 1067 corrupte
1514 1031 1632 1060 Ilidorus
1649 1033 1788 1061 Phucullae

986 1065 1016 1093 in
1027 1065 1228 1104 significatione
1237 1069 1365 1108 marsupii
1374 1069 1516 1109 scripserat
1524 1092 1532 1098 .

945 1106 984 1133 Pu
992 1116 1183 1136 ALDLRPHIUM
1194 1128 1203 1135 .
1214 1109 1289 1138 Vide
1298 1111 1513 1148 Phalderphium
1523 1133 1530 1139 .

943 1147 1131 1176 mmmmm
1142 1170 1151 1182 ‚
1173 1145 1312 1188 φανέρωσις
1321 1173 1327 1183 ,
1338 1151 1472 1180 revelatio
1482 1174 1489 1185 ‚
1500 1152 1685 1183 manifestatio
1707 1159 1720 1189 [
1732 1155 1784 1183 1⁷0-

983 1186 1037 1215 stea
1052 1198 1118 1217 vero
1128 1199 1247 1219 immane
1256 1192 1460 1229 prostribulum,
1471 1197 1498 1222 ὃς
1509 1193 1608 1231 ipsum,
1620 1198 1692 1231 cujus
1703 1205 1785 1223 ener-

982 1238 1118 1265 gemmate
1127 1229 1330 1261 circumventus
1340 1255 1348 1266 ‚
1361 1244 1420 1272 quae
1433 1234 1463 1262 ab
1473 1244 1501 1262 ea
1510 1234 1610 1263 didicit
1619 1257 1627 1269 ,
1646 1235 1786 1274 phanero-

982 1267 1021 1296 sei
1031 1267 1138 1308 scripfit
1147 1292 1154 1299 .
1169 1273 1334 1302 Tertullian.
1344 1274 1451 1303 advers.
1460 1273 1557 1304 haeret.
1569 1286 1625 1316 cap.
1636 1287 1683 1315 30.
1695 1279 1706 1308 ]
1723 1277 1783 1306 Ubi

981 1308 1016 1337 de
1033 1309 1196 1340 Philomem
1216 1314 1331 1342 muliere
1350 1326 1364 1343 a
1375 1315 1513 1344 Marcione
1530 1315 1708 1346 haerefiarcha
1729 1318 1784 1347 stu-

981 1359 1057 1388 prata
1069 1351 1188 1390 loquitur
1200 1375 1208 1386 ‚
1219 1364 1300 1392 quam
1311 1356 1332 1383 is
1343 1366 1392 1394 pro
1404 1355 1574 1395 Prophetissit
1583 1357 1695 1387 habebat
1703 1379 1710 1386 .
1731 1360 1785 1391 Vi.

982 1391 1015 1419 de
1029 1397 1182 1430 Energema
1192 1415 1199 1426 ,
1210 1397 1387 1431 ostentamen
1396 1417 1403 1424 .

939 1432 1116 1462 pinnum
1129 1454 1136 1461 .
1146 1435 1202 1464 FR.
1216 1434 1277 1464 falso.
1286 1435 1423 1466 sententia
1433 1457 1440 1465 .
1449 1437 1542 1467 Gloflit
1550 1437 1580 1468 in
1590 1450 1613 1468 c.
1630 1450 1652 1468 ι.
1664 1443 1779 1470 Extrav.

981 1473 1025 1509 Jo.
1036 1474 1128 1502 XXII.
1142 1475 1175 1503 de
1186 1476 1291 1505 verbor.
1302 1477 1394 1516 signif.

938 1514 1122 1543 anusm
1135 1535 1142 1543 .
1154 1515 1226 1544 Vide
1238 1519 1425 1547 Riothanatus
1435 1540 1442 1552 ,
1453 1523 1557 1548 Orama
1568 1540 1575 1547 .

82 1546 182 1575 Pru-na
192 1568 200 1579 ,
212 1545 278 1574 idest
291 1567 300 1578 ‚
311 1545 442 1574 terminus
454 1569 462 1581 ,
482 1547 576 1577 falsum
585 1559 703 1578 numen.
725 1551 800 1581 Vide
807 1554 924 1582 Facula·
938 1555 1175 1584 PnAmAsmsm
1184 1578 1192 1589 ‚
1205 1558 1340 1587 Haeretici
1352 1579 1360 1586 .
1374 1559 1446 1588 Vide
1457 1560 1708 1597 Aphthartodocitae
1720 1583 1728 1590 .

124 1598 186 1615 rum
205 1586 359 1623 accensores
369 1606 376 1612 .

81 1627 184 1656 Pam
208 1628 337 1656 Senem
347 1637 381 1655 u
391 1648 400 1660 ‚
422 1627 496 1657 locus
514 1632 612 1660 Romae
625 1652 631 1659 .
657 1631 730 1661 Vide
748 1635 846 1662 Baron·
857 1645 921 1664 ann.

127 1678 134 1694 1
166 1679 191 1695 2.
205 1678 230 1695 n.
244 1679 270 1701 4.
282 1670 309 1694 ὅ(
324 1678 348 1702 5.

80 1679 270 1736 Pergonoms
283 1729 290 1741 ‚
315 1704 487 1745 wzrposso'xoe
496 1730 504 1743 ,
523 1710 593 1740 idest
603 1733 612 1744 ‚
630 1714 769 1750 projector
780 1714 901 1753 lapidum
913 1736 920 1743 .

122 1753 134 1781 [
147 1749 274 1786 Legimus
284 1747 360 1776 enim
380 1749 409 1776 in
420 1749 564 1780 Ezechicle
572 1752 711 1791 Propheta
731 1755 863 1793 parietem
874 1757 919 1784 de-

118 1788 236 1816 albatum
249 1810 256 1820 ,
267 1789 308 1816 cui
319 1789 396 1817 Deus
405 1791 585 1820 comminatus
595 1794 632 1822 est
642 1795 828 1832 tempestatem
838 1818 847 1829 ,
860 1797 919 1835 plu-

121 1838 192 1854 vzzm
205 1849 212 1860 ‚
225 1829 367 1866 &lapides
377 1831 532 1867 petrobolos
543 1853 550 1860 .
569 1834 691 1872 Optatus
704 1836 825 1865 Milevit.
835 1837 853 1865 l.
865 1839 916 1875 3.]

120 1867 277 1906 fignificans
287 1869 390 1906 lapides
404 1873 567 1910 pergrandes
576 1895 584 1907 ‚
604 1875 649 1913 qui
661 1875 833 1914 percuffione
843 1878 916 1906 dam-

117 1908 231 1937 niticam
242 1930 249 1941 ‚
270 1909 346 1947 quod
363 1920 396 1937 ex
408 1912 506 1940 eodem
515 1913 652 1953 Propheta
665 1916 810 1955 colligitur
820 1939 828 1950 ,
850 1918 914 1947 dum

118 1959 156 1977 :nt
168 1959 224 1987 cap.
243 1960 284 1986 ¹3·
303 1950 334 1977 ab
343 1951 454 1989 Optato
465 1954 547 1983 citato
569 1959 625 1991 [Et
646 1957 749 1996 lapides
759 1959 876 1997 grandes
885 1960 915 1988 in

114 1989 154 2017 ira
172 1989 202 2017 in
223 1988 462 2028 consumptionem
472 2013 479 2021 ·
794 2010 800 2015 ·

73 2030 229 2058 Ρετκοκες
243 2050 250 2057 .
273 2030 347 2059 Vide
368 2037 460 2071 Rupex
472 2054 480 2062 .

73 2070 111 2098 1²2
117 2080 190 2099 Titus
213 2073 288 2099 Auos
294 2081 384 2100 τοιυς
396 2093 403 2100 .
427 2072 499 2104 vide
510 2081 644 2112 Bar-jona
655 2099 662 2106 .
684 2078 779 2107 Totius
790 2079 914 2108 Ecclefiae

114 2120 193 2149 caput
203 2131 210 2138 .
225 2112 297 2139 Vide
310 2112 420 2149 Cephal,
433 2116 535 2153 Cepha-t
547 2137 554 2144 .
565 2119 651 2153 Cujus
661 2129 739 2156 caput
749 2120 778 2147 in
789 2130 910 2148 contemr

114 2160 190 2189 ptum
200 2151 319 2180 abrasum
332 2152 380 2180 fuit
391 2176 397 2182 .
411 2155 484 2184 Vide
494 2158 638 2188 Carrhara
647 2180 654 2186 .
665 2160 784 2196 Quando
796 2161 912 2198 primam

110 2190 217 2219 Missam
240 2193 417 2222 celebraverit
426 2196 524 2225 {Vide
537 2201 697 2236 Pentecostes
710 2220 717 2227 .
740 2201 845 2229 Festum
855 2204 912 2237 ejus

109 2230 259 2261 Cathedrae
272 2253 279 2260 .
304 2233 376 2261 Vide
386 2237 490 2273 Festum
500 2238 643 2275 epularum
653 2259 661 2267 .
684 2242 747 2275 Ejus
770 2240 867 2270 festum
879 2243 911 2271 ad

111 2271 229 2300 Vincula
241 2293 249 2300 .
261 2273 335 2302 Vide
345 2276 419 2304 Gula
427 2280 546 2315 Augusti
554 2300 561 2311 ,
578 2284 648 2316 Baja
658 2301 664 2307 .
675 2280 771 2313 Petri,
794 2285 822 2310 δε
834 2283 910 2311 Pauli

107 2310 198 2340 sanda
207 2312 280 2342 inter
296 2312 323 2343 se
331 2317 471 2346 aemulatio
480 2338 488 2345 .
509 2319 581 2347 Vide
591 2322 733 2356 Distm'tzo
743 2341 750 2348 .
773 2323 910 2352 Fundavit

108 2351 286 2394 Episcopatus
295 2365 344 2396 per
354 2357 458 2394 orbem,
468 2368 497 2388 ac
508 2361 566 2399 ejus
574 2361 704 2400 primarie.
714 2362 846 2402 dignitas.
858 2365 909 2393 Vi-

938 1595 1113 1624 Pnfuusffius
1126 1618 1134 1629 ,
1145 1606 1200 1625 vox
1211 1597 1334 1628 hebraica
1345 1600 1477 1638 Pharusc,
1488 1610 1548 1638 quae
1560 1600 1735 1640 segregatum
1743 1602 1777 1632 fi—

978 1634 1111 1673 guzficzt5
1122 1637 1177 1665 five
1188 1648 1201 1666 a
1210 1639 1352 1677 Pharusch
1362 1661 1371 1674 ‚
1393 1650 1452 1679 quae
1464 1642 1547 1670 ctiam
1557 1641 1681 1671 hebraice
1690 1643 1779 1672 decla—

977 1685 1095 1704 ratorem
1104 1677 1355 1709 denomnPharisaei
1364 1682 1440 1710 enim
1451 1681 1571 1719 separate
1580 1683 1611 1711 ab
1621 1683 1681 1712 aliis
1691 1683 1777 1713 Israe-

978 1716 1034 1743 litis
1046 1717 1176 1746 vivebant
1187 1740 1194 1751 ,
1216 1719 1354 1759 vitamque
1371 1721 1536 1751 sanctiorem
1557 1723 1775 1761 profitebantur,

976 1766 1138 1794 apparenter
1155 1769 1264 1794 tamen,
1284 1772 1343 1800 quae
1354 1773 1368 1790 a
1377 1762 1501 1801 Josepho
1513 1764 1632 1793 Hebraeo
1649 1764 1712 1794 satis
1725 1765 1774 1794 de-

977 1796 1102 1826 scribitur
1113 1820 1120 1826 .
1130 1800 1322 1830 Declaratores
1332 1802 1399 1830 item
1409 1804 1630 1842 interpretantur
1641 1827 1648 1838 ,
1661 1806 1726 1844 quin
1736 1807 1775 1835 le-

973 1848 1036 1877 gem
1047 1839 1174 1868 divinam
1184 1841 1364 1871 declarabant.
1375 1845 1431 1873 FR-
1441 1845 1501 1874 Alii
1514 1845 1712 1875 Pharisaeorum
1723 1858 1776 1876 no-

974 1888 1037 1907 men
1046 1890 1059 1906 a
1079 1880 1204 1909 diftione
1214 1881 1336 1911 hebraica
1353 1889 1440 1913 Paras
1451 1885 1590 1914 deducunt
1600 1907 1608 1919 ,
1627 1897 1688 1925 quae
1699 1886 1773 1917 fran-

974 1929 1039 1957 gere
1050 1941 1057 1952 ,
1068 1919 1191 1958 separare
1203 1943 1210 1954 ,
1223 1933 1249 1950 ac
1260 1923 1387 1952 dividere
1399 1925 1534 1963 fignificat
1545 1938 1552 1958 ‚-
1563 1926 1630 1955 hinc
1640 1931 1720 1957 Paris
1732 1929 1772 1957 la-

973 1970 1083 1988 tronem
1094 1962 1246 1999 appellant,
1261 1964 1324 2002 quia
1333 1965 1458 1999 destruit,
1467 1969 1494 1994 δι
1505 1966 1593 1995 aufert
1605 1967 1771 1998 :Chaldaeus

974 2001 1048 2028 enim
1058 2002 1188 2038 Perefim,
1212 2006 1239 2031 &
1253 2005 1365 2041 Pertfias'
1376 2004 1543 2036 Pharisaeum
1553 2017 1634 2036 vocat
1644 2030 1652 2042 ‚
1671 2012 1699 2038 δε
1711 2011 1770 2039 He-

974 2041 1035 2069 braei
1053 2043 1237 2071 communiter
1250 2046 1368 2082 Perufim
1381 2056 1431 2084 pro
1449 2046 1586 2077 Pharisaeo
1596 2049 1692 2088 legunt
1703 2070 1711 2078 .
1733 2052 1770 2080 In

972 2081 1074 2109 Matth.
1084 2083 1160 2110 enim
1171 2094 1279 2122 cap-21.
1291 2085 1335 2114 ubi
1345 2086 1472 2116 Christus
1481 2088 1595 2118 dixerat:
1607 2091 1768 2125 [Scriptum

969 2122 1024 2150 est:
1043 2123 1149 2151 Domus
1161 2134 1228 2158 mea,
1240 2126 1347 2154 Domus
1356 2129 1490 2157 orationis
1499 2129 1538 2158 est
1549 2151 1557 2163 ‚
1568 2141 1617 2159 vos
1628 2141 1719 2160 autem
1729 2131 1768 2160 fc-

969 2162 1042 2190 cistis
1051 2173 1110 2191 eam
1119 2163 1275 2203 speluncam
1288 2167 1446 2196 latronum:
1472 2169 1547 2205 [hoc
1557 2171 1639 2200 etism
1651 2172 1680 2201 in
1689 2174 1766 2210 Jere-

968 2203 1023 2231 mia
1033 2213 1090 2240 cap.
1101 2215 1127 2237 7.
1146 2204 1277 2244 scriptum
1287 2207 1326 2235 est
1335 2229 1343 2241 ,
1362 2208 1410 2246 qui
1421 2209 1585 2249 fic-inquit.-
1606 2213 1766 2251 [Nunquid

967 2253 1035 2282 ergo
1052 2243 1179 2282 spelunca
1192 2248 1329 2276 latronum
1348 2247 1416 2279 fieta
1423 2251 1462 2279 est
1471 2252 1580 2281 Domus
1589 2251 1636 2281 ista
1645 2274 1654 2286 ‚
1673 2252 1705 2281 in
1715 2263 1767 2292 qua

967 2284 1127 2313 invocatum
1149 2286 1186 2314 est
1199 2298 1302 2317 nomen
1319 2298 1410 2320 meum
1420 2291 1451 2319 in
1467 2293 1553 2321 oculis
1572 2293 1687 2322 vestris?
1699 2296 1712 2325 ]
1736 2298 1766 2323 δ(

967 2325 1085 2354 Hebraea
1093 2326 1176 2355 lestio
1187 2327 1277 2357 habet:
1286 2335 1333 2358 Ha
1343 2340 1441 2361 meara
1449 2333 1564 2371 Perisim
1573 2354 1582 2366 ,
1591 2333 1659 2362 idest
1668 2355 1676 2367 ‚
1688 2339 1767 2363 Nun·

965 2367 1036 2405 quid
1047 2367 1182 2404 spelunca
1191 2368 1295 2408 Persfin
1306 2392 1315 2406 ,
1336 2371 1405 2401 idest
1415 2394 1423 2408 ,
1441 2377 1594 2406 Latronum
1607 2374 1666 2408 όιι.
1677 2375 1768 2408 Quare

1655 2425 1729 2446 inter
