1866 2526
444 39 550 82 PA

88 111 188 144 panem
203 96 304 130 deinde
314 97 390 128 inter
398 95 427 126 se
435 97 570 127 dividunt
578 119 587 131 ‚
608 99 635 127 δε
646 94 799 136 cophinum
810 117 818 129 ‚
838 93 884 124 seu

89 153 136 174 vas
145 165 155 178 ,
175 142 206 171 in
214 149 271 180 quo
277 137 325 169 hic
344 138 422 178 panis
430 139 582 167 collocatur
591 160 600 172 ,
623 141 826 181 Isanagi'arium
835 146 884 165 vo-

87 194 151 214 tant
159 181 253 212 ,Hinc
263 190 341 209 error
350 179 462 209 Merusii
473 178 571 208 scatuit
582 201 590 212 ‚
601 179 713 208 asscrens
722 181 888 216 Panagiana

90 233 188 264 panem
197 221 317 250 sanctum
327 220 478 259 significare
489 242 496 254 ‚
518 220 588 248 male
600 218 754 258 percipiens
771 218 886 248 similem

89 261 283 294 caeremoniam
295 283 303 294 ,
322 270 402 299 quam
414 261 444 289 in
463 259 709 299 mensaliuperiali
726 262 886 288 Graecorum

87 305 197 334 solitam
218 302 277 331 fieri
287 301 374 331 refert
385 301 529 334 cedinus,
550 302 588 329 ita
608 301 752 339 inquietin
776 301 886 343 [Porro

88 344 232 374 Praefectus
253 342 351 371 mensae
364 352 503 380 acceptum
515 341 704 380 pant-giarium
724 339 824 368 mensae
837 349 887 383 iin-

93 385 175 425 ponit
187 406 196 418 ‚
212 387 242 413 δε
261 383 372 412 clevans
391 384 532 421 panagiain
546 403 553 414 ,
570 383 617 411 dat
640 381 718 410 illam
736 380 886 423 domestico

90 423 194 455 mensae
205 447 212 458 ‚
231 428 259 453 o&
273 424 321 453 ille
332 434 434 463 magno
453 423 604 452 domestico
615 443 622 455 ,
644 421 688 450 hic
702 423 887 463 Imperatori,

89 471 117 496 ὃς
128 476 212 505 quum
233 466 351 504 primum
363 465 505 503 panagium
514 463 557 491 ori
570 461 667 491 inserit
680 484 688 494 ,
711 471 807 504 omnes
817 470 884 488 acci*

90 516 163 536 nunt
175 519 182 536 ε
198 507 242 536 Ad
255 506 356 534 multos
367 515 454 534 annos
464 525 471 533 .
482 507 494 536 J
508 507 547 532 Ex
558 503 652 542 quibus
662 502 750 531 verbis
761 500 822 530 satis
831 501 887 529 col-

90 548 187 588 ligitur
199 569 206 580 ,
231 546 306 585 quod
318 545 429 575 nomine
439 547 562 582 PanagIae
573 544 651 582 panis
663 543 692 571 in
702 543 788 586 altum
798 541 887 586 eleva-

89 598 130 617 tus
141 588 173 616 :id
183 587 419 625 complementum
429 585 604 614 coeremoniae
618 605 626 616 ,
646 584 680 627 de
689 593 740 622 qua
751 583 871 626 diximus
881 602 888 613 ,

89 628 261 667 intelligatur
272 647 279 656 .
300 629 396 665 Itaque
418 627 509 655 nullus
527 634 622 663 graecae
635 624 737 663 lingua:
759 622 888 661 proseflor

90 673 244 706 Panagiam
256 677 352 706 panem
363 667 536 695 benedic‘luin
545 664 699 702 fignificarc
709 664 763 695 ait,¹
782 662 829 692 scd
839 673 887 701 po-

87 709 140 739 tius
150 712 305 737 Panaciam
315 708 446 736 denotare
456 705 574 734 omnino
583 703 702 733 [metam
715 725 721 732 .
731 705 787 734 FR-
799 714 888 733 πανα-

88 747 142 785 Ὶία
154 759 210 777 erat
221 737 319 777 birino:
331 746 478 786 epitheton
489 768 496 779 ,
509 746 527 774 ss
538 744 648 774 Erasmo
659 746 689 774 in
698 749 752 780 ejus
763 743 887 774 Chiliad.

86 789 221 818 credimus
232 809 238 815 .
259 789 302 817 Sic
312 789 392 817 etiam
406 784 542 825 wxvapuiic
553 785 650 814 Phoebi
660 786 807 825 epitheton
817 805 825 812 .

43 831 253 859 Pinacium„
264 849 271 856 .
286 829 359 858 Vide
369 832 495 866 Panagia
504 848 511 855 .

44 872 213 903 ΡΛΝΑκιυΜ,
224 870 261 898 itti
273 870 297 898 S.
310 869 480 908 Epiphanius
492 869 522 897 in
532 870 588 902 ejus
599 867 698 896 librum
709 876 804 910 cont—ra
817 866 886 894 Hae-

86 912 189 940 reticos
199 910 393 939 denomincivir
403 932 409 938 .
437 912 492 939 PR.
502 907 619 937 arculam
629 909 761 936 medicam
771 905 886 945 ipsemet

87 961 134 989 pei·
144 951 195 980 hoc
208 951 368 980 vocabulum
378 950 530 989 iignificare
541 948 578 976 ait
591 960 597 976 :
621 949 788 984 [Panarium
800 969 808 980 ,
830 947 886 975 five

1249 37 1282 80 P
1312 35 1354 80 A
1609 54 1688 97 493

940 93 1145 124 medicamento
1162 95 1263 126 amicos
1277 94 1431 126 redemisset
1441 97 1518 128 δια]
1542 98 1585 127 ubi
1596 99 1740 137 pecuniam

942 135 1080 175 intelligit
1092 157 1100 169 ,
1118 137 1187 166 &in
1205 136 1285 166 sensu
1306 136 1499 166 medicamenti
1518 137 1643 177 loquitur
1659 140 1744 169 etiam

942 177 1048 206 Plinius
1058 199 1066 209 ,
1077 177 1122 205 lib.
1135 189 1180 206 zo.
1191 187 1248 217 cap.
1264 181 1288 206 8.
1301 177 1346 206 ubi
1355 177 1390 207 de
1400 177 1525 206 cichorio
1535 189 1618 217 agens
1629 201 1635 212 ,
1656 180 1689 208 fic
1700 179 1743 208 in-

944 217 1021 256 quit:
1036 223 1048 252 [
1060 217 1205 253 Adjiciunt
1213 218 1288 257 Magi
1299 239 1307 251 ‚
1318 217 1397 247 succo
1407 219 1492 247 totius
1501 223 1513 252 (
1522 220 1590 256 idest
1599 241 1606 252 ,
1620 223 1744 248 omnium

945 258 1123 286 cichoriorum
1129 259 1282 296 specierum
1294 262 1306 291 )
1327 269 1388 288 cuin
1397 260 1461 288 oleo
1473 261 1618 297 perun-flos
1638 259 1744 289 favora—

943 298 1055 326 biliores
1068 297 1137 331 fieri,
1149 301 1176 327 &
1186 309 1246 337 quae
1259 299 1364 329 velint.
1379 300 1483 329 facilius
1495 299 1650 339 impetrare.
1660 299 1745 337 Quod.

944 338 1055 377 quidem
1065 347 1178 377 propter
1197 339 1360 379 singularem
1368 339 1549 370 salubritatem
1571 341 1656 380 aliqui
1667 341 1747 370 chre-

945 382 1005 407 ston
1023 379 1160 417 appellant
1171 401 1180 412 ,
1201 380 1247 408 alii
1263 382 1445 418 pancration]
1470 382 1617 420 legendum
1637 380 1744 411 sortasse

944 418 1124 457 panchreston
1137 431 1143 447 :
1155 423 1181 449 &
1191 420 1287 449 clarius
1299 422 1343 450 lib.
1354 429 1402 460 36.
1413 433 1470 462 cap.
1486 433 1531 451 20.
1542 422 1586 451 ubi
1597 422 1632 450 de
1642 421 1743 451 haema—

945 460 1055 488 titarum
1067 461 1189 498 quinque
1198 462 1343 499 generibus
1353 463 1411 502 agit
1421 463 1464 491 his
1475 463 1579 492 verbis:
1604 462 1744 498 [Proficit

944 501 1086 528 oculorum
1096 501 1224 537 lacrymis
1235 502 1264 530 in
1274 502 1342 532 la&e
1351 504 1475 532 muliebri
1487 525 1495 536 ‚
1509 502 1739 543 procidentesque

945 541 1039 568 oculos
1050 543 1178 579 praeclare
1187 541 1297 571 cohibet
1309 564 1315 570 .
1339 545 1408 572 Haec
1427 545 1465 573 est
1476 544 1614 573 sententia
1623 554 1720 573 eorum
1731 564 1742 578 ,

943 581 988 619 qui
1001 582 1157 619 nuperrime
1167 581 1298 621 scripsere
1307 605 1314 611 .
1337 585 1390 613 Sed
1399 586 1533 614 Sotacuse
1552 583 1744 615 vetustissimis

945 621 1107 650 Austoribus
1118 623 1239 661 quinque
1248 634 1349 662 genera
1358 624 1557 654 haematitarum
1567 626 1660 659 tradit,
1670 635 1742 664 prs:-

945 671 986 690 ter
997 672 1171 701 magncicms
1194 664 1379 703 principatum
1389 666 1436 694 dat
1452 677 1485 694 ex
1498 667 1529 694 iis
1546 666 1738 705 AEthiopico‚

944 703 1087 731 oculorum
1106 704 1310 733 medicamentis
1320 705 1464 735 utilissimo
1475 729 1483 740 ‚
1501 711 1528 735 δ(
1548 708 1582 736 iis
1597 717 1658 746 quae
1669 710 1741 737 Pan-

941 743 1046 772 chresta
1064 745 1226 782 appellant]
1251 747 1289 779 ;ΙΙ.-
1300 747 1451 785 Reperitur
1470 747 1553 776 etiam
1566 747 1744 777 Panchresta-
1770 769 1773 771 -

944 785 997 813 rius
1007 785 1077 822 apud
1090 786 1253 818 Arnobium,
1263 786 1309 815 lib.
1323 799 1349 816 2.
1363 787 1468 816 advers.
1478 790 1564 817 Gent.
1576 795 1588 824 [
1600 789 1677 823 Quid
1687 789 1742 818 fui-

941 827 1018 854 lones
1028 847 1036 858 ,
1047 825 1164 854 lanarios
1173 847 1181 859 ‚
1195 826 1367 865 phrygiones
1378 850 1386 861 ,
1395 839 1507 867 coquos,
1517 828 1742 867 panchrestarios,

943 865 1078 895 muliones
1088 887 1096 898 ,
1108 866 1221 895 lenones
1232 889 1240 900 ‚
1254 868 1350 902 lanios,
1362 870 1519 898 meretrices
1531 872 1542 901 J
1554 870 1628 908 quod
1637 870 1741 899 dulcia-

943 907 1046 935 riorum
1057 928 1063 938 .
1075 910 1101 935 8<
1114 907 1338 944 panchrestorum
1351 931 1358 941 ,
1369 912 1505 938 coftorem
1518 910 1668 949 fignificat.

902 949 1144 976 PAxcitEsrAizius
1156 968 1163 975 .
1183 949 1256 977 Vide
1265 951 1478 988 Panchrestum,

86 991 202 1020 arculam
213 992 347 1019 medicam
358 1013 366 1024 ,
377 992 411 1020 ad
421 1000 515 1018 corum
524 1011 532 1023 ‚
555 989 601 1026 qui
612 1000 626 1018 a
636 989 804 1028 serpentibus
819 988 1112 1028 (id-:pincuiiisu
1124 1008 1131 1015 .
1153 991 1209 1018 FR-
1232 989 1348 1019 Athleta
1357 1011 1364 1018 .
1388 992 1496 1020 Gellius
1509 1013 1516 1025 ,
1540 991 1586 1020 lib.
1602 1002 1644 1029 13·
1656 1002 1680 1020 c.
1692 998 1738 1021 26.

85 1034 121 1069 ιβ
133 1054 139 1064 ,
160 1030 456 1063 Haretms)i6ti1iint
468 1052 476 1063 ‚
488 1030 656 1059 remedium.
668 1032 703 1058 In
713 1030 789 1073 epistI
801 1029 834 1057 :id
845 1031 892 1074 Ae}
937 1029 1011 1058 Plin.
1023 1028 1067 1056 lib.
1082 1039 1128 1065 34.
1139 1039 1196 1076 cap.
1209 1034 1234 1058 8.
1247 1029 1320 1058 Vide
1331 1036 1535 1077 Pancarpium.
1554 1073 1559 1078 .
1720 1074 1724 1078 ι

85 1072 205 1103 cacium.
223 1076 249 1101 &-
262 1072 374 1100 Paulum
387 1075 442 1108 ejus
456 1071 590 1101 Amicos]
614 1071 646 1099 ad
657 1080 772 1109 quorum
782 1069 1065 1104 lustau-*PANDECOEAE
1074 1091 1081 1101 ,
1095 1069 1268 1106 Πανδὶκγαι,
1281 1081 1377 1110 corpus
1388 1095 1395 1105 ,
1405 1075 1471 1107 jum
1481 1073 1572 1101 civilis
1583 1095 1591 1107 ‚
1602 1073 1676 1111 quod
1687 1074 1739 1103 Di-

86 1114 152 1141 tiam
163 1113 325 1151 pradictum
338 1113 436 1141 librum
446 1111 634 1151 composuerat
644 1131 651 1138 .

44 1155 223 1184 Pas-Anxia
237 1174 243 1181 .
270 1154 342 1181 Vide
352 1157 522 1182 Punctaria.

43 1197 258 1224 PAtsA'rnExffiA
271 1216 279 1227 ‚
299 1194 455 1223 Gentilium
477 1193 556 1222 festa.
580 1192 652 1221 Vide
670 1193 863 1231 Thallophorus
876 1211 883 1218 .

44 1236 210 1267 Pnscmu
221 1254 228 1262 .
252 1234 325 1263 Vide
335 1240 447 1263 Vatari-a
458 1255 466 1262 .
830 1271 836 1276 ·

44 1275 243 1304 ΡΑκεΑκΡιυΜ
255 1296 263 1307 ‚
285 1275 341 1303 five
359 1280 534 1311 Pancarpum
546 1296 554 1307 ‚
573 1273 716 1306 Palaestra,
738 1282 883 1312 gymnicus

84 1316 160 1343 locus
170 1337 177 1347 ‚
187 1314 367 1353 spectaculum
378 1316 539 1344 luctatorum
548 1334 556 1342 .
577 1314 645 1342 Inde
655 1312 797 1342 Cassianus
808 1335 816 1345 ,
826 1313 891 1350 col-4

84 1355 128 1383 lat.
143 1365 166 1390 ς.
177 1366 232 1393 cap.
248 1367 291 1391 ¹4·
301 1358 356 1385 ait:
382 1357 448 1392 [Ut
460 1356 521 1384 fieri
529 1354 600 1383 solet
610 1356 640 1383 ab
651 1353 692 1382 his
707 1376 712 1385 ‚
736 1355 782 1392 qui
792 1363 883 1382 coram

83 1396 189 1434 regibus
201 1395 278 1433 hujus
287 1397 381 1425 mundi
391 1396 549 1434 omnigenis
570 1395 702 1434 congredi
713 1395 803 1423 bestiis
813 1405 882 1432 prae-

84 1446 201 1464 mioriim
213 1438 448 1475 contemplatione
458 1435 662 1464 consueverunt
672 1457 680 1468 ‚
698 1435 773 1474 quod
783 1435 884 1473 speeta-

83 1477 137 1504 culi
146 1487 231 1514 geniis
242 1478 326 1516 vulgo
336 1486 498 1514 pancarpum
509 1479 701 1513 nuncupatum]
717 1480 750 1504 Et
760 1477 798 1504 D.
809 1478 882 1515 Aug.

84 1515 177 1543 adver.
188 1517 302 1544 Secund.
317 1517 463 1551 [Nomine
475 1516 603 1553 pancarpi
617 1537 624 1548 ,
646 1517 719 1554 quod
731 1516 761 1544 in
771 1516 883 1544 ludicris

84 1555 238 1583 muneribus
249 1557 292 1583 edi
302 1556 371 1584 solet
383 1559 412 1587 .]
434 1558 489 1585 PR.
501 1555 680 1594 Pancarpiuin
698 1556 823 1585 omnium
834 1558 883 1585 flo-

85 1606 144 1623 rum
156 1606 284 1624 coronam
297 1596 431 1634 fignificat
443 1617 449 1624 .
463 1597 550 1625 Festus
561 1598 728 1626 inaniitianae
741 1597 881 1630 editionis,

87 1639 114 1664 ἃ
125 1637 285 1673 Sipontinus
298 1636 327 1664 in
339 1637 458 1665 Martial.
468 1634 587 1664 Paschal.
599 1637 633 1666 de
643 1648 737 1666 coron.
748 1638 756 1666 l
772 1649 798 1666 2.
807 1648 880 1675 ‘⁰¹3-

86 1676 149 1705 ideo
161 1677 336 1705 Gladiatores
349 1698 356 1709 ‚
379 1679 425 1715 qui
436 1676 477 1705 his
488 1677 598 1705 coronis
607 1677 882 1706 decorabanturl’an-

85 1720 175 1754 carpi,
189 1720 215 1745 Sc
225 1721 370 1746 Pancratii
380 1717 447 1746 disti
458 1716 519 1745 sunt
530 1739 539 1750 ,
550 1719 661 1746 &locus
670 1718 881 1756 spe&aculorum

83 1761 260 1793 pancarpum
271 1779 279 1790 ‚
301 1762 327 1786 ὃ(
348 1761 531 1786 Pancarti'um
551 1759 729 1796 appellabatur
737 1780 744 1787 .
765 1759 880 1789 Novell.

85 1796 119 1824 de
128 1796 252 1825 Cosulib.
275 1798 346 1826 Vide
357 1799 534 1834 Pancransta
543 1818 551 1825 .

43 1837 145 1865 Pnch
151 1847 258 1865 ‘i‘Rlusu
275 1858 283 1865 .
315 1837 478 1875 παγκράτιον
495 1859 503 1871 ‚
540 1840 596 1868 PR.
612 1849 749 1868 certamen
767 1840 881 1879 gymni-

85 1887 146 1904 cum
159 1899 164 1908 ,
175 1877 249 1914 quod
262 1879 348 1906 latine
357 1881 584 1918 Qaeinquertium
593 1879 731 1909 dicebatur
742 1901 750 1914 ,
760 1891 794 1909 eo
805 1881 878 1919 quod

84 1927 116 1945 ex
127 1917 248 1955 quinque
258 1919 379 1946 (errandi
387 1919 530 1957 generibus
539 1920 673 1949 constaret
685 1943 693 1954 ,
714 1920 790 1950 cursu
800 1943 808 1954 ‚
829 1920 880 1950 sci-

86 1957 153 1985 licet
165 1978 171 1989 ‚
182 1957 258 1986 disco
269 1980 277 1991 ‚
287 1957 355 1987 saltu
365 1980 373 1991 ‚
384 1960 463 1992 Iusta,
473 1962 500 1988 &
510 1960 648 2000 pugillatu
659 1981 666 1989 .
678 1961 803 1991 H'crmol.
815 1964 879 1991 Bir-

83 1998 157 2026 b.⁷.rus
168 2019 176 2030 ‚
188 1998 234 2026 lib.
245 2008 291 2035 34.

43 2039 84 2068 ΡΑ
91 2049 181 2068 senes
188 2049 199 2066 i
209 2049 259 2071 UM,
272 2037 604 2077 vdyxpneommunuscula
612 2042 701 2071 dulcia
710 2043 805 2081 quibus
814 2053 879 2082 pue-

83 2079 106 2107 ri
119 2079 152 2107 :id
171 2089 253 2107 omne
262 2077 384 2117 obsequii
401 2090 485 2118 genus
503 2082 697 2119 pertrahuntur
707 2106 713 2116 ,
733 2084 805 2122 quali
815 2094 879 2112 cun.

85 2119 134 2147 &is
142 2129 252 2158 gratum
264 2142 272 2152 ‚
285 2120 353 2148 utile
364 2140 370 2147 .
383 2121 527 2154 [Infantes
537 2133 644 2161 quoque
656 2144 664 2155 ,
682 2127 709 2152 δε
718 2134 814 2152 omnes
824 2124 878 2153 fei-c

83 2161 212 2198 parvulos
225 2169 397 2189 contumaces
408 2182 415 2193 ,
426 2172 492 2200 quos
503 2164 655 2202 morigeros
665 2174 759 2197 minat,
770 2167 797 2193 ὅ(
808 2164 876 2193 fei-u-

82 2201 116 2228 lae
130 2211 187 2228 non
196 2201 319 2229 efficiunt
331 2222 339 2234 ,
351 2202 490 2231 inici-dum
502 2204 671 2240 panchresta,
684 2214 763 2242 atque
772 2205 877 2234 blandi-

84 2240 130 2268 tiae
145 2241 178 2269 ad
198 2242 384 2269 obedientiam
396 2242 504 2271 trahunt
515 2264 523 2271 .
536 2245 547 2274 ]
574 2246 631 2274 FR-
644 2245 777 2283 fignificat
797 2246 878 2275 etiam

81 2280 312 2310 medicamentum
332 2285 516 2313 communiter
527 2286 624 2313 morbis
642 2284 809 2315 fumiferum
823 2313 827 2320 ,
850 2291 877 2316 ὅ(

82 2320 167 2349 utile.
188 2322 250 2351 Cic.
270 2324 336 2351 Ver.
351 2332 377 2358 5.
401 2330 412 2359 [
426 2324 559 2353 Adventu
577 2327 608 2354 1.-
621 2327 730 2354 Metelii
748 2328 878 2356 Praetoris

82 2369 143 2390 cum
152 2371 248 2393 omncs
267 2366 324 2401 ejus
333 2365 449 2395 comites
467 2365 516 2395 iste
526 2365 574 2396 fibi
585 2364 633 2396 suo
649 2367 701 2396 illo
717 2359 892 2429 panchresto}

364 2474 374 2490 D

938 1109 1044 1150 gestum
1053 1110 1206 1147 appellatur
1218 1132 1225 1143 ‚
1235 1121 1268 1139 ex
1277 1122 1370 1149 graeco
1383 1113 1442 1143 πᾶν
1454 1135 1462 1146 ,
1477 1114 1546 1142 idest
1557 1136 1564 1147 ‚
1576 1123 1667 1142 totum
1677 1136 1684 1148 ,
1707 1118 1736 1143 δε

939 1150 1059 1188 &Quum
1071 1172 1078 1183 ,
1106 1160 1204 1189 nempe
1213 1173 1222 1184 ,
1231 1152 1365 1181 contineo
1375 1174 1383 1185 ,
1404 1153 1450 1182 seu
1459 1153 1665 1193 comprehendo
1675 1165 1682 1186 5
1707 1154 1737 1182 in

938 1202 971 1220 eo
981 1190 1057 1218 enim
1077 1192 1221 1220 volumine
1238 1202 1334 1222 omnes
1353 1196 1427 1233 leges
1445 1194 1737 1233 comprehenduntur.

937 1231 1056 1267 Quando
1075 1231 1161 1270 igitur
1179 1233 1321 1270 pandectas
1346 1235 1468 1264 citabant
1486 1237 1599 1265 Veteres
1617 1237 1709 1264 Graeci
1721 1257 1730 1269 ‚

940 1273 1056 1311 primam
1066 1272 1186 1301 litteram
1196 1274 1328 1303 dictionis
1340 1285 1445 1304 tanturn
1456 1277 1585 1305 notabant
1597 1298 1604 1309 ,
1615 1273 1676 1308 71⁴5
1689 1275 1737 1305 sed

937 1312 1030 1342 Latini
1040 1312 1092 1340 hoc
1103 1313 1208 1352 signum
1219 1325 1275 1343 non
1287 1318 1468 1354 percipientes
1478 1319 1688 1356 aequivocarum
1706 1318 1736 1346 in

938 1353 991 1382 hoc
1002 1352 1096 1381 similis
1105 1353 1199 1393 figura:
1211 1355 1290 1394 signo
1301 1378 1308 1389 ,
1319 1356 1345 1385 ff.
1358 1359 1414 1386 FR.
1426 1359 1510 1387 multa
1520 1369 1575 1397 quo
1585 1358 1617 1386 :id
1627 1367 1738 1393 etymo-

938 1395 1044 1432 logiam
1058 1415 1064 1427 ,
1084 1397 1111 1422 ὃ(
1123 1395 1186 1423 alias
1195 1396 1229 1424 de
1238 1396 1291 1424 hoc
1309 1398 1438 1426 vocabulo
1448 1400 1618 1428 eruditiones
1639 1409 1672 1427 ex
1683 1401 1738 1428 Bu-

937 1435 1000 1463 daeo
1009 1434 1146 1473 praecipue
1164 1438 1316 1475 Calepinus
1336 1441 1462 1476 congerit
1472 1450 1480 1469 ς
1502 1439 1550 1469 scd
1569 1449 1618 1468 nos
1629 1438 1674 1466 hic
1684 1439 1736 1468 ali-

938 1486 989 1514 qua
999 1475 1127 1504 addamus
1139 1498 1147 1509 ,
1166 1477 1200 1505 de
1209 1478 1304 1516 quibus
1324 1479 1358 1507 ibi
1370 1490 1427 1507 non
1445 1480 1477 1508 fit
1486 1481 1594 1509 mentio
1605 1500 1612 1507 .
1636 1481 1735 1518 Itaque

939 1516 1081 1545 Accurfius
1093 1517 1122 1544 in
1133 1517 1296 1555 praefatione
1306 1520 1500 1549 pandectarum
1518 1522 1585 1550 dict.
1602 1521 1733 1558 Digesto—

938 1566 997 1584 rum
1009 1579 1017 1590 ,
1038 1567 1070 1585 ex
1081 1559 1175 1587 Gellio
1184 1559 1214 1587 in
1226 1559 1282 1587 fine
1291 1560 1424 1588 Noctium
1433 1562 1588 1591 Atticarum
1600 1583 1607 1594 ,
1626 1563 1734 1590 Pande-

937 1600 994 1625 c'izzs
1006 1619 1014 1630 ,
1036 1597 1105 1626 idest
1116 1620 1124 1631 ‚
1144 1601 1268 1628 oninium
1278 1601 1445 1639 receptacula
1467 1603 1678 1641 interpretatur.
1700 1606 1735 1632 Et

937 1638 1102 1675 Justinianus
1113 1641 1183 1678 Imp.
1195 1641 1227 1669 in
1236 1663 1243 1673 ‚
1256 1641 1274 1668 l.
1286 1653 1311 1669 z.
1321 1642 1347 1673 §-
1357 1642 1409 1670 Sed
1418 1653 1478 1671 cuin
1491 1645 1584 1672 omnia
1594 1666 1601 1677 ‚
1613 1643 1687 1673 Cod.
1699 1643 1736 1673 de

939 1687 1024 1706 veter.
1035 1681 1086 1714 jur.
1097 1682 1184 1708 enucl.
1197 1681 1288 1719 inquit
1299 1704 1306 1715 ‚
1315 1682 1492 1721 Digestorum
1504 1706 1511 1717 ,
1529 1683 1573 1713 seu
1586 1684 1735 1714 Pandccka-

938 1728 998 1746 rum
1011 1730 1112 1748 nomen
1129 1722 1250 1750 inditum
1260 1732 1418 1761 propterea,
1437 1725 1511 1762 quod
1532 1724 1732 1763 disputationes

937 1759 1073 1797 legitimas
1091 1761 1120 1788 in
1131 1761 1158 1790 se
1177 1763 1325 1792 continent
1338 1787 1345 1797 ,
1365 1767 1392 1792 &
1404 1766 1476 1803 quasi
1494 1765 1625 1804 digerunt
1634 1779 1645 1800 ;
1669 1775 1732 1793 nam

908 1835 917 1844 .
937 1800 1011 1837 quod
1020 1801 1142 1839 undique
1153 1802 1239 1831 fuerat
1250 1804 1396 1833 comestum
1407 1828 1414 1838 ‚
1434 1807 1463 1834 in
1472 1804 1531 1834 suos
1543 1807 1612 1835 linus
1621 1816 1732 1845 recepe-

936 1850 999 1868 runt
1011 1861 1017 1867 .
1028 1842 1072 1870 De
1083 1842 1162 1880 signo
1172 1865 1180 1876 ‚
1191 1843 1216 1872 ff.
1228 1843 1368 1874 sciendum
1380 1868 1386 1877 ,
1411 1847 1485 1884 quod
1495 1848 1601 1885 antiqui
1613 1849 1732 1886 Signum

936 1881 1140 1910 condemnandi
1151 1882 1302 1914 scribebant
1314 1907 1321 1918 ,
1341 1889 1376 1915 C.
1388 1887 1453 1915 licut
1463 1888 1552 1916 Graeci
1565 1891 1595 1916 Κ.
1615 1889 1731 1927 Signum

935 1931 1002 1950 vero
1013 1922 1171 1952 absolvendi
1183 1934 1240 1953 erat
1253 1947 1261 1958 ‚
1283 1929 1317 1955 A.
1329 1931 1355 1955 8<
1367 1928 1476 1965 quando
1485 1928 1570 1963 judici
1580 1930 1709 1967 pei-plexa
1720 1950 1730 1962 ,

935 1961 1083 1991 &obscum
1102 1963 1176 1992 caus:¹
1186 1966 1346 2000 videbatur,
1369 1969 1495 2003 (juxtal.
1505 1969 1576 1996 unic.
1597 1979 1630 1997 ex
1644 1969 1731 2008 pluri-

933 2003 980 2031 bus
992 2025 999 2035 ,
1009 2002 1035 2031 ff.
1046 2004 1079 2031 de
1091 2014 1119 2032 re
1127 2005 1246 2040 judicata
1255 2029 1262 2039 ‚
1274 2010 1287 2039 )
1300 2017 1364 2036 tunc
1374 2009 1508 2046 ponebant
1521 2009 1625 2038 litteras
1637 2031 1644 2042 ,
1657 2011 1729 2039 N.L

933 2044 1008 2081 quod
1019 2044 1187 2082 significabat
1200 2068 1208 2079 ,
1227 2053 1284 2075 Non
1295 2048 1385 2087 liquet
1394 2069 1400 2076 .
1427 2050 1469 2077 Ita
1489 2049 1624 2079 Asconius
1633 2051 1729 2079 Pedia-

935 2094 984 2112 nus
993 2104 1000 2111 .
1012 2087 1050 2113 At
1060 2095 1122 2113 cum
1130 2086 1233 2124 aliquid
1245 2087 1343 2117 &Cium
1356 2087 1429 2117 fuiss'e
1443 2090 1563 2120 indicare
1577 2092 1704 2120 volebant
1717 2113 1726 2125 ‚

932 2123 986 2152 hoc
995 2125 1099 2163 duplici
1123 2127 1170 2155 FF.
1181 2137 1230 2165 per
1239 2138 1284 2157 eos
1294 2129 1494 2168 fignificabatur
1506 2153 1512 2164 ,
1535 2141 1565 2159 ut
1574 2142 1658 2160 etiam
1669 2135 1728 2161 Au—

933 2165 991 2192 &or
1010 2167 1047 2193 est
1067 2167 1168 2195 Probus
1177 2189 1185 2200 ‚
1207 2169 1253 2206 qui
1277 2169 1416 2209 integrum
1435 2171 1557 2200 libellum
1576 2173 1656 2211 super
1672 2172 1725 2201 hoc

932 2205 1095 2244 composuit.
1107 2209 1196 2246 Igitur
1205 2209 1372 2246 Justinianus
1381 2212 1532 2251 lignilicare
1544 2212 1730 2251 volens‚qu0d

932 2245 963 2274 in
973 2246 1016 2274 liis
1028 2248 1210 2277 voluminibus
1218 2260 1377 2280 continetur
1384 2263 1466 2282 omne
1477 2264 1576 2287 rerum,
1587 2264 1666 2292 atque
1677 2253 1729 2281 do—

933 2288 1082 2316 urinarum
1091 2299 1175 2327 genus
1187 2311 1194 2321 ,
1204 2291 1351 2320 Pandestas
1364 2292 1499 2331 inscripsit
1510 2316 1516 2327 ,
1541 2295 1637 2323 volens
1645 2295 1729 2322 etiam

934 2338 966 2356 ex
977 2329 1051 2356 tituli
1072 2328 1130 2367 insp
1138 2331 1240 2358 :stione
1259 2332 1406 2362 admonere
1425 2336 1566 2363 Lcstorem
1578 2356 1586 2367 ,
1607 2335 1680 2373 quod
1698 2335 1728 2363 in

935 2367 978 2397 his
988 2370 1078 2408 legum
1088 2370 1164 2400 libris
1173 2371 1354 2403 continentur
1367 2375 1392 2404 S.
1403 2376 1438 2405 C.
1450 2379 1478 2404 δε
1487 2376 1645 2415 principum
1664 2386 1732 2409 con-v

1619 2417 1698 2446 ilitu-
