1866 2526
145 66 224 116 466
481 58 522 100 O
555 58 589 98 B

132 119 187 149 hoc
196 120 294 148 statum
305 114 482 157 ingenuitatis
492 126 558 145 meae
571 113 649 145 vobis
667 111 742 144 visus
762 109 822 140 sum
840 110 927 139 obno-

133 160 213 190 xiasse
223 181 229 188 .
239 158 368 189 Marculf.
379 158 398 186 l.
410 169 436 186 2.
445 168 467 185 c.
481 162 528 186 28.

94 203 256 233 onomius
269 201 419 229 Mummoes
432 220 440 231 ‚
450 198 519 226 viles
528 195 685 226 meretrices
697 216 704 228 ,
715 204 774 233 quae
788 202 837 231 pro
846 191 929 219 obulo

135 251 229 272 carnes
238 240 294 270 suas
304 239 421 269 offerunt
431 259 438 267 .
449 238 524 267 Vide
534 237 780 274 Mandragerontes
791 253 798 260 .

94 284 238 314 Onoimo
251 303 258 314 ,
270 281 378 310 aborior
387 302 395 313 ‚
407 279 477 309 idest
487 300 495 311 ,
507 288 570 307 ante
581 286 690 315 tempus
699 275 777 313 pario
790 292 797 306 ,
820 273 876 301 five
889 271 931 299 :ib-

133 333 227 353 ortum
240 322 312 351 facio
323 323 353 352 .]
377 322 446 349 Non
454 319 551 348 recolis
561 319 591 347 in
605 317 703 346 Exodo
713 313 810 343 dixisse
820 314 913 342 Deum
923 333 930 344 ,

133 365 154 394 fi
163 364 319 392 rixaverint
329 362 384 390 duo
396 382 404 394 ,
426 364 453 389 δ(
464 358 640 398 percullerint
652 357 797 384 mulierem
815 354 845 382 in
856 362 934 381 utero

139 405 285 433 habentem
295 425 303 436 ,
321 407 348 431 ὃ(
358 400 528 430 obortiverit
547 409 606 428 non
626 396 809 426 deformatum
823 416 830 427 ‚
850 393 935 422 detri-

137 455 263 475 mentum
276 445 414 483 ptitientur
424 462 430 469 .
443 440 551 469 Lucifer
562 439 737 467 Caralitanus
749 457 756 464 .
768 439 781 468 ]
797 438 853 464 PR.
863 438 935 464 Tex-

137 497 179 516 tus
190 496 258 516 vero
267 485 364 513 habet:
378 482 426 517 [Si
438 480 521 509 rixati
533 479 635 508 fuerint
647 479 721 511 viri,
737 481 764 506 δε
777 474 935 515 percusserit

138 528 197 566 quis
207 527 351 555 mulierem
363 531 561 562 praegnantem,
571 524 599 548 ὃ(
610 519 764 548 abortivum
774 517 885 556 quidem
898 514 935 552 se-

140 569 208 597 cerit
220 590 227 600 ,
238 566 285 594 sed
298 563 353 604 ipsa
364 563 467 593 vixerit
479 583 487 595 ,
509 560 653 599 subjacebit
663 560 765 588 damno
775 580 782 592 ,
804 566 935 596 quantum

139 609 252 637 maritus
263 605 384 634 mulieris
393 602 542 642 expetierit
552 623 559 629 .
570 601 658 630 Exod.
670 611 694 628 c.
705 612 719 629 7..
728 611 752 628 i.
763 608 836 627 num.
849 609 895 626 η.

100 650 219 680 Oisizrzi
227 658 279 677 Ατι
290 669 297 680 ,
309 645 391 674 solidi
402 645 533 673 dicuntur
543 664 551 676 ‚
564 643 626 681 quia
636 641 759 670 constant
769 650 802 668 ex
813 648 878 667 auro
887 647 935 676 pu-

140 690 247 719 rificato
260 710 267 721 ,
277 687 371 715 italice
382 688 421 714 Di
435 696 481 719 ²4-
492 686 598 712 camni
611 683 714 711 dicitur
725 702 732 713 ‚
745 681 779 708 de
790 679 883 718 quibus
893 677 935 705 so-

140 730 205 759 lidis
216 728 361 767 Justiniaii.
372 726 428 765 agit
447 725 506 752 inl.
517 722 648 752 universo
659 743 666 750 .
687 722 761 751 Cod.
771 721 804 749 de
816 728 873 748 vet.
887 729 938 746 nu-

141 772 202 800 mis.
212 767 297 808 potes.
309 768 356 796 lib.
371 778 380 795 1
392 778 414 794 i.
427 770 454 795 ὃ(
467 766 483 792 Ι.
500 775 523 792 1.
535 765 608 795 cod.
618 765 651 792 de
663 763 776 801 obligat.
787 770 879 789 votor.
892 760 936 788 lib.

150 812 273 840 12.Iicet
285 809 314 838 iii
326 817 443 846 iitroque
453 815 531 834 textu
544 805 624 833 vei-ba
634 802 763 832 mendose
774 802 899 840 legantur
910 821 917 828 .

101 853 255 884 OBRYLUM
266 873 273 883 ‚
283 848 391 889 ἴβρυζον
402 870 408 881 ,
421 856 513 876 aurum
523 844 747 884 perfestiffimum
758 864 766 876 ,
779 843 809 870 ab
819 843 937 870 Obradzo

143 894 184 924 ita
194 893 297 921 dietum
310 913 317 923 ‚
339 899 368 917 ut
380 889 498 917 Isidorus
508 896 583 925 putat
593 908 601 919 ,
624 886 685 924 quia
704 884 785 913 nimis
795 882 916 911 obradmt
929 903 936 913 ‚

143 943 222 972 atque
233 930 388 970 resplendet
400 940 407 959 ς
430 928 478 957 sed
490 929 679 962 Hieronymus
698 925 809 954 aliunde
820 932 937 958 etymon

144 975 230 1003 trahit
241 973 268 1001 in
278 982 335 1010 cap.
351 980 393 1008 ¹3·
405 969 482 998 Isaiae
494 989 505 1006 ‚
524 978 622 1007 nempe
632 989 639 1000 ,
662 967 692 995 ab
703 966 787 1003 Ophir
797 965 938 993 Indiarum

146 1015 261 1054 regione
272 1035 280 1046 ‚
302 1023 333 1041 ex
344 1021 395 1049 qun
406 1010 536 1039 Salomon
545 1018 639 1037 aurum
656 1006 759 1035 devehi
768 1006 874 1033 curabat
886 1026 894 1038 ,
913 1007 940 1031 ὃς

150 1056 189 1084 ita
199 1056 234 1083 :iit
246 1061 406 1091 corruptum
416 1050 491 1078 suissc
505 1050 664 1078 vocabulum
673 1048 808 1081 obryzum
817 1056 850 1073 ex
861 1045 942 1083 opln'-

147 1100 218 1125 rizo.
226 1097 283 1124 FR.
294 1095 383 1123 Divus
393 1102 485 1120 tamen
495 1090 647 1129 Gregorius
659 1089 757 1126 inquit:
772 1093 783 1121 [
793 1087 943 1121 Ob1·yz,uni

1267 51 1376 94 ΟΒ

985 110 1095 141 cesserat
1106 132 1113 145 ,
1129 119 1211 149 quem
1223 111 1257 139 ob
1270 110 1299 139 id
1321 121 1335 138 a
1347 120 1408 138 cura
1419 109 1472 138 suae
1483 108 1609 138 Ecclefiae
1619 107 1721 139 exemit
1730 107 1777 139 sub'

985 153 1029 182 liis
1039 152 1146 181 verbis:
1161 153 1276 189 [Atque
1286 161 1349 179 eum
1359 151 1449 179 necin
1458 150 1573 180 Ecclesia
1586 152 1675 188 (idest
1685 153 1753 188 ‚sua
1761 153 1776 182 )

989 205 1039 223 nec
1049 194 1081 222 iit
1090 193 1145 221 alio
1157 192 1218 219 loco
1226 190 1384 224 observare]
1395 202 1456 220 nam
1468 191 1618 230 improprie
1629 191 1673 220 liic
1685 191 1777 221 obser·
1798 190 1801 194 ’

988 245 1051 265 vare
1062 244 1111 273 pro
1122 233 1263 270 expeRare
1272 232 1475 270 intelligeretur
1485 255 1493 266 ‚
1515 232 1589 261 unde
1599 233 1690 271 potius
1702 233 1778 261 invi-

988 276 1074 315 gilare
1083 283 1227 313 germanus
1236 271 1325 300 sensits
1333 272 1405 301 esset.
1418 275 1490 302 Item
1500 273 1606 303 Clerici
1616 274 1649 303 ad
1661 274 1779 312 aliquam

989 316 1133 347 Ecclesiam
1144 313 1247 342 addicti
1258 314 1443 350 observantes
1452 314 1621 349 dicebantur,
1630 315 1671 344 uti
1682 315 1712 342 in
1721 325 1780 342 can.

996 364 1042 387 26.
1054 354 1258 386 Aurelianensis
1269 355 1321 382 IV.
1334 354 1461 382 Concilii
1472 355 1573 394 legitur
1583 377 1590 388 ,
1600 352 1700 395 'nempe
1711 367 1717 383 :
1728 355 1780 390 [Si

995 408 1054 436 quae
1066 394 1207 425 Parochiae
1219 395 1248 422 in
1258 396 1406 423 Potentum
1416 395 1540 424 domibus
1549 397 1697 426 constitute
1707 395 1779 428 sunt,

991 438 1036 467 ubi
1055 436 1225 466 observantes
1245 435 1350 464 Clerici
1372 436 1403 463 ab
1423 435 1628 466 Archidiacono
1647 427 1784 467 Civitatis

992 477 1153 518 praemoniti
1164 478 1238 507 &c.]
1252 476 1323 504 unde
1336 476 1529 513 observantes,
1539 476 1616 512 idest,
1627 477 1781 507 inservien-

995 530 1036 548 tes
1048 541 1055 553 ‚
1074 523 1101 548 δε
1114 517 1293 556 invigilantes
1304 517 1417 545 denotat
1426 538 1433 545 .
1451 520 1525 547 Item
1536 517 1564 545 in
1573 529 1596 546 c.
1608 524 1632 548 8.
1650 519 1782 548 Proverb.

993 561 1073 599 super
1084 559 1204 603 allegato
1214 580 1221 602 ¹.
1232 557 1268 586 ibi
1277 558 1379 586 dicitur
1389 569 1395 585 :
1424 562 1540 594 [Beatus
1549 558 1634 588 homo
1652 560 1698 598 qui
1708 558 1783 587 audit

995 612 1039 630 me
1050 623 1058 634 ,
1069 605 1097 630 ὃ(
1107 609 1154 638 qui
1165 599 1263 643 vigilat
1273 600 1306 627 ad
1316 598 1386 628 fores
1396 608 1467 628 meas
1476 600 1612 639 quotidie,
1622 603 1649 628 δ(
1658 599 1784 628 observat

995 643 1028 671 ad
1039 642 1126 681 postes
1138 641 1201 668 ostil
1211 649 1266 668 mei
1279 663 1286 676 ,
1296 643 1308 672 ]
1320 639 1364 669 ubi
1377 642 1491 678 Vigilare
1502 663 1508 674 ‚
1521 645 1547 669 ὅ(
1558 641 1710 678 Observare
1721 639 1784 668 sunt

993 684 1067 712 idem
1078 693 1083 710 :
1102 681 1172 710 solet
1181 682 1255 709 enim
1266 679 1409 719 saepislime
1419 683 1495 710 Sacra
1514 682 1651 719 Scriptura
1670 679 1786 715 synoni-

995 725 1064 753 mite
1074 723 1149 761 loqui
1161 734 1167 749 ;
1187 726 1214 750 δε
1224 732 1258 750 ne
1268 721 1377 760 longius
1388 723 1511 760 exempla
1523 732 1644 760 petamus
1657 743 1663 753 ,
1683 720 1786 749 desumi

995 763 1081 804 posset
1099 774 1132 791 cx
1151 762 1228 800 supra
1237 763 1316 790 allata
1325 762 1448 791 dictione
1458 764 1599 803 obryzum
1611 783 1618 790 .
1643 762 1692 790 Ait
1711 762 1786 789 enim

997 806 1059 845 Job.
1069 816 1091 832 c.
1105 814 1152 842 31.
1171 803 1197 832 Si
1208 804 1405 841 putaviaurum
1414 804 1494 831 robur
1506 813 1595 831 meum
1606 825 1613 837 ,
1631 807 1659 831 &
1678 803 1786 837 obryzo

997 846 1057 875 dixi
1069 856 1074 873 :
1087 844 1183 873 fiducia
1195 853 1268 871 mea:
1281 846 1293 875 ]
1305 844 1347 872 ubi
1358 853 1451 872 :iurum
1462 866 1469 877 ‚
1487 849 1514 873 ὅ(
1524 845 1659 879 obryzum
1669 840 1787 878 synoni-

996 897 1039 915 nia
1049 884 1112 914 sunt
1122 906 1128 913 .
1150 884 1227 918 Quin
1237 884 1321 912 multa.
1330 885 1425 913 adduci
1436 883 1585 922 potuissent
1605 895 1638 913 ex
1648 882 1705 912 ead.
1718 884 1787 912 sicr.

996 928 1082 965 Scrip.
1093 924 1213 964 exempli
1223 934 1291 962 grat.
1305 925 1452 960 [Observa
1463 925 1595 953 custodias
1604 923 1741 954 Domini.
1762 934 1787 961 3.

995 972 1066 1007 ch.
1077 978 1100 995 c.
1116 979 1140 995 2.
1152 970 1186 995 Et
1199 964 1323 994 observet
1333 965 1457 994 excubias
1467 965 1599 994 Domini.
1613 968 1715 1002 4.Reg.
1727 975 1748 992 c.
1762 971 1788 991 (v.

997 1011 1033 1038 In
1051 1018 1131 1046 ports.
1150 1007 1237 1045 Regis
1253 1006 1288 1034 :td
1307 1007 1443 1035 orientem
1460 1004 1639 1035 observabant
1659 1015 1705 1042 per
1718 1004 1790 1033 vic-“s

1004 1049 1060 1078 suas
1071 1049 1104 1077 de
1114 1048 1178 1076 filiis
1187 1048 1256 1076 Levi
1268 1051 1320 1075 &c.
1335 1058 1356 1075 1.
1367 1046 1481 1086 Paralip.
1493 1058 1516 1075 c.
1527 1059 1556 1084 9.
1568 1048 1578 1077 ]
1591 1050 1618 1074 δε
1629 1044 1736 1078 similia,
1748 1045 1791 1072 ubi

999 1090 1107 1128 semper
1119 1088 1232 1118 verbum
1242 1088 1361 1125 observo
1372 1087 1521 1125 invigilare
1531 1086 1664 1127 significat
1673 1107 1680 1113 .

148 1137 250 1166 obrude
259 1144 352 1163 :iurum
366 1155 373 1166 ‚
384 1132 452 1161 idest
466 1154 472 1164 ,
483 1131 555 1159 rudis
569 1131 625 1159 auri
636 1130 737 1158 molem
750 1127 877 1156 fiduciam
887 1136 944 1155 cre-
960 1133 1108 1161 Osssggms
1123 1152 1130 1163 ‚
1153 1129 1220 1157 idest
1231 1150 1239 1162 ,
1259 1140 1271 1157 a
1284 1130 1439 1157 Dammne2
1463 1127 1635 1167 [Contigit,
1652 1137 1682 1155 ut
1698 1126 1727 1154 in
1740 1130 1792 1154 &s-

149 1178 232 1207 didit.
244 1178 280 1205 Iii
290 1187 313 1203 c.
325 1185 337 1212 3
350 1186 371 1202 i.
381 1174 443 1211 job.
454 1174 483 1200 in
493 1175 549 1209 ejus
558 1171 672 1210 exposit.
685 1171 704 1198 l.
716 1181 762 1197 η.
772 1179 795 1196 c.
809 1180 835 1196 ι.
846 1167 876 1194 in
887 1168 944 1194 edi-

149 1220 228 1247 tione
238 1220 366 1246 Romana
376 1216 410 1242 de
422 1224 496 1242 :inno
511 1220 594 1250 1613.
608 1215 620 1243 ]
632 1210 678 1239 sed
688 1208 825 1247 impressio
837 1208 944 1237 Basileae

151 1260 186 1288 de
195 1269 268 1287 anno
283 1267 331 1292 ¹55
345 1267 366 1283 1.
379 1253 509 1283 mendose
519 1254 652 1289 obrysum
664 1251 744 1279 habet
756 1270 762 1277 .

108 1302 331 1332 OBSCARIONUM
341 1297 566 1324 SACRAMLNTUM
578 1295 647 1321 ,ΕΚ
660 1292 745 1320 sot-ma
756 1289 878 1328 quaedam
889 1298 947 1327 par-

150 1339 272 1369 titularis
283 1342 450 1374 juramenti,
469 1336 530 1373 lege
551 1334 642 1372 siquis
661 1333 691 1362 in
709 1341 785 1360 curte
797 1352 805 1364 ,
828 1331 947 1369 qualiter

153 1381 212 1420 quis
233 1378 261 1407 se
283 1378 432 1407 defendere
454 1376 532 1404 debet
544 1395 551 1402 .

112 1423 269 1453 Ossscuiuo
281 1440 288 1446 .
311 1418 384 1447 Vide
404 1422 497 1446 Scurio
506 1435 514 1443 .

113 1465 274 1495 OBsEQuiA
286 1481 294 1493 ‚
304 1457 423 1487 servitus
436 1478 442 1490 ,
454 1457 593 1485 famulatus
602 1477 609 1488 ,
620 1453 841 1484 concomitantia
851 1459 883 1488 .[
926 1470 933 1479 t

1001 1172 1113 1210 quidam
1123 1169 1234 1199 obsessus
1245 1168 1318 1202 eflet,
1330 1171 1357 1197 in
1369 1179 1423 1208 quo
1432 1169 1602 1198 daemouium
1612 1176 1668 1196 tam
1681 1176 1795 1205 nequam

1005 1222 1063 1241 erat
1073 1235 1080 1245 ,
1091 1221 1121 1240 ut
1130 1221 1222 1239 coram
1231 1210 1376 1239 astantibus
1386 1211 1583 1249 improperaret
1595 1218 1702 1248 peccata
1713 1230 1721 1240 ,
1734 1217 1792 1245 qus:

1006 1264 1053 1292 per
1071 1250 1269 1281 confessionem
1288 1261 1379 1279 veram
1397 1261 1454 1279 non
1465 1250 1572 1278 fuiss'ent
1586 1251 1669 1278 tecla.
1693 1247 1794 1277 Caesar.

1003 1295 1050 1323 lib.
1064 1304 1090 1332 3.
1108 1303 1163 1331 cap.
1185 1304 1210 1320 2.
1230 1292 1331 1320 Mulier
1349 1289 1466 1319 obsess‘a.
1486 1290 1565 1319 Idem
1577 1291 1623 1318 lib.
1636 1299 1660 1325 5.
1677 1299 1734 1326 cap.
1751 1299 1794 1315 11.

1005 1335 1099 1363 Puella
1108 1332 1204 1362 obsefl'a
1215 1352 1221 1358 .
1232 1332 1338 1360 Ibidem
1348 1342 1403 1371 cap.
1419 1343 1462 1367 14·
1474 1334 1485 1362 ]
1497 1331 1569 1359 Vide
1579 1337 1795 1367 Energumenu».

965 1376 1163 1405 OsssriNATus
1175 1394 1182 1401 .
1195 1373 1268 1401 Vide
1278 1373 1458 1401 Buccadurm
1471 1392 1477 1399 .
1488 1372 1688 1400 Duria-ordinm
1698 1390 1705 1397 .

927 1451 930 1455 ⁵
967 1417 1071 1446 Oisvxo
1084 1437 1090 1448 ‚
1102 1425 1152 1453 pro
1162 1414 1322 1442 contradico
1333 1425 1339 1440 :
1366 1419 1377 1447 [
1389 1414 1562 1450 Quicumque
1572 1410 1729 1440 obviaverit
1739 1411 1795 1438 Im-

1007 1466 1126 1495 peratori
1137 1477 1144 1488 ,
1157 1454 1269 1483 ferietur
1279 1453 1373 1493 gladio
1384 1475 1390 1481 .
1402 1454 1491 1482 San&-
1504 1451 1630 1481 Ambros.
1640 1451 1718 1490 epist.
1729 1461 1742 1488 3
1752 1463 1776 1478 z.

153 1502 258 1532 dimisit
277 1511 325 1539 Per
344 1498 472 1536 Obseqlllss
491 1496 536 1525 sua
552 1497 585 1524 ad
601 1506 712 1525 omnem
731 1495 834 1522 desum
856 1503 949 1532 sogstm
965 1498 1090 1527 Onutus
1104 1517 1111 1524 .
1125 1497 1181 1524 PR.
1195 1495 1323 1533 ponderis
1334 1515 1341 1526 ,
1352 1497 1380 1522 δε
1391 1502 1510 1521 monetae
1521 1492 1623 1530 species
1635 1513 1644 1524 ,
1661 1492 1694 1520 de
1705 1491 1798 1529 quibus

153 1553 237 1572 unam
254 1542 409 1579 integram.
433 1538 529 1568 Antist.
548 1538 671 1576 inGrcg.
692 1537 748 1564 Hic
758 1534 861 1562 dimisit
872 1544 949 1562 ouini

154 1586 230 1613 clero
251 1593 297 1621 pei·
314 1580 441 1619 obsequia
459 1578 503 1607 sua
524 1588 620 1618 rogam
641 1586 776 1615 integram
790 1597 796 1604 .
820 1575 900 1604 Ideni
921 1576 949 1603 in

153 1625 276 1654 Bonissic.

115 1667 257 1697 Onsfflvo
270 1686 278 1697 ,
290 1674 340 1703 pro
353 1662 467 1691 attendo
477 1682 484 1694 ,
495 1661 587 1699 expe&
601 1670 627 1691 η
649 1657 751 1697 legitur
763 1656 838 1685 enim
854 1657 884 1685 in
892 1658 951 1685 Ro-

158 1716 236 1735 mana
248 1705 362 1741 Synodo
371 1702 416 1731 sub
427 1702 571 1732 Bonifacio
581 1702 621 1729 Π.
632 1700 763 1728 celebrata
775 1720 782 1731 ‚
802 1698 877 1736 quod
886 1698 949 1725 Dia*

158 1758 242 1776 conus
251 1748 284 1775 :id
293 1749 402 1782 januam
412 1743 532 1772 assiliens
543 1764 550 1775 ‚
571 1743 660 1769 Patres
669 1738 792 1776 ejusdem
802 1738 952 1777 tongrcflus
964 1757 969 1759 -

1006 1549 1068 1566 can.
1083 1537 1190 1575 Judices
1200 1557 1208 1568 ,
1227 1547 1249 1564 i.
1260 1535 1352 1573 quaest.
1368 1545 1390 1562 i.
1402 1537 1497 1572 Atque
1507 1533 1669 1562 Terentius:
1683 1531 1800 1567 [Obulo

1009 1580 1135 1617 emptus]
1156 1577 1230 1605 dixit
1252 1577 1281 1604 in
1295 1575 1396 1604 Adria.
1419 1577 1491 1603 Item
1503 1573 1594 1612 Raph.
1606 1573 1802 1602 Volaterranus

1007 1620 1148 1657 Philolog.
1161 1618 1204 1646 lib.
1216 1628 1262 1655 30.
1273 1617 1433 1645 Comment.
1444 1615 1516 1644 Urb.
1526 1615 1569 1643 ubi
1590 1614 1624 1642 de
1638 1613 1711 1642 Siclo
1722 1633 1729 1640 .
1749 1614 1804 1641 Bu-

1007 1661 1081 1688 daetis
1091 1659 1124 1687 de
1134 1657 1183 1687 ass'e
1194 1658 1239 1687 lib.
1254 1668 1276 1685 1.
1288 1661 1315 1686 ὃ(
1328 1666 1353 1691 5.
1363 1656 1410 1694 qui
1421 1656 1597 1684 medietatem
1608 1653 1731 1691 Scrupuli
1741 1674 1749 1685 ‚
1773 1657 1800 1680 δε

1008 1701 1144 1729 XLVIII.
1156 1708 1259 1737 partem
1271 1698 1357 1725 unciae
1369 1697 1480 1725 obulum
1491 1696 1581 1726 valere
1591 1693 1681 1723 asserit
1694 1713 1700 1719 .
1724 1692 1799 1722 Vide

1009 1742 1028 1769 h
1036 1742 1059 1769 ic
1071 1742 1160 1770 siclus
1171 1761 1177 1766 .
1187 1740 1339 1768 Talentum
1349 1758 1356 1765 .

158 1797 303 1817 monuerat
314 1808 320 1819 ,
340 1784 525 1814 'Iheodosiuni
537 1782 747 1820 metropolitam
766 1780 830 1808 foris
840 1778 890 1806 ess'e
908 1789 953 1806 ex-
969 1784 1118 1813 Ogmfflko
1128 1802 1134 1808 .
1144 1783 1200 1809 FR.
1209 1779 1296 1807 scribo
1306 1800 1314 1811 ,
1326 1778 1406 1806 firmo
1417 1799 1424 1810 ,
1437 1777 1524 1815 signo·
1539 1782 1551 1812 [
1565 1775 1711 1807 Emittens,
1723 1773 1803 1802 vide-

158 1830 312 1868 peftantem
324 1848 332 1860 ,
344 1827 377 1855 ad
387 1825 459 1854 suam
469 1823 573 1852 causam
584 1822 777 1861 exponendam
787 1842 794 1853 ‚
805 1821 899 1858 quibus
909 1819 953 1846 liic

160 1871 299 1899 Diaconus
309 1869 430 1897 dixerat:
454 1872 465 1900 [
478 1866 553 1894 Sicut
565 1872 704 1902 praeterira
720 1861 836 1890 sessione
856 1860 953 1888 consti-

1011 1824 1086 1856 licet,
1095 1823 1128 1850 de
1138 1820 1257 1858 suscepta
1266 1830 1313 1858 per
1323 1819 1571 1847 Nomenclatorem
1584 1816 1660 1845 suum
1671 1824 1750 1843 manu
1761 1813 1806 1841 siis.

1010 1864 1165 1892 obumbrata
1176 1881 1182 1888 .
1196 1861 1290 1890 Anast.
1301 1858 1432 1888 Biblioth.
1445 1858 1473 1886 in
1488 1857 1636 1896 Agathone
1646 1878 1653 1885 .

161 1911 250 1955 tuistis
259 1932 267 1943 ,
278 1909 403 1952 obser-vat
413 1907 479 1945 quid
488 1906 586 1942 jubetis
596 1925 603 1932 .
614 1907 626 1935 ]
638 1903 696 1932 Ubi
705 1903 849 1941 colligitur
859 1902 951 1944 Ostia-
971 1903 1120 1937 ΟΒυκεό,
1141 1905 1259 1931 inunco:
1283 1907 1295 1936 [
1308 1901 1398 1935 Quem
1415 1898 1540 1927 nefandis
1559 1899 1682 1926 ulnarum
1694 1894 1806 1934 gremiis

166 1962 201 1979 rii
214 1952 340 1979 officium
354 1960 383 1977 in
395 1949 532 1978 Conciliis
542 1947 576 1974 ad
587 1946 745 1974 Diaconum
755 1942 879 1982 spectassc
890 1964 898 1974 ,
909 1951 953 1978 qui
1013 1955 1113 1984 procax
1126 1942 1274 1972 obuncabat
1286 1962 1292 1968 ,
1305 1939 1465 1969 Althelmus
1476 1949 1532 1977 cap,
1550 1950 1591 1971 17·
1605 1939 1621 1970 ]’
1631 1938 1704 1967 Vide
1713 1942 1790 1964 lucro
1799 1953 1808 1956 -

164 1991 224 2020 usus
233 1991 320 2020 adhuc
333 1992 362 2018 in
372 1987 511 2018 conclavi
523 1986 693 2015 observaturi
706 1995 765 2012 nam
778 1984 880 2022 primus
890 1985 955 2011 Dla-
1015 1998 1041 2015 50
1053 2005 1059 2012 ,
1083 1986 1195 2013 lahama
1205 2001 1212 2009 .

164 2043 248 2060 conus
269 2031 424 2062 Cardmslis
444 2029 545 2067 frangit
557 2026 718 2056 Ciausuram
730 2047 738 2058 ‚
761 2030 788 2053 ἃ
810 2032 955 2052 annuntiat
973 2028 1130 2057 Occmffig
1142 2046 1149 2052 ,
1163 2023 1237 2053 Vide
1246 2022 1330 2060 Plaga
1343 2022 1441 2050 mundi
1452 2042 1459 2048 ,
1478 2019 1589 2049 solsatis
1599 2018 1629 2048 jn
1639 2019 1703 2047 diet,
1716 2017 1813 2046 placi,

164 2074 269 2111 populo
290 2082 358 2101 novi
370 2070 514 2100 Pontificis
525 2069 708 2097 elec‘tionem5
733 2066 825 2104 itaque
835 2064 958 2093 etiamin
1015 2066 1076 2095 t'um
1089 2086 1096 2093 ,

165 2114 221 2142 sac.
234 2115 371 2152 Scriptura
383 2122 432 2149 pro
441 2110 582 2139 attendere
593 2130 601 2142 ,
618 2108 664 2136 seu
680 2108 820 2145 expectare
841 2106 959 2141 Observa
975 2110 1208 2138 ommni-fains
1220 2125 1226 2131 .
1251 2103 1324 2132 Vide
1346 2105 1466 2140 Dytjsus
1476 2121 1486 2129 .

165 2153 322 2192 usurpatur:
343 2152 503 2187 [Observat
521 2151 653 2188 :idpostes
661 2148 724 2176 ostii
736 2148 808 2175 inei.
829 2146 959 2175 Proverb.
976 2151 1167 2179 ΟςςυρΑτοκ
1179 2167 1186 2173 ,
1213 2145 1286 2172 Vide
1308 2144 1472 2172 [ncubasor.

167 2204 224 2233 cap.
237 2199 261 2222 8.
273 2197 284 2226 ]
311 2196 365 2222 PR.
377 2193 466 2230 potius
479 2192 586 2220 videtur
597 2201 629 2218 ex
639 2189 717 2227 supra
730 2187 817 2216 :illatis
827 2186 960 2224 exemplis
976 2191 1105 2219 occupo
1117 2206 1124 2213 ·
1142 2188 1197 2215 FR.
1210 2186 1320 2213 verbum
1335 2206 1341 2216 ‚
1360 2183 1434 2222 quod
1453 2193 1482 2211 ut
1504 2182 1653 2221 plurimum
1662 2179 1786 2214 usurpare
1799 2194 1807 2206 s

166 2236 285 2273 Observa
302 2233 468 2271 invigilandi
490 2231 672 2270 significatum
692 2229 790 2257 habere
803 2249 810 2260 ‚
835 2228 909 2266 quod
928 2237 959 2255 ex

167 2276 226 2305 aliis
236 2274 437 2304 auetoritatibus
449 2273 689 2300 ecclesiasticorum
698 2269 862 2307 scriptorum
874 2268 958 2296 inani-

168 2317 296 2346 festatur.
316 2317 467 2352 Gregorius
480 2323 595 2351 namque
606 2315 674 2350 Papa
696 2311 726 2338 in
735 2309 856 2348 Regsshu
876 2309 922 2336 lib.
934 2320 960 2340 7.

170 2358 248 2396 epist.
257 2369 306 2394 92.
316 2356 349 2384 ob
359 2354 494 2383 detectum
504 2353 706 2382 Monachorum
717 2350 891 2379 Sacerdotum
901 2351 961 2377 Mo.

171 2399 281 2428 ”asterii
294 2395 474 2427 Praecoritani
483 2416 492 2429 ‚
503 2394 541 2424 eis
549 2393 705 2424 saecularem
715 2391 886 2420 Sacerdotem
896 2400 963 2418 con-

1019 2229 1063 2257 vel
1075 2237 1167 2265 rapere
1179 2226 1323 2265 significat,
1334 2235 1379 2253 ut:
1394 2224 1441 2259 [Si
1452 2233 1512 2262 quis
1523 2233 1612 2251 autem
1621 2215 1809 2258 sequestratio-

1020 2279 1084 2298 nem
1102 2266 1259 2303 hujusmodi
1281 2265 1415 2304 impedire
1425 2286 1433 2297 ‚
1453 2265 1498 2292 vel
1517 2264 1615 2292 fructus
1631 2256 1810 2296 sequestratos

1020 2308 1217 2349 quoquomodo
1229 2305 1428 2345 praesumpserit
1439 2313 1569 2342 occupare
1577 2322 1583 2329 .
1594 2297 1766 2329 Cleineiitin.
1777 2295 1811 2322 de

1019 2349 1146 2388 sequestr.
1159 2347 1259 2386 poslefl'.
1271 2347 1403 2386 cap.unic-
1417 2347 1471 2381 Qui
1482 2349 1533 2373 &a
1545 2343 1614 2370 bona
1626 2338 1813 2369 Ecclefiamm,

1019 2390 1066 2420 scu
1077 2389 1306 2420 monaster-iorum
1318 2409 1327 2422 ,
1339 2397 1382 2417 aut
1393 2386 1514 2415 locorum
1527 2381 1647 2423 ipsorum
1658 2385 1814 2410 vacantium·

1692 2428 1772 2448 occu-
