1866 2526
1285 9 1395 51 CO

994 64 1074 94 Idem
1083 65 1128 96 lib.
1144 79 1168 97 i.
1179 67 1256 107 epist.
1276 80 1304 104 4.
1317 71 1328 100 J
1341 65 1491 97 Tlieotistae
1502 66 1626 99 Mauritii
1637 71 1788 111 Imperato-

993 107 1027 133 ris
1040 105 1127 136 sorori
1135 108 1254 138 scribens
1266 131 1273 143 ‚
1283 109 1360 148 quod
1368 109 1538 147 imperialem
1547 110 1786 142 confirmationem

993 147 1026 176 ad
1038 151 1092 183 ejus
1103 150 1281 180 Pontificatus
1289 150 1455 180 eiefflonem
1467 162 1523 180 non
1533 151 1688 190 impedisset
1700 175 1707 187 ,
1718 160 1785 180 con·
1813 183 1816 184 ⁷

993 189 1115 226 queritur
1126 212 1134 222 ,
1157 202 1211 229 quo
1222 190 1460 221 atiuTheotistam
1480 193 1587 232 antiqui
1605 192 1711 223 affectus
1726 201 1785 220 cor-

993 227 1194 266 respondentize
1207 231 1330 261 defecisse
1343 234 1494 271 Gregorius
1504 234 1561 262 ait:
1585 237 1612 262 δε
1622 235 1684 263 alibi
1704 234 1733 262 in
1743 242 1784 261 ea-

992 269 1055 297 dem
1066 270 1264 309 significatione
1275 272 1348 301 idem
1357 273 1498 303 Pontifex.-
1511 280 1523 309 [
1534 274 1587 304 Sed
1597 276 1660 313 quia
1670 286 1719 304 vos
1729 273 1786 302 val-

992 310 1067 355 devm
1078 312 1252 347 continentia
1263 313 1354 341 nostra.
1363 314 1497 354 benignos
1510 316 1667 345 invenimus
1679 337 1687 349 ‚
1697 315 1742 344 lib.
1757 325 1784 349 4.

993 353 1070 389 epist.
1082 365 1096 381 z
1104 352 1127 380 8.
1142 355 1154 384 ]
1167 355 1239 381 Item
1249 363 1299 390 pro
1308 352 1474 384 subfistentia
1485 355 1654 386 pontificalis
1665 356 1786 394 dignita-

156 28 176 54 2
187 26 201 52 1
210 25 233 64 4
522 9 561 51 C
592 9 632 50 O

140 69 240 100 Bullar.
257 68 386 97 Casii-ten.
410 77 480 96 tom.
500 80 525 97 z.
545 68 655 98 constit.
679 69 722 95 86.
739 78 802 107 143.
821 70 848 96 δ(
875 69 937 101 158.

100 110 345 140 CoN'i'EMPLATio
356 130 365 142 ‚
387 112 415 138 δε
426 111 669 148 Contemplativus
678 129 685 136 .
718 109 791 138 Vide
801 109 918 138 Theona
930 128 937 139 ‚

140 155 167 180 ὅ(
177 152 350 180 Theoriticus
361 172 367 179 .

99 193 307 222 CONTEMPORO
321 212 327 219 .
354 191 577 231 VideCoigtaneo
587 212 593 220 .

100 235 190 264 Com
196 242 342 262 rutenico
353 254 361 266 ‚
371 232 485 261 obscuro
497 244 503 261 :
519 237 577 268 [Et
589 232 689 261 coelum
699 228 937 260 contenebricavit

139 274 250 302 nubibus
264 294 271 302 .
294 272 404 302 Lucifer
415 294 421 300 .
444 274 491 302 lib.
509 285 531 302 1.
544 284 594 311 pro
604 274 629 302 S.
642 272 773 301 Athanas.

99 315 283 344 continno
295 335 302 341 .
326 314 400 343 Vide
409 315 546 350 Tanferia
556 336 563 344 .

99 355 354 384 ConussERAiio
367 376 375 388 ‚
396 355 502 393 fignum
513 353 705 383 familiaritatis
716 376 724 387 ‚
745 364 774 382 ac
795 351 939 382 necefl'itu-

140 396 214 424 dinis
224 417 232 428 ,
255 407 288 423 ex
300 395 422 424 dictione
434 396 542 432 Teffera
553 418 560 428 ,
572 406 630 433 qua:
644 395 718 432 signa
728 394 861 422 dabantur.
871 393 940 421 ami-'

141 436 178 464 cis
189 458 198 469 ‚
217 437 286 464 utin
299 436 398 464 itinere
410 458 417 468 ,
441 447 469 464 ae
490 435 655 464 diversoriis
676 445 725 472 pro
736 434 937 462 commendatis

141 476 444 517 dignoscerentur,quae
456 477 553 505 Italice
564 482 682 504 Parente
692 476 937 509 dicuntur.[Com-

139 518 290 547 inunicatio
300 518 370 556 pacis
383 538 391 549 ,
414 521 442 545 &
452 517 601 555 appellatio
613 516 792 544 fraternitatis
802 537 810 548 ,
832 520 859 544 ὃ(
871 526 935 543 con-

138 558 273 588 testeratio
284 557 482 596 hospitalitatis
494 579 501 589 ,
525 558 584 595 qliae
596 560 654 593 jura
666 568 725 585 non
741 558 792 586 alia
802 556 872 584 ratio
892 566 931 584 re-

138 601 181 639 git
193 622 199 631 ,
217 609 296 637 quam
307 597 428 635 ejusdem
440 598 606 626 Sam-amenti
617 608 668 625 una
677 597 789 626 traditio
799 617 805 624 .
817 597 934 626 Tertull.

139 642 169 668 in
181 641 226 668 lib.
237 640 269 668 de
280 638 429 678 praescript.
440 638 545 667 advers.
561 640 666 667 Haeret.
676 648 734 676 cap.
750 650 795 668 ιο.
807 639 820 669 ]
831 638 890 667 Ubi
900 638 934 666 de

139 680 304 709 charitativa
322 679 497 718 antiquorum
519 678 744 709 Christianorum
757 701 765 712 ,
788 683 815 707 ὃ(
843 688 936 707 mutua

137 732 233 752 eorum
241 720 485 758 correspondentia
495 720 617 758 loquitur
628 740 635 747 .
648 720 722 749 Vide
733 722 918 748 Continentia
928 718 942 746 .'

98 803 296 833 comasino
308 824 316 835 ,
335 801 513 831 uniformiter
523 801 725 839 correspondeo
737 801 770 836 ᾗ(
782 800 916 830 Videmus
928 821 935 832 ,

140 844 208 883 quid
217 844 333 875 dixerit,
344 843 413 882 quid
424 843 560 877 docuerit,
573 843 640 881 quid
650 852 712 871 cum
722 841 860 872 Africanis
870 851 936 879 quo-

138 895 191 923 que
202 884 328 913 Ecclefiis
338 884 545 913 contesseruerit
555 904 563 911 .
586 884 667 912 Idem
677 883 794 912 Tertull.
813 883 867 910 loc.
889 882 935 909 cit.

139 936 198 964 cap.
211 932 258 962 36.
271 927 283 956 ]
299 925 420 963 loquitur
430 924 467 952 ibi
489 925 522 952 de
536 924 727 963 praerogativis
738 926 822 952 Rom.
841 923 935 951 Eccle-

141 966 185 995 fiae
197 988 204 998 ,
215 976 276 993 cum
287 975 337 1003 qua
347 975 467 993 mutuam
478 986 486 997 ,
505 976 533 992 ac
546 964 715 993 uniformem
724 964 878 992 doetrinam
889 962 935 990 ha-

140 1007 217 1035 bebat
230 1005 360 1034 Africana
369 1027 377 1038 ,
402 1015 461 1045 quae
475 1008 627 1034 Romanam
639 1005 760 1035 tesseram
779 1004 810 1032 in
818 1004 903 1043 dogm
910 1014 936 1032 εις

140 1047 209 1075 tibus
218 1047 376 1075 ostendebat
387 1066 394 1077 ,
856 1047 859 1049 ’

993 392 1041 419 tis.
1057 398 1068 427 [
1090 394 1232 422 Pastoralis
1249 393 1339 422 officii
1347 395 1550 424 continentiam
1559 417 1566 424 .
1590 397 1668 425 Idem
1689 397 1735 425 lib.
1761 406 1785 423 i.

992 433 1068 476 epist.
1081 445 1110 468 4.
1122 437 1132 465 ]
1147 435 1229 473 Apud
1241 433 1353 472 Juristas
1364 444 1455 464 tamen
1464 436 1579 466 denotat
1590 439 1619 466 id
1629 459 1637 470 ‚
1661 438 1735 476 quod
1756 435 1786 463 in

991 472 1122 510 scriptura
1132 476 1291 503 continetur
1303 494 1309 501 .
1324 480 1336 509 [
1347 476 1413 504 Mox
1428 477 1503 505 enim
1512 499 1520 510 ,
1539 487 1568 505 ut
1581 479 1666 508 Abbas
1676 479 1785 507 chartu-

990 514 1044 541 lam
1054 515 1087 543 ad
1099 516 1246 554 legendum
1256 516 1362 553 aperuit
1372 538 1380 549 ,
1403 526 1491 545 totam
1510 520 1563 553 ejus
1583 520 1786 551 continentiam

991 554 1110 583 deletam
1121 556 1232 585 invenit
1242 576 1249 584 .
1271 555 1406 585 Caesarius
1417 578 1425 590 ‚
1447 558 1495 586 lib.
1508 569 1534 588 2.
1544 558 1662 590 miracul.
1675 571 1698 588 c.
1715 570 1758 588 io.
1770 560 1784 589 ]

991 597 1033 624 Ac
1045 597 1194 629 tandemiit
1206 597 1386 626 Ambrofiano
1407 598 1463 627 ritu
1484 599 1576 628 velum
1596 599 1667 629 illud
1682 599 1785 639 fignifi-

990 645 1033 667 cat
1044 657 1052 670 ‚
1075 638 1148 678 quod
1161 638 1343 671 Subdiaconus
1354 636 1434 676 super
1452 638 1580 668 humeros
1601 640 1652 669 fert
1670 640 1700 669 in
1709 639 1784 669 Mille

989 686 1095 706 cantata
1105 699 1112 710 ‚
1125 678 1318 707 Continentiae
1330 679 1441 708 moralis
1452 680 1563 710 virtutis
1574 681 1766 712 documentum
1776 701 1785 709 .

991 718 1064 746 Vide
1073 725 1210 748 foraneus
1220 740 1226 747 .

951 759 1177 789 Couromcus
1189 781 1197 793 ,
1221 759 1406 790 Hastiludium
1417 783 1424 794 ,
1445 761 1491 791 seu
1500 765 1589 798 Trojae
1601 763 1678 792 ludus
1691 785 1698 796 ‚
1709 761 1789 791 Itali-

992 810 1022 828 ce
1031 801 1165 836 Giostrase
1179 823 1186 834 ‚
1199 811 1212 828 a
1224 803 1325 829 Graeco
1338 803 1469 831 vocabulo
1480 802 1672 838 κοντόπαικνης
1681 826 1688 836 ,
1698 802 1766 835 idest
1777 823 1786 835 ι

992 839 1074 869 hastce
1086 841 1163 869 ludus
1173 861 1180 868 .
1202 843 1342 880 [Propter
1351 841 1451 871 horum
1470 853 1560 872 autem
1580 854 1716 872 canonum
1729 852 1790 881 poe—

993 891 1039 910 nas
1049 881 1179 909 videntur
1190 880 1239 910 ess'e
1252 883 1404 922 excogitati
1423 884 1482 912 ludi
1492 884 1645 921 imperiales
1658 906 1665 917 ,
1686 894 1788 912 conto-

993 922 1101 960 paetstes,
1113 921 1227 950 scilicet.
1238 922 1348 951 Balsam.
1360 923 1458 953 iii-can.
1471 934 1484 959 ς
1494 936 1516 952 i.
1529 927 1541 956 J
1555 927 1612 954 FR.
1624 925 1788 964 chendum

994 961 1058 990 estet
1069 965 1241 1000 Centopaestes
1254 984 1261 995 ,
1281 963 1356 1001 quod
1368 966 1466 993 Graecc
1477 965 1589 1003 proprie
1599 963 1790 994 hastilusorem

993 1002 1148 1042 significan
1169 1013 1232 1031 nam
1249 1002 1428 1033 hastiluditim
1449 1015 1481 1033 eo
1503 1005 1637 1033 idiomate
1651 1006 1786 1041 κοντόμεικ

992 1055 1056 1080 γμα
1076 1043 1178 1071 dicitur
1187 1063 1193 1071 .
1218 1044 1291 1072 Vide
1301 1049 1505 1074 Tornmmenta
1514 1066 1521 1073 .

101 1088 343 1117 CONTESTArio.
365 1088 420 1118 FR.
433 1087 539 1116 libellus
550 1086 665 1115 famosus
684 1097 697 1115 a
714 1085 861 1124 conjuratis
881 1085 936 1114 for·
953 1083 1497 1121 Communis,consors,idest‚ejusdem
1508 1085 1635 1121 tori.[Ac
1647 1085 1785 1124 Eriingar-

141 1139 227 1157 matus
239 1139 245 1159 3
257 1137 416 1163 conjurator
426 1127 501 1156 enim
513 1128 613 1156 dicitur
623 1127 752 1156 contestis
762 1148 768 1154 .
780 1127 853 1155 Vide
863 1130 932 1155 Con>

993 1124 1051 1152 dim
1062 1123 1134 1152 suam
1147 1125 1317 1153 contoralem
1329 1146 1336 1153 .
1348 1127 1382 1154 In
1394 1126 1449 1154 vita
1461 1126 1586 1156 Rixfridi
1597 1126 1727 1164 Episcopi
1739 1147 1746 1153 .

141 1171 216 1206 testis
229 1169 258 1196 in
269 1169 334 1200 diet,
346 1173 516 1206 Conjuratus
526 1189 533 1196 .
547 1175 559 1203 [
571 1168 692 1204 Quidam
701 1167 816 1205 maligni
826 1167 937 1204 spiritus
954 1167 1211 1195 CONi’osTAuius.
1224 1167 1280 1194 FR.
1291 1167 1464 1195 comestabuli
1473 1167 1596 1206 dignitas
1607 1167 1636 1196 in
1645 1168 1718 1196 Aula
1730 1168 1787 1194 Im-

140 1209 257 1238 cousilio
269 1209 386 1247 repletus
398 1229 406 1241 ,
428 1218 525 1237 contra
542 1209 699 1236 Castorium
720 1208 867 1238 Notarium
879 1228 885 1239 ,
908 1211 936 1236 δ(

143 1249 341 1288 Responsalem
353 1250 476 1278 nostruin
486 1250 621 1277 nocturno
630 1249 741 1277 filentio
761 1248 790 1276 in
803 1247 937 1277 Civitatis

141 1291 206 1319 loco
218 1291 448 1319 contestationem
461 1289 551 1328 posuit
563 1311 570 1321 ‚
583 1289 613 1317 iri
623 1292 678 1325 ejus
691 1288 935 1326 crimina’loquen-

142 1341 199 1360 tem
210 1352 217 1359 .
234 1332 272 1360 D.
283 1333 370 1370 Greg.
392 1332 422 1359 in
431 1331 539 1369 Regist.
562 1330 608 1359 lib.
622 1331 736 1367 5.epist.
758 1340 804 1368 30.
823 1331 835 1360 ]
857 1339 937 1367 quem

140 1372 242 1401 deinde
253 1371 442 1403 infamatorem
453 1372 525 1400 idem
535 1369 667 1402 Pontifex
679 1369 937 1400 excommunicavit.

144 1413 217 1442 Vide
225 1413 346 1442 Libellus
358 1432 366 1441 .

995 1205 1127 1243 peratoris
1147 1206 1458 1245 Constaiiti'nopolitani
1467 1229 1474 1240 ‚
1503 1219 1536 1236 ex
1558 1205 1653 1242 Kio'vwg
1664 1230 1670 1239 ,
1689 1207 1787 1236 Italice

996 1251 1079 1274 Conte
1092 1267 1099 1278 ‚
1112 1246 1149 1273 ita
1159 1246 1370 1276 Caiitacuzenus
1381 1268 1387 1279 ,
1400 1248 1446 1275 lib.
1461 1259 1483 1275 i.
1498 1258 1556 1286 cap.
1568 1260 1594 1283 4.
1605 1249 1639 1276 de
1648 1248 1787 1277 sabaudie

995 1287 1072 1314 Duce
1081 1284 1198 1317 scribens
1217 1285 1271 1314 ait.¹
1298 1288 1506 1325 [Comperiunt
1517 1289 1673 1325 Principem
1692 1289 1787 1316 Sabati-

994 1328 1140 1364 di„e‚quem
1152 1327 1416 1366 Latinorumlingua
1428 1329 1546 1356 Conton
1559 1337 1660 1357 vocant
1670 1330 1698 1359 .]
1712 1328 1787 1356 Stau-

995 1368 1034 1395 lus
1045 1368 1079 1395 ex
1090 1367 1174 1395 latina
1183 1367 1248 1394 diet.
1260 1367 1391 1396 stabulum
1400 1377 1528 1406 corrupte
1539 1389 1548 1402 ,
1560 1369 1633 1407 quia
1642 1369 1786 1397 Gulielmo

995 1408 1073 1436 Titio
1084 1408 1309 1444 Constabularius
1323 1407 1429 1446 semper
1438 1408 1539 1438 dicitur
1548 1430 1555 1438 .

103 1455 247 1484 conum
260 1474 268 1485 ,
278 1453 348 1492 apud
360 1453 454 1482 Slavos
464 1454 595 1492 templum
606 1452 772 1491 significabat
784 1473 791 1484 ‚
805 1453 936 1487 [Omnes
953 1446 1192 1483 Coxi‘itAitieTAs
1206 1467 1213 1473 .
1238 1448 1311 1475 Vide
1332 1450 1487 1484 Antitheja
1498 1469 1505 1475 .

143 1494 335 1525 illaecontinae
346 1504 459 1522 numero
469 1503 586 1532 quatuor
596 1494 664 1522 mira
677 1494 818 1522 celeritate
829 1491 935 1520 confra-
958 1494 965 1504 ³
988 1490 1227 1517 CONTROVERSIA
1241 1508 1247 1514 .
1270 1489 1420 1522 Prudentia
1430 1488 1604 1532 &probitate
1617 1487 1787 1517 Antistitum

146 1536 195 1563 &se
206 1534 268 1562 sunt
279 1555 285 1561 .
298 1536 334 1562 In
345 1534 402 1563 vita
412 1536 437 1563 S.
450 1535 569 1564 Ottonis
580 1556 588 1566 ,
599 1535 645 1562 lib.
657 1546 683 1562 ι.
698 1545 755 1572 cap.
768 1545 814 1571 30.
828 1536 840 1564 ]
853 1534 918 1562 Con

142 1576 203 1603 tina
214 1575 353 1603 dicebatur
363 1596 371 1607 ‚
394 1576 456 1614 quia
465 1575 495 1603 in
507 1586 536 1603 ea
546 1575 691 1603 Idolorum
712 1574 850 1603 simulacra
870 1584 935 1601 con-

141 1615 300 1644 tinebantur
310 1637 316 1644 .
342 1615 414 1644 Vide
424 1616 543 1644 Idoltum
554 1636 561 1644 .

100 1658 287 1685 comm-rio
299 1658 406 1685 LONGA
417 1677 424 1684 .
449 1656 523 1684 Vide
534 1659 621 1684 Funis
632 1656 816 1692 contentiosus
827 1675 833 1683 .

993 1528 1188 1557 controversiae
1221 1528 1308 1556 minus
1340 1530 1492 1559 necessariae
1525 1529 1758 1568 componebantur
1779 1548 1787 1555 .

995 1568 1143 1604 Clitysost.
1165 1569 1200 1597 de
1221 1569 1329 1597 Sacerd.
1352 1571 1399 1598 lib.
1424 1583 1451 1606 4.

953 1613 1207 1640 CONTUBERNALIS
1217 1630 1224 1637 .
1237 1609 1310 1639 Vide
1321 1610 1483 1641 Cellulanus
1496 1631 1503 1638 .
1515 1611 1683 1640 Contestalis
1694 1631 1701 1638 .
1723 1615 1786 1651 Syn-

992 1652 1089 1680 cellita
1101 1672 1107 1679 .

100 1698 325 1734 *CONTINENTIA
338 1719 346 1729 ,
369 1696 561 1729 conservatio,
584 1695 729 1725 subsidium
739 1718 745 1729 ,
766 1694 811 1723 seu
822 1694 935 1724 necess‘a-
953 1695 1201 1722 CONTUBERNIbM
1212 1712 1218 1723 ³
1239 1692 1313 1721 Vide
1323 1693 1488 1727 Syiicelli'tas
1501 1694 1532 1722 in
1541 1693 1606 1721 diei.
1621 1692 1770 1732 ,syncellita
1780 1710 1787 1718 .

142 1738 182 1766 ria
193 1737 353 1766 sustentatio
363 1759 371 1770 ‚
396 1738 556 1766 vocabulum
577 1738 613 1765 D.
624 1738 765 1776 Gregorio
777 1737 805 1765 in
815 1738 868 1770 ejus
880 1739 936 1764 Re·
953 1735 1036 1762 Com
1045 1745 1076 1762 us
1092 1755 1098 1765 ,
1121 1733 1248 1771 equuleus
1260 1754 1268 1765 ‚
1289 1744 1322 1761 ex
1332 1743 1420 1771 graeca
1429 1735 1494 1762 dist.
1506 1732 1590 1766 κόν-ηας
1600 1754 1607 1765 ,
1629 1742 1688 1771 quae
1700 1731 1788 1769 perti-

141 1778 229 1817 gistto
249 1777 400 1806 familiare.
416 1785 427 1814 [
447 1778 502 1816 Ipsi
513 1788 563 1816 pro
581 1778 655 1806 vicht
667 1799 674 1809 ,
696 1781 723 1805 ὅ(
745 1777 917 1805 nutrimento
929 1798 935 1808 ‚

143 1819 279 1858 stratoque
288 1819 321 1847 ad
334 1819 537 1848 continentiam
549 1840 556 1851 ‚
568 1828 706 1857 pueroque
718 1820 774 1852 ejus
786 1827 932 1848 annonam,

142 1870 274 1897 quantum
292 1859 465 1898 prospexeris
487 1858 550 1887 satis
572 1857 621 1887 effe
634 1880 641 1891 ‚
664 1858 828 1889 constituas,
852 1858 897 1885 lib.
915 1869 935 1885 1.

142 1911 200 1937 cap.
218 1905 259 1928 18.
271 1902 282 1931 ]
295 1900 379 1938 Apud
388 1909 470 1938 quem
479 1905 579 1929 Facere
599 1902 801 1927 continentiam
813 1919 820 1930 ‚
846 1897 936 1926 neces-

141 1939 235 1968 sariam
247 1940 488 1970 substentationem
500 1939 701 1968 subministrare
711 1938 854 1977 fignificat.
871 1940 937 1973 [Vi—

144 1980 224 2008 detur
236 1980 314 2014 milii,
328 1992 357 2010 ut
368 1982 392 2011 ei
403 1981 608 2010 continentiam
619 1980 705 2012 facias,
719 1980 737 2007 fi
748 1980 816 2007 utile
828 1978 937 2017 conspi-

143 2021 182 2048 cis
193 2042 199 2048 .
224 2023 297 2049 Item
310 2023 357 2050 lib.
374 2033 461 2061 i.cap.
476 2034 522 2057 42.
536 2024 547 2052 ]
561 2021 621 2051 Ubi
639 2021 753 2049 eandem
772 2019 888 2058 phialim
908 2021 936 2048 in

991 1784 1048 1802 cani
1062 1796 1069 1806 ‚
1090 1773 1135 1801 seu
1148 1774 1248 1803 hastam
1258 1773 1391 1813 fignificat
1402 1796 1408 1802 .
1435 1781 1447 1809 [
1460 1774 1515 1811 Qui
1527 1784 1592 1802 mox
1604 1772 1719 1801 extendi
1729 1782 1789 1801 eam

992 1815 1133 1843 mandavit
1145 1815 1173 1842 in
1185 1825 1286 1843 conto.
1309 1815 1344 1842 In
1355 1815 1412 1843 vita
1427 1816 1451 1844 S.
1462 1815 1589 1844 Martinae
1602 1834 1609 1840 .
1630 1816 1641 1844 ]
1658 1815 1714 1841 FR.
1730 1814 1790 1847 [In

992 1855 1081 1883 contis
1093 1877 1100 1887 ,
1124 1860 1151 1884 ἃ
1161 1855 1191 1883 iii
1201 1855 1282 1884 scutis
1291 1874 1298 1881 ·
1310 1854 1420 1892 Juditli.
1430 1867 1459 1892 9.
1469 1867 1499 1892 9.
1510 1858 1543 1883 Et
1553 1854 1732 1893 egredientur
1740 1852 1789 1880 lia-

993 1896 1122 1924 bnatorcs
1141 1896 1175 1924 de
1193 1896 1363 1925 Civitatibus
1383 1896 1467 1925 Israel
1477 1918 1485 1929 ‚
1509 1900 1537 1924 δε
1555 1894 1721 1924 succendent
1730 1915 1738 1926 ‚
1761 1897 1790 1922 δε

993 1938 1152 1965 comburent
1172 1947 1243 1965 arma
1255 1959 1262 1970 ,
1286 1937 1434 1974 clypeum,
1457 1941 1485 1966 δε
1503 1936 1607 1969 hastas,
1630 1944 1718 1964 arcum
1730 1955 1738 1966 ‚
1761 1937 1789 1962 δε

991 1977 1101 2016 sagittas
1113 1999 1118 2009 ,
1132 1981 1159 2006 ὃ(
1168 1978 1275 2006 baculos
1285 1999 1293 2010 ‚
1306 1987 1396 2006 manus
1407 2000 1415 2012 ,
1425 1982 1452 2006 ὃ(
1463 1988 1570 2009 contos,
1582 1975 1681 2005 Ezech.
1693 1986 1741 2012 39.
1757 1985 1786 2011 9·

994 2022 1030 2046 Et
1042 2019 1171 2046 levabunt
1185 2029 1233 2047 vos
1243 2020 1272 2046 iii
1284 2019 1372 2047 contis
1383 2040 1390 2046 .
1414 2018 1509 2048 Amos.
1521 2031 1547 2054 4.
1560 2030 1585 2047 ι.
1664 2030 1667 2032 ·

140 2060 250 2100 passivo
270 2060 347 2091 sensu
360 2063 394 2091 iic
406 2063 510 2102 repetit
525 2075 530 2090 .-
545 2068 557 2097 [
572 2065 701 2092 Annuam
711 2061 913 2089 continentiam
925 2073 938 2089 a
954 2060 1157 2089 CoNvALesco
1167 2079 1174 2086 .
1196 2061 1290 2088 FR.1n
1302 2060 1376 2088 rebus
1388 2060 1544 2090 inanimatis
1558 2080 1566 2091 ‚
1588 2055 1768 2086 &moralibus
1781 2074 1790 2082 ·

140 2113 167 2130 te
180 2103 303 2130 volumus
315 2102 399 2135 fieri]
412 2107 447 2132 Et
457 2105 486 2132 in
498 2104 595 2132 eodem
604 2102 711 2141 Regist.
722 2102 857 2140 reperitur
869 2106 924 2130 Con

140 2153 228 2171 timor
239 2144 288 2181 pro
298 2142 460 2176 sustentati,
480 2146 535 2173 {R
550 2151 560 2180 [
573 2148 606 2173 Et
617 2145 708 2172 locum
721 2165 728 2175 ‚
748 2142 938 2170 velastionem

141 2183 289 2222 provideat
302 2204 309 2215 ,
333 2195 366 2212 ex
379 2195 430 2222 qua
439 2183 607 2215 quotidianis
618 2183 759 2223 stipendiis
771 2184 859 2211 valeat
871 2193 937 2210 con-

994 2101 1038 2128 Ut
1052 2099 1080 2126 in
1090 2099 1139 2128 hac
1150 2100 1284 2128 electione
1295 2122 1303 2132 ,
1328 2111 1376 2128 iicc
1389 2101 1466 2130 datio
1477 2097 1689 2138 quibuscumque
1700 2096 1791 2124 modis

995 2141 1162 2169 interveniat
1174 2142 1351 2179 praeniiorum
1364 2163 1370 2172 .
1395 2152 1443 2170 nec
1461 2139 1642 2179 quarumlibet
1662 2136 1791 2175 persona-

996 2191 1055 2209 rum
1066 2181 1217 2219 patrocinia
1228 2181 1421 2211 convalescant
1432 2204 1439 2215 ‚
1452 2192 1509 2209 can.
1520 2179 1604 2209 Illud.
1618 2184 1643 2207 8.
1654 2178 1747 2217 quaest.
1762 2188 1790 2204 2-

141 2223 228 2251 xineii
239 2245 245 2251 .
269 2223 349 2252 Idem
362 2246 369 2257 ,
394 2226 440 2253 lib.
464 2237 489 2253 ι.
501 2226 582 2264 epist.
596 2228 665 2257 28.]
680 2227 752 2253 Item
771 2234 821 2262 pro
831 2222 936 2251 affectus
955 2222 1104 2251 convena
1116 2243 1123 2255 ,
1136 2222 1300 2250 coadunatus
1312 2245 1318 2256 ,
1330 2231 1528 2261 congregatus:
1543 2227 1554 2255 [
1567 2223 1626 2258 Ego
1635 2219 1790 2247 exercitum

143 2263 355 2293 conservatione
367 2287 373 2298 ,
384 2264 428 2294 seu
438 2265 682 2304 correspondeiitia
695 2286 702 2293 .
714 2271 726 2300 [
739 2265 827 2292 Miror
836 2273 937 2296 autem,

139 2305 215 2343 quod
232 2305 261 2332 in
281 2316 323 2334 me
343 2306 452 2334 collatas
466 2307 566 2334 :ludum
578 2306 764 2335 continentias
787 2304 885 2333 vestras
905 2316 936 2332 et

995 2273 1071 2291 tuum
1091 2273 1124 2290 ex
1146 2264 1239 2291 multis
1259 2263 1406 2292 indomitis
1426 2265 1594 2293 Convenam
1617 2258 1790 2289 nationibus·

997 2302 1121 2332 Ambros.
1136 2314 1160 2339 5.
1170 2304 1246 2342 epist.
1260 2316 1305 2341 29.

139 2345 188 2374 hac
199 2345 328 2376 moderna
338 2346 477 2387 pastoralis
487 2348 574 2376 officii
585 2347 757 2377 continentia
767 2345 937 2376 distraxistis.
955 2345 980 2373 C
991 2356 1008 2372 0
1023 2356 1039 2374 N
1051 2356 1067 2373 v
1079 2354 1092 2372 E
1106 2355 1122 2373 N
1137 2355 1153 2373 i·
1167 2356 1184 2373 o
1197 2367 1206 2379 ‚
1230 2345 1463 2384 frequentativum
1490 2345 1599 2375 verbum
1619 2363 1628 2376 ,
1651 2351 1683 2369 ex
1712 2339 1789 2366 Con⁴

1704 2388 1750 2408 vc-
