<?xml version="1.0" encoding="UTF-8"?>
<!DOCTYPE html PUBLIC "-//W3C//DTD XHTML 1.0 Transitional//EN"
    "http://www.w3.org/TR/xhtml1/DTD/xhtml1-transitional.dtd">
<html xmlns="http://www.w3.org/1999/xhtml" xml:lang="en" lang="en">
 <head>
  <title>
</title>
<meta http-equiv="Content-Type" content="text/html;charset=utf-8" />
  <meta name='ocr-system' content='tesseract 3.04.00' />
  <meta name='ocr-capabilities' content='ocr_page ocr_carea ocr_par ocr_line ocrx_word'/>
</head>
<body>
  <div class='ocr_page' id='page_1' title='image "./dominicimacrimel00magr/dominicimacrimel00magr_0166.png"; bbox 0 0 1866 2526; ppageno 0'>
   <div class='ocr_carea' id='block_1_1' title="bbox 157 20 593 74">
    <p class='ocr_par' dir='ltr' id='par_1_1' title="bbox 157 20 593 74">
     <span class='ocr_line' id='line_1_1' title="bbox 157 20 593 74; baseline 0.009 -14"><span class='ocrx_word' id='word_1_1' title='bbox 157 20 230 74; x_wconf 78' lang='lat'>138</span> <span class='ocrx_word' id='word_1_2' title='bbox 487 21 527 62; x_wconf 89' lang='lat' dir='ltr'>C</span> <span class='ocrx_word' id='word_1_3' title='bbox 562 28 593 64; x_wconf 70' lang='lat' dir='ltr'>A</span> 
     </span>
    </p>
   </div>
   <div class='ocr_carea' id='block_1_2' title="bbox 95 77 931 635">
    <p class='ocr_par' dir='ltr' id='par_1_2' title="bbox 135 77 931 399">
     <span class='ocr_line' id='line_1_2' title="bbox 135 77 931 111; baseline 0 -5"><span class='ocrx_word' id='word_1_4' title='bbox 135 77 371 108; x_wconf 63' lang='lat' dir='ltr'>Archidi&#39;aconum</span> <span class='ocrx_word' id='word_1_5' title='bbox 381 99 389 111; x_wconf 92' lang='lat'>‚</span> <span class='ocrx_word' id='word_1_6' title='bbox 411 81 439 106; x_wconf 90' lang='lat'>&amp;</span> <span class='ocrx_word' id='word_1_7' title='bbox 458 78 661 109; x_wconf 74' lang='lat' dir='ltr'>Cancellarium</span> <span class='ocrx_word' id='word_1_8' title='bbox 680 79 705 109; x_wconf 91' lang='lat' dir='ltr'>S.</span> <span class='ocrx_word' id='word_1_9' title='bbox 716 80 753 108; x_wconf 90' lang='lat' dir='ltr'>R.</span> <span class='ocrx_word' id='word_1_10' title='bbox 766 80 796 107; x_wconf 75' lang='lat' dir='ltr'>E.</span> <span class='ocrx_word' id='word_1_11' title='bbox 808 77 931 108; x_wconf 80' lang='lat' dir='ltr'>declara-¹</span> 
     </span>
     <span class='ocr_line' id='line_1_3' title="bbox 138 117 926 158; baseline -0.001 -10"><span class='ocrx_word' id='word_1_12' title='bbox 138 127 200 148; x_wconf 69' lang='lat' dir='ltr'>tum</span> <span class='ocrx_word' id='word_1_13' title='bbox 208 117 285 148; x_wconf 66' lang='lat' dir='ltr'>fuiffe</span> <span class='ocrx_word' id='word_1_14' title='bbox 295 141 302 153; x_wconf 90' lang='lat'><em>,</em></span> <span class='ocrx_word' id='word_1_15' title='bbox 324 124 352 149; x_wconf 74' lang='grc' dir='ltr'>ὅ(</span> <span class='ocrx_word' id='word_1_16' title='bbox 363 119 397 148; x_wconf 81' lang='lat' dir='ltr'>ad</span> <span class='ocrx_word' id='word_1_17' title='bbox 407 121 539 157; x_wconf 79' lang='lat' dir='ltr'>Papatum</span> <span class='ocrx_word' id='word_1_18' title='bbox 549 122 650 150; x_wconf 85' lang='lat' dir='ltr'>deinde</span> <span class='ocrx_word' id='word_1_19' title='bbox 661 120 822 158; x_wconf 85' lang='lat' dir='ltr'>ass&#39;umptum</span> <span class='ocrx_word' id='word_1_20' title='bbox 832 141 840 153; x_wconf 91' lang='lat'>,</span> <span class='ocrx_word' id='word_1_21' title='bbox 865 121 926 148; x_wconf 88' lang='lat' dir='ltr'>Ste-</span> 
     </span>
     <span class='ocr_line' id='line_1_4' title="bbox 136 158 926 199; baseline 0 -11"><span class='ocrx_word' id='word_1_22' title='bbox 136 158 256 198; x_wconf 79' lang='lat' dir='ltr'><strong>phanum</strong></span> <span class='ocrx_word' id='word_1_23' title='bbox 265 162 298 189; x_wconf 84' lang='lat' dir='ltr'>X.</span> <span class='ocrx_word' id='word_1_24' title='bbox 310 160 476 199; x_wconf 75' lang='lat' dir='ltr'>appellatum</span> <span class='ocrx_word' id='word_1_25' title='bbox 485 181 491 188; x_wconf 87' lang='lat'>.</span> <span class='ocrx_word' id='word_1_26' title='bbox 506 163 545 195; x_wconf 66' lang='lat' dir='ltr'>:lli</span> <span class='ocrx_word' id='word_1_27' title='bbox 554 164 632 191; x_wconf 85' lang='lat' dir='ltr'>Inter</span> <span class='ocrx_word' id='word_1_28' title='bbox 642 160 802 191; x_wconf 78' lang='lat' dir='ltr'>Melitenses</span> <span class='ocrx_word' id='word_1_29' title='bbox 814 165 926 199; x_wconf 79' lang='lat' dir='ltr'>Equites</span> 
     </span>
     <span class='ocr_line' id='line_1_5' title="bbox 135 201 922 242; baseline 0 -14"><span class='ocrx_word' id='word_1_30' title='bbox 135 201 272 238; x_wconf 81' lang='lat' dir='ltr'>reperitur</span> <span class='ocrx_word' id='word_1_31' title='bbox 291 211 400 240; x_wconf 86' lang='lat' dir='ltr'>quoque</span> <span class='ocrx_word' id='word_1_32' title='bbox 408 201 540 239; x_wconf 76' lang='lat' dir='ltr'>Dignitns</span> <span class='ocrx_word' id='word_1_33' title='bbox 552 203 647 242; x_wconf 81' lang='lat' dir='ltr'>Magni</span> <span class='ocrx_word' id='word_1_34' title='bbox 666 202 832 232; x_wconf 68' lang='lat' dir='ltr'>cancellarii</span> <span class='ocrx_word' id='word_1_35' title='bbox 845 222 852 233; x_wconf 86' lang='lat'><em>,</em></span> <span class='ocrx_word' id='word_1_36' title='bbox 863 211 922 238; x_wconf 82' lang='lat' dir='ltr'>quae</span> 
     </span>
     <span class='ocr_line' id='line_1_6' title="bbox 136 241 924 281; baseline -0.001 -12"><span class='ocrx_word' id='word_1_37' title='bbox 136 241 169 269; x_wconf 69' lang='lat' dir='ltr'>ad</span> <span class='ocrx_word' id='word_1_38' title='bbox 179 241 327 270; x_wconf 72' lang='lat' dir='ltr'>Primetem</span> <span class='ocrx_word' id='word_1_39' title='bbox 336 242 437 281; x_wconf 77' lang='lat' dir='ltr'>linguae</span> <span class='ocrx_word' id='word_1_40' title='bbox 449 242 577 271; x_wconf 43' lang='lat' dir='ltr'>castellas</span> <span class='ocrx_word' id='word_1_41' title='bbox 587 265 595 276; x_wconf 84' lang='lat'><em>‚</em></span> <span class='ocrx_word' id='word_1_42' title='bbox 620 248 647 272; x_wconf 81' lang='grc' dir='ltr'>ὅ(</span> <span class='ocrx_word' id='word_1_43' title='bbox 657 242 801 271; x_wconf 69' lang='lat' dir='ltr'>Lusitaniae</span> <span class='ocrx_word' id='word_1_44' title='bbox 812 241 924 279; x_wconf 55' lang='lat' dir='ltr'>speetu,</span> 
     </span>
     <span class='ocr_line' id='line_1_7' title="bbox 137 281 923 320; baseline -0.001 -10"><span class='ocrx_word' id='word_1_45' title='bbox 137 282 218 320; x_wconf 84' lang='lat' dir='ltr'>eique</span> <span class='ocrx_word' id='word_1_46' title='bbox 242 282 488 311; x_wconf 85' lang='lat' dir='ltr'>Viceeancellarius</span> <span class='ocrx_word' id='word_1_47' title='bbox 509 281 680 312; x_wconf 81' lang='lat' dir='ltr'>substituitur</span> <span class='ocrx_word' id='word_1_48' title='bbox 701 303 707 310; x_wconf 88' lang='lat'><strong>.</strong></span> <span class='ocrx_word' id='word_1_49' title='bbox 732 282 806 310; x_wconf 86' lang='lat' dir='ltr'>Vide</span> <span class='ocrx_word' id='word_1_50' title='bbox 837 286 923 310; x_wconf 71' lang='lat' dir='ltr'>Cam-</span> 
     </span>
     <span class='ocr_line' id='line_1_8' title="bbox 138 323 923 353; baseline 0.001 -3"><span class='ocrx_word' id='word_1_51' title='bbox 138 323 227 350; x_wconf 76' lang='lat' dir='ltr'>rleum</span> <span class='ocrx_word' id='word_1_52' title='bbox 237 343 245 350; x_wconf 84' lang='lat'><strong><em>.</em></strong></span> <span class='ocrx_word' id='word_1_53' title='bbox 268 323 448 352; x_wconf 77' lang='lat' dir='ltr'>Cnncellariae</span> <span class='ocrx_word' id='word_1_54' title='bbox 469 325 603 352; x_wconf 64' lang='lat' dir='ltr'>Romanae</span> <span class='ocrx_word' id='word_1_55' title='bbox 624 323 766 353; x_wconf 80' lang='lat' dir='ltr'>Officiales</span> <span class='ocrx_word' id='word_1_56' title='bbox 777 342 783 349; x_wconf 93' lang='lat'><strong>.</strong></span> <span class='ocrx_word' id='word_1_57' title='bbox 808 324 842 349; x_wconf 88' lang='lat' dir='ltr'>V.</span> <span class='ocrx_word' id='word_1_58' title='bbox 865 324 923 351; x_wconf 74' lang='lat' dir='ltr'>Ab-</span> 
     </span>
     <span class='ocr_line' id='line_1_9' title="bbox 136 363 516 399; baseline 0.005 -9"><span class='ocrx_word' id='word_1_59' title='bbox 136 363 306 392; x_wconf 57' lang='lat' dir='ltr'>breviatores</span> <span class='ocrx_word' id='word_1_60' title='bbox 317 384 324 391; x_wconf 82' lang='lat'><em>.</em></span> <span class='ocrx_word' id='word_1_61' title='bbox 342 367 498 399; x_wconf 62' lang='lat' dir='ltr'>Janm‘zari</span> <span class='ocrx_word' id='word_1_62' title='bbox 510 385 516 391; x_wconf 91' lang='lat'><em>.</em></span> 
     </span>
    </p>

    <p class='ocr_par' dir='ltr' id='par_1_3' title="bbox 95 403 923 635">
     <span class='ocr_line' id='line_1_10' title="bbox 95 403 923 443; baseline -0.001 -11"><span class='ocrx_word' id='word_1_63' title='bbox 95 403 250 433; x_wconf 60' lang='lat' dir='ltr'>Cuiam</span> <span class='ocrx_word' id='word_1_64' title='bbox 261 426 266 436; x_wconf 83' lang='lat'>‚</span> <span class='ocrx_word' id='word_1_65' title='bbox 279 414 354 432; x_wconf 85' lang='lat' dir='ltr'>erant</span> <span class='ocrx_word' id='word_1_66' title='bbox 366 405 396 433; x_wconf 91' lang='lat' dir='ltr'>in</span> <span class='ocrx_word' id='word_1_67' title='bbox 405 404 520 433; x_wconf 77' lang='lat' dir='ltr'>Ecclesia</span> <span class='ocrx_word' id='word_1_68' title='bbox 531 415 596 433; x_wconf 81' lang='lat' dir='ltr'>ante</span> <span class='ocrx_word' id='word_1_69' title='bbox 607 406 700 434; x_wconf 85' lang='lat' dir='ltr'>Altare</span> <span class='ocrx_word' id='word_1_70' title='bbox 710 425 718 437; x_wconf 85' lang='lat'><em>,</em></span> <span class='ocrx_word' id='word_1_71' title='bbox 742 404 835 443; x_wconf 83' lang='lat' dir='ltr'>quibus</span> <span class='ocrx_word' id='word_1_72' title='bbox 846 406 923 433; x_wconf 87' lang='lat' dir='ltr'>Pres-</span> 
     </span>
     <span class='ocr_line' id='line_1_11' title="bbox 136 442 920 478; baseline 0 -6"><span class='ocrx_word' id='word_1_73' title='bbox 136 444 226 478; x_wconf 85' lang='lat' dir='ltr'>byteri</span> <span class='ocrx_word' id='word_1_74' title='bbox 238 455 250 473; x_wconf 84' lang='lat' dir='ltr'>:i</span> <span class='ocrx_word' id='word_1_75' title='bbox 262 442 350 473; x_wconf 74' lang='lat' dir='ltr'>Laicis</span> <span class='ocrx_word' id='word_1_76' title='bbox 361 445 571 476; x_wconf 76' lang='lat' dir='ltr'>dividebantur5</span> <span class='ocrx_word' id='word_1_77' title='bbox 584 445 611 473; x_wconf 87' lang='lat' dir='ltr'>in</span> <span class='ocrx_word' id='word_1_78' title='bbox 623 444 820 474; x_wconf 72' lang='lat' dir='ltr'>eremoniali</span> <span class='ocrx_word' id='word_1_79' title='bbox 831 454 920 472; x_wconf 78' lang='lat' dir='ltr'>autem</span> 
     </span>
     <span class='ocr_line' id='line_1_12' title="bbox 136 484 921 524; baseline 0.003 -12"><span class='ocrx_word' id='word_1_80' title='bbox 136 485 238 513; x_wconf 80' lang='lat' dir='ltr'>Cencii</span> <span class='ocrx_word' id='word_1_81' title='bbox 249 486 404 514; x_wconf 77' lang='lat' dir='ltr'>Camerarii</span> <span class='ocrx_word' id='word_1_82' title='bbox 416 491 484 524; x_wconf 67' lang='lat' dir='ltr'>Rigae</span> <span class='ocrx_word' id='word_1_83' title='bbox 496 496 630 515; x_wconf 84' lang='lat' dir='ltr'>vocantur</span> <span class='ocrx_word' id='word_1_84' title='bbox 640 506 646 513; x_wconf 87' lang='lat'><strong>.</strong></span> <span class='ocrx_word' id='word_1_85' title='bbox 671 492 682 520; x_wconf 94' lang='lat'>[</span> <span class='ocrx_word' id='word_1_86' title='bbox 695 486 778 514; x_wconf 81' lang='lat' dir='ltr'>Vadit</span> <span class='ocrx_word' id='word_1_87' title='bbox 789 484 871 523; x_wconf 86' lang='lat' dir='ltr'>usque</span> <span class='ocrx_word' id='word_1_88' title='bbox 889 486 921 514; x_wconf 81' lang='lat' dir='ltr'>ad</span> 
     </span>
     <span class='ocr_line' id='line_1_13' title="bbox 137 525 921 564; baseline 0.001 -11"><span class='ocrx_word' id='word_1_89' title='bbox 137 526 209 564; x_wconf 79' lang='lat' dir='ltr'>rigas</span> <span class='ocrx_word' id='word_1_90' title='bbox 228 527 350 563; x_wconf 69' lang='lat' dir='ltr'>Capellae</span> <span class='ocrx_word' id='word_1_91' title='bbox 363 546 369 553; x_wconf 90' lang='lat'><strong>.</strong></span> <span class='ocrx_word' id='word_1_92' title='bbox 384 529 395 557; x_wconf 90' lang='lat'><em>]</em></span> <span class='ocrx_word' id='word_1_93' title='bbox 420 527 453 554; x_wconf 86' lang='lat' dir='ltr'>de</span> <span class='ocrx_word' id='word_1_94' title='bbox 464 529 536 564; x_wconf 74' lang='lat' dir='ltr'>Papa</span> <span class='ocrx_word' id='word_1_95' title='bbox 553 527 692 564; x_wconf 87' lang='lat' dir='ltr'>loquitur.</span> <span class='ocrx_word' id='word_1_96' title='bbox 716 528 789 554; x_wconf 84' lang='lat' dir='ltr'>Item</span> <span class='ocrx_word' id='word_1_97' title='bbox 806 525 882 554; x_wconf 83' lang='lat' dir='ltr'>sedes</span> <span class='ocrx_word' id='word_1_98' title='bbox 893 527 921 554; x_wconf 88' lang='lat' dir='ltr'>in</span> 
     </span>
     <span class='ocr_line' id='line_1_14' title="bbox 135 565 921 605; baseline 0.001 -11"><span class='ocrx_word' id='word_1_99' title='bbox 135 565 221 594; x_wconf 82' lang='lat' dir='ltr'>choro</span> <span class='ocrx_word' id='word_1_100' title='bbox 232 587 239 594; x_wconf 88' lang='lat'><strong>.</strong></span> <span class='ocrx_word' id='word_1_101' title='bbox 261 566 333 594; x_wconf 86' lang='lat' dir='ltr'>Vide</span> <span class='ocrx_word' id='word_1_102' title='bbox 346 567 449 595; x_wconf 73' lang='lat' dir='ltr'>Chorus</span> <span class='ocrx_word' id='word_1_103' title='bbox 460 587 467 594; x_wconf 89' lang='lat'><em>.</em></span> <span class='ocrx_word' id='word_1_104' title='bbox 489 569 632 604; x_wconf 65' lang='lat' dir='ltr'>Czstelium</span> <span class='ocrx_word' id='word_1_105' title='bbox 642 587 648 594; x_wconf 87' lang='lat'>.</span> <span class='ocrx_word' id='word_1_106' title='bbox 668 567 804 595; x_wconf 73' lang='lat' dir='ltr'>Solarium</span> <span class='ocrx_word' id='word_1_107' title='bbox 825 566 921 605; x_wconf 72' lang='lat' dir='ltr'>exposi-</span> 
     </span>
     <span class='ocr_line' id='line_1_15' title="bbox 134 615 236 635; baseline 0.01 -2"><span class='ocrx_word' id='word_1_108' title='bbox 134 615 217 635; x_wconf 65' lang='lat' dir='ltr'>isonis</span> <span class='ocrx_word' id='word_1_109' title='bbox 229 628 236 634; x_wconf 81' lang='grc'><em>.</em></span> 
     </span>
    </p>
   </div>
   <div class='ocr_carea' id='block_1_3' title="bbox 1262 22 1367 67">
    <p class='ocr_par' dir='ltr' id='par_1_4' title="bbox 1262 22 1367 67">
     <span class='ocr_line' id='line_1_16' title="bbox 1262 22 1367 67; baseline 0.029 -3"><span class='ocrx_word' id='word_1_110' title='bbox 1262 22 1367 67; x_wconf 82' lang='lat' dir='ltr'>CA</span> 
     </span>
    </p>
   </div>
   <div class='ocr_carea' id='block_1_4' title="bbox 976 77 1767 648">
    <p class='ocr_par' dir='ltr' id='par_1_5' title="bbox 976 77 1767 648">
     <span class='ocr_line' id='line_1_17' title="bbox 976 77 1764 120; baseline 0.005 -15"><span class='ocrx_word' id='word_1_111' title='bbox 976 77 1131 116; x_wconf 63' lang='lat' dir='ltr'>praesidium</span> <span class='ocrx_word' id='word_1_112' title='bbox 1143 79 1293 120; x_wconf 70' lang='lat' dir='ltr'>aggressam</span> <span class='ocrx_word' id='word_1_113' title='bbox 1305 103 1313 114; x_wconf 94' lang='lat'>,</span> <span class='ocrx_word' id='word_1_114' title='bbox 1335 80 1481 111; x_wconf 75' lang='lat' dir='ltr'>Petronius</span> <span class='ocrx_word' id='word_1_115' title='bbox 1491 92 1551 111; x_wconf 82' lang='lat' dir='ltr'>cum</span> <span class='ocrx_word' id='word_1_116' title='bbox 1571 80 1674 112; x_wconf 82' lang='lat' dir='ltr'>auxilio</span> <span class='ocrx_word' id='word_1_117' title='bbox 1686 91 1764 110; x_wconf 83' lang='lat' dir='ltr'>ante-</span> 
     </span>
     <span class='ocr_line' id='line_1_18' title="bbox 978 119 1759 164; baseline 0.004 -16"><span class='ocrx_word' id='word_1_118' title='bbox 978 119 1063 147; x_wconf 89' lang='lat' dir='ltr'>vertit</span> <span class='ocrx_word' id='word_1_119' title='bbox 1081 140 1090 146; x_wconf 85' lang='lat'><strong>.</strong></span> <span class='ocrx_word' id='word_1_120' title='bbox 1111 121 1206 150; x_wconf 80' lang='lat' dir='ltr'>Strabo</span> <span class='ocrx_word' id='word_1_121' title='bbox 1226 122 1329 151; x_wconf 84' lang='lat' dir='ltr'>ibidem</span> <span class='ocrx_word' id='word_1_122' title='bbox 1347 134 1354 154; x_wconf 79' lang='lat'>5</span> <span class='ocrx_word' id='word_1_123' title='bbox 1379 127 1414 152; x_wconf 83' lang='lat' dir='ltr'>Et</span> <span class='ocrx_word' id='word_1_124' title='bbox 1433 125 1515 162; x_wconf 85' lang='lat' dir='ltr'>paulo</span> <span class='ocrx_word' id='word_1_125' title='bbox 1532 124 1593 164; x_wconf 85' lang='lat' dir='ltr'>post</span> <span class='ocrx_word' id='word_1_126' title='bbox 1610 122 1732 162; x_wconf 73' lang='lat' dir='ltr'>sequitur</span> <span class='ocrx_word' id='word_1_127' title='bbox 1752 134 1759 149; x_wconf 85' lang='lat'>:</span> 
     </span>
     <span class='ocr_line' id='line_1_19' title="bbox 980 158 1767 205; baseline 0.004 -17"><span class='ocrx_word' id='word_1_128' title='bbox 980 158 1143 194; x_wconf 63' lang='lat' dir='ltr'>[Caesarem</span> <span class='ocrx_word' id='word_1_129' title='bbox 1164 162 1331 192; x_wconf 85' lang='lat' dir='ltr'>invenerunt</span> <span class='ocrx_word' id='word_1_130' title='bbox 1349 163 1379 192; x_wconf 88' lang='lat' dir='ltr'>in</span> <span class='ocrx_word' id='word_1_131' title='bbox 1388 164 1495 199; x_wconf 77' lang='lat' dir='ltr'><strong>Syriam</strong></span> <span class='ocrx_word' id='word_1_132' title='bbox 1516 164 1651 205; x_wconf 71' lang='lat' dir='ltr'>progredi</span> <span class='ocrx_word' id='word_1_133' title='bbox 1668 174 1767 202; x_wconf 71' lang='lat' dir='ltr'>partin·</span> 
     </span>
     <span class='ocr_line' id='line_1_20' title="bbox 978 202 1764 238; baseline 0.014 -11"><span class='ocrx_word' id='word_1_134' title='bbox 978 209 1034 227; x_wconf 87' lang='lat' dir='ltr'>tem</span> <span class='ocrx_word' id='word_1_135' title='bbox 1046 222 1053 233; x_wconf 86' lang='lat'><em>,</em></span> <span class='ocrx_word' id='word_1_136' title='bbox 1065 204 1093 229; x_wconf 78' lang='grc' dir='ltr'>ὃς</span> <span class='ocrx_word' id='word_1_137' title='bbox 1102 202 1241 231; x_wconf 81' lang='lat' dir='ltr'>Tiberium</span> <span class='ocrx_word' id='word_1_138' title='bbox 1254 204 1286 232; x_wconf 87' lang='lat' dir='ltr'>in</span> <span class='ocrx_word' id='word_1_139' title='bbox 1293 205 1450 233; x_wconf 75' lang='lat' dir='ltr'>Armeniam</span> <span class='ocrx_word' id='word_1_140' title='bbox 1461 225 1468 234; x_wconf 86' lang='lat'>.</span> <span class='ocrx_word' id='word_1_141' title='bbox 1492 207 1600 235; x_wconf 77' lang='lat' dir='ltr'>Ibidem</span> <span class='ocrx_word' id='word_1_142' title='bbox 1612 227 1619 234; x_wconf 85' lang='lat'>.</span> <span class='ocrx_word' id='word_1_143' title='bbox 1631 208 1642 237; x_wconf 93' lang='lat'>]</span> <span class='ocrx_word' id='word_1_144' title='bbox 1658 205 1703 234; x_wconf 78' lang='lat' dir='ltr'>Ad</span> <span class='ocrx_word' id='word_1_145' title='bbox 1712 205 1764 238; x_wconf 82' lang='lat' dir='ltr'>SY-</span> 
     </span>
     <span class='ocr_line' id='line_1_21' title="bbox 980 240 1760 283; baseline 0.006 -16"><span class='ocrx_word' id='word_1_146' title='bbox 980 241 1048 268; x_wconf 72' lang='lat' dir='ltr'>riam</span> <span class='ocrx_word' id='word_1_147' title='bbox 1058 240 1134 269; x_wconf 70' lang='lat' dir='ltr'>siu&#39;ffe</span> <span class='ocrx_word' id='word_1_148' title='bbox 1144 243 1283 273; x_wconf 64' lang='lat' dir='ltr'>Caest-rem</span> <span class='ocrx_word' id='word_1_149' title='bbox 1293 255 1368 274; x_wconf 86' lang='lat' dir='ltr'>anno</span> <span class='ocrx_word' id='word_1_150' title='bbox 1378 244 1486 275; x_wconf 81' lang='lat' dir='ltr'>Christi</span> <span class='ocrx_word' id='word_1_151' title='bbox 1499 258 1543 283; x_wconf 84' lang='lat'>19.</span> <span class='ocrx_word' id='word_1_152' title='bbox 1553 247 1591 275; x_wconf 83' lang='lat' dir='ltr'>ait</span> <span class='ocrx_word' id='word_1_153' title='bbox 1611 246 1760 275; x_wconf 55' lang='lat' dir='ltr'>Bai-onium</span> 
     </span>
     <span class='ocr_line' id='line_1_22' title="bbox 978 282 1765 325; baseline 0.005 -16"><span class='ocrx_word' id='word_1_154' title='bbox 978 292 1045 320; x_wconf 87' lang='lat' dir='ltr'>crgo</span> <span class='ocrx_word' id='word_1_155' title='bbox 1055 282 1170 310; x_wconf 72' lang='lat' dir='ltr'>eandem</span> <span class='ocrx_word' id='word_1_156' title='bbox 1180 285 1329 313; x_wconf 77' lang='lat' dir='ltr'>Candacen</span> <span class='ocrx_word' id='word_1_157' title='bbox 1339 285 1516 324; x_wconf 68' lang='lat' dir='ltr'>supet-vixisti:</span> <span class='ocrx_word' id='word_1_158' title='bbox 1528 297 1577 325; x_wconf 85' lang='lat' dir='ltr'>per</span> <span class='ocrx_word' id='word_1_159' title='bbox 1586 288 1654 316; x_wconf 82' lang='lat' dir='ltr'>alios</span> <span class='ocrx_word' id='word_1_160' title='bbox 1667 285 1765 314; x_wconf 88' lang='lat' dir='ltr'>sexde-</span> 
     </span>
     <span class='ocr_line' id='line_1_23' title="bbox 978 325 1764 364; baseline 0.01 -16"><span class='ocrx_word' id='word_1_161' title='bbox 978 333 1032 349; x_wconf 85' lang='lat' dir='ltr'>cim</span> <span class='ocrx_word' id='word_1_162' title='bbox 1042 333 1128 350; x_wconf 81' lang='lat' dir='ltr'>annos</span> <span class='ocrx_word' id='word_1_163' title='bbox 1147 325 1389 361; x_wconf 79' lang='lat' dir='ltr'>probabiliffimum</span> <span class='ocrx_word' id='word_1_164' title='bbox 1407 328 1478 361; x_wconf 85' lang='lat' dir='ltr'>erit,</span> <span class='ocrx_word' id='word_1_165' title='bbox 1501 329 1656 360; x_wconf 84' lang='lat' dir='ltr'>nimirum,</span> <span class='ocrx_word' id='word_1_166' title='bbox 1679 325 1764 364; x_wconf 83' lang='lat' dir='ltr'>usque</span> 
     </span>
     <span class='ocr_line' id='line_1_24' title="bbox 979 363 1764 406; baseline 0.004 -15"><span class='ocrx_word' id='word_1_167' title='bbox 979 363 1012 391; x_wconf 82' lang='lat' dir='ltr'>ad</span> <span class='ocrx_word' id='word_1_168' title='bbox 1033 373 1135 391; x_wconf 73' lang='lat' dir='ltr'>annum</span> <span class='ocrx_word' id='word_1_169' title='bbox 1145 364 1252 393; x_wconf 81' lang='lat' dir='ltr'>Christi</span> <span class='ocrx_word' id='word_1_170' title='bbox 1265 375 1311 403; x_wconf 79' lang='lat'>35.</span> <span class='ocrx_word' id='word_1_171' title='bbox 1323 368 1432 406; x_wconf 79' lang='lat' dir='ltr'>quando</span> <span class='ocrx_word' id='word_1_172' title='bbox 1451 372 1507 405; x_wconf 82' lang='lat' dir='ltr'>ejus</span> <span class='ocrx_word' id='word_1_173' title='bbox 1519 367 1664 397; x_wconf 72' lang='lat' dir='ltr'>Eunuchus</span> <span class='ocrx_word' id='word_1_174' title='bbox 1675 378 1688 395; x_wconf 83' lang='lat' dir='ltr'>a</span> <span class='ocrx_word' id='word_1_175' title='bbox 1697 366 1764 395; x_wconf 88' lang='lat' dir='ltr'>Phi-</span> 
     </span>
     <span class='ocr_line' id='line_1_25' title="bbox 978 404 1764 446; baseline 0.011 -15"><span class='ocrx_word' id='word_1_176' title='bbox 978 404 1057 442; x_wconf 80' lang='lat' dir='ltr'>lippo</span> <span class='ocrx_word' id='word_1_177' title='bbox 1074 405 1227 442; x_wconf 72' lang='lat' dir='ltr'>baptizatus</span> <span class='ocrx_word' id='word_1_178' title='bbox 1246 406 1332 435; x_wconf 80' lang='lat' dir='ltr'>fuerat</span> <span class='ocrx_word' id='word_1_179' title='bbox 1342 429 1350 436; x_wconf 88' lang='lat'><strong>.</strong></span> <span class='ocrx_word' id='word_1_180' title='bbox 1371 410 1468 446; x_wconf 80' lang='lat' dir='ltr'>Itaque</span> <span class='ocrx_word' id='word_1_181' title='bbox 1488 410 1611 438; x_wconf 80' lang='lat' dir='ltr'>intentio</span> <span class='ocrx_word' id='word_1_182' title='bbox 1632 408 1745 438; x_wconf 64' lang='lat' dir='ltr'>Beronii</span> <span class='ocrx_word' id='word_1_183' title='bbox 1755 428 1764 440; x_wconf 78' lang='grc' dir='ltr'><strong><em>ι</em></strong></span> 
     </span>
     <span class='ocr_line' id='line_1_26' title="bbox 978 445 1763 486; baseline 0.004 -14"><span class='ocrx_word' id='word_1_184' title='bbox 978 445 1052 482; x_wconf 87' lang='lat' dir='ltr'>quod</span> <span class='ocrx_word' id='word_1_185' title='bbox 1065 446 1157 474; x_wconf 72' lang='lat' dir='ltr'>multae</span> <span class='ocrx_word' id='word_1_186' title='bbox 1167 447 1286 485; x_wconf 70' lang='lat' dir='ltr'>Regina:</span> <span class='ocrx_word' id='word_1_187' title='bbox 1296 447 1470 486; x_wconf 79' lang='lat' dir='ltr'>AEthiopum</span> <span class='ocrx_word' id='word_1_188' title='bbox 1478 451 1620 478; x_wconf 79' lang='lat' dir='ltr'>Candaces</span> <span class='ocrx_word' id='word_1_189' title='bbox 1632 459 1763 477; x_wconf 66' lang='lat' dir='ltr'>vocaren-</span> 
     </span>
     <span class='ocr_line' id='line_1_27' title="bbox 979 488 1760 526; baseline 0.004 -13"><span class='ocrx_word' id='word_1_190' title='bbox 979 495 1023 513; x_wconf 89' lang='lat' dir='ltr'>tur</span> <span class='ocrx_word' id='word_1_191' title='bbox 1033 507 1041 518; x_wconf 91' lang='lat'><em>,</em></span> <span class='ocrx_word' id='word_1_192' title='bbox 1064 496 1097 514; x_wconf 86' lang='lat' dir='ltr'>ex</span> <span class='ocrx_word' id='word_1_193' title='bbox 1109 488 1242 516; x_wconf 76' lang='lat' dir='ltr'>Strabone</span> <span class='ocrx_word' id='word_1_194' title='bbox 1254 499 1310 517; x_wconf 91' lang='lat' dir='ltr'>non</span> <span class='ocrx_word' id='word_1_195' title='bbox 1319 490 1464 526; x_wconf 75' lang='lat' dir='ltr'>probatur:</span> <span class='ocrx_word' id='word_1_196' title='bbox 1487 491 1555 519; x_wconf 85' lang='lat' dir='ltr'>bene</span> <span class='ocrx_word' id='word_1_197' title='bbox 1573 500 1665 518; x_wconf 83' lang='lat' dir='ltr'>tamen</span> <span class='ocrx_word' id='word_1_198' title='bbox 1675 488 1760 517; x_wconf 86' lang='lat' dir='ltr'>Plinii</span> 
     </span>
     <span class='ocr_line' id='line_1_28' title="bbox 976 527 1764 569; baseline 0.009 -16"><span class='ocrx_word' id='word_1_199' title='bbox 976 527 1138 555; x_wconf 65' lang='lat' dir='ltr'>auetoritate</span> <span class='ocrx_word' id='word_1_200' title='bbox 1161 527 1214 556; x_wconf 89' lang='lat' dir='ltr'>hoc</span> <span class='ocrx_word' id='word_1_201' title='bbox 1237 529 1343 566; x_wconf 72' lang='lat' dir='ltr'>probari</span> <span class='ocrx_word' id='word_1_202' title='bbox 1363 529 1489 567; x_wconf 82' lang='lat' dir='ltr'>potuifl&#39;et</span> <span class='ocrx_word' id='word_1_203' title='bbox 1502 552 1507 562; x_wconf 93' lang='lat'><strong><em>‚</em></strong></span> <span class='ocrx_word' id='word_1_204' title='bbox 1531 531 1577 569; x_wconf 88' lang='lat' dir='ltr'>qui</span> <span class='ocrx_word' id='word_1_205' title='bbox 1595 531 1633 559; x_wconf 83' lang='lat' dir='ltr'>ait</span> <span class='ocrx_word' id='word_1_206' title='bbox 1643 552 1651 562; x_wconf 90' lang='lat'><em>,</em></span> <span class='ocrx_word' id='word_1_207' title='bbox 1676 536 1687 565; x_wconf 95' lang='lat'>[</span> <span class='ocrx_word' id='word_1_208' title='bbox 1707 532 1764 557; x_wconf 78' lang='lat' dir='ltr'>Rc-</span> 
     </span>
     <span class='ocr_line' id='line_1_29' title="bbox 977 568 1764 608; baseline 0.004 -14"><span class='ocrx_word' id='word_1_209' title='bbox 977 577 1062 605; x_wconf 78' lang='lat' dir='ltr'>gnare</span> <span class='ocrx_word' id='word_1_210' title='bbox 1073 568 1215 597; x_wconf 72' lang='lat' dir='ltr'>foeminam</span> <span class='ocrx_word' id='word_1_211' title='bbox 1228 570 1377 598; x_wconf 77' lang='lat' dir='ltr'>Candacen</span> <span class='ocrx_word' id='word_1_212' title='bbox 1389 592 1396 602; x_wconf 92' lang='lat'><em>,</em></span> <span class='ocrx_word' id='word_1_213' title='bbox 1409 572 1484 608; x_wconf 79' lang='lat' dir='ltr'>quod</span> <span class='ocrx_word' id='word_1_214' title='bbox 1497 581 1598 599; x_wconf 86' lang='lat' dir='ltr'>nomen</span> <span class='ocrx_word' id='word_1_215' title='bbox 1609 570 1764 606; x_wconf 74' lang='lat' dir='ltr'>multisjam</span> 
     </span>
     <span class='ocr_line' id='line_1_30' title="bbox 978 608 1725 648; baseline 0.003 -13"><span class='ocrx_word' id='word_1_216' title='bbox 978 608 1054 636; x_wconf 73' lang='lat' dir='ltr'>:inuis</span> <span class='ocrx_word' id='word_1_217' title='bbox 1063 609 1096 636; x_wconf 80' lang='lat' dir='ltr'>ad</span> <span class='ocrx_word' id='word_1_218' title='bbox 1108 610 1230 648; x_wconf 74' lang='lat' dir='ltr'>Reginas</span> <span class='ocrx_word' id='word_1_219' title='bbox 1241 610 1348 638; x_wconf 74' lang='lat' dir='ltr'>transiit</span> <span class='ocrx_word' id='word_1_220' title='bbox 1359 632 1366 643; x_wconf 91' lang='lat'><em>‚</em></span> <span class='ocrx_word' id='word_1_221' title='bbox 1379 611 1396 638; x_wconf 91' lang='lat' dir='ltr'>l.</span> <span class='ocrx_word' id='word_1_222' title='bbox 1410 618 1437 639; x_wconf 86' lang='lat'>6.</span> <span class='ocrx_word' id='word_1_223' title='bbox 1447 623 1470 639; x_wconf 88' lang='lat' dir='ltr'>c.</span> <span class='ocrx_word' id='word_1_224' title='bbox 1485 623 1531 647; x_wconf 81' lang='lat'>²9·</span> <span class='ocrx_word' id='word_1_225' title='bbox 1543 612 1613 639; x_wconf 73' lang='lat' dir='ltr'>circa</span> <span class='ocrx_word' id='word_1_226' title='bbox 1623 611 1725 639; x_wconf 84' lang='lat' dir='ltr'>finem.</span> 
     </span>
    </p>
   </div>
   <div class='ocr_carea' id='block_1_5' title="bbox 94 646 1764 690">
    <p class='ocr_par' dir='ltr' id='par_1_6' title="bbox 94 646 1764 690">
     <span class='ocr_line' id='line_1_31' title="bbox 94 646 1764 690; baseline 0.001 -15"><span class='ocrx_word' id='word_1_227' title='bbox 94 646 108 663; x_wconf 72' lang='lat'>‘³‘</span> <span class='ocrx_word' id='word_1_228' title='bbox 131 648 302 676; x_wconf 42' lang='lat' dir='ltr'>(uncum.</span> <span class='ocrx_word' id='word_1_229' title='bbox 327 648 406 685; x_wconf 83' lang='lat' dir='ltr'>Sepra</span> <span class='ocrx_word' id='word_1_230' title='bbox 419 647 560 676; x_wconf 79' lang='lat' dir='ltr'>reticulata</span> <span class='ocrx_word' id='word_1_231' title='bbox 571 659 603 676; x_wconf 79' lang='lat' dir='ltr'>ex</span> <span class='ocrx_word' id='word_1_232' title='bbox 616 648 695 686; x_wconf 77' lang='lat' dir='ltr'>ligno</span> <span class='ocrx_word' id='word_1_233' title='bbox 706 670 713 680; x_wconf 85' lang='lat'>‚</span> <span class='ocrx_word' id='word_1_234' title='bbox 736 658 795 686; x_wconf 81' lang='lat' dir='ltr'>quae</span> <span class='ocrx_word' id='word_1_235' title='bbox 806 647 920 676; x_wconf 81' lang='lat' dir='ltr'>chorum</span> <span class='ocrx_word' id='word_1_236' title='bbox 936 649 1082 678; x_wconf 68' lang='lat' dir='ltr'>CANDELA</span> <span class='ocrx_word' id='word_1_237' title='bbox 1093 669 1100 676; x_wconf 88' lang='lat'><strong>.</strong></span> <span class='ocrx_word' id='word_1_238' title='bbox 1121 651 1224 679; x_wconf 77' lang='lat' dir='ltr'>Cereus</span> <span class='ocrx_word' id='word_1_239' title='bbox 1235 650 1369 679; x_wconf 84' lang='lat' dir='ltr'>funiculus</span> <span class='ocrx_word' id='word_1_240' title='bbox 1380 673 1387 684; x_wconf 89' lang='lat'><em>‚</em></span> <span class='ocrx_word' id='word_1_241' title='bbox 1399 662 1413 680; x_wconf 84' lang='lat' dir='ltr'>a</span> <span class='ocrx_word' id='word_1_242' title='bbox 1424 653 1508 680; x_wconf 86' lang='lat' dir='ltr'>verbo</span> <span class='ocrx_word' id='word_1_243' title='bbox 1523 653 1632 680; x_wconf 70' lang='lat' dir='ltr'>candeo</span> <span class='ocrx_word' id='word_1_244' title='bbox 1641 673 1648 683; x_wconf 85' lang='lat'><em>,</em></span> <span class='ocrx_word' id='word_1_245' title='bbox 1671 651 1764 690; x_wconf 88' lang='lat' dir='ltr'>quoin</span> 
     </span>
    </p>
   </div>
   <div class='ocr_carea' id='block_1_6' title="bbox 135 687 878 726">
    <p class='ocr_par' dir='ltr' id='par_1_7' title="bbox 135 687 878 726">
     <span class='ocr_line' id='line_1_32' title="bbox 135 687 878 726; baseline 0.003 -12"><span class='ocrx_word' id='word_1_246' title='bbox 135 698 149 714; x_wconf 82' lang='lat' dir='ltr'>a</span> <span class='ocrx_word' id='word_1_247' title='bbox 160 687 262 725; x_wconf 74' lang='lat' dir='ltr'>reliqua</span> <span class='ocrx_word' id='word_1_248' title='bbox 273 688 390 717; x_wconf 74' lang='lat' dir='ltr'>Ecclesia</span> <span class='ocrx_word' id='word_1_249' title='bbox 399 687 556 726; x_wconf 69' lang='lat' dir='ltr'>separabant</span> <span class='ocrx_word' id='word_1_250' title='bbox 568 711 575 722; x_wconf 78' lang='lat'><em>‚</em></span> <span class='ocrx_word' id='word_1_251' title='bbox 599 688 692 717; x_wconf 81' lang='lat' dir='ltr'>Euseb.</span> <span class='ocrx_word' id='word_1_252' title='bbox 704 689 749 717; x_wconf 92' lang='lat' dir='ltr'>lib.</span> <span class='ocrx_word' id='word_1_253' title='bbox 765 700 806 717; x_wconf 89' lang='lat'>10.</span> <span class='ocrx_word' id='word_1_254' title='bbox 817 700 839 716; x_wconf 80' lang='lat' dir='ltr'>c.</span> <span class='ocrx_word' id='word_1_255' title='bbox 851 700 878 723; x_wconf 83' lang='lat'>4.</span> 
     </span>
    </p>
   </div>
   <div class='ocr_carea' id='block_1_7' title="bbox 95 728 921 762">
    <p class='ocr_par' dir='ltr' id='par_1_8' title="bbox 95 728 921 762">
     <span class='ocr_line' id='line_1_33' title="bbox 95 728 921 762; baseline 0.002 -6"><span class='ocrx_word' id='word_1_256' title='bbox 95 728 256 758; x_wconf 67' lang='lat' dir='ltr'>CANCELLO</span> <span class='ocrx_word' id='word_1_257' title='bbox 267 751 275 762; x_wconf 92' lang='lat'><em>‚</em></span> <span class='ocrx_word' id='word_1_258' title='bbox 300 729 327 756; x_wconf 89' lang='lat' dir='ltr'>in</span> <span class='ocrx_word' id='word_1_259' title='bbox 339 729 449 757; x_wconf 84' lang='lat' dir='ltr'>modum</span> <span class='ocrx_word' id='word_1_260' title='bbox 460 731 557 758; x_wconf 84' lang='lat' dir='ltr'>Crucis</span> <span class='ocrx_word' id='word_1_261' title='bbox 568 731 592 758; x_wconf 79' lang='lat' dir='ltr'>S.</span> <span class='ocrx_word' id='word_1_262' title='bbox 606 729 724 757; x_wconf 70' lang='lat' dir='ltr'>Andreae</span> <span class='ocrx_word' id='word_1_263' title='bbox 735 729 867 758; x_wconf 68' lang='lat' dir='ltr'>dcciiii-lire</span> <span class='ocrx_word' id='word_1_264' title='bbox 888 729 921 758; x_wconf 78' lang='lat' dir='ltr'>fi-</span> 
     </span>
    </p>
   </div>
   <div class='ocr_carea' id='block_1_8' title="bbox 132 768 922 1010">
    <p class='ocr_par' dir='ltr' id='par_1_9' title="bbox 132 768 922 1010">
     <span class='ocr_line' id='line_1_34' title="bbox 134 768 922 808; baseline 0.001 -12"><span class='ocrx_word' id='word_1_265' title='bbox 134 768 270 807; x_wconf 65' lang='lat' dir='ltr'>gnificats</span> <span class='ocrx_word' id='word_1_266' title='bbox 292 770 447 804; x_wconf 75' lang='lat' dir='ltr'>[Orarium</span> <span class='ocrx_word' id='word_1_267' title='bbox 459 791 466 802; x_wconf 86' lang='lat'><em>,</em></span> <span class='ocrx_word' id='word_1_268' title='bbox 490 771 563 808; x_wconf 84' lang='lat' dir='ltr'>quod</span> <span class='ocrx_word' id='word_1_269' title='bbox 575 774 600 799; x_wconf 61' lang='grc' dir='ltr'>ἃ</span> <span class='ocrx_word' id='word_1_270' title='bbox 613 770 679 798; x_wconf 76' lang='lat' dir='ltr'>stola</span> <span class='ocrx_word' id='word_1_271' title='bbox 699 771 801 798; x_wconf 82' lang='lat' dir='ltr'>dicitur</span> <span class='ocrx_word' id='word_1_272' title='bbox 813 792 819 802; x_wconf 91' lang='lat'><em>‚</em></span> <span class='ocrx_word' id='word_1_273' title='bbox 842 769 922 808; x_wconf 88' lang='lat' dir='ltr'>super</span> 
     </span>
     <span class='ocr_line' id='line_1_35' title="bbox 135 810 921 848; baseline 0.004 -13"><span class='ocrx_word' id='word_1_274' title='bbox 135 810 238 837; x_wconf 84' lang='lat' dir='ltr'>collum</span> <span class='ocrx_word' id='word_1_275' title='bbox 256 810 326 848; x_wconf 84' lang='lat' dir='ltr'>geris</span> <span class='ocrx_word' id='word_1_276' title='bbox 341 832 348 842; x_wconf 85' lang='lat'><em>,</em></span> <span class='ocrx_word' id='word_1_277' title='bbox 372 814 446 846; x_wconf 80' lang='lat' dir='ltr'>cujus</span> <span class='ocrx_word' id='word_1_278' title='bbox 464 810 570 838; x_wconf 65' lang='lat' dir='ltr'>brachia</span> <span class='ocrx_word' id='word_1_279' title='bbox 591 811 623 839; x_wconf 80' lang='lat' dir='ltr'>:id</span> <span class='ocrx_word' id='word_1_280' title='bbox 636 810 723 838; x_wconf 85' lang='lat' dir='ltr'>minus</span> <span class='ocrx_word' id='word_1_281' title='bbox 735 812 921 839; x_wconf 79' lang='lat' dir='ltr'>extenduntur</span> 
     </span>
     <span class='ocr_line' id='line_1_36' title="bbox 132 849 920 890; baseline 0.001 -13"><span class='ocrx_word' id='word_1_282' title='bbox 132 849 215 887; x_wconf 62' lang='lat' dir='ltr'>usque</span> <span class='ocrx_word' id='word_1_283' title='bbox 235 851 269 878; x_wconf 90' lang='lat' dir='ltr'>ad</span> <span class='ocrx_word' id='word_1_284' title='bbox 287 861 394 888; x_wconf 83' lang='lat' dir='ltr'>genua,</span> <span class='ocrx_word' id='word_1_285' title='bbox 418 855 444 879; x_wconf 72' lang='grc' dir='ltr'>ὃ(</span> <span class='ocrx_word' id='word_1_286' title='bbox 466 851 611 879; x_wconf 73' lang='lat' dir='ltr'>cancellari</span> <span class='ocrx_word' id='word_1_287' title='bbox 621 851 722 879; x_wconf 87' lang='lat' dir='ltr'>debent</span> <span class='ocrx_word' id='word_1_288' title='bbox 741 862 788 890; x_wconf 84' lang='lat' dir='ltr'>per</span> <span class='ocrx_word' id='word_1_289' title='bbox 799 851 920 879; x_wconf 74' lang='lat' dir='ltr'>medium</span> 
     </span>
     <span class='ocr_line' id='line_1_37' title="bbox 132 891 922 928; baseline 0.001 -10"><span class='ocrx_word' id='word_1_290' title='bbox 132 892 224 928; x_wconf 64' lang='lat' dir='ltr'>pestus</span> <span class='ocrx_word' id='word_1_291' title='bbox 242 891 272 918; x_wconf 88' lang='lat' dir='ltr'>in</span> <span class='ocrx_word' id='word_1_292' title='bbox 291 892 402 919; x_wconf 78' lang='lat' dir='ltr'>niodum</span> <span class='ocrx_word' id='word_1_293' title='bbox 413 891 509 920; x_wconf 71' lang='lat' dir='ltr'>Crucis</span> <span class='ocrx_word' id='word_1_294' title='bbox 520 912 526 918; x_wconf 83' lang='lat'><strong>.</strong></span> <span class='ocrx_word' id='word_1_295' title='bbox 550 891 618 920; x_wconf 86' lang='lat' dir='ltr'>Bles.</span> <span class='ocrx_word' id='word_1_296' title='bbox 626 892 705 919; x_wconf 84' lang='lat' dir='ltr'>serm.</span> <span class='ocrx_word' id='word_1_297' title='bbox 718 895 791 927; x_wconf 86' lang='lat' dir='ltr'>4i.]</span> <span class='ocrx_word' id='word_1_298' title='bbox 813 894 868 920; x_wconf 78' lang='lat' dir='ltr'>FR.</span> <span class='ocrx_word' id='word_1_299' title='bbox 882 902 922 920; x_wconf 91' lang='lat' dir='ltr'>et-</span> 
     </span>
     <span class='ocr_line' id='line_1_38' title="bbox 132 931 917 970; baseline 0.001 -12"><span class='ocrx_word' id='word_1_300' title='bbox 132 931 186 958; x_wconf 81' lang='lat' dir='ltr'>iam</span> <span class='ocrx_word' id='word_1_301' title='bbox 207 932 279 969; x_wconf 70' lang='lat' dir='ltr'>apud</span> <span class='ocrx_word' id='word_1_302' title='bbox 287 932 427 970; x_wconf 79' lang='lat' dir='ltr'>Antiquos</span> <span class='ocrx_word' id='word_1_303' title='bbox 445 931 563 960; x_wconf 89' lang='lat' dir='ltr'>cundem</span> <span class='ocrx_word' id='word_1_304' title='bbox 585 932 768 970; x_wconf 71' lang='lat' dir='ltr'>fignificamm</span> <span class='ocrx_word' id='word_1_305' title='bbox 786 932 896 961; x_wconf 70' lang='lat' dir='ltr'>habebat</span> <span class='ocrx_word' id='word_1_306' title='bbox 910 955 917 965; x_wconf 84' lang='grc'>,</span> 
     </span>
     <span class='ocr_line' id='line_1_39' title="bbox 132 971 921 1010; baseline 0.003 -12"><span class='ocrx_word' id='word_1_307' title='bbox 132 971 204 999; x_wconf 76' lang='lat' dir='ltr'>unde</span> <span class='ocrx_word' id='word_1_308' title='bbox 216 974 378 1000; x_wconf 56' lang='lat' dir='ltr'>Cancellare</span> <span class='ocrx_word' id='word_1_309' title='bbox 390 974 522 1005; x_wconf 57' lang='lat' dir='ltr'>brachma,</span> <span class='ocrx_word' id='word_1_310' title='bbox 544 972 631 1005; x_wconf 77' lang='lat' dir='ltr'>idest,</span> <span class='ocrx_word' id='word_1_311' title='bbox 653 983 700 1010; x_wconf 77' lang='lat' dir='ltr'>pei·</span> <span class='ocrx_word' id='word_1_312' title='bbox 722 973 921 1001; x_wconf 73' lang='lat' dir='ltr'>inodumlitte-</span> 
     </span>
    </p>
   </div>
   <div class='ocr_carea' id='block_1_9' title="bbox 132 1013 937 1051">
    <p class='ocr_par' dir='ltr' id='par_1_10' title="bbox 132 1013 937 1051">
     <span class='ocr_line' id='line_1_40' title="bbox 132 1013 937 1051; baseline 0.004 -12"><span class='ocrx_word' id='word_1_313' title='bbox 132 1022 168 1040; x_wconf 67' lang='lat' dir='ltr'>rx</span> <span class='ocrx_word' id='word_1_314' title='bbox 180 1014 212 1040; x_wconf 86' lang='lat' dir='ltr'>X.</span> <span class='ocrx_word' id='word_1_315' title='bbox 223 1013 387 1050; x_wconf 66' lang='lat' dir='ltr'>complicare</span> <span class='ocrx_word' id='word_1_316' title='bbox 400 1035 405 1044; x_wconf 89' lang='lat'><em>,</em></span> <span class='ocrx_word' id='word_1_317' title='bbox 428 1013 501 1051; x_wconf 85' lang='lat' dir='ltr'>quod</span> <span class='ocrx_word' id='word_1_318' title='bbox 513 1013 659 1051; x_wconf 70' lang='lat' dir='ltr'>Decuffizre</span> <span class='ocrx_word' id='word_1_319' title='bbox 681 1013 792 1051; x_wconf 88' lang='lat' dir='ltr'>proprie</span> <span class='ocrx_word' id='word_1_320' title='bbox 810 1014 915 1042; x_wconf 67' lang='lat' dir='ltr'>diceba-</span> <span class='ocrx_word' id='word_1_321' title='bbox 936 1034 937 1037; x_wconf 66' lang='lat'>,</span> 
     </span>
    </p>
   </div>
   <div class='ocr_carea' id='block_1_10' title="bbox 131 1052 931 1203">
    <p class='ocr_par' dir='ltr' id='par_1_11' title="bbox 131 1052 931 1203">
     <span class='ocr_line' id='line_1_41' title="bbox 135 1052 921 1092; baseline 0.003 -13"><span class='ocrx_word' id='word_1_322' title='bbox 135 1063 179 1080; x_wconf 84' lang='lat' dir='ltr'>rur</span> <span class='ocrx_word' id='word_1_323' title='bbox 189 1067 195 1080; x_wconf 85' lang='lat'>.·</span> <span class='ocrx_word' id='word_1_324' title='bbox 221 1058 232 1087; x_wconf 98' lang='lat'>[</span> <span class='ocrx_word' id='word_1_325' title='bbox 245 1054 472 1092; x_wconf 66' lang='lat' dir='ltr'>Duas1·eguias111</span> <span class='ocrx_word' id='word_1_326' title='bbox 482 1052 597 1091; x_wconf 80' lang='lat' dir='ltr'>speciem</span> <span class='ocrx_word' id='word_1_327' title='bbox 609 1063 704 1092; x_wconf 58' lang='lat' dir='ltr'>graeca:</span> <span class='ocrx_word' id='word_1_328' title='bbox 719 1054 817 1082; x_wconf 72' lang='lat' dir='ltr'>litterse</span> <span class='ocrx_word' id='word_1_329' title='bbox 830 1056 864 1082; x_wconf 88' lang='lat' dir='ltr'>X.</span> <span class='ocrx_word' id='word_1_330' title='bbox 874 1055 921 1083; x_wconf 88' lang='lat' dir='ltr'>de-</span> 
     </span>
     <span class='ocr_line' id='line_1_42' title="bbox 131 1072 931 1131; baseline 0.004 -11"><span class='ocrx_word' id='word_1_331' title='bbox 131 1092 305 1122; x_wconf 65' lang='lat' dir='ltr'>cussszvimus.</span> <span class='ocrx_word' id='word_1_332' title='bbox 329 1095 442 1122; x_wconf 78' lang='lat' dir='ltr'>Colum.</span> <span class='ocrx_word' id='word_1_333' title='bbox 454 1095 471 1121; x_wconf 93' lang='lat' dir='ltr'>l.</span> <span class='ocrx_word' id='word_1_334' title='bbox 484 1105 509 1131; x_wconf 88' lang='lat'>3.</span> <span class='ocrx_word' id='word_1_335' title='bbox 523 1105 544 1121; x_wconf 88' lang='lat' dir='ltr'>c.</span> <span class='ocrx_word' id='word_1_336' title='bbox 562 1105 601 1131; x_wconf 75' lang='lat'>13.</span> <span class='ocrx_word' id='word_1_337' title='bbox 616 1097 626 1125; x_wconf 93' lang='lat'>]</span> <span class='ocrx_word' id='word_1_338' title='bbox 642 1095 713 1122; x_wconf 81' lang='lat' dir='ltr'>Vide</span> <span class='ocrx_word' id='word_1_339' title='bbox 727 1099 853 1123; x_wconf 55' lang='lat' dir='ltr'>Cara-vo.</span> <span class='ocrx_word' id='word_1_340' title='bbox 866 1072 931 1123; x_wconf 71' lang='lat' dir='ltr'>lix-l</span> 
     </span>
     <span class='ocr_line' id='line_1_43' title="bbox 132 1134 919 1173; baseline 0.003 -12"><span class='ocrx_word' id='word_1_341' title='bbox 132 1143 174 1161; x_wconf 74' lang='lat' dir='ltr'>tra</span> <span class='ocrx_word' id='word_1_342' title='bbox 183 1135 331 1163; x_wconf 80' lang='lat' dir='ltr'>Cancellos</span> <span class='ocrx_word' id='word_1_343' title='bbox 343 1157 349 1166; x_wconf 83' lang='lat'><em>,</em></span> <span class='ocrx_word' id='word_1_344' title='bbox 372 1139 399 1163; x_wconf 83' lang='lat'>&amp;</span> <span class='ocrx_word' id='word_1_345' title='bbox 413 1136 485 1163; x_wconf 75' lang='lat' dir='ltr'>intra</span> <span class='ocrx_word' id='word_1_346' title='bbox 495 1136 642 1163; x_wconf 76' lang='lat' dir='ltr'>Cancellos</span> <span class='ocrx_word' id='word_1_347' title='bbox 662 1134 779 1163; x_wconf 63' lang='lat' dir='ltr'>scribere</span> <span class='ocrx_word' id='word_1_348' title='bbox 790 1136 856 1173; x_wconf 87' lang='lat' dir='ltr'>quid</span> <span class='ocrx_word' id='word_1_349' title='bbox 870 1136 919 1164; x_wconf 83' lang='lat' dir='ltr'>lit.</span> 
     </span>
     <span class='ocr_line' id='line_1_44' title="bbox 131 1175 443 1203; baseline 0.006 -2"><span class='ocrx_word' id='word_1_350' title='bbox 131 1175 205 1202; x_wconf 86' lang='lat' dir='ltr'>Vide</span> <span class='ocrx_word' id='word_1_351' title='bbox 218 1179 424 1203; x_wconf 65' lang='lat' dir='ltr'>Protonamrms</span> <span class='ocrx_word' id='word_1_352' title='bbox 437 1196 443 1202; x_wconf 96' lang='lat'>.</span> 
     </span>
    </p>
   </div>
   <div class='ocr_carea' id='block_1_11' title="bbox 976 690 1767 1216">
    <p class='ocr_par' dir='ltr' id='par_1_12' title="bbox 976 690 1767 1216">
     <span class='ocr_line' id='line_1_45' title="bbox 977 690 1765 730; baseline 0.003 -14"><span class='ocrx_word' id='word_1_353' title='bbox 977 692 1034 724; x_wconf 83' lang='lat' dir='ltr'>ejus</span> <span class='ocrx_word' id='word_1_354' title='bbox 1053 690 1234 720; x_wconf 67' lang='lat' dir='ltr'>functionibus</span> <span class='ocrx_word' id='word_1_355' title='bbox 1255 692 1343 719; x_wconf 82' lang='lat' dir='ltr'>utitur</span> <span class='ocrx_word' id='word_1_356' title='bbox 1360 693 1476 721; x_wconf 66' lang='lat' dir='ltr'>Ecclesia</span> <span class='ocrx_word' id='word_1_357' title='bbox 1486 713 1492 720; x_wconf 90' lang='lat'>.</span> <span class='ocrx_word' id='word_1_358' title='bbox 1517 694 1553 722; x_wconf 85' lang='lat' dir='ltr'>In</span> <span class='ocrx_word' id='word_1_359' title='bbox 1573 692 1668 730; x_wconf 85' lang='lat' dir='ltr'>primis</span> <span class='ocrx_word' id='word_1_360' title='bbox 1689 692 1765 719; x_wconf 90' lang='lat' dir='ltr'>enim</span> 
     </span>
     <span class='ocr_line' id='line_1_46' title="bbox 977 730 1763 771; baseline 0.001 -13"><span class='ocrx_word' id='word_1_361' title='bbox 977 730 1149 759; x_wconf 85' lang='lat' dir='ltr'>distribuitur</span> <span class='ocrx_word' id='word_1_362' title='bbox 1159 732 1188 760; x_wconf 87' lang='lat' dir='ltr'>in</span> <span class='ocrx_word' id='word_1_363' title='bbox 1199 732 1265 760; x_wconf 87' lang='lat' dir='ltr'>sesto</span> <span class='ocrx_word' id='word_1_364' title='bbox 1277 733 1479 761; x_wconf 82' lang='lat' dir='ltr'>Purificationis</span> <span class='ocrx_word' id='word_1_365' title='bbox 1490 735 1520 761; x_wconf 87' lang='lat' dir='ltr'>B.</span> <span class='ocrx_word' id='word_1_366' title='bbox 1532 735 1570 761; x_wconf 88' lang='lat' dir='ltr'>M.</span> <span class='ocrx_word' id='word_1_367' title='bbox 1584 734 1619 761; x_wconf 88' lang='lat' dir='ltr'>V.</span> <span class='ocrx_word' id='word_1_368' title='bbox 1631 742 1710 771; x_wconf 72' lang='lat' dir='ltr'>quam</span> <span class='ocrx_word' id='word_1_369' title='bbox 1720 731 1763 759; x_wconf 76' lang='lat' dir='ltr'>so-</span> 
     </span>
     <span class='ocr_line' id='line_1_47' title="bbox 977 771 1764 811; baseline 0.003 -14"><span class='ocrx_word' id='word_1_370' title='bbox 977 771 1150 799; x_wconf 77' lang='lat' dir='ltr'>lemnitatem</span> <span class='ocrx_word' id='word_1_371' title='bbox 1162 773 1277 801; x_wconf 80' lang='lat' dir='ltr'>Albinus</span> <span class='ocrx_word' id='word_1_372' title='bbox 1291 773 1382 801; x_wconf 76' lang='lat' dir='ltr'>Flacus</span> <span class='ocrx_word' id='word_1_373' title='bbox 1393 774 1463 811; x_wconf 73' lang='lat' dir='ltr'>apud</span> <span class='ocrx_word' id='word_1_374' title='bbox 1475 774 1623 802; x_wconf 79' lang='lat' dir='ltr'>Bai-onium</span> <span class='ocrx_word' id='word_1_375' title='bbox 1635 795 1642 806; x_wconf 91' lang='lat'>‚</span> <span class='ocrx_word' id='word_1_376' title='bbox 1652 783 1764 805; x_wconf 83' lang='lat' dir='ltr'>an.701.</span> 
     </span>
     <span class='ocr_line' id='line_1_48' title="bbox 977 813 1762 852; baseline 0.001 -13"><span class='ocrx_word' id='word_1_377' title='bbox 977 822 1004 839; x_wconf 86' lang='lat' dir='ltr'>n.</span> <span class='ocrx_word' id='word_1_378' title='bbox 1015 822 1040 849; x_wconf 87' lang='lat'>3.</span> <span class='ocrx_word' id='word_1_379' title='bbox 1052 816 1079 841; x_wconf 77' lang='grc' dir='ltr'>ὅ(</span> <span class='ocrx_word' id='word_1_380' title='bbox 1089 813 1119 840; x_wconf 86' lang='lat' dir='ltr'>in</span> <span class='ocrx_word' id='word_1_381' title='bbox 1129 814 1212 842; x_wconf 84' lang='lat' dir='ltr'>Notis</span> <span class='ocrx_word' id='word_1_382' title='bbox 1231 813 1265 841; x_wconf 76' lang='lat' dir='ltr'>ad</span> <span class='ocrx_word' id='word_1_383' title='bbox 1285 815 1430 849; x_wconf 76' lang='lat' dir='ltr'>Martyrol.</span> <span class='ocrx_word' id='word_1_384' title='bbox 1444 826 1469 842; x_wconf 65' lang='grc' dir='ltr'>ι.</span> <span class='ocrx_word' id='word_1_385' title='bbox 1492 814 1566 842; x_wconf 84' lang='lat' dir='ltr'>Febr.</span> <span class='ocrx_word' id='word_1_386' title='bbox 1577 815 1615 841; x_wconf 83' lang='lat' dir='ltr'>:iit</span> <span class='ocrx_word' id='word_1_387' title='bbox 1636 814 1762 852; x_wconf 83' lang='lat' dir='ltr'>Sergium</span> 
     </span>
     <span class='ocr_line' id='line_1_49' title="bbox 977 853 1764 892; baseline 0.004 -13"><span class='ocrx_word' id='word_1_388' title='bbox 977 853 1077 890; x_wconf 77' lang='lat' dir='ltr'>Papam</span> <span class='ocrx_word' id='word_1_389' title='bbox 1088 855 1111 881; x_wconf 92' lang='lat' dir='ltr'>I.</span> <span class='ocrx_word' id='word_1_390' title='bbox 1121 854 1320 892; x_wconf 83' lang='lat' dir='ltr'>proceffionem</span> <span class='ocrx_word' id='word_1_391' title='bbox 1331 854 1475 883; x_wconf 80' lang='lat' dir='ltr'>instituisse</span> <span class='ocrx_word' id='word_1_392' title='bbox 1486 855 1516 882; x_wconf 90' lang='lat' dir='ltr'>in</span> <span class='ocrx_word' id='word_1_393' title='bbox 1526 854 1579 883; x_wconf 87' lang='lat' dir='ltr'>hoc</span> <span class='ocrx_word' id='word_1_394' title='bbox 1591 854 1658 882; x_wconf 81' lang='lat' dir='ltr'>festo</span> <span class='ocrx_word' id='word_1_395' title='bbox 1670 865 1684 882; x_wconf 88' lang='lat' dir='ltr'>a</span> <span class='ocrx_word' id='word_1_396' title='bbox 1694 856 1719 883; x_wconf 87' lang='lat' dir='ltr'>S.</span> <span class='ocrx_word' id='word_1_397' title='bbox 1727 856 1764 882; x_wconf 76' lang='lat' dir='ltr'>A·</span> 
     </span>
     <span class='ocr_line' id='line_1_50' title="bbox 979 893 1766 933; baseline 0.003 -13"><span class='ocrx_word' id='word_1_398' title='bbox 979 893 1076 921; x_wconf 74' lang='lat' dir='ltr'>driano</span> <span class='ocrx_word' id='word_1_399' title='bbox 1087 894 1120 922; x_wconf 83' lang='lat' dir='ltr'>ad</span> <span class='ocrx_word' id='word_1_400' title='bbox 1130 895 1155 922; x_wconf 85' lang='lat' dir='ltr'>S.</span> <span class='ocrx_word' id='word_1_401' title='bbox 1167 895 1281 923; x_wconf 75' lang='lat' dir='ltr'>Mariam</span> <span class='ocrx_word' id='word_1_402' title='bbox 1290 897 1423 931; x_wconf 77' lang='lat' dir='ltr'>Majorem</span> <span class='ocrx_word' id='word_1_403' title='bbox 1436 916 1444 927; x_wconf 86' lang='lat'><em>,</em></span> <span class='ocrx_word' id='word_1_404' title='bbox 1467 895 1594 933; x_wconf 86' lang='lat' dir='ltr'>idemque</span> <span class='ocrx_word' id='word_1_405' title='bbox 1613 895 1697 924; x_wconf 88' lang='lat' dir='ltr'>Ordo</span> <span class='ocrx_word' id='word_1_406' title='bbox 1707 897 1766 922; x_wconf 74' lang='lat' dir='ltr'>Ro-</span> 
     </span>
     <span class='ocr_line' id='line_1_51' title="bbox 976 934 1765 973; baseline 0.001 -13"><span class='ocrx_word' id='word_1_407' title='bbox 976 942 1050 961; x_wconf 79' lang='lat' dir='ltr'>man.</span> <span class='ocrx_word' id='word_1_408' title='bbox 1069 935 1208 965; x_wconf 62' lang='lat' dir='ltr'>affirmats</span> <span class='ocrx_word' id='word_1_409' title='bbox 1230 935 1277 963; x_wconf 87' lang='lat' dir='ltr'>scd</span> <span class='ocrx_word' id='word_1_410' title='bbox 1295 934 1348 963; x_wconf 89' lang='lat' dir='ltr'>hoc</span> <span class='ocrx_word' id='word_1_411' title='bbox 1357 936 1390 963; x_wconf 87' lang='lat' dir='ltr'>de</span> <span class='ocrx_word' id='word_1_412' title='bbox 1411 935 1580 973; x_wconf 70' lang='lat' dir='ltr'>processione</span> <span class='ocrx_word' id='word_1_413' title='bbox 1599 936 1673 963; x_wconf 86' lang='lat' dir='ltr'>illius</span> <span class='ocrx_word' id='word_1_414' title='bbox 1690 935 1765 967; x_wconf 88' lang='lat' dir='ltr'>diei,</span> 
     </span>
     <span class='ocr_line' id='line_1_52' title="bbox 979 975 1766 1004; baseline 0 -2"><span class='ocrx_word' id='word_1_415' title='bbox 979 984 1036 1002; x_wconf 88' lang='lat' dir='ltr'>non</span> <span class='ocrx_word' id='word_1_416' title='bbox 1059 985 1126 1003; x_wconf 86' lang='lat' dir='ltr'>vero</span> <span class='ocrx_word' id='word_1_417' title='bbox 1135 976 1169 1003; x_wconf 90' lang='lat' dir='ltr'>de</span> <span class='ocrx_word' id='word_1_418' title='bbox 1188 976 1354 1003; x_wconf 65' lang='lat' dir='ltr'>caeremonia</span> <span class='ocrx_word' id='word_1_419' title='bbox 1372 976 1573 1004; x_wconf 78' lang='lat' dir='ltr'>distributionis</span> <span class='ocrx_word' id='word_1_420' title='bbox 1590 975 1766 1003; x_wconf 73' lang='lat' dir='ltr'>candelarum</span> 
     </span>
     <span class='ocr_line' id='line_1_53' title="bbox 980 1014 1765 1055; baseline 0.001 -14"><span class='ocrx_word' id='word_1_421' title='bbox 980 1014 1009 1042; x_wconf 89' lang='lat' dir='ltr'>in</span> <span class='ocrx_word' id='word_1_422' title='bbox 1021 1014 1070 1042; x_wconf 76' lang='lat' dir='ltr'>hac</span> <span class='ocrx_word' id='word_1_423' title='bbox 1084 1015 1128 1043; x_wconf 87' lang='lat' dir='ltr'>die</span> <span class='ocrx_word' id='word_1_424' title='bbox 1140 1016 1374 1055; x_wconf 76' lang='lat' dir='ltr'>intelligendum3</span> <span class='ocrx_word' id='word_1_425' title='bbox 1390 1016 1419 1043; x_wconf 85' lang='lat' dir='ltr'>in</span> <span class='ocrx_word' id='word_1_426' title='bbox 1430 1017 1548 1054; x_wconf 82' lang='lat' dir='ltr'>quodam</span> <span class='ocrx_word' id='word_1_427' title='bbox 1558 1017 1633 1043; x_wconf 80' lang='lat' dir='ltr'>enini</span> <span class='ocrx_word' id='word_1_428' title='bbox 1644 1016 1668 1044; x_wconf 80' lang='lat' dir='ltr'>S.</span> <span class='ocrx_word' id='word_1_429' title='bbox 1680 1016 1765 1053; x_wconf 60' lang='lat' dir='ltr'>Rugii</span> 
     </span>
     <span class='ocr_line' id='line_1_54' title="bbox 978 1055 1763 1095; baseline 0.003 -13"><span class='ocrx_word' id='word_1_430' title='bbox 978 1056 1112 1083; x_wconf 82' lang='lat' dir='ltr'>Sermone</span> <span class='ocrx_word' id='word_1_431' title='bbox 1124 1077 1131 1088; x_wconf 91' lang='lat'><em>‚</em></span> <span class='ocrx_word' id='word_1_432' title='bbox 1155 1056 1201 1095; x_wconf 89' lang='lat' dir='ltr'>qui</span> <span class='ocrx_word' id='word_1_433' title='bbox 1221 1067 1295 1085; x_wconf 76' lang='lat' dir='ltr'>:inno</span> <span class='ocrx_word' id='word_1_434' title='bbox 1308 1063 1383 1091; x_wconf 33' lang='lat'>655*</span> <span class='ocrx_word' id='word_1_435' title='bbox 1394 1057 1463 1084; x_wconf 80' lang='lat' dir='ltr'>obiit</span> <span class='ocrx_word' id='word_1_436' title='bbox 1473 1078 1480 1089; x_wconf 89' lang='lat'><em>,</em></span> <span class='ocrx_word' id='word_1_437' title='bbox 1504 1057 1536 1084; x_wconf 79' lang='lat' dir='ltr'>fit</span> <span class='ocrx_word' id='word_1_438' title='bbox 1555 1057 1661 1085; x_wconf 81' lang='lat' dir='ltr'>mentio</span> <span class='ocrx_word' id='word_1_439' title='bbox 1672 1056 1705 1084; x_wconf 89' lang='lat' dir='ltr'>de</span> <span class='ocrx_word' id='word_1_440' title='bbox 1715 1055 1763 1084; x_wconf 65' lang='lat' dir='ltr'>hac</span> 
     </span>
     <span class='ocr_line' id='line_1_55' title="bbox 978 1096 1765 1135; baseline 0.003 -13"><span class='ocrx_word' id='word_1_441' title='bbox 978 1096 1162 1124; x_wconf 54' lang='lat' dir='ltr'>ceremonia.</span> <span class='ocrx_word' id='word_1_442' title='bbox 1186 1097 1221 1125; x_wconf 90' lang='lat' dir='ltr'>Id</span> <span class='ocrx_word' id='word_1_443' title='bbox 1239 1107 1329 1125; x_wconf 79' lang='lat' dir='ltr'>autem</span> <span class='ocrx_word' id='word_1_444' title='bbox 1348 1119 1356 1129; x_wconf 87' lang='lat'><em>,</em></span> <span class='ocrx_word' id='word_1_445' title='bbox 1379 1097 1453 1135; x_wconf 88' lang='lat' dir='ltr'>quod</span> <span class='ocrx_word' id='word_1_446' title='bbox 1470 1097 1541 1125; x_wconf 81' lang='lat' dir='ltr'>circa</span> <span class='ocrx_word' id='word_1_447' title='bbox 1561 1096 1765 1125; x_wconf 78' lang='lat' dir='ltr'>institutionem</span> 
     </span>
     <span class='ocr_line' id='line_1_56' title="bbox 980 1135 1767 1176; baseline 0.004 -14"><span class='ocrx_word' id='word_1_448' title='bbox 980 1135 1138 1164; x_wconf 70' lang='lat' dir='ltr'>festivitatis</span> <span class='ocrx_word' id='word_1_449' title='bbox 1150 1137 1352 1166; x_wconf 75' lang='lat' dir='ltr'>Purificationis</span> <span class='ocrx_word' id='word_1_450' title='bbox 1369 1137 1452 1166; x_wconf 80' lang='lat' dir='ltr'>sensit</span> <span class='ocrx_word' id='word_1_451' title='bbox 1472 1140 1604 1166; x_wconf 83' lang='lat' dir='ltr'>Baronius</span> <span class='ocrx_word' id='word_1_452' title='bbox 1622 1138 1767 1176; x_wconf 58' lang='lat' dir='ltr'>impugna-</span> 
     </span>
     <span class='ocr_line' id='line_1_57' title="bbox 978 1176 1767 1216; baseline 0.003 -13"><span class='ocrx_word' id='word_1_453' title='bbox 978 1176 1060 1204; x_wconf 88' lang='lat' dir='ltr'>turin</span> <span class='ocrx_word' id='word_1_454' title='bbox 1071 1177 1136 1204; x_wconf 67' lang='lat' dir='ltr'>dist.</span> <span class='ocrx_word' id='word_1_455' title='bbox 1149 1183 1275 1215; x_wconf 77' lang='lat' dir='ltr'>Hypame</span> <span class='ocrx_word' id='word_1_456' title='bbox 1285 1199 1292 1204; x_wconf 90' lang='lat'>.</span> <span class='ocrx_word' id='word_1_457' title='bbox 1302 1178 1393 1216; x_wconf 79' lang='lat' dir='ltr'>Igitur</span> <span class='ocrx_word' id='word_1_458' title='bbox 1404 1178 1437 1206; x_wconf 76' lang='lat' dir='ltr'>ad</span> <span class='ocrx_word' id='word_1_459' title='bbox 1447 1178 1619 1207; x_wconf 74' lang='lat' dir='ltr'>candelarum</span> <span class='ocrx_word' id='word_1_460' title='bbox 1630 1177 1767 1211; x_wconf 75' lang='lat' dir='ltr'>historias,</span> 
     </span>
    </p>
   </div>
   <div class='ocr_carea' id='block_1_12' title="bbox 89 1215 919 1374">
    <p class='ocr_par' dir='ltr' id='par_1_13' title="bbox 92 1215 917 1294">
     <span class='ocr_line' id='line_1_58' title="bbox 92 1215 917 1247; baseline 0.002 -5"><span class='ocrx_word' id='word_1_461' title='bbox 92 1215 218 1243; x_wconf 57' lang='lat' dir='ltr'>Canem&lt;</span> <span class='ocrx_word' id='word_1_462' title='bbox 228 1236 236 1247; x_wconf 90' lang='lat'><em>‚</em></span> <span class='ocrx_word' id='word_1_463' title='bbox 259 1215 366 1244; x_wconf 82' lang='lat' dir='ltr'>morbus</span> <span class='ocrx_word' id='word_1_464' title='bbox 376 1236 382 1243; x_wconf 87' lang='lat'>.</span> <span class='ocrx_word' id='word_1_465' title='bbox 406 1215 480 1244; x_wconf 81' lang='lat' dir='ltr'>Vide</span> <span class='ocrx_word' id='word_1_466' title='bbox 504 1218 665 1244; x_wconf 58' lang='lat' dir='ltr'>cartineam</span> <span class='ocrx_word' id='word_1_467' title='bbox 677 1236 684 1242; x_wconf 80' lang='lat'>.</span> <span class='ocrx_word' id='word_1_468' title='bbox 707 1217 815 1244; x_wconf 80' lang='lat' dir='ltr'>Cancer</span> <span class='ocrx_word' id='word_1_469' title='bbox 835 1216 917 1244; x_wconf 78' lang='lat' dir='ltr'>mziri-</span> 
     </span>
     <span class='ocr_line' id='line_1_59' title="bbox 132 1256 699 1294; baseline 0.002 -11"><span class='ocrx_word' id='word_1_470' title='bbox 132 1265 181 1283; x_wconf 80' lang='lat' dir='ltr'>nus</span> <span class='ocrx_word' id='word_1_471' title='bbox 191 1277 198 1288; x_wconf 91' lang='lat'><em>,</em></span> <span class='ocrx_word' id='word_1_472' title='bbox 221 1258 278 1291; x_wconf 81' lang='lat' dir='ltr'>ejus</span> <span class='ocrx_word' id='word_1_473' title='bbox 289 1256 386 1284; x_wconf 74' lang='lat' dir='ltr'>astutia</span> <span class='ocrx_word' id='word_1_474' title='bbox 396 1278 402 1284; x_wconf 91' lang='lat'><strong><em>.</em></strong></span> <span class='ocrx_word' id='word_1_475' title='bbox 427 1257 501 1285; x_wconf 83' lang='lat' dir='ltr'>Vide</span> <span class='ocrx_word' id='word_1_476' title='bbox 512 1257 681 1294; x_wconf 75' lang='lat' dir='ltr'>Dtptyclmm</span> <span class='ocrx_word' id='word_1_477' title='bbox 693 1277 699 1284; x_wconf 94' lang='lat'><strong>.</strong></span> 
     </span>
    </p>

    <p class='ocr_par' dir='ltr' id='par_1_14' title="bbox 89 1297 568 1325">
     <span class='ocr_line' id='line_1_60' title="bbox 89 1297 568 1325; baseline 0.004 -2"><span class='ocrx_word' id='word_1_478' title='bbox 89 1297 293 1325; x_wconf 73' lang='lat' dir='ltr'>CANCERA’HO</span> <span class='ocrx_word' id='word_1_479' title='bbox 305 1317 311 1323; x_wconf 85' lang='lat'><strong>.</strong></span> <span class='ocrx_word' id='word_1_480' title='bbox 337 1297 412 1325; x_wconf 83' lang='lat' dir='ltr'>Vide</span> <span class='ocrx_word' id='word_1_481' title='bbox 425 1301 546 1325; x_wconf 51' lang='lat' dir='ltr'>examero</span> <span class='ocrx_word' id='word_1_482' title='bbox 558 1317 568 1324; x_wconf 73' lang='grc'><em>.</em></span> 
     </span>
    </p>

    <p class='ocr_par' dir='ltr' id='par_1_15' title="bbox 91 1337 919 1374">
     <span class='ocr_line' id='line_1_61' title="bbox 91 1337 919 1374; baseline 0.001 -10"><span class='ocrx_word' id='word_1_483' title='bbox 91 1337 236 1365; x_wconf 71' lang='lat' dir='ltr'>CAncinio</span> <span class='ocrx_word' id='word_1_484' title='bbox 246 1359 254 1370; x_wconf 87' lang='lat'><em>,</em></span> <span class='ocrx_word' id='word_1_485' title='bbox 278 1337 394 1374; x_wconf 81' lang='lat' dir='ltr'>putrefio</span> <span class='ocrx_word' id='word_1_486' title='bbox 404 1358 412 1370; x_wconf 86' lang='lat'><em>,</em></span> <span class='ocrx_word' id='word_1_487' title='bbox 422 1348 435 1366; x_wconf 87' lang='lat' dir='ltr'>a</span> <span class='ocrx_word' id='word_1_488' title='bbox 445 1348 543 1366; x_wconf 77' lang='lat' dir='ltr'>cancro</span> <span class='ocrx_word' id='word_1_489' title='bbox 555 1338 649 1365; x_wconf 80' lang='lat' dir='ltr'>morbo</span> <span class='ocrx_word' id='word_1_490' title='bbox 660 1337 803 1366; x_wconf 65' lang='lat' dir='ltr'>dedustum</span> <span class='ocrx_word' id='word_1_491' title='bbox 816 1359 822 1365; x_wconf 85' lang='lat'><strong><em>.</em></strong></span> <span class='ocrx_word' id='word_1_492' title='bbox 836 1344 846 1373; x_wconf 99' lang='lat'>[</span> <span class='ocrx_word' id='word_1_493' title='bbox 859 1340 919 1367; x_wconf 84' lang='lat' dir='ltr'>Nec</span> 
     </span>
    </p>
   </div>
   <div class='ocr_carea' id='block_1_13' title="bbox 977 1217 1766 1377">
    <p class='ocr_par' dir='ltr' id='par_1_16' title="bbox 977 1217 1766 1377">
     <span class='ocr_line' id='line_1_62' title="bbox 977 1217 1766 1257; baseline 0.004 -13"><span class='ocrx_word' id='word_1_494' title='bbox 977 1217 1092 1245; x_wconf 80' lang='lat' dir='ltr'>dicimus</span> <span class='ocrx_word' id='word_1_495' title='bbox 1112 1217 1173 1245; x_wconf 76' lang='lat' dir='ltr'>illas</span> <span class='ocrx_word' id='word_1_496' title='bbox 1193 1228 1224 1246; x_wconf 91' lang='lat' dir='ltr'>in</span> <span class='ocrx_word' id='word_1_497' title='bbox 1243 1227 1368 1256; x_wconf 78' lang='lat' dir='ltr'>exequiis</span> <span class='ocrx_word' id='word_1_498' title='bbox 1392 1219 1503 1246; x_wconf 78' lang='lat' dir='ltr'>accendi</span> <span class='ocrx_word' id='word_1_499' title='bbox 1523 1229 1557 1246; x_wconf 85' lang='lat' dir='ltr'>ex</span> <span class='ocrx_word' id='word_1_500' title='bbox 1577 1218 1766 1257; x_wconf 75' lang='lat' dir='ltr'>antiquiffimo</span> 
     </span>
     <span class='ocr_line' id='line_1_63' title="bbox 977 1256 1762 1297; baseline 0 -11"><span class='ocrx_word' id='word_1_501' title='bbox 977 1256 1201 1286; x_wconf 62' lang='lat' dir='ltr'>Christianorum</span> <span class='ocrx_word' id='word_1_502' title='bbox 1214 1269 1289 1287; x_wconf 84' lang='lat' dir='ltr'>inore</span> <span class='ocrx_word' id='word_1_503' title='bbox 1301 1280 1309 1291; x_wconf 92' lang='lat'><em>,</em></span> <span class='ocrx_word' id='word_1_504' title='bbox 1333 1269 1414 1297; x_wconf 78' lang='lat' dir='ltr'>arque</span> <span class='ocrx_word' id='word_1_505' title='bbox 1432 1259 1462 1287; x_wconf 82' lang='lat' dir='ltr'>ab</span> <span class='ocrx_word' id='word_1_506' title='bbox 1474 1259 1673 1296; x_wconf 75' lang='lat' dir='ltr'>Apostolorum</span> <span class='ocrx_word' id='word_1_507' title='bbox 1691 1269 1762 1287; x_wconf 87' lang='lat' dir='ltr'>tem-</span> 
     </span>
     <span class='ocr_line' id='line_1_64' title="bbox 977 1298 1765 1338; baseline 0.003 -13"><span class='ocrx_word' id='word_1_508' title='bbox 977 1307 1062 1335; x_wconf 83' lang='lat' dir='ltr'>pore:</span> <span class='ocrx_word' id='word_1_509' title='bbox 1087 1298 1116 1326; x_wconf 89' lang='lat' dir='ltr'>in</span> <span class='ocrx_word' id='word_1_510' title='bbox 1135 1298 1299 1327; x_wconf 69' lang='lat' dir='ltr'>funeralibus</span> <span class='ocrx_word' id='word_1_511' title='bbox 1318 1300 1393 1328; x_wconf 89' lang='lat' dir='ltr'>enim</span> <span class='ocrx_word' id='word_1_512' title='bbox 1412 1301 1442 1327; x_wconf 91' lang='grc' dir='ltr'>Β.</span> <span class='ocrx_word' id='word_1_513' title='bbox 1453 1300 1491 1327; x_wconf 88' lang='grc' dir='ltr'>Μ.</span> <span class='ocrx_word' id='word_1_514' title='bbox 1502 1299 1630 1338; x_wconf 80' lang='lat' dir='ltr'>Virginis</span> <span class='ocrx_word' id='word_1_515' title='bbox 1642 1299 1765 1328; x_wconf 71' lang='lat' dir='ltr'>accensas</span> 
     </span>
     <span class='ocr_line' id='line_1_65' title="bbox 979 1338 1766 1377; baseline 0.003 -11"><span class='ocrx_word' id='word_1_516' title='bbox 979 1338 1053 1366; x_wconf 62' lang='lat' dir='ltr'>fuiss‘e</span> <span class='ocrx_word' id='word_1_517' title='bbox 1066 1339 1188 1367; x_wconf 67' lang='lat' dir='ltr'>candelas</span> <span class='ocrx_word' id='word_1_518' title='bbox 1202 1361 1209 1372; x_wconf 87' lang='lat'><em>‚</em></span> <span class='ocrx_word' id='word_1_519' title='bbox 1221 1340 1237 1367; x_wconf 94' lang='lat' dir='ltr'>l.</span> <span class='ocrx_word' id='word_1_520' title='bbox 1251 1351 1278 1368; x_wconf 83' lang='lat'>2.</span> <span class='ocrx_word' id='word_1_521' title='bbox 1289 1351 1311 1368; x_wconf 85' lang='lat' dir='ltr'>c.</span> <span class='ocrx_word' id='word_1_522' title='bbox 1327 1352 1371 1368; x_wconf 75' lang='lat'>22.</span> <span class='ocrx_word' id='word_1_523' title='bbox 1385 1339 1469 1368; x_wconf 82' lang='lat' dir='ltr'>refert</span> <span class='ocrx_word' id='word_1_524' title='bbox 1480 1339 1676 1377; x_wconf 56' lang='lat' dir='ltr'>Nicephorum,</span> <span class='ocrx_word' id='word_1_525' title='bbox 1687 1343 1766 1376; x_wconf 66' lang='lat' dir='ltr'>seju-</span> 
     </span>
    </p>
   </div>
   <div class='ocr_carea' id='block_1_14' title="bbox 131 1377 919 1535">
    <p class='ocr_par' dir='ltr' id='par_1_17' title="bbox 131 1377 919 1535">
     <span class='ocr_line' id='line_1_66' title="bbox 133 1377 918 1414; baseline 0.003 -10"><span class='ocrx_word' id='word_1_526' title='bbox 133 1387 212 1414; x_wconf 85' lang='lat' dir='ltr'>potes</span> <span class='ocrx_word' id='word_1_527' title='bbox 223 1377 314 1406; x_wconf 75' lang='lat' dir='ltr'>dicere</span> <span class='ocrx_word' id='word_1_528' title='bbox 332 1389 390 1406; x_wconf 86' lang='lat' dir='ltr'>non</span> <span class='ocrx_word' id='word_1_529' title='bbox 400 1378 478 1407; x_wconf 84' lang='lat' dir='ltr'>Arrii</span> <span class='ocrx_word' id='word_1_530' title='bbox 495 1377 642 1407; x_wconf 68' lang='lat' dir='ltr'>canccmsse</span> <span class='ocrx_word' id='word_1_531' title='bbox 661 1377 816 1406; x_wconf 82' lang='lat' dir='ltr'>sermonem</span> <span class='ocrx_word' id='word_1_532' title='bbox 827 1400 835 1411; x_wconf 96' lang='lat'>‚</span> <span class='ocrx_word' id='word_1_533' title='bbox 858 1389 918 1406; x_wconf 83' lang='lat' dir='ltr'>cuin</span> 
     </span>
     <span class='ocr_line' id='line_1_67' title="bbox 132 1417 919 1457; baseline 0.001 -13"><span class='ocrx_word' id='word_1_534' title='bbox 132 1417 218 1445; x_wconf 77' lang='lat' dir='ltr'>soeror</span> <span class='ocrx_word' id='word_1_535' title='bbox 227 1419 426 1447; x_wconf 71' lang='lat' dir='ltr'>cancerationis</span> <span class='ocrx_word' id='word_1_536' title='bbox 434 1418 487 1447; x_wconf 82' lang='lat' dir='ltr'>suae</span> <span class='ocrx_word' id='word_1_537' title='bbox 499 1420 531 1447; x_wconf 71' lang='lat' dir='ltr'>ad</span> <span class='ocrx_word' id='word_1_538' title='bbox 544 1429 656 1447; x_wconf 86' lang='lat' dir='ltr'>omnem</span> <span class='ocrx_word' id='word_1_539' title='bbox 670 1420 829 1456; x_wconf 85' lang='lat' dir='ltr'>pervenerit</span> <span class='ocrx_word' id='word_1_540' title='bbox 841 1419 919 1457; x_wconf 86' lang='lat' dir='ltr'>regni</span> 
     </span>
     <span class='ocr_line' id='line_1_68' title="bbox 135 1459 916 1489; baseline 0.001 -4"><span class='ocrx_word' id='word_1_541' title='bbox 135 1459 446 1488; x_wconf 71' lang='lat' dir='ltr'>‹uiloc11m.1.uc1f.lib.</span> <span class='ocrx_word' id='word_1_542' title='bbox 459 1459 492 1487; x_wconf 87' lang='lat' dir='ltr'>de</span> <span class='ocrx_word' id='word_1_543' title='bbox 504 1471 560 1488; x_wconf 88' lang='lat' dir='ltr'>non</span> <span class='ocrx_word' id='word_1_544' title='bbox 568 1469 735 1489; x_wconf 79' lang='lat' dir='ltr'>convenien-</span> <span class='ocrx_word' id='word_1_545' title='bbox 745 1470 806 1488; x_wconf 87' lang='lat' dir='ltr'>cuin</span> <span class='ocrx_word' id='word_1_546' title='bbox 820 1461 916 1488; x_wconf 71' lang='lat' dir='ltr'>Hcere-</span> 
     </span>
     <span class='ocr_line' id='line_1_69' title="bbox 131 1500 502 1535; baseline 0.003 -9"><span class='ocrx_word' id='word_1_547' title='bbox 131 1500 192 1527; x_wconf 84' lang='lat' dir='ltr'>ticis</span> <span class='ocrx_word' id='word_1_548' title='bbox 203 1520 209 1526; x_wconf 92' lang='lat'><em>.</em></span> <span class='ocrx_word' id='word_1_549' title='bbox 223 1501 235 1530; x_wconf 92' lang='lat'><em>]</em></span> <span class='ocrx_word' id='word_1_550' title='bbox 250 1500 323 1528; x_wconf 84' lang='lat' dir='ltr'>Vide</span> <span class='ocrx_word' id='word_1_551' title='bbox 335 1501 486 1535; x_wconf 73' lang='lat' dir='ltr'>Foetorosus</span> <span class='ocrx_word' id='word_1_552' title='bbox 496 1521 502 1528; x_wconf 89' lang='lat'>.</span> 
     </span>
    </p>
   </div>
   <div class='ocr_carea' id='block_1_15' title="bbox 90 1540 922 1619">
    <p class='ocr_par' dir='ltr' id='par_1_18' title="bbox 90 1540 922 1619">
     <span class='ocr_line' id='line_1_70' title="bbox 93 1540 584 1569; baseline 0.004 -2"><span class='ocrx_word' id='word_1_553' title='bbox 93 1540 292 1569; x_wconf 57' lang='lat' dir='ltr'>Cancmnua</span> <span class='ocrx_word' id='word_1_554' title='bbox 305 1561 311 1567; x_wconf 92' lang='lat'><strong>.</strong></span> <span class='ocrx_word' id='word_1_555' title='bbox 335 1541 408 1569; x_wconf 84' lang='lat' dir='ltr'>Vide</span> <span class='ocrx_word' id='word_1_556' title='bbox 420 1541 568 1569; x_wconf 63' lang='lat' dir='ltr'>Czcendela</span> <span class='ocrx_word' id='word_1_557' title='bbox 577 1562 584 1569; x_wconf 87' lang='lat'><strong>.</strong></span> 
     </span>
     <span class='ocr_line' id='line_1_71' title="bbox 90 1580 922 1619; baseline 0 -11"><span class='ocrx_word' id='word_1_558' title='bbox 90 1581 255 1609; x_wconf 65' lang='lat' dir='ltr'>CANDAcEs</span> <span class='ocrx_word' id='word_1_559' title='bbox 268 1601 275 1608; x_wconf 90' lang='lat'><strong>.</strong></span> <span class='ocrx_word' id='word_1_560' title='bbox 300 1583 357 1609; x_wconf 76' lang='lat' dir='ltr'>FR.</span> <span class='ocrx_word' id='word_1_561' title='bbox 371 1587 381 1616; x_wconf 94' lang='lat'>[</span> <span class='ocrx_word' id='word_1_562' title='bbox 394 1585 429 1610; x_wconf 85' lang='lat' dir='ltr'>Et</span> <span class='ocrx_word' id='word_1_563' title='bbox 449 1591 509 1609; x_wconf 90' lang='lat' dir='ltr'>ecce</span> <span class='ocrx_word' id='word_1_564' title='bbox 521 1582 564 1609; x_wconf 89' lang='lat' dir='ltr'>vir</span> <span class='ocrx_word' id='word_1_565' title='bbox 574 1581 714 1619; x_wconf 78' lang='lat' dir='ltr'>AEtliiops</span> <span class='ocrx_word' id='word_1_566' title='bbox 727 1602 735 1614; x_wconf 94' lang='lat'><em>‚</em></span> <span class='ocrx_word' id='word_1_567' title='bbox 758 1580 903 1609; x_wconf 86' lang='lat' dir='ltr'>Eunuchus</span> <span class='ocrx_word' id='word_1_568' title='bbox 913 1602 922 1613; x_wconf 91' lang='lat'><em>,</em></span> 
     </span>
    </p>
   </div>
   <div class='ocr_carea' id='block_1_16' title="bbox 132 1622 924 2393">
    <p class='ocr_par' dir='ltr' id='par_1_19' title="bbox 132 1622 924 2393">
     <span class='ocr_line' id='line_1_72' title="bbox 135 1622 921 1661; baseline 0 -12"><span class='ocrx_word' id='word_1_569' title='bbox 135 1631 233 1658; x_wconf 85' lang='lat' dir='ltr'>potens</span> <span class='ocrx_word' id='word_1_570' title='bbox 255 1622 391 1650; x_wconf 80' lang='lat' dir='ltr'>Candacis</span> <span class='ocrx_word' id='word_1_571' title='bbox 408 1622 526 1660; x_wconf 75' lang='lat' dir='ltr'>Regina:</span> <span class='ocrx_word' id='word_1_572' title='bbox 547 1622 721 1661; x_wconf 74' lang='lat' dir='ltr'>AEtliiopum</span> <span class='ocrx_word' id='word_1_573' title='bbox 733 1642 739 1649; x_wconf 92' lang='lat'><em>.</em></span> <span class='ocrx_word' id='word_1_574' title='bbox 763 1623 825 1650; x_wconf 75' lang='grc' dir='ltr'>Αᾶ.</span> <span class='ocrx_word' id='word_1_575' title='bbox 848 1627 872 1650; x_wconf 77' lang='lat'>8.</span> <span class='ocrx_word' id='word_1_576' title='bbox 894 1632 921 1649; x_wconf 90' lang='lat' dir='ltr'>n.</span> 
     </span>
     <span class='ocr_line' id='line_1_73' title="bbox 135 1662 922 1700; baseline 0 -10"><span class='ocrx_word' id='word_1_577' title='bbox 135 1664 203 1694; x_wconf 79' lang='lat'>27.]</span> <span class='ocrx_word' id='word_1_578' title='bbox 227 1663 317 1699; x_wconf 84' lang='lat' dir='ltr'>Quare</span> <span class='ocrx_word' id='word_1_579' title='bbox 339 1664 437 1690; x_wconf 67' lang='lat' dir='ltr'>Earon.</span> <span class='ocrx_word' id='word_1_580' title='bbox 450 1663 484 1691; x_wconf 81' lang='lat' dir='ltr'>ad</span> <span class='ocrx_word' id='word_1_581' title='bbox 501 1673 544 1690; x_wconf 74' lang='lat' dir='ltr'>an.</span> <span class='ocrx_word' id='word_1_582' title='bbox 556 1674 569 1700; x_wconf 81' lang='lat'><em>3</em></span> <span class='ocrx_word' id='word_1_583' title='bbox 580 1674 604 1698; x_wconf 84' lang='grc' dir='ltr'>ς.</span> <span class='ocrx_word' id='word_1_584' title='bbox 616 1674 643 1691; x_wconf 89' lang='lat' dir='ltr'>n.</span> <span class='ocrx_word' id='word_1_585' title='bbox 657 1675 703 1698; x_wconf 62' lang='lat'>24.</span> <span class='ocrx_word' id='word_1_586' title='bbox 716 1662 807 1700; x_wconf 84' lang='lat' dir='ltr'>inquit</span> <span class='ocrx_word' id='word_1_587' title='bbox 817 1683 824 1689; x_wconf 87' lang='lat'><strong>.</strong></span> <span class='ocrx_word' id='word_1_588' title='bbox 845 1665 922 1697; x_wconf 83' lang='lat' dir='ltr'>[Eo-</span> 
     </span>
     <span class='ocr_line' id='line_1_74' title="bbox 134 1702 922 1739; baseline 0 -9"><span class='ocrx_word' id='word_1_589' title='bbox 134 1702 197 1730; x_wconf 88' lang='lat' dir='ltr'>dem</span> <span class='ocrx_word' id='word_1_590' title='bbox 206 1703 310 1731; x_wconf 70' lang='lat' dir='ltr'>constat</span> <span class='ocrx_word' id='word_1_591' title='bbox 321 1705 443 1732; x_wconf 58' lang='lat' dir='ltr'>Aueiore</span> <span class='ocrx_word' id='word_1_592' title='bbox 461 1705 607 1739; x_wconf 74' lang='lat' dir='ltr'>(sciltcet,</span> <span class='ocrx_word' id='word_1_593' title='bbox 624 1705 753 1733; x_wconf 69' lang='lat' dir='ltr'>Strabone</span> <span class='ocrx_word' id='word_1_594' title='bbox 768 1724 775 1734; x_wconf 90' lang='lat'><em>,</em></span> <span class='ocrx_word' id='word_1_595' title='bbox 797 1704 815 1730; x_wconf 86' lang='lat' dir='ltr'>l.</span> <span class='ocrx_word' id='word_1_596' title='bbox 828 1714 854 1735; x_wconf 94' lang='lat'>7.</span> <span class='ocrx_word' id='word_1_597' title='bbox 868 1706 878 1734; x_wconf 86' lang='lat'><em>)</em></span> <span class='ocrx_word' id='word_1_598' title='bbox 890 1703 922 1730; x_wconf 71' lang='lat' dir='ltr'>ad</span> 
     </span>
     <span class='ocr_line' id='line_1_75' title="bbox 132 1742 922 1783; baseline 0.001 -13"><span class='ocrx_word' id='word_1_599' title='bbox 132 1742 176 1770; x_wconf 68' lang='lat' dir='ltr'>sim</span> <span class='ocrx_word' id='word_1_600' title='bbox 186 1754 294 1782; x_wconf 87' lang='lat' dir='ltr'>quoquc</span> <span class='ocrx_word' id='word_1_601' title='bbox 315 1754 439 1782; x_wconf 83' lang='lat' dir='ltr'>tempora</span> <span class='ocrx_word' id='word_1_602' title='bbox 459 1744 584 1772; x_wconf 71' lang='lat' dir='ltr'>foeminas</span> <span class='ocrx_word' id='word_1_603' title='bbox 604 1744 633 1771; x_wconf 92' lang='lat' dir='ltr'>in</span> <span class='ocrx_word' id='word_1_604' title='bbox 643 1743 797 1781; x_wconf 79' lang='lat' dir='ltr'>AEthiopia</span> <span class='ocrx_word' id='word_1_605' title='bbox 808 1753 922 1783; x_wconf 80' lang='lat' dir='ltr'>regnare</span> 
     </span>
     <span class='ocr_line' id='line_1_76' title="bbox 133 1783 919 1823; baseline 0.003 -13"><span class='ocrx_word' id='word_1_606' title='bbox 133 1783 300 1813; x_wconf 75' lang='lat' dir='ltr'>consuevisse</span> <span class='ocrx_word' id='word_1_607' title='bbox 311 1806 320 1818; x_wconf 85' lang='lat'><em>,</em></span> <span class='ocrx_word' id='word_1_608' title='bbox 343 1784 450 1813; x_wconf 78' lang='lat' dir='ltr'>easdem</span> <span class='ocrx_word' id='word_1_609' title='bbox 462 1784 513 1813; x_wconf 80' lang='lat' dir='ltr'>effe</span> <span class='ocrx_word' id='word_1_610' title='bbox 525 1784 666 1813; x_wconf 83' lang='lat' dir='ltr'>Candaces</span> <span class='ocrx_word' id='word_1_611' title='bbox 676 1785 842 1823; x_wconf 72' lang='lat' dir='ltr'>appellatas5</span> <span class='ocrx_word' id='word_1_612' title='bbox 860 1794 919 1822; x_wconf 76' lang='lat' dir='ltr'>quae</span> 
     </span>
     <span class='ocr_line' id='line_1_77' title="bbox 133 1823 921 1859; baseline 0 -8"><span class='ocrx_word' id='word_1_613' title='bbox 133 1834 200 1852; x_wconf 74' lang='lat' dir='ltr'>vero</span> <span class='ocrx_word' id='word_1_614' title='bbox 219 1825 264 1853; x_wconf 73' lang='lat' dir='ltr'>sua</span> <span class='ocrx_word' id='word_1_615' title='bbox 283 1834 364 1853; x_wconf 59' lang='grc' dir='ltr'>πίητε</span> <span class='ocrx_word' id='word_1_616' title='bbox 375 1826 502 1859; x_wconf 59' lang='grc' dir='ltr'>νίνεῐετ3</span> <span class='ocrx_word' id='word_1_617' title='bbox 526 1825 636 1853; x_wconf 80' lang='lat' dir='ltr'>virilem</span> <span class='ocrx_word' id='word_1_618' title='bbox 657 1824 720 1853; x_wconf 74' lang='lat' dir='ltr'>sane</span> <span class='ocrx_word' id='word_1_619' title='bbox 739 1823 813 1852; x_wconf 80' lang='lat' dir='ltr'>fuiss‘c</span> <span class='ocrx_word' id='word_1_620' title='bbox 825 1825 921 1852; x_wconf 89' lang='lat' dir='ltr'>mulie-</span> 
     </span>
     <span class='ocr_line' id='line_1_78' title="bbox 134 1865 921 1904; baseline 0.003 -13"><span class='ocrx_word' id='word_1_621' title='bbox 134 1874 189 1892; x_wconf 85' lang='lat' dir='ltr'>rem</span> <span class='ocrx_word' id='word_1_622' title='bbox 201 1886 209 1897; x_wconf 94' lang='lat'>,</span> <span class='ocrx_word' id='word_1_623' title='bbox 231 1867 318 1895; x_wconf 83' lang='lat' dir='ltr'>altero</span> <span class='ocrx_word' id='word_1_624' title='bbox 329 1876 422 1895; x_wconf 86' lang='lat' dir='ltr'>tamen</span> <span class='ocrx_word' id='word_1_625' title='bbox 430 1867 511 1895; x_wconf 82' lang='lat' dir='ltr'>oculo</span> <span class='ocrx_word' id='word_1_626' title='bbox 531 1875 637 1904; x_wconf 75' lang='lat' dir='ltr'>captam</span> <span class='ocrx_word' id='word_1_627' title='bbox 647 1886 654 1893; x_wconf 89' lang='lat'><strong>.</strong></span> <span class='ocrx_word' id='word_1_628' title='bbox 668 1868 680 1897; x_wconf 94' lang='lat'><em>]</em></span> <span class='ocrx_word' id='word_1_629' title='bbox 706 1867 810 1894; x_wconf 84' lang='lat' dir='ltr'>Verum</span> <span class='ocrx_word' id='word_1_630' title='bbox 819 1865 839 1893; x_wconf 87' lang='lat' dir='ltr'>fi</span> <span class='ocrx_word' id='word_1_631' title='bbox 849 1866 921 1894; x_wconf 86' lang='lat' dir='ltr'>Stra-</span> 
     </span>
     <span class='ocr_line' id='line_1_79' title="bbox 136 1904 919 1943; baseline 0.003 -11"><span class='ocrx_word' id='word_1_632' title='bbox 136 1904 235 1933; x_wconf 75' lang='lat' dir='ltr'>bouem</span> <span class='ocrx_word' id='word_1_633' title='bbox 246 1908 430 1936; x_wconf 80' lang='lat' dir='ltr'>examinemus</span> <span class='ocrx_word' id='word_1_634' title='bbox 441 1929 449 1940; x_wconf 87' lang='lat'><em>,</em></span> <span class='ocrx_word' id='word_1_635' title='bbox 471 1917 552 1937; x_wconf 74' lang='lat' dir='ltr'>unam</span> <span class='ocrx_word' id='word_1_636' title='bbox 563 1907 718 1936; x_wconf 75' lang='lat' dir='ltr'>Candacem</span> <span class='ocrx_word' id='word_1_637' title='bbox 731 1915 842 1934; x_wconf 81' lang='lat' dir='ltr'>tantum</span> <span class='ocrx_word' id='word_1_638' title='bbox 849 1907 919 1943; x_wconf 81' lang='lat' dir='ltr'>apud</span> 
     </span>
     <span class='ocr_line' id='line_1_80' title="bbox 135 1945 924 1986; baseline 0.001 -13"><span class='ocrx_word' id='word_1_639' title='bbox 135 1945 250 1973; x_wconf 84' lang='lat' dir='ltr'>eundem</span> <span class='ocrx_word' id='word_1_640' title='bbox 262 1947 432 1977; x_wconf 83' lang='lat' dir='ltr'>inveniemus</span> <span class='ocrx_word' id='word_1_641' title='bbox 444 1970 451 1981; x_wconf 89' lang='lat'><em>,</em></span> <span class='ocrx_word' id='word_1_642' title='bbox 474 1953 501 1977; x_wconf 75' lang='grc' dir='ltr'>ὃ(</span> <span class='ocrx_word' id='word_1_643' title='bbox 515 1959 575 1976; x_wconf 88' lang='lat' dir='ltr'>non</span> <span class='ocrx_word' id='word_1_644' title='bbox 584 1948 673 1986; x_wconf 81' lang='lat' dir='ltr'>plures</span> <span class='ocrx_word' id='word_1_645' title='bbox 683 1970 691 1980; x_wconf 82' lang='lat'><em>,</em></span> <span class='ocrx_word' id='word_1_646' title='bbox 713 1947 779 1975; x_wconf 83' lang='lat' dir='ltr'>sicut</span> <span class='ocrx_word' id='word_1_647' title='bbox 788 1948 924 1975; x_wconf 83' lang='lat' dir='ltr'>Baronius</span> 
     </span>
     <span class='ocr_line' id='line_1_81' title="bbox 135 1985 921 2027; baseline 0.001 -14"><span class='ocrx_word' id='word_1_648' title='bbox 135 1985 320 2015; x_wconf 70' lang='lat' dir='ltr'>eiiissiinavit.</span> <span class='ocrx_word' id='word_1_649' title='bbox 344 1990 385 2017; x_wconf 80' lang='lat' dir='ltr'>Sic</span> <span class='ocrx_word' id='word_1_650' title='bbox 396 1990 484 2027; x_wconf 76' lang='lat' dir='ltr'>igitur</span> <span class='ocrx_word' id='word_1_651' title='bbox 496 1989 546 2017; x_wconf 89' lang='lat' dir='ltr'>ille</span> <span class='ocrx_word' id='word_1_652' title='bbox 556 1989 619 2016; x_wconf 88' lang='lat' dir='ltr'>loco</span> <span class='ocrx_word' id='word_1_653' title='bbox 627 1988 712 2016; x_wconf 79' lang='lat' dir='ltr'>citato</span> <span class='ocrx_word' id='word_1_654' title='bbox 723 1987 776 2016; x_wconf 73' lang='lat' dir='ltr'>ait:</span> <span class='ocrx_word' id='word_1_655' title='bbox 804 1991 868 2022; x_wconf 84' lang='lat' dir='ltr'>[Ex</span> <span class='ocrx_word' id='word_1_656' title='bbox 886 1988 921 2015; x_wconf 85' lang='lat' dir='ltr'>iis</span> 
     </span>
     <span class='ocr_line' id='line_1_82' title="bbox 136 2028 918 2069; baseline 0.001 -15"><span class='ocrx_word' id='word_1_657' title='bbox 136 2035 213 2054; x_wconf 76' lang='lat' dir='ltr'>crant</span> <span class='ocrx_word' id='word_1_658' title='bbox 225 2028 307 2055; x_wconf 75' lang='lat' dir='ltr'>etiam</span> <span class='ocrx_word' id='word_1_659' title='bbox 315 2029 405 2057; x_wconf 78' lang='lat' dir='ltr'>Duces</span> <span class='ocrx_word' id='word_1_660' title='bbox 416 2031 534 2069; x_wconf 64' lang='lat' dir='ltr'>Reginae</span> <span class='ocrx_word' id='word_1_661' title='bbox 546 2029 682 2059; x_wconf 69' lang='lat' dir='ltr'>candacis</span> <span class='ocrx_word' id='word_1_662' title='bbox 693 2050 700 2061; x_wconf 90' lang='lat'>,</span> <span class='ocrx_word' id='word_1_663' title='bbox 724 2038 783 2066; x_wconf 77' lang='lat' dir='ltr'>quae</span> <span class='ocrx_word' id='word_1_664' title='bbox 803 2038 850 2066; x_wconf 89' lang='lat' dir='ltr'>per</span> <span class='ocrx_word' id='word_1_665' title='bbox 868 2038 918 2055; x_wconf 93' lang='lat' dir='ltr'>no-</span> 
     </span>
     <span class='ocr_line' id='line_1_83' title="bbox 134 2067 922 2109; baseline 0 -14"><span class='ocrx_word' id='word_1_666' title='bbox 134 2067 188 2095; x_wconf 80' lang='lat' dir='ltr'>stra</span> <span class='ocrx_word' id='word_1_667' title='bbox 208 2076 333 2106; x_wconf 75' lang='lat' dir='ltr'>tempora</span> <span class='ocrx_word' id='word_1_668' title='bbox 352 2069 537 2109; x_wconf 70' lang='lat' dir='ltr'>AEtliiopibus</span> <span class='ocrx_word' id='word_1_669' title='bbox 557 2071 704 2108; x_wconf 84' lang='lat' dir='ltr'>imperavit</span> <span class='ocrx_word' id='word_1_670' title='bbox 721 2090 729 2101; x_wconf 91' lang='lat'>‚</span> <span class='ocrx_word' id='word_1_671' title='bbox 752 2068 840 2098; x_wconf 89' lang='lat' dir='ltr'>virilis</span> <span class='ocrx_word' id='word_1_672' title='bbox 860 2067 922 2096; x_wconf 87' lang='lat' dir='ltr'>sane</span> 
     </span>
     <span class='ocr_line' id='line_1_84' title="bbox 135 2107 921 2149; baseline 0.001 -14"><span class='ocrx_word' id='word_1_673' title='bbox 135 2107 236 2136; x_wconf 85' lang='lat' dir='ltr'>mulier</span> <span class='ocrx_word' id='word_1_674' title='bbox 244 2109 331 2136; x_wconf 77' lang='lat' dir='ltr'>altero</span> <span class='ocrx_word' id='word_1_675' title='bbox 342 2112 422 2138; x_wconf 88' lang='lat' dir='ltr'>oculo</span> <span class='ocrx_word' id='word_1_676' title='bbox 432 2120 507 2149; x_wconf 69' lang='lat' dir='ltr'>capta</span> <span class='ocrx_word' id='word_1_677' title='bbox 517 2132 523 2139; x_wconf 91' lang='lat'><strong>.</strong></span> <span class='ocrx_word' id='word_1_678' title='bbox 537 2113 549 2143; x_wconf 95' lang='lat'><em>]</em></span> <span class='ocrx_word' id='word_1_679' title='bbox 563 2115 596 2140; x_wconf 84' lang='lat' dir='ltr'>Et</span> <span class='ocrx_word' id='word_1_680' title='bbox 607 2110 665 2139; x_wconf 80' lang='lat' dir='ltr'>haec</span> <span class='ocrx_word' id='word_1_681' title='bbox 677 2109 770 2138; x_wconf 70' lang='lat' dir='ltr'>eadem</span> <span class='ocrx_word' id='word_1_682' title='bbox 781 2109 921 2138; x_wconf 77' lang='lat' dir='ltr'>Candaces</span> 
     </span>
     <span class='ocr_line' id='line_1_85' title="bbox 134 2149 921 2189; baseline -0.001 -11"><span class='ocrx_word' id='word_1_683' title='bbox 134 2149 245 2188; x_wconf 82' lang='lat' dir='ltr'>Regina</span> <span class='ocrx_word' id='word_1_684' title='bbox 265 2149 314 2177; x_wconf 84' lang='lat' dir='ltr'>suit</span> <span class='ocrx_word' id='word_1_685' title='bbox 326 2171 334 2181; x_wconf 83' lang='lat'><em>‚</em></span> <span class='ocrx_word' id='word_1_686' title='bbox 355 2161 427 2187; x_wconf 70' lang='lat' dir='ltr'>cuju-‘5</span> <span class='ocrx_word' id='word_1_687' title='bbox 440 2151 584 2180; x_wconf 78' lang='lat' dir='ltr'>Eunuchus</span> <span class='ocrx_word' id='word_1_688' title='bbox 594 2163 607 2180; x_wconf 83' lang='lat' dir='ltr'>:i</span> <span class='ocrx_word' id='word_1_689' title='bbox 617 2150 751 2189; x_wconf 84' lang='lat' dir='ltr'>Philippo</span> <span class='ocrx_word' id='word_1_690' title='bbox 769 2150 921 2187; x_wconf 72' lang='lat' dir='ltr'>baptizatus</span> 
     </span>
     <span class='ocr_line' id='line_1_86' title="bbox 135 2189 920 2229; baseline 0 -12"><span class='ocrx_word' id='word_1_691' title='bbox 135 2189 173 2217; x_wconf 81' lang='lat' dir='ltr'>est</span> <span class='ocrx_word' id='word_1_692' title='bbox 185 2201 192 2217; x_wconf 87' lang='lat'>:</span> <span class='ocrx_word' id='word_1_693' title='bbox 216 2190 289 2227; x_wconf 85' lang='lat' dir='ltr'>quod</span> <span class='ocrx_word' id='word_1_694' title='bbox 300 2191 441 2219; x_wconf 78' lang='lat' dir='ltr'>manifeste</span> <span class='ocrx_word' id='word_1_695' title='bbox 449 2193 578 2229; x_wconf 80' lang='lat' dir='ltr'>probatur</span> <span class='ocrx_word' id='word_1_696' title='bbox 590 2204 597 2224; x_wconf 73' lang='lat'>5</span> <span class='ocrx_word' id='word_1_697' title='bbox 622 2201 686 2220; x_wconf 75' lang='lat' dir='ltr'>nam</span> <span class='ocrx_word' id='word_1_698' title='bbox 697 2190 843 2229; x_wconf 70' lang='lat' dir='ltr'>baPtismus</span> <span class='ocrx_word' id='word_1_699' title='bbox 853 2189 898 2217; x_wconf 88' lang='lat' dir='ltr'>hic</span> <span class='ocrx_word' id='word_1_700' title='bbox 913 2211 920 2222; x_wconf 93' lang='lat'><em>,</em></span> 
     </span>
     <span class='ocr_line' id='line_1_87' title="bbox 133 2231 921 2270; baseline 0 -12"><span class='ocrx_word' id='word_1_701' title='bbox 133 2233 210 2266; x_wconf 80' lang='lat' dir='ltr'>juxta</span> <span class='ocrx_word' id='word_1_702' title='bbox 221 2231 334 2259; x_wconf 82' lang='lat' dir='ltr'>Baronii</span> <span class='ocrx_word' id='word_1_703' title='bbox 352 2241 510 2269; x_wconf 85' lang='lat' dir='ltr'>computum</span> <span class='ocrx_word' id='word_1_704' title='bbox 521 2254 528 2265; x_wconf 88' lang='lat'><em>,</em></span> <span class='ocrx_word' id='word_1_705' title='bbox 551 2244 625 2262; x_wconf 87' lang='lat' dir='ltr'>anno</span> <span class='ocrx_word' id='word_1_706' title='bbox 636 2232 744 2261; x_wconf 86' lang='lat' dir='ltr'>Christi</span> <span class='ocrx_word' id='word_1_707' title='bbox 757 2243 770 2270; x_wconf 89' lang='lat'><em>3</em></span> <span class='ocrx_word' id='word_1_708' title='bbox 780 2241 804 2266; x_wconf 83' lang='lat'>5.</span> <span class='ocrx_word' id='word_1_709' title='bbox 816 2231 921 2258; x_wconf 82' lang='lat' dir='ltr'>accide-</span> 
     </span>
     <span class='ocr_line' id='line_1_88' title="bbox 133 2272 922 2310; baseline 0.001 -12"><span class='ocrx_word' id='word_1_710' title='bbox 133 2280 175 2298; x_wconf 76' lang='lat' dir='ltr'>nt</span> <span class='ocrx_word' id='word_1_711' title='bbox 187 2292 195 2304; x_wconf 87' lang='lat'><em>‚</em></span> <span class='ocrx_word' id='word_1_712' title='bbox 217 2274 245 2299; x_wconf 76' lang='lat' dir='ltr'>c&amp;</span> <span class='ocrx_word' id='word_1_713' title='bbox 264 2281 313 2309; x_wconf 86' lang='lat' dir='ltr'>per</span> <span class='ocrx_word' id='word_1_714' title='bbox 330 2273 445 2300; x_wconf 86' lang='lat' dir='ltr'>eundem</span> <span class='ocrx_word' id='word_1_715' title='bbox 458 2274 606 2302; x_wconf 78' lang='lat' dir='ltr'>Bamnium</span> <span class='ocrx_word' id='word_1_716' title='bbox 623 2272 746 2302; x_wconf 82' lang='lat' dir='ltr'>Tiberius</span> <span class='ocrx_word' id='word_1_717' title='bbox 767 2273 922 2310; x_wconf 82' lang='lat' dir='ltr'>Imperator</span> 
     </span>
     <span class='ocr_line' id='line_1_89' title="bbox 134 2311 921 2353; baseline 0.001 -14"><span class='ocrx_word' id='word_1_718' title='bbox 134 2311 218 2349; x_wconf 84' lang='lat' dir='ltr'>usque</span> <span class='ocrx_word' id='word_1_719' title='bbox 237 2312 271 2340; x_wconf 82' lang='lat' dir='ltr'>ad</span> <span class='ocrx_word' id='word_1_720' title='bbox 290 2323 392 2341; x_wconf 80' lang='lat' dir='ltr'>annum</span> <span class='ocrx_word' id='word_1_721' title='bbox 409 2312 516 2341; x_wconf 86' lang='lat' dir='ltr'>Christi</span> <span class='ocrx_word' id='word_1_722' title='bbox 531 2325 578 2351; x_wconf 83' lang='lat'>39.</span> <span class='ocrx_word' id='word_1_723' title='bbox 598 2323 777 2353; x_wconf 75' lang='lat' dir='ltr'>regnaverat:</span> <span class='ocrx_word' id='word_1_724' title='bbox 801 2323 828 2341; x_wconf 88' lang='lat' dir='ltr'>at</span> <span class='ocrx_word' id='word_1_725' title='bbox 849 2312 921 2340; x_wconf 88' lang='lat' dir='ltr'>hanc</span> 
     </span>
     <span class='ocr_line' id='line_1_90' title="bbox 139 2352 922 2393; baseline -0.001 -12"><span class='ocrx_word' id='word_1_726' title='bbox 139 2357 151 2387; x_wconf 75' lang='lat'>1</span> <span class='ocrx_word' id='word_1_727' title='bbox 163 2352 319 2383; x_wconf 71' lang='lat' dir='ltr'>Candacen</span> <span class='ocrx_word' id='word_1_728' title='bbox 329 2354 468 2393; x_wconf 75' lang='lat' dir='ltr'>Reginam</span> <span class='ocrx_word' id='word_1_729' title='bbox 475 2364 535 2384; x_wconf 82' lang='lat' dir='ltr'>cum</span> <span class='ocrx_word' id='word_1_730' title='bbox 545 2355 637 2384; x_wconf 78' lang='lat' dir='ltr'>multis</span> <span class='ocrx_word' id='word_1_731' title='bbox 645 2354 792 2392; x_wconf 74' lang='lat' dir='ltr'>hominum</span> <span class='ocrx_word' id='word_1_732' title='bbox 805 2353 922 2382; x_wconf 86' lang='lat' dir='ltr'>millibus</span> 
     </span>
    </p>
   </div>
   <div class='ocr_carea' id='block_1_17' title="bbox 975 1379 1768 2352">
    <p class='ocr_par' dir='ltr' id='par_1_20' title="bbox 975 1379 1768 2352">
     <span class='ocr_line' id='line_1_91' title="bbox 977 1379 1763 1418; baseline 0.003 -12"><span class='ocrx_word' id='word_1_733' title='bbox 977 1380 1050 1417; x_wconf 86' lang='lat' dir='ltr'>giter</span> <span class='ocrx_word' id='word_1_734' title='bbox 1059 1380 1088 1408; x_wconf 91' lang='lat' dir='ltr'>in</span> <span class='ocrx_word' id='word_1_735' title='bbox 1098 1379 1210 1409; x_wconf 76' lang='lat' dir='ltr'>obitus.</span> <span class='ocrx_word' id='word_1_736' title='bbox 1222 1381 1359 1418; x_wconf 74' lang='lat' dir='ltr'>Cyprizmi</span> <span class='ocrx_word' id='word_1_737' title='bbox 1371 1401 1378 1413; x_wconf 85' lang='lat'><em>,</em></span> <span class='ocrx_word' id='word_1_738' title='bbox 1401 1384 1473 1415; x_wconf 66' lang='lat' dir='ltr'>cujus</span> <span class='ocrx_word' id='word_1_739' title='bbox 1486 1381 1541 1408; x_wconf 54' lang='lat' dir='ltr'>afra</span> <span class='ocrx_word' id='word_1_740' title='bbox 1551 1380 1603 1408; x_wconf 79' lang='lat' dir='ltr'>lioc</span> <span class='ocrx_word' id='word_1_741' title='bbox 1614 1381 1763 1409; x_wconf 72' lang='lat' dir='ltr'>testantur:</span> 
     </span>
     <span class='ocr_line' id='line_1_92' title="bbox 979 1420 1765 1456; baseline 0.001 -9"><span class='ocrx_word' id='word_1_742' title='bbox 979 1420 1074 1455; x_wconf 88' lang='lat' dir='ltr'>[Inde</span> <span class='ocrx_word' id='word_1_743' title='bbox 1083 1430 1145 1448; x_wconf 92' lang='lat' dir='ltr'>cum</span> <span class='ocrx_word' id='word_1_744' title='bbox 1160 1421 1263 1452; x_wconf 85' lang='lat' dir='ltr'>cercis,</span> <span class='ocrx_word' id='word_1_745' title='bbox 1287 1425 1314 1450; x_wconf 74' lang='grc' dir='ltr'>ὅ(</span> <span class='ocrx_word' id='word_1_746' title='bbox 1332 1420 1498 1449; x_wconf 75' lang='lat' dir='ltr'>scholaribus</span> <span class='ocrx_word' id='word_1_747' title='bbox 1517 1421 1546 1448; x_wconf 92' lang='lat' dir='ltr'>in</span> <span class='ocrx_word' id='word_1_748' title='bbox 1567 1431 1625 1449; x_wconf 75' lang='lat' dir='ltr'>arca</span> <span class='ocrx_word' id='word_1_749' title='bbox 1644 1421 1765 1456; x_wconf 59' lang='lat' dir='ltr'>ejusdcm</span> 
     </span>
     <span class='ocr_line' id='line_1_93' title="bbox 977 1459 1768 1500; baseline 0.001 -13"><span class='ocrx_word' id='word_1_750' title='bbox 977 1461 1098 1488; x_wconf 79' lang='lat' dir='ltr'>Candidi</span> <span class='ocrx_word' id='word_1_751' title='bbox 1129 1462 1310 1498; x_wconf 61' lang='lat' dir='ltr'>procuratoris</span> <span class='ocrx_word' id='word_1_752' title='bbox 1336 1472 1437 1500; x_wconf 77' lang='lat' dir='ltr'>magno</span> <span class='ocrx_word' id='word_1_753' title='bbox 1464 1459 1608 1498; x_wconf 83' lang='lat' dir='ltr'>triumpho</span> <span class='ocrx_word' id='word_1_754' title='bbox 1629 1460 1768 1499; x_wconf 86' lang='lat' dir='ltr'>sepultum</span> 
     </span>
     <span class='ocr_line' id='line_1_94' title="bbox 978 1501 1765 1540; baseline 0.001 -12"><span class='ocrx_word' id='word_1_755' title='bbox 978 1501 1056 1533; x_wconf 80' lang='lat' dir='ltr'>est‚]</span> <span class='ocrx_word' id='word_1_756' title='bbox 1081 1502 1115 1529; x_wconf 90' lang='lat' dir='ltr'>de</span> <span class='ocrx_word' id='word_1_757' title='bbox 1135 1512 1186 1540; x_wconf 81' lang='lat' dir='ltr'>qua</span> <span class='ocrx_word' id='word_1_758' title='bbox 1206 1502 1370 1530; x_wconf 70' lang='lat' dir='ltr'>caeremonia</span> <span class='ocrx_word' id='word_1_759' title='bbox 1389 1501 1482 1539; x_wconf 77' lang='lat' dir='ltr'>passim</span> <span class='ocrx_word' id='word_1_760' title='bbox 1503 1511 1585 1539; x_wconf 80' lang='lat' dir='ltr'>penes</span> <span class='ocrx_word' id='word_1_761' title='bbox 1603 1502 1712 1530; x_wconf 83' lang='lat' dir='ltr'><strong>SS.PP.</strong></span> <span class='ocrx_word' id='word_1_762' title='bbox 1733 1501 1765 1530; x_wconf 81' lang='lat' dir='ltr'>fit</span> 
     </span>
     <span class='ocr_line' id='line_1_95' title="bbox 978 1542 1766 1580; baseline 0.003 -12"><span class='ocrx_word' id='word_1_763' title='bbox 978 1542 1085 1569; x_wconf 88' lang='lat' dir='ltr'>mentio</span> <span class='ocrx_word' id='word_1_764' title='bbox 1096 1562 1109 1569; x_wconf 60' lang='grc'>.,</span> <span class='ocrx_word' id='word_1_765' title='bbox 1126 1544 1186 1571; x_wconf 91' lang='lat' dir='ltr'>Nec</span> <span class='ocrx_word' id='word_1_766' title='bbox 1204 1543 1291 1571; x_wconf 78' lang='lat' dir='ltr'>obstat</span> <span class='ocrx_word' id='word_1_767' title='bbox 1302 1564 1309 1575; x_wconf 88' lang='lat'>‚</span> <span class='ocrx_word' id='word_1_768' title='bbox 1332 1553 1430 1570; x_wconf 85' lang='lat' dir='ltr'>canon.</span> <span class='ocrx_word' id='word_1_769' title='bbox 1442 1542 1627 1580; x_wconf 74' lang='lat' dir='ltr'>34.,Concilii</span> <span class='ocrx_word' id='word_1_770' title='bbox 1649 1542 1766 1570; x_wconf 86' lang='lat' dir='ltr'>Eliberi-</span> 
     </span>
     <span class='ocr_line' id='line_1_96' title="bbox 978 1582 1766 1616; baseline 0.001 -7"><span class='ocrx_word' id='word_1_771' title='bbox 978 1582 1008 1610; x_wconf 91' lang='lat' dir='ltr'>ni</span> <span class='ocrx_word' id='word_1_772' title='bbox 1023 1603 1029 1614; x_wconf 92' lang='lat'><em>‚</em></span> <span class='ocrx_word' id='word_1_773' title='bbox 1052 1583 1096 1610; x_wconf 87' lang='lat' dir='ltr'>ubi</span> <span class='ocrx_word' id='word_1_774' title='bbox 1107 1592 1218 1611; x_wconf 77' lang='lat' dir='ltr'>cavetur</span> <span class='ocrx_word' id='word_1_775' title='bbox 1227 1605 1234 1616; x_wconf 86' lang='lat'><em>‚</em></span> <span class='ocrx_word' id='word_1_776' title='bbox 1258 1594 1292 1611; x_wconf 89' lang='lat' dir='ltr'>ne</span> <span class='ocrx_word' id='word_1_777' title='bbox 1304 1583 1408 1611; x_wconf 79' lang='lat' dir='ltr'>animas</span> <span class='ocrx_word' id='word_1_778' title='bbox 1421 1584 1580 1611; x_wconf 67' lang='lat' dir='ltr'>Stinftorum</span> <span class='ocrx_word' id='word_1_779' title='bbox 1590 1583 1710 1611; x_wconf 81' lang='lat' dir='ltr'>candelis</span> <span class='ocrx_word' id='word_1_780' title='bbox 1723 1583 1766 1610; x_wconf 77' lang='lat' dir='ltr'>in-</span> 
     </span>
     <span class='ocr_line' id='line_1_97' title="bbox 977 1622 1766 1661; baseline 0.001 -12"><span class='ocrx_word' id='word_1_781' title='bbox 977 1623 1155 1660; x_wconf 79' lang='lat' dir='ltr'>qiiietentur3</span> <span class='ocrx_word' id='word_1_782' title='bbox 1179 1634 1242 1652; x_wconf 76' lang='lat' dir='ltr'>nam</span> <span class='ocrx_word' id='word_1_783' title='bbox 1260 1624 1294 1652; x_wconf 89' lang='lat' dir='ltr'>ibi</span> <span class='ocrx_word' id='word_1_784' title='bbox 1315 1624 1438 1661; x_wconf 85' lang='lat' dir='ltr'>loquitur</span> <span class='ocrx_word' id='word_1_785' title='bbox 1447 1624 1480 1651; x_wconf 88' lang='lat' dir='ltr'>de</span> <span class='ocrx_word' id='word_1_786' title='bbox 1501 1622 1691 1661; x_wconf 82' lang='lat' dir='ltr'>superstitioso</span> <span class='ocrx_word' id='word_1_787' title='bbox 1709 1624 1766 1651; x_wconf 73' lang='lat' dir='ltr'>ritu</span> 
     </span>
     <span class='ocr_line' id='line_1_98' title="bbox 977 1663 1767 1703; baseline -0.001 -12"><span class='ocrx_word' id='word_1_788' title='bbox 977 1664 1010 1691; x_wconf 76' lang='lat' dir='ltr'>ad</span> <span class='ocrx_word' id='word_1_789' title='bbox 1021 1664 1103 1692; x_wconf 81' lang='lat' dir='ltr'>instar</span> <span class='ocrx_word' id='word_1_790' title='bbox 1113 1664 1269 1692; x_wconf 82' lang='lat' dir='ltr'>Gentilium</span> <span class='ocrx_word' id='word_1_791' title='bbox 1285 1687 1290 1696; x_wconf 87' lang='lat'><em>,</em></span> <span class='ocrx_word' id='word_1_792' title='bbox 1315 1665 1365 1702; x_wconf 89' lang='lat' dir='ltr'>qui</span> <span class='ocrx_word' id='word_1_793' title='bbox 1384 1666 1413 1692; x_wconf 87' lang='lat' dir='ltr'>in</span> <span class='ocrx_word' id='word_1_794' title='bbox 1425 1663 1574 1703; x_wconf 81' lang='lat' dir='ltr'>sepulchris</span> <span class='ocrx_word' id='word_1_795' title='bbox 1583 1664 1767 1692; x_wconf 77' lang='lat' dir='ltr'>accendebant</span> 
     </span>
     <span class='ocr_line' id='line_1_99' title="bbox 979 1703 1767 1737; baseline 0 -6"><span class='ocrx_word' id='word_1_796' title='bbox 979 1704 1100 1733; x_wconf 77' lang='lat' dir='ltr'>candelas</span> <span class='ocrx_word' id='word_1_797' title='bbox 1112 1726 1120 1737; x_wconf 95' lang='lat'><em>‚</em></span> <span class='ocrx_word' id='word_1_798' title='bbox 1143 1715 1171 1732; x_wconf 81' lang='lat' dir='ltr'>ut</span> <span class='ocrx_word' id='word_1_799' title='bbox 1185 1705 1267 1733; x_wconf 81' lang='lat' dir='ltr'>refert</span> <span class='ocrx_word' id='word_1_800' title='bbox 1279 1705 1424 1734; x_wconf 85' lang='lat' dir='ltr'>Suetonius</span> <span class='ocrx_word' id='word_1_801' title='bbox 1434 1726 1442 1736; x_wconf 82' lang='grc'><em>,</em></span> <span class='ocrx_word' id='word_1_802' title='bbox 1464 1705 1498 1733; x_wconf 82' lang='lat' dir='ltr'>ad</span> <span class='ocrx_word' id='word_1_803' title='bbox 1511 1704 1644 1732; x_wconf 50' lang='lat' dir='ltr'>vocandus</span> <span class='ocrx_word' id='word_1_804' title='bbox 1654 1725 1661 1735; x_wconf 89' lang='lat'><em>‚</em></span> <span class='ocrx_word' id='word_1_805' title='bbox 1684 1707 1711 1732; x_wconf 81' lang='grc' dir='ltr'>δ(</span> <span class='ocrx_word' id='word_1_806' title='bbox 1722 1703 1767 1731; x_wconf 93' lang='lat' dir='ltr'>so-</span> 
     </span>
     <span class='ocr_line' id='line_1_100' title="bbox 976 1744 1768 1777; baseline 0 -5"><span class='ocrx_word' id='word_1_807' title='bbox 976 1745 1118 1773; x_wconf 76' lang='lat' dir='ltr'>licitandas</span> <span class='ocrx_word' id='word_1_808' title='bbox 1137 1746 1327 1773; x_wconf 58' lang='lat' dir='ltr'>defunctorum</span> <span class='ocrx_word' id='word_1_809' title='bbox 1346 1746 1468 1777; x_wconf 79' lang='lat' dir='ltr'>animas,</span> <span class='ocrx_word' id='word_1_810' title='bbox 1489 1745 1554 1773; x_wconf 81' lang='lat' dir='ltr'>ficut</span> <span class='ocrx_word' id='word_1_811' title='bbox 1575 1744 1654 1772; x_wconf 83' lang='lat' dir='ltr'>stulte</span> <span class='ocrx_word' id='word_1_812' title='bbox 1674 1745 1768 1772; x_wconf 75' lang='lat' dir='ltr'>crede-</span> 
     </span>
     <span class='ocr_line' id='line_1_101' title="bbox 977 1784 1766 1823; baseline -0.001 -10"><span class='ocrx_word' id='word_1_813' title='bbox 977 1786 1058 1816; x_wconf 65' lang='lat' dir='ltr'>bantq</span> <span class='ocrx_word' id='word_1_814' title='bbox 1082 1785 1127 1814; x_wconf 83' lang='lat' dir='ltr'>seu</span> <span class='ocrx_word' id='word_1_815' title='bbox 1141 1807 1148 1818; x_wconf 91' lang='lat'><em>,</em></span> <span class='ocrx_word' id='word_1_816' title='bbox 1161 1796 1193 1813; x_wconf 82' lang='lat' dir='ltr'>ut</span> <span class='ocrx_word' id='word_1_817' title='bbox 1203 1785 1388 1814; x_wconf 73' lang='lat' dir='ltr'>Perdinandus</span> <span class='ocrx_word' id='word_1_818' title='bbox 1401 1785 1538 1813; x_wconf 79' lang='lat' dir='ltr'>Mendoza</span> <span class='ocrx_word' id='word_1_819' title='bbox 1549 1785 1630 1813; x_wconf 68' lang='lat' dir='ltr'>verba</span> <span class='ocrx_word' id='word_1_820' title='bbox 1641 1784 1766 1823; x_wconf 64' lang='lat' dir='ltr'>praedicti</span> 
     </span>
     <span class='ocr_line' id='line_1_102' title="bbox 977 1825 1766 1864; baseline -0.001 -10"><span class='ocrx_word' id='word_1_821' title='bbox 977 1826 1091 1854; x_wconf 83' lang='lat' dir='ltr'>canonis</span> <span class='ocrx_word' id='word_1_822' title='bbox 1109 1826 1229 1864; x_wconf 83' lang='lat' dir='ltr'>explicat</span> <span class='ocrx_word' id='word_1_823' title='bbox 1251 1846 1258 1853; x_wconf 93' lang='lat'>.</span> <span class='ocrx_word' id='word_1_824' title='bbox 1284 1832 1295 1861; x_wconf 93' lang='lat'>[</span> <span class='ocrx_word' id='word_1_825' title='bbox 1314 1825 1495 1863; x_wconf 71' lang='lat' dir='ltr'>Inquietandi</span> <span class='ocrx_word' id='word_1_826' title='bbox 1513 1825 1588 1853; x_wconf 82' lang='lat' dir='ltr'>enini</span> <span class='ocrx_word' id='word_1_827' title='bbox 1608 1826 1766 1854; x_wconf 69' lang='lat' dir='ltr'>Sanstorum</span> 
     </span>
     <span class='ocr_line' id='line_1_103' title="bbox 976 1865 1766 1905; baseline 0 -11"><span class='ocrx_word' id='word_1_828' title='bbox 976 1866 1087 1905; x_wconf 85' lang='lat' dir='ltr'>spiritus</span> <span class='ocrx_word' id='word_1_829' title='bbox 1097 1877 1156 1895; x_wconf 88' lang='lat' dir='ltr'>non</span> <span class='ocrx_word' id='word_1_830' title='bbox 1165 1865 1228 1894; x_wconf 87' lang='lat' dir='ltr'>sunt</span> <span class='ocrx_word' id='word_1_831' title='bbox 1240 1868 1269 1897; x_wconf 87' lang='lat'>.]</span> <span class='ocrx_word' id='word_1_832' title='bbox 1292 1876 1388 1904; x_wconf 84' lang='lat' dir='ltr'>nempe</span> <span class='ocrx_word' id='word_1_833' title='bbox 1399 1888 1406 1898; x_wconf 91' lang='lat'><em>,</em></span> <span class='ocrx_word' id='word_1_834' title='bbox 1431 1867 1521 1894; x_wconf 86' lang='lat' dir='ltr'>voluit</span> <span class='ocrx_word' id='word_1_835' title='bbox 1533 1865 1675 1903; x_wconf 70' lang='lat' dir='ltr'>prxfcitum</span> <span class='ocrx_word' id='word_1_836' title='bbox 1686 1867 1766 1894; x_wconf 87' lang='lat' dir='ltr'>Con-</span> 
     </span>
     <span class='ocr_line' id='line_1_104' title="bbox 975 1906 1764 1944; baseline -0.003 -9"><span class='ocrx_word' id='word_1_837' title='bbox 975 1908 1069 1935; x_wconf 87' lang='lat' dir='ltr'>cilium</span> <span class='ocrx_word' id='word_1_838' title='bbox 1087 1907 1120 1935; x_wconf 81' lang='lat' dir='ltr'>ad</span> <span class='ocrx_word' id='word_1_839' title='bbox 1131 1908 1290 1935; x_wconf 53' lang='lat' dir='ltr'>Sannorum</span> <span class='ocrx_word' id='word_1_840' title='bbox 1310 1908 1463 1941; x_wconf 76' lang='lat' dir='ltr'>Martyrum</span> <span class='ocrx_word' id='word_1_841' title='bbox 1482 1906 1623 1944; x_wconf 82' lang='lat' dir='ltr'>sepulchra</span> <span class='ocrx_word' id='word_1_842' title='bbox 1640 1906 1764 1934; x_wconf 72' lang='lat' dir='ltr'>candelas</span> 
     </span>
     <span class='ocr_line' id='line_1_105' title="bbox 976 1946 1766 1984; baseline -0.003 -8"><span class='ocrx_word' id='word_1_843' title='bbox 976 1959 1033 1976; x_wconf 85' lang='lat' dir='ltr'>non</span> <span class='ocrx_word' id='word_1_844' title='bbox 1043 1948 1222 1975; x_wconf 81' lang='lat' dir='ltr'>accenderent</span> <span class='ocrx_word' id='word_1_845' title='bbox 1233 1947 1325 1975; x_wconf 80' lang='lat' dir='ltr'>fideles</span> <span class='ocrx_word' id='word_1_846' title='bbox 1337 1968 1344 1979; x_wconf 85' lang='lat'><em>,</em></span> <span class='ocrx_word' id='word_1_847' title='bbox 1369 1958 1403 1975; x_wconf 87' lang='lat' dir='ltr'>ne</span> <span class='ocrx_word' id='word_1_848' title='bbox 1422 1947 1557 1975; x_wconf 89' lang='lat' dir='ltr'>luminum</span> <span class='ocrx_word' id='word_1_849' title='bbox 1575 1946 1686 1975; x_wconf 85' lang='lat' dir='ltr'>indiciis</span> <span class='ocrx_word' id='word_1_850' title='bbox 1705 1956 1766 1984; x_wconf 83' lang='lat' dir='ltr'>pei·-</span> 
     </span>
     <span class='ocr_line' id='line_1_106' title="bbox 975 1987 1766 2025; baseline -0.003 -9"><span class='ocrx_word' id='word_1_851' title='bbox 975 1988 1110 2017; x_wconf 85' lang='lat' dir='ltr'>secutores</span> <span class='ocrx_word' id='word_1_852' title='bbox 1131 1988 1255 2017; x_wconf 75' lang='lat' dir='ltr'>Eccieliae</span> <span class='ocrx_word' id='word_1_853' title='bbox 1269 1989 1414 2016; x_wconf 85' lang='lat' dir='ltr'>Sacrorum</span> <span class='ocrx_word' id='word_1_854' title='bbox 1429 1988 1620 2025; x_wconf 79' lang='lat' dir='ltr'>Sepulcrorum</span> <span class='ocrx_word' id='word_1_855' title='bbox 1639 1987 1766 2015; x_wconf 85' lang='lat' dir='ltr'>localiter</span> 
     </span>
     <span class='ocr_line' id='line_1_107' title="bbox 977 2027 1766 2067; baseline -0.001 -10"><span class='ocrx_word' id='word_1_856' title='bbox 977 2029 1007 2057; x_wconf 92' lang='lat' dir='ltr'>in</span> <span class='ocrx_word' id='word_1_857' title='bbox 1025 2028 1218 2067; x_wconf 79' lang='lat' dir='ltr'>cognitionem</span> <span class='ocrx_word' id='word_1_858' title='bbox 1239 2029 1385 2061; x_wconf 81' lang='lat' dir='ltr'>venirent,</span> <span class='ocrx_word' id='word_1_859' title='bbox 1410 2032 1437 2057; x_wconf 76' lang='grc' dir='ltr'>ὅ(</span> <span class='ocrx_word' id='word_1_860' title='bbox 1454 2029 1634 2057; x_wconf 71' lang='lat' dir='ltr'>deturbarent</span> <span class='ocrx_word' id='word_1_861' title='bbox 1652 2027 1766 2056; x_wconf 85' lang='lat' dir='ltr'>illorum</span> 
     </span>
     <span class='ocr_line' id='line_1_108' title="bbox 978 2069 1764 2107; baseline -0.004 -9"><span class='ocrx_word' id='word_1_862' title='bbox 978 2071 1137 2098; x_wconf 68' lang='lat' dir='ltr'>Sanstorum</span> <span class='ocrx_word' id='word_1_863' title='bbox 1149 2069 1294 2097; x_wconf 75' lang='lat' dir='ltr'>memorias</span> <span class='ocrx_word' id='word_1_864' title='bbox 1304 2091 1312 2101; x_wconf 86' lang='lat'><em>,</em></span> <span class='ocrx_word' id='word_1_865' title='bbox 1323 2079 1404 2107; x_wconf 83' lang='lat' dir='ltr'>atque</span> <span class='ocrx_word' id='word_1_866' title='bbox 1414 2079 1487 2097; x_wconf 73' lang='lat' dir='ltr'>nova</span> <span class='ocrx_word' id='word_1_867' title='bbox 1496 2072 1691 2104; x_wconf 82' lang='lat' dir='ltr'>Tyrannorum</span> <span class='ocrx_word' id='word_1_868' title='bbox 1702 2078 1764 2106; x_wconf 84' lang='lat' dir='ltr'>per-</span> 
     </span>
     <span class='ocr_line' id='line_1_109' title="bbox 976 2108 1763 2149; baseline -0.003 -11"><span class='ocrx_word' id='word_1_869' title='bbox 976 2109 1103 2149; x_wconf 80' lang='lat' dir='ltr'>sequutio</span> <span class='ocrx_word' id='word_1_870' title='bbox 1114 2110 1145 2138; x_wconf 89' lang='lat' dir='ltr'>in</span> <span class='ocrx_word' id='word_1_871' title='bbox 1158 2110 1273 2138; x_wconf 81' lang='lat' dir='ltr'>Ecclesia</span> <span class='ocrx_word' id='word_1_872' title='bbox 1284 2110 1450 2138; x_wconf 69' lang='lat' dir='ltr'>excitaretur</span> <span class='ocrx_word' id='word_1_873' title='bbox 1460 2130 1466 2136; x_wconf 91' lang='lat'><em>.</em></span> <span class='ocrx_word' id='word_1_874' title='bbox 1491 2112 1547 2138; x_wconf 73' lang='lat' dir='ltr'>PR.</span> <span class='ocrx_word' id='word_1_875' title='bbox 1558 2110 1602 2137; x_wconf 88' lang='lat' dir='ltr'>De</span> <span class='ocrx_word' id='word_1_876' title='bbox 1614 2108 1763 2137; x_wconf 81' lang='lat' dir='ltr'>validitate</span> 
     </span>
     <span class='ocr_line' id='line_1_110' title="bbox 977 2149 1765 2186; baseline -0.003 -8"><span class='ocrx_word' id='word_1_877' title='bbox 977 2150 1055 2186; x_wconf 66' lang='lat' dir='ltr'>hujus</span> <span class='ocrx_word' id='word_1_878' title='bbox 1064 2151 1191 2179; x_wconf 80' lang='lat' dir='ltr'>Concilii</span> <span class='ocrx_word' id='word_1_879' title='bbox 1203 2151 1332 2179; x_wconf 80' lang='lat' dir='ltr'>Baronius</span> <span class='ocrx_word' id='word_1_880' title='bbox 1343 2172 1351 2183; x_wconf 95' lang='lat'><em>‚</em></span> <span class='ocrx_word' id='word_1_881' title='bbox 1361 2161 1404 2179; x_wconf 83' lang='lat' dir='ltr'>an.</span> <span class='ocrx_word' id='word_1_882' title='bbox 1418 2160 1463 2185; x_wconf 87' lang='lat'>57.</span> <span class='ocrx_word' id='word_1_883' title='bbox 1475 2161 1502 2178; x_wconf 89' lang='lat' dir='ltr'>n.</span> <span class='ocrx_word' id='word_1_884' title='bbox 1517 2155 1578 2177; x_wconf 85' lang='lat'>118.</span> <span class='ocrx_word' id='word_1_885' title='bbox 1589 2152 1615 2177; x_wconf 86' lang='lat'>&amp;</span> <span class='ocrx_word' id='word_1_886' title='bbox 1632 2160 1639 2176; x_wconf 84' lang='lat' dir='ltr'>i</span> <span class='ocrx_word' id='word_1_887' title='bbox 1652 2160 1695 2185; x_wconf 88' lang='lat'>19.</span> <span class='ocrx_word' id='word_1_888' title='bbox 1708 2149 1765 2177; x_wconf 79' lang='lat' dir='ltr'>val-</span> 
     </span>
     <span class='ocr_line' id='line_1_111' title="bbox 979 2188 1766 2230; baseline -0.004 -11"><span class='ocrx_word' id='word_1_889' title='bbox 979 2191 1013 2219; x_wconf 87' lang='lat' dir='ltr'>de</span> <span class='ocrx_word' id='word_1_890' title='bbox 1024 2191 1148 2221; x_wconf 66' lang='lat' dir='ltr'>dubitats</span> <span class='ocrx_word' id='word_1_891' title='bbox 1173 2190 1221 2219; x_wconf 87' lang='lat' dir='ltr'>sed</span> <span class='ocrx_word' id='word_1_892' title='bbox 1240 2201 1290 2228; x_wconf 85' lang='lat' dir='ltr'>pro</span> <span class='ocrx_word' id='word_1_893' title='bbox 1309 2191 1436 2230; x_wconf 82' lang='lat' dir='ltr'>legitimo</span> <span class='ocrx_word' id='word_1_894' title='bbox 1454 2188 1677 2223; x_wconf 69' lang='lat' dir='ltr'>semeiadmiss‘o,</span> <span class='ocrx_word' id='word_1_895' title='bbox 1699 2189 1766 2218; x_wconf 80' lang='lat' dir='ltr'>ficut</span> 
     </span>
     <span class='ocr_line' id='line_1_112' title="bbox 975 2231 1764 2268; baseline -0.006 -7"><span class='ocrx_word' id='word_1_896' title='bbox 975 2232 1064 2261; x_wconf 86' lang='lat' dir='ltr'>lenius</span> <span class='ocrx_word' id='word_1_897' title='bbox 1073 2232 1108 2260; x_wconf 89' lang='lat' dir='ltr'>de</span> <span class='ocrx_word' id='word_1_898' title='bbox 1115 2231 1212 2260; x_wconf 85' lang='lat' dir='ltr'>eodem</span> <span class='ocrx_word' id='word_1_899' title='bbox 1224 2232 1296 2260; x_wconf 85' lang='lat' dir='ltr'>idem</span> <span class='ocrx_word' id='word_1_900' title='bbox 1308 2232 1465 2261; x_wconf 71' lang='lat' dir='ltr'>cardinalis</span> <span class='ocrx_word' id='word_1_901' title='bbox 1481 2253 1493 2264; x_wconf 78' lang='lat'><em>„</em></span> <span class='ocrx_word' id='word_1_902' title='bbox 1508 2241 1551 2259; x_wconf 87' lang='lat' dir='ltr'>an.</span> <span class='ocrx_word' id='word_1_903' title='bbox 1565 2239 1631 2268; x_wconf 83' lang='lat'><em>305.</em></span> <span class='ocrx_word' id='word_1_904' title='bbox 1641 2241 1668 2258; x_wconf 88' lang='lat' dir='ltr'>n.</span> <span class='ocrx_word' id='word_1_905' title='bbox 1679 2240 1725 2268; x_wconf 85' lang='lat'>39.</span> <span class='ocrx_word' id='word_1_906' title='bbox 1735 2232 1764 2257; x_wconf 71' lang='grc' dir='ltr'>ὅ(</span> 
     </span>
     <span class='ocr_line' id='line_1_113' title="bbox 976 2270 1762 2311; baseline -0.006 -10"><span class='ocrx_word' id='word_1_907' title='bbox 976 2272 1052 2311; x_wconf 88' lang='lat' dir='ltr'>seqq.</span> <span class='ocrx_word' id='word_1_908' title='bbox 1065 2273 1188 2311; x_wconf 87' lang='lat' dir='ltr'>loquitur</span> <span class='ocrx_word' id='word_1_909' title='bbox 1200 2294 1207 2305; x_wconf 93' lang='lat'><em>,</em></span> <span class='ocrx_word' id='word_1_910' title='bbox 1230 2273 1379 2301; x_wconf 77' lang='lat' dir='ltr'>dicendum</span> <span class='ocrx_word' id='word_1_911' title='bbox 1395 2283 1431 2301; x_wconf 88' lang='lat' dir='ltr'>eo</span> <span class='ocrx_word' id='word_1_912' title='bbox 1449 2272 1532 2300; x_wconf 90' lang='lat' dir='ltr'>modo</span> <span class='ocrx_word' id='word_1_913' title='bbox 1543 2293 1551 2304; x_wconf 93' lang='lat'><em>‚</em></span> <span class='ocrx_word' id='word_1_914' title='bbox 1572 2281 1627 2309; x_wconf 89' lang='lat' dir='ltr'>quo</span> <span class='ocrx_word' id='word_1_915' title='bbox 1647 2270 1701 2298; x_wconf 82' lang='lat' dir='ltr'>illis</span> <span class='ocrx_word' id='word_1_916' title='bbox 1711 2279 1762 2296; x_wconf 87' lang='lat' dir='ltr'>no-</span> 
     </span>
     <span class='ocr_line' id='line_1_114' title="bbox 979 2309 1765 2352; baseline -0.008 -10"><span class='ocrx_word' id='word_1_917' title='bbox 979 2314 1134 2343; x_wconf 85' lang='lat' dir='ltr'>vemdecim</span> <span class='ocrx_word' id='word_1_918' title='bbox 1153 2313 1275 2342; x_wconf 81' lang='lat' dir='ltr'>Patribus</span> <span class='ocrx_word' id='word_1_919' title='bbox 1286 2335 1294 2347; x_wconf 92' lang='lat'><em>,</em></span> <span class='ocrx_word' id='word_1_920' title='bbox 1315 2324 1374 2342; x_wconf 80' lang='lat' dir='ltr'>can.</span> <span class='ocrx_word' id='word_1_921' title='bbox 1386 2320 1433 2352; x_wconf 82' lang='lat'>36.</span> <span class='ocrx_word' id='word_1_922' title='bbox 1445 2311 1534 2342; x_wconf 71' lang='lat' dir='ltr'>visum</span> <span class='ocrx_word' id='word_1_923' title='bbox 1554 2311 1640 2340; x_wconf 74' lang='lat' dir='ltr'>fuerat</span> <span class='ocrx_word' id='word_1_924' title='bbox 1651 2309 1765 2338; x_wconf 69' lang='grc' dir='ltr'>δαηξὶο-</span> 
     </span>
    </p>
   </div>
   <div class='ocr_carea' id='block_1_18' title="bbox 977 2349 1764 2419">
    <p class='ocr_par' dir='ltr' id='par_1_21' title="bbox 977 2349 1764 2419">
     <span class='ocr_line' id='line_1_115' title="bbox 977 2349 1764 2419; baseline -0.005 -37"><span class='ocrx_word' id='word_1_925' title='bbox 977 2364 1037 2383; x_wconf 84' lang='lat' dir='ltr'>rum</span> <span class='ocrx_word' id='word_1_926' title='bbox 1046 2354 1184 2393; x_wconf 79' lang='lat' dir='ltr'>Imagines</span> <span class='ocrx_word' id='word_1_927' title='bbox 1205 2353 1370 2394; x_wconf 82' lang='lat' dir='ltr'>prohibere,</span> <span class='ocrx_word' id='word_1_928' title='bbox 1393 2365 1451 2383; x_wconf 86' lang='lat' dir='ltr'>non</span> <span class='ocrx_word' id='word_1_929' title='bbox 1471 2363 1538 2382; x_wconf 86' lang='lat' dir='ltr'>vero</span> <span class='ocrx_word' id='word_1_930' title='bbox 1550 2353 1583 2381; x_wconf 86' lang='lat' dir='ltr'>de</span> <span class='ocrx_word' id='word_1_931' title='bbox 1602 2349 1714 2419; x_wconf 47' lang='lat' dir='ltr'>pistugis</span> <span class='ocrx_word' id='word_1_932' title='bbox 1731 2350 1764 2378; x_wconf 85' lang='lat' dir='ltr'>in</span> 
     </span>
     <span class='ocr_line' id='line_1_116' title="bbox 1648 2400 1723 2419; baseline -0.027 0"><span class='ocrx_word' id='word_1_933' title='bbox 1648 2400 1723 2419; x_wconf 52' lang='lat'>[2³21-</span> 
     </span>
    </p>
   </div>
  </div>
 </body>
</html>
