1866 2526
478 65 578 109 SA

89 125 282 160 Saucmus'-
303 125 361 156 PR.
371 123 483 164 proprie
494 123 627 152 Hebraeus
636 120 700 151 efl'et
711 142 719 154 ,
741 131 800 150 nam
812 117 926 150 Hebraei

130 167 195 197 sunt
204 177 238 196 ex
246 175 348 206 genere
358 163 431 194 Isaac
445 185 454 197 ,
477 163 525 203 qui
537 163 589 192 suit
600 162 672 191 filius
683 161 798 192 Abrahae
820 172 855 192 ex
865 162 927 190 Sara

132 208 254 248 genitus,
264 206 337 234 unde
346 205 468 234 Saraceni
478 226 487 238 ‚
498 201 601 233 Gener.
614 215 628 232 ε,
637 213 660 231 ι.
671 206 699 232 ὅ(
708 201 788 241 epist.
799 202 833 231 ad
843 201 927 231 Gala-

983 118 1016 149 ad
1028 115 1152 150 altarium
1161 125 1246 156 opere
1254 57 1429 146 sai-grioAcx
1442 116 1531 147 multo
1549 74 1787 159 marmor51317ge⁴

982 170 1047 189 nere
1057 168 1204 190 exornatos
1213 157 1294 187 habet
1303 179 1311 186 .
1333 157 1435 186 Matth.
1447 157 1532 187 Paris.
1542 159 1589 187 lib.
1606 170 1628 187 ι.
1646 161 1708 189 hist.
1719 170 1780 201 cap.

987 212 996 229 1
1005 211 1030 237 5.
1041 203 1097 237 ejus
1105 201 1263 235 synonyma
1273 219 1280 226 .
1293 196 1366 227 Vide
1376 198 1554 234 Lirhcstratos
1566 219 1573 226 .
1583 200 1727 236 Mufivum
1739 222 1746 229 .
1778 199 1780 201 ’

131 259 210 283 ‹2⁵4-
221 246 342 286 Agereni
352 244 416 274 sunt
426 246 526 274 Arabes
536 255 569 272 ex
581 242 679 273 Ismael
690 264 698 276 ,
716 242 764 282 qui
784 242 835 271 fuit
853 241 1189 288 filiuslsinwumncwu
1200 258 1208 266 ·
1233 241 1290 269 FR-
1308 239 1342 269 de
1359 237 1414 266 hoc
1432 238 1525 267 vocab.
1545 238 1660 268 habetur
1681 242 1711 268 in
1728 241 1785 270 sac-

131 287 250 326 ejusdem
267 285 432 316 I‘atriarchae
452 296 485 314 ex
498 288 574 324 Agar
590 283 687 313 ancilla
695 282 831 322 susceptus
845 304 854 316 ,
869 282 935 330 100¹

131 329 179 358 cit.
188 327 277 357 Unde
289 327 411 367 Agareni
421 325 504 355 hodie
524 323 675 364 improprie
685 324 809 354 Saraceni
828 323 926 352 dicun-

131 378 175 398 tur
187 390 195 402 ‚
207 368 241 397 de
250 368 344 407 quibus
354 365 410 396 fuse
419 367 457 396 D.
469 366 637 405 Augustinus
648 387 656 399 ,
682 364 730 404 qui
747 363 832 393 etiam
842 363 926 392 ratio-

131 419 194 438 nem
205 409 297 438 reddit
308 407 424 437 Arabum
432 406 568 442 jactantiae
588 406 622 434 de
635 405 716 441 hujus
726 404 848 433 nominis
866 413 926 432 mu·

133 450 239 479 tatione
250 470 258 478 .
268 449 307 478 Hi
320 459 334 477 a
343 449 481 477 Cornelio
491 446 588 477 Tacito
598 468 606 480 ‚
616 447 661 475 lib.
681 456 725 480 ¹4·
734 455 758 473 t.
770 456 816 477 27·
827 444 923 473 Mardi

131 491 304 529 appellantur
313 509 320 516 .
345 491 416 518 Item
425 493 577 517 Saracenas
586 495 725 516 monetam
734 485 873 520 Syriacam
891 483 926 512 fi-

131 531 261 570 gnificat:
274 536 285 566 [
298 529 573 568 Qiinquagintorum
581 526 766 556 saracenorum
776 524 925 563 obligatio-

132 582 196 600 nem
205 580 340 609 acceperat
353 592 360 603 ,
371 571 405 598 de
414 567 553 598 Conleffis
564 589 572 600 ,
582 578 605 596 c.
617 569 666 598 2.]
683 569 717 595 Et
729 565 766 594 ibi
776 564 870 594 Gloss'a
881 566 925 594 Sa—

137 622 246 640 racenos
259 611 461 640 introductores
471 609 537 637 facit
546 607 705 636 detinentiae
717 605 807 634 versus
819 628 827 638 ‚
839 607 885 644 qui
895 606 925 634 ab

133 652 212 682 Italis
222 655 308 683 Rima
316 651 417 680 dicitur
425 670 432 677 .
458 649 530 678 Vide
539 649 629 686 Versus
638 650 772 676 Leoninus
784 666 791 674 .
815 647 924 676 Caetera

133 693 207 722 Vide
216 698 233 721 S
234 692 334 730 ephoris
347 712 355 719 .

88 731 230 764 Sancum
242 753 250 764 ‚
261 732 343 760 vestis
352 740 454 770 genus:
467 736 479 766 [
491 731 581 759 Saraca
591 729 624 758 de
636 729 754 760 olovero
769 738 830 758 cum
841 727 925 764 chry—

135 773 248 802 soclavo
257 792 264 800 .
275 772 368 801 Anast.
377 771 512 800 Biblioth.
526 771 555 799 in
565 771 706 800 Benedist.
718 771 867 802 111.]1=R.
879 770 924 799 ad-

131 813 184 842 huc
194 815 290 841 Romae
302 821 413 840 vocatur
421 817 519 849 Sanga
529 811 592 840 vilis
610 809 772 840 semitunica
782 812 855 840 linea
867 833 875 845 ‚
897 820 926 840 ac

135 853 210 882 rudis
220 875 228 886 ‚
237 863 288 892 qua
298 851 459 890 superindui
470 852 563 882 solent
576 853 662 888 Bajuli
674 874 682 885 ,
705 851 841 881 Laniones
851 874 858 885 ,
870 854 925 881 Ve-

131 903 238 923 natores
249 916 257 927 ,
275 897 303 923 δ(
315 893 413 922 ssmiles
423 915 431 926 ‚
453 903 488 921 ne
497 894 525 921 in
537 902 632 922 eorum
642 892 781 922 exercitiis
792 893 876 922 vestes
888 893 924 921 la-

131 944 275 967 cerentur,
298 934 355 962 five
376 934 562 962 maculentur.

92 973 226 1008 Sannum
237 997 245 1008 ,
254 985 311 1002 vox
321 974 532 1012 barbaro-graeca
541 995 548 1006 ‚
570 973 638 1002 idest
647 996 654 1007 ‚
670 974 805 1004 Palatium
816 995 823 1002 .
848 974 925 1009 [Ca-

133 1024 211 1053 ptura
222 1015 250 1042 in
261 1013 346 1049 sarajo
358 1035 366 1046 ‚
391 1014 447 1043 five
457 1015 556 1052 palatio
568 1017 676 1044 Amerae
690 1026 775 1044 annos
788 1024 851 1044 nata
861 1024 925 1053 qua-

980 283 1078 321 Script.
1093 280 1192 318 [Dixit
1203 280 1267 317 Joas
1277 279 1312 309 ad
1323 279 1491 310 Sacerdotes
1502 280 1627 309 Omnem
1638 282 1782 318 pecuniam

980 326 1032 352 ὰς.
1043 322 1180 363 accipiant
1190 320 1268 349 illam
1277 318 1436 350 Sacerdotes
1446 341 1453 352 ‚
1465 323 1493 348 ὅ(
1504 319 1532 348 in
1539 320 1659 348 staurent
1667 319 1782 350 sartate-

979 364 1021 392 sta
1031 364 1129 393 domus
1140 384 1149 396 ‚
1169 373 1195 396 4.
1206 363 1278 401 Reg.
1288 372 1311 390 c.
1328 361 1393 391 ιιι]
1415 359 1482 388 idest
1495 381 1502 393 ‚
1522 361 1655 399 templum
1667 373 1674 389 :
1695 361 1782 400 aliqui

982 414 1050 442 opus
1061 404 1199 443 publicum
1210 402 1376 441 intelligunt
1387 422 1395 434 ‚
1406 401 1482 439 quod
1493 401 1630 430 Iocabatur
1641 423 1649 434 ,
1668 412 1698 430 ut
1708 402 1781 430 inte—

980 455 1059 484 grum
1072 446 1260 484 praestaretur.
1271 441 1419 471 Onomast.
1431 442 1561 470 Laurent.
1574 451 1607 470 ex
1620 442 1696 471 Festo
1706 443 1782 478 [Sar-

983 487 1145 515 ‹umtestum
1153 507 1162 518 ,
1172 485 1313 522 integrum
1323 505 1330 516 ,
1341 483 1370 509 δ(
1380 481 1552 513 incolumen]
1567 482 1625 511 Alii
1638 491 1730 511 tamen
1740 493 1783 511 re-

982 526 1174 556 staurationem
1185 523 1282 563 templi
1293 521 1653 561 intelligunt-catholicon.
1666 523 1785 552 Dubita-

983 575 1028 595 tur
1038 588 1046 599 ,
1069 576 1194 606 quaenam
1214 563 1356 594 necessitas
1374 572 1432 591 erat
1453 562 1655 592 restaurationis
1684 563 1786 602 templi

983 617 1108 645 tempore
1120 609 1185 646 Joas
1193 606 1298 644 Regis.-
1311 611 1373 633 nam
1391 603 1535 642 antiquum
1553 614 1612 633 non
1621 613 1695 638 erat,
1715 605 1784 633 dum

983 657 1108 677 recenter
1127 659 1140 676 a
1150 647 1298 677 Salomone
1308 644 1429 674 crestum
1438 643 1523 673 fuerat
1535 649 1545 674 ἓ
1565 644 1618 674 Sed
1634 643 1783 684 responde-

983 697 1028 717 tur
1036 711 1044 722 ,
1055 688 1131 727 quod
1150 694 1202 724 (ut
1211 685 1347 726 josephus
1358 685 1450 714 Haebr.
1462 685 1507 713 lib.
1519 697 1548 722 9.
1559 685 1647 722 antiq.
1657 696 1682 714 c.
1692 691 1719 715 8.
1740 696 1784 715 re·

983 728 1036 758 sert
1057 730 1175 768 )Joram
1186 750 1194 761 ,
1211 732 1240 757 δε
1252 726 1365 756 Athalia
1385 728 1440 761 ejus
1449 735 1536 759 uxor,
1559 736 1708 765 eorumque
1729 726 1784 756 filii

983 780 1041 798 non
1052 779 1146 809 parum
1157 770 1361 799 deornaverant
1371 767 1504 804 templum
1516 765 1587 794 illud
1599 787 1606 798 ,
1629 776 1711 805 atque
1719 765 1782 805 spo-

982 810 1120 839 liaverant
1130 832 1139 843 ‚
1161 819 1189 839 ac
1198 807 1401 849 propemodum
1412 807 1603 836 destruxerant
1622 806 1689 835 hinc
1699 806 1764 836 inde
1775 830 1785 842 ,

984 861 1018 880 ex
1039 853 1112 886 cujus
1129 850 1300 880 ornamentis
1320 848 1528 877 construxerant
1539 869 1547 880 ‚
1569 851 1598 876 ὅ(
1616 858 1786 877 ornaverant

984 890 1103 929 phanum
1116 892 1178 921 Baal
1197 903 1203 919 ι
1216 901 1298 930 quare
1309 889 1361 918 sac.
1371 889 1508 927 Scriptura
1517 910 1526 921 ‚
1548 889 1600 916 loc.
1612 888 1660 916 cit.
1673 887 1786 923 subjun-

983 932 1027 970 git
1040 944 1046 960 :
1061 932 1169 971 [Igitur
1179 941 1207 960 us
1213 942 1265 970 que
1274 930 1307 959 ad
1319 929 1480 970 vigesimum
1490 928 1602 957 tertium
1613 939 1716 957 annum
1728 932 1784 958 Re,

982 973 1025 1011 gis
1052 974 1117 1011 Joas
1137 982 1196 1002 non
1224 972 1443 1002 instauraverunt
1461 969 1616 999 Sacerdotes
1643 967 1785 1000 sartatecta

982 1013 1098 1051 templi.

135 1055 289 1083 tuordecim
301 1075 307 1081 .
319 1054 437 1083 Phranz.
449 1055 478 1082 in
488 1054 596 1084 Chi-on.
609 1056 654 1085 lib.
667 1066 694 1094 3.
704 1067 727 1084 c.
741 1067 786 1085 21.
797 1057 809 1087 ]
831 1054 925 1084 Hodie
943 1052 1166 1084 ΞΑκτΛτεω-οιι
1178 1075 1187 1083 .
1199 1056 1256 1084 PR.
1267 1052 1314 1092 qui
1323 1051 1580 1082 sartatestacurabat
1591 1072 1597 1079 .
1610 1051 1710 1080 Salmas
1719 1073 1727 1080 .
1743 1055 1780 1082 A-

135 1095 319 1125 Ottomanico
328 1095 434 1124 Palatio
445 1095 497 1123 hoc
506 1106 608 1124 nomen
620 1096 756 1126 remansit:
771 1095 860 1125 italice
869 1101 926 1125 Ser-

984 1094 1052 1133 liqui
1064 1104 1156 1124 tamen
1161 1096 1325 1133 sarcitec'tor
1336 1092 1469 1122 mendose
1478 1093 1592 1131 legunt⁴
1604 1093 1640 1121 La
1652 1093 1744 1121 Cei-da
1755 1113 1763 1119 .

133 1137 219 1174 raglio
229 1156 236 1164 .
260 1137 317 1165 PR.
326 1136 460 1174 Serraglio
470 1136 590 1165 italicum
604 1137 695 1166 vocab.
705 1138 832 1174 aserrare
842 1137 928 1165 verbo
944 1135 1044 1164 Sinum
1054 1155 1061 1162 .
1071 1137 1131 1165 FR.
1142 1135 1278 1175 significat
1290 1132 1520 1173 Salisburgensem
1529 1132 1701 1162 Civitatem:
1714 1139 1730 1168 [
1742 1134 1784 1162 Se.

133 1177 292 1208 derivatum
304 1177 368 1205 ideo
378 1175 521 1215 quodlibet
530 1176 693 1216 conseptum
703 1177 838 1217 fignificat
848 1197 856 1205 .
877 1177 928 1206 Vi-

131 1218 166 1246 de
174 1221 285 1247 Garena
295 1237 303 1245 .

94 1259 227 1287 sanem*
239 1279 246 1286 .
267 1260 323 1287 PR.
334 1267 421 1290 onus,
439 1260 563 1296 pondus.
586 1264 599 1295 [
612 1257 688 1297 Ipsos
707 1259 740 1287 ad
751 1258 929 1298 obligationis

134 1297 267 1327 sarcinam
278 1320 287 1331 ‚
296 1298 396 1326 ordine
406 1298 501 1328 debito
511 1300 673 1329 sebeundam
686 1300 775 1328 teneri
784 1301 911 1329 decernas
922 1272 981 1327 .lSA

134 1340 170 1368 In
180 1339 307 1367 decretal.
319 1338 354 1367 de
363 1338 472 1377 praescr.
482 1351 505 1368 c.
521 1351 529 1369 1
542 1352 564 1369 1.
585 1343 688 1369 Tamen
707 1340 733 1368 ei
745 1350 812 1379 quos
824 1339 930 1368 ficarios

133 1378 183 1408 effe
201 1378 323 1408 sciebant
332 1401 340 1412 ,
362 1381 392 1408 in
410 1379 524 1409 sarcinis
543 1380 730 1410 custodiendis
747 1380 931 1409 ministerium

135 1420 309 1459 praebuerunt
318 1441 326 1452 ,
347 1419 394 1449 lib.
415 1430 441 1457 5.
459 1421 588 1451 decretal.
607 1422 652 1449 tit.
679 1432 722 1450 η.
742 1432 766 1449 c.
788 1432 797 1450 1
805 1429 832 1451 6.
853 1421 879 1453 ξ.
891 1420 930 1449 Hi

135 1470 244 1498 quoque
258 1480 266 1487 .

95 1501 327 1534 Siacopmeum,
337 1501 506 1540 σαρκοφάγον
517 1523 523 1529 .
536 1504 592 1532 FR-
605 1504 816 1531 Monumentum
825 1524 833 1536 ‚
843 1501 931 1540 sepul-

135 1539 248 1568 chrum:
261 1551 275 1569 a
285 1540 354 1579 σάρξ
363 1563 371 1574 ,
383 1552 481 1580 graece,
492 1543 560 1571 idest
571 1553 633 1571 caro
644 1565 653 1575 ,
663 1547 690 1572 δε
701 1540 775 1581 φαίγσ
786 1564 794 1576 ,
805 1543 932 1575 comedo,

136 1581 288 1612 Accurfius,
300 1580 431 1614 l.funeris,
443 1583 491 1611 lib.
508 1594 515 1611 ι
528 1594 550 1611 ι.
559 1583 604 1612 tit.
614 1594 641 1615 7.
654 1583 716 1621 quia
726 1594 788 1612 caro
799 1583 834 1612 ibi
848 1594 862 1612 a
872 1593 933 1612 ver-

139 1620 224 1649 mibus
234 1621 388 1650 comeditur
400 1643 407 1654 ‚
416 1625 444 1651 ὅ(
455 1633 524 1652 terra
532 1623 701 1653 consumitur
711 1644 718 1651 .

96 1661 309 1691 Saxeiucma
319 1682 325 1689 .
350 1662 423 1690 Vide
444 1667 615 1693 sartateffor
626 1684 634 1692 .

96 1702 256 1733 Sancum„
269 1722 276 1730 .
297 1704 354 1731 PR.
365 1713 445 1731 runca
459 1715 464 1730 ε
485 1705 613 1743 [Vepres
624 1726 632 1738 ‚
654 1703 741 1743 spinae
763 1704 794 1732 in
804 1704 934 1734 universa

137 1753 209 1772 terra
220 1766 227 1777 ,
239 1747 267 1773 ὃς
279 1753 386 1771 montes
395 1743 499 1773 sarculo
507 1743 672 1776 sarcientut.
682 1747 694 1776 ]
706 1745 794 1778 Isaiae,
804 1756 827 1774 c.
840 1757 867 1779 7.
876 1746 933 1775 De-

138 1783 244 1813 scendit
253 1793 343 1812 omnis
355 1783 438 1813 Israel
451 1805 459 1817 ,
474 1795 504 1814 ut
513 1795 621 1814 acueret
637 1784 819 1824 unusquisque
838 1796 933 1815 vome-

138 1834 197 1852 rem
206 1824 284 1853 suum
295 1846 303 1856 ,
312 1824 442 1862 ligonem
454 1846 462 1858 ‚
474 1824 588 1854 scurrim
599 1847 607 1860 ,
619 1824 790 1855 &sarculum
801 1847 808 1859 ,
827 1837 850 1854 i.
862 1829 934 1866 Reg-

137 1875 160 1893 c.
176 1875 219 1902 13.
242 1866 448 1894 Altercationes
466 1865 578 1894 dirimat
596 1889 604 1900 ,
620 1870 647 1895 δε
669 1865 778 1895 obscura
795 1865 915 1896 succidat
926 1889 934 1900 ,

137 1915 220 1944 quam
239 1915 288 1942 per
303 1905 419 1933 cultoris
429 1906 541 1943 providi
563 1905 694 1935 sarculum
716 1907 835 1945 extirpet
847 1908 915 1936 vitia
925 1929 933 1941 ‚

141 1946 258 1975 virtutes
269 1944 371 1974 inserat
388 1949 441 1974 διε.
461 1947 491 1975 in
503 1957 608 1986 proem.
618 1947 816 1976 Clementinae.
827 1949 840 1978 ]
851 1951 886 1976 Et
898 1948 933 1976 ibi

985 1176 1104 1204 cundum
1115 1175 1191 1205 usum
1200 1175 1288 1205 sarum
1299 1195 1306 1203 .
1314 1176 1349 1204 Ιη
1359 1174 1482 1213 Liturgia
1491 1172 1633 1203 Osmundi
1644 1173 1785 1212 Episcopi.

945 1217 1197 1246 Sissmmemxm
1209 1237 1216 1244 .
1236 1219 1293 1246 FR-
1304 1214 1560 1245 Ass'affinamcntum
1570 1234 1577 1241 .
1597 1214 1699 1242 Bullar.
1709 1214 1787 1244 Casi-

986 1267 1048 1285 nen.
1061 1267 1129 1286 tom.
1142 1269 1167 1286 τ..
1182 1257 1268 1286 const.
1283 1269 1296 1286 ε,
1306 1268 1314 1285 ι
1324 1261 1349 1285 8.

986 1308 1046 1326 τΛΝ
1059 1319 1066 1331 ,
1086 1308 1143 1327 vox
1155 1297 1296 1330 hebraica,
1315 1308 1344 1326 ac
1354 1296 1458 1333 syriaca
1470 1318 1478 1330 ‚
1499 1294 1633 1325 Diabolus
1650 1306 1664 1324 a
1683 1295 1789 1325 Sanstis

986 1338 1110 1367 Patribus
1128 1339 1314 1368 communiter
1342 1337 1513 1377 intelligitur
1531 1349 1536 1364 :
1559 1336 1710 1365 secundum
1728 1338 1787 1370 Ise—

988 1388 1078 1407 naeurn
1088 1401 1096 1411 ‚
1116 1380 1277 1417 Apostatam
1295 1379 1431 1418 significat
1444 1390 1452 1409 ,-
1475 1377 1622 1406 secundum
1634 1387 1701 1405 vero
1716 1378 1789 1405 alios

985 1418 1202 1457 serpentem.Sed
1213 1423 1268 1457 ejus
1280 1430 1375 1448 verum
1387 1419 1568 1458 significatum
1578 1416 1787 1450 Adversarium,

986 1459 1043 1488 sive
1052 1461 1297 1490 Contradistorem
1306 1460 1420 1489 denotat
1433 1481 1440 1492 ,
1464 1469 1494 1487 ut
1505 1459 1649 1496 colligitur
1671 1469 1704 1486 ex
1714 1459 1785 1486 Sacr-

989 1500 1143 1539 Scriptura:
1158 1504 1249 1538 [Non
1259 1501 1296 1529 est
1307 1502 1397 1532 Satan,
1411 1510 1498 1538 neque
1506 1497 1629 1527 occursus
1642 1500 1725 1526 malus
1736 1521 1744 1532 ‚
1756 1509 1784 1536 3.

989 1543 1061 1580 Reg-
1074 1553 1096 1569 c.
1111 1553 1135 1577 ς.
1149 1545 1161 1574 ]
1187 1542 1216 1571 in
1236 1542 1333 1571 codem
1355 1539 1432 1569 sensu
1450 1540 1525 1568 dixit
1535 1539 1672 1567 Dominus
1682 1541 1785 1568 Petro:

989 1586 1004 1616 t
1017 1582 1095 1611 Vade
1105 1583 1165 1621 post
1183 1582 1339 1611 mes-aranas
1352 1603 1359 1608 .
1372 1580 1470 1610 Matth.
1487 1587 1528 1609 16.
1544 1582 1554 1610 ]
1577 1591 1640 1618 quia
1649 1579 1788 1608 contradi-

988 1623 1065 1651 cebat
1075 1623 1160 1652 morti
1171 1626 1225 1659 ejus
1236 1644 1243 1651 .
1260 1625 1316 1652 PR.
1328 1622 1412 1650 ctiam
1436 1622 1466 1650 in
1488 1621 1585 1648 eodem
1604 1619 1682 1648 sensu
1693 1623 1789 1649 Petrus

989 1664 1139 1692 Damianus
1152 1663 1370 1692 Hildebrandum
1380 1661 1560 1692 Cardinalem
1572 1683 1579 1694 ‚
1590 1662 1635 1699 qui
1648 1661 1698 1689 suit
1710 1661 1787 1689 dein.

990 1703 1024 1732 de
1035 1706 1106 1742 Papa
1116 1705 1269 1743 Gregorius
1282 1705 1350 1732 VII.
1368 1709 1504 1731 Satanam
1521 1703 1651 1739 sanc'itcm
1669 1701 1788 1740 appella-

991 1744 1034 1772 vit
1044 1765 1051 1777 ‚
1062 1746 1126 1783 quia
1135 1745 1206 1783 apud
1218 1744 1408 1774 Alexandrum
1421 1745 1460 1772 11.
1473 1743 1637 1780 impediebat
1649 1752 1728 1775 eum,
1754 1752 1790 1770 ne

993 1783 1186 1823 Episcop'atum
1198 1784 1357 1815 Ostiensem
1369 1784 1524 1812 dimitteret
1534 1803 1541 1810 .
1561 1785 1596 1812 In
1609 1784 1696 1811 veteri
1710 1783 1790 1811 testa·

993 1834 1090 1853 mento
1101 1825 1208 1865 semper
1219 1826 1320 1864 legitur
1329 1831 1416 1853 Satan
1426 1824 1629 1856 indeclinabile,
1641 1822 1729 1852 sedin
1739 1834 1791 1852 no-

993 1875 1030 1894 vo
1040 1866 1195 1895 declinatur
1206 1872 1327 1896 Satanas
1342 1888 1348 1898 ,
1359 1871 1464 1894 Sarana
1478 1877 1484 1892 ι
1498 1871 1510 1900 [
1524 1868 1558 1893 Et
1568 1865 1586 1893 fi
1597 1866 1704 1892 §mnas
1716 1866 1791 1893 Sata-

994 1916 1057 1935 nam
1067 1906 1169 1942 ejiciet.
1181 1906 1299 1936 Martha
1310 1908 1349 1937 2]
1365 1907 1461 1943 Aliqui
1472 1914 1562 1933 tamen
1572 1905 1712 1934 Sathanas
1723 1904 1791 1934 scri-

992 1946 1054 1975 bere
1064 1947 1171 1975 malunt
1185 1967 1192 1974 .
1204 1948 1277 1975 Vide
1288 1946 1421 1974 Diabolus
1434 1965 1440 1972 .
1452 1950 1562 1973 Damon
1574 1965 1581 1972 .

138 1985 230 2015 Glossa
241 2008 249 2019 ‚
270 1985 457 2015 differentiam
469 1988 541 2016 inter
552 1988 696 2016 Fullonem
707 2009 715 2020 ‚
737 1990 765 2016 ὃς
783 1985 984 2016 sarcinaco-'Sa
992 1997 1143 2016 τειιῐτες.
1156 1988 1230 2016 Vide
1239 1987 1437 2016 Attacbiatus.
1445 1991 1536 2014 Natus
1549 1985 1792 2023 Prafec'binid’uer.

137 2037 195 2056 rem
206 2048 213 2059 ,
235 2027 265 2054 in
276 2027 368 2055 Instit.
377 2026 410 2056 de
418 2036 491 2056 man.
501 2028 530 2056 in
543 2027 598 2057 fine
609 2037 687 2057 notat
698 2048 706 2056 .
728 2028 831 2056 Sartuli
848 2027 935 2064 syno-

141 2078 224 2104 nyma
235 2088 242 2094 .
266 2067 341 2096 Vide
364 2072 462 2096 Runca
471 2089 477 2096 .

97 2111 213 2140 Samon
224 2129 233 2142 ,
255 2117 333 2137 mons
343 2127 350 2135 .
374 2107 448 2137 Vide
469 2111 552 2138 sanir
562 2128 570 2137 .

97 2153 332 2181 §maurannus
343 2169 351 2180 '
363 2151 391 2178 ὅ(
402 2152 416 2181 )
452 2169 526 2198 Vide
533 2169 708 2208 rhristianus
763 2148 775 2157 ⁶

98 2192 323 2220 Saum-:snmus
334 2209 341 2216 .
408 2193 423 2222 )
544 2190 557 2198 ³
719 2189 726 2196 ¹

96 2232 193 2262 Saum
205 2250 212 2257 .
222 2231 277 2258 FR-
288 2228 419 2267 spatium,
430 2228 477 2258 seu
486 2239 613 2268 campum
623 2229 758 2268 fignificat
769 2251 777 2263 ,
788 2228 894 2259 formffe
903 2241 936 2260 ex

135 2271 244 2299 arabico
256 2271 350 2299 vocab.
358 2271 493 2299 Sciaharae
502 2292 510 2303 ,
521 2270 590 2299 idest
602 2292 609 2302 ,
621 2268 759 2299 desertum
767 2291 775 2299 .
791 2275 804 2305 [
817 2273 851 2299 Et
861 2271 937 2300 vadit

137 2321 186 2349 per
196 2310 296 2340 sarram
317 2311 351 2340 de
362 2320 458 2340 monte
469 2311 572 2340 caballo
583 2330 591 2338 .
613 2311 715 2339 Bullar.
725 2310 818 2340 Cafin.
829 2319 896 2339 tom.
909 2324 934 2341 ι..

135 2351 222 2380 const.
245 2362 254 2379 1
262 2358 310 2380 62.

93 2391 265 2422 sanonum
275 2413 283 2424 ,
294 2391 349 2421 five
358 2392 516 2430 Sat-surium
528 2413 536 2428 ,
544 2391 682 2423 musivum
692 2400 759 2432 opus
771 2403 776 2420 :
791 2396 803 2429 ξ
814 2390 933 2422 Parietes

180 2433 371 2464 Hierolexicon
384 2435 478 2463 Macri

993 2031 1093 2056 Eorum
1103 2027 1247 2056 Praefedus
1256 2048 1264 2055 .
1281 2027 1353 2055 Vide
1364 2027 1452 2055 Strabo
1461 2047 1469 2054 .
1478 2026 1615 2063 Schalpbor
1623 2045 1630 2053 .

951 2069 1141 2099 Summam
1151 2088 1158 2094 .
1171 2067 1315 2096 Haerctici.
1326 2067 1398 2095 Vide
1408 2068 1535 2096 Eue-heta
1548 2087 1554 2094 .
1565 2067 1792 2102 Precatores.3An

996 2109 1080 2137 iidem
1090 2108 1143 2136 lint
1154 2118 1215 2136 cum
1227 2107 1404 2137 Sethenianis
1414 2128 1422 2136 .
1433 2108 1506 2136 Vide
1515 2107 1662 2136 sethiani.

952 2150 1057 2182 SArio,
1070 2149 1192 2178 verbumi
1205 2147 1351 2187 aliquando
1365 2147 1521 2180 stabilire,&
1533 2147 1696 2176 confirmare
1706 2158 1791 2176 trans-

995 2190 1044 2218 lati
1050 2200 1082 2217 vc
1092 2188 1239 2227 fignificat.
1254 2188 1355 2224 [Sariat
1364 2187 1452 2216 adhuc
1464 2188 1492 2216 in
1504 2189 1659 2226 Evangelio
1669 2187 1717 2216 suo
1729 2189 1792 2217 Do-

996 2231 1088 2258 minus
1098 2249 1104 2256 .
1115 2230 1224 2258 San-stus
1234 2228 1404 2267 Cyprianus,
1416 2229 1462 2257 lib.
1476 2240 1500 2257 ι.
1511 2229 1589 2267 epist.
1600 2229 1632 2256 ad
1644 2227 1792 2266 MagssfU-

994 2271 1063 2299 titur
1072 2269 1156 2298 etiam
1178 2270 1207 2298 in
1228 2269 1304 2298 sensu
1317 2268 1422 2308 paffivo
1433 2280 1439 2297 :
1464 2269 1703 2307 [Deprecationes
1723 2267 1794 2297 solas

992 2320 1087 2349 parum
1096 2310 1130 2338 ad
1140 2310 1344 2348 impetrandum
1354 2310 1447 2339 valere
1456 2331 1464 2342 ,
1475 2310 1528 2338 nisi
1538 2309 1678 2342 laetorum,
1688 2312 1715 2338 ὅ(
1724 2319 1791 2348 ope-

992 2361 1053 2380 rum
1067 2349 1216 2379 acceffione
1227 2349 1363 2380 satientur
1371 2370 1378 2378 .
1401 2350 1480 2379 Idem
1491 2349 1569 2379 serm.
1588 2349 1622 2378 de
1631 2349 1765 2378 Eleemos.
1776 2353 1792 2383 1

992 2390 1098 2431 sumpta
1109 2390 1269 2433 metaphora
1279 2401 1292 2430 a
1302 2391 1374 2426 cibo,
1386 2395 1414 2420 ὃς
1427 2400 1494 2430 potu
1506 2411 1515 2424 ,
1526 2389 1574 2430 qui
1584 2391 1739 2431 corporales
1748 2391 1794 2426 vir,

1396 2433 1418 2463 Ρ
1427 2441 1444 2471 p
1486 2440 1501 2470 3
1709 2439 1752 2465 res,
