1866 2526
0 0 24 71 ᾖ

0 79 17 109 1⁴¹¹

0 111 9 122 ι.

473 32 584 77 PR

89 95 274 127 mnemon
285 113 294 123 ·
314 88 388 125 Vide
395 91 602 130 Manfionaerius
614 113 621 121 .
631 91 815 122 Praambulus
825 111 834 121 .
853 96 922 122 Pn-

92 147 416 210 Pnlaeton'esrniarioffik·
424 173 459 204 de
469 183 520 212 qua
527 171 619 213 agitur
629 173 659 204 in
669 184 715 210 23.
725 184 787 213 qli-3
794 195 802 206 ,
810 184 920 203 ean-20.

136 230 232 250 2142.
242 220 270 246 ὅ(
283 227 328 254 23.
338 215 390 245 Sed
400 216 429 244 in
440 225 494 254 quo
505 214 611 244 differat
621 216 823 253 praedestinatio
832 225 844 242 a
853 219 906 244 Pu
915 237 921 242 .

126 261 261 299 scientia,
275 258 305 286 in
315 256 434 286 conen.
444 257 468 285 S.
474 256 588 285 Maximi
601 258 684 286 Mart.
693 266 756 285 cum
764 254 921 285 Theodosio

131 299 268 340 Episcopo
277 296 457 328 schismatico
467 295 525 324 haec
534 296 677 326 altercatio
687 296 871 336 habetur‚qu:e
884 295 920 323 ita

132 340 267 380 reperitur
276 339 305 367 in
316 338 437 367 Colleci.
449 336 581 366 Anastafii
591 349 605 366 a
615 337 774 370 sumendo,
785 338 814 365 in
826 336 919 365 8.edit.

132 392 195 422 pag.
210 392 219 409 i
228 391 273 416 50.
284 379 379 416 [Dicit
389 378 421 407 ad
430 387 492 406 cum
502 376 672 408 Theodofius
681 376 918 417 EpiscopuaeQuo-

131 423 216 452 modo
224 420 305 450 habes
316 420 403 448 Abbas
414 423 423 448 ἒ
434 422 468 447 Et
479 419 618 448 Maximus
626 419 660 448 ad
670 429 746 448 eum:
765 419 839 446 Sicut
851 427 919 456 pra:-

129 462 279 493 destinavit
289 461 362 489 Deus
373 469 437 488 ante
447 459 541 488 omnia
550 458 646 488 saecula
655 481 663 493 ‚
674 469 734 498 quae
747 458 818 486 circa
829 457 919 496 fingu-

131 505 174 533 los
182 503 265 532 sunt?
283 500 438 530 Maximus:
456 499 482 529 Si
493 498 651 538 praescivit,
672 500 804 537 utique&
817 499 919 536 prxde-

129 543 243 574 stinavit
254 563 260 570 .
272 541 456 570 Theodofius:
469 540 544 577 Quid
555 541 593 569 est
602 539 654 568 hoc
666 539 762 578 ipsum,
774 538 849 577 quod
858 537 919 566 affe—

131 585 168 614 ris
179 606 186 617 ‚
197 582 336 622 prescivit
347 602 356 614 ,
366 585 394 610 δ(
404 579 612 619 praedestinavit
623 585 633 610 ?
644 579 780 610 Maximus
791 591 797 607 :
810 577 920 609 Praesci-

129 625 206 655 enti³
216 624 254 653 est
265 622 465 661 cogitationum
474 642 482 653 ‚
502 625 530 651 δε
547 619 705 650 sermonum
716 642 725 653 ‚
745 625 772 650 ὃ(
785 629 899 658 operum
913 641 920 652 ,

128 676 188 706 quae
198 675 231 693 ex
242 662 318 692 nobis
328 661 391 690 sunt
401 673 408 690 :
419 661 638 695 YPraedestinatio
649 671 716 690 vero
724 671 819 690 eorum
830 681 838 693 ‚
860 670 920 699 quse

129 717 164 736 ex
176 705 252 734 nobis
263 713 320 731 non
331 701 459 730 accidunt
468 705 520 730 δεε-
533 704 544 733 ]
566 701 752 740 Hospitalitas
769 701 807 731 est
816 701 916 740 praede-

129 744 283 776 stinationis
293 743 398 781 (ignum
407 764 415 771 .
427 743 500 771 Vide
509 743 713 780 Xenoparochus
723 763 730 770 .

90 789 264 817 Ρκιεωεᾼιιε
275 783 393 822 aliquem
405 783 474 812 idest
485 804 493 815 ,
503 793 660 821 proponere
671 803 678 811 .
688 783 762 812 Vide
770 783 842 811 Ordo
852 801 860 810 .

85 829 288 856 Imaemcarou
298 846 305 852 .
328 824 402 853 Vide
422 827 603 854 Contionator
611 844 619 852 .

88 870 233 898 Primnum
243 886 250 894 .
262 867 319 895 PR.
331 876 388 895 non
397 864 485 894 solum
497 863 806 904 rusticumintelligitur
822 862 870 893 sed
880 873 920 892 ct-

129 910 183 938 iam
200 907 350 936 urbanum:
372 911 386 942 t
398 907 534 936 Statutum
543 904 635 935 Bafilii
653 905 757 934 deuon
770 905 921 935 alienandis

127 948 238 988 praediis
248 947 362 980 rusticis,
373 947 418 976 vel
428 946 538 975 urbanis
549 949 602 975 διε.
611 946 654 974 De
665 945 920 979 constitutionibus,

127 1001 151 1018 c.
161 988 277 1018 Ecclesia
286 988 390 1017 Sanctae
401 987 496 1016 Mariae
508 1008 516 1019 ‚
528 988 540 1018 ]
560 986 606 1015 ubi
616 986 710 1016 Glossa
730 987 823 1025 inepte
833 986 920 1015 inter-

128 1038 251 1069 pretatur
260 1037 307 1066 per
317 1028 444 1058 rusticum
455 1028 591 1066 przdium
603 1049 610 1059 ,
621 1027 696 1066 quod
708 1027 828 1056 :edificio
837 1036 918 1060 caret,

126 1074 154 1100 ει
175 1080 223 1108 pei·
234 1069 365 1098 urbanum
375 1090 383 1102 ,
403 1068 477 1107 quod
487 1068 568 1097 habet
578 1068 725 1097 aedificium
737 1079 746 1099 ς
768 1078 833 1096 nam
844 1068 920 1097 urba-

124 1120 190 1141 num
202 1131 210 1143 ,
231 1109 277 1138 vel
293 1109 324 1138 in
344 1109 422 1139 Urbe
432 1131 441 1143 ‚
460 1110 508 1138 vel
534 1119 620 1148 prope
638 1109 806 1147 intelligitur
823 1119 832 1141 5
854 1109 920 1137 licet

126 1162 184 1181 non
196 1162 209 1179 a
220 1151 282 1180 loco
292 1172 299 1182 ‚
309 1148 356 1179 sed
367 1160 380 1178 a
390 1148 524 1178 servitute
534 1159 670 1189 arguatur.
683 1149 848 1178 Valentinus
857 1151 920 1178 For-

125 1193 209 1221 sserus
219 1192 254 1220 de
262 1189 396 1226 jurisdist.
405 1193 490 1220 Rom.
501 1200 558 1229 par.
569 1202 596 1219 π..
613 1190 842 1219 Annotationum
857 1212 865 1223 ‚
887 1190 920 1218 ad

124 1234 181 1272 leg.
191 1243 218 1267 4.
228 1230 321 1260 seclz.
333 1230 377 1259 tit.
389 1232 432 1260 De
443 1231 615 1269 privatarum
626 1229 816 1269 poss'effionum
826 1231 920 1259 termi-

127 1274 169 1302 nis
178 1294 187 1306 ‚
197 1277 226 1302 ὃ(
237 1272 272 1301 de
280 1271 384 1307 judicio
395 1271 491 1300 finium
503 1270 691 1310 regundorum
701 1292 708 1303 ‚
720 1281 748 1299 n.
762 1283 775 1300 2
787 1282 808 1299 ι.

1264 31 1302 74 P
1332 32 1375 74 R
1645 47 1724 90 543

976 92 1112 128 majorum
1119 87 1224 119 dicitur
1234 88 1336 119 ferialis
1345 87 1470 129 praefinio
1479 91 1609 130 temporis
1618 91 1755 124 Patehslis
1764 111 1774 124 ι,

977 133 1113 161 Preterea
1123 130 1152 159 in
1160 139 1277 170 quatuor
1286 129 1455 169 temporibus
1464 152 1472 164 ‚
1493 141 1554 170 qu:
1566 133 1594 161 in
1599 132 1637 161 fra
1647 135 1774 164 estavam

975 174 1067 202 Beata:
1085 171 1178 200 Μαι-ἑκ
1190 181 1331 201 occurrere
1348 169 1440 200 solent
1450 192 1459 204 ,
1481 171 1538 201 dici
1555 172 1636 202 debet
1646 175 1772 212 praefatio

976 212 1129 242 communis
1138 211 1237 240 serialis
1247 232 1254 240 .
1267 212 1346 241 Idem
1356 211 1557 242 observandum
1569 214 1598 242 in
1608 214 1723 253 Vigiliis
1742 217 1768 246 S.

976 255 1021 293 Jo.
1035 256 1114 292 Bapt.
1125 256 1152 282 ὃς
1161 253 1205 282 SS·
1217 252 1292 282 Petri
1303 275 1311 286 ‚
1322 255 1349 281 &
1363 253 1438 281 Pauli
1448 253 1519 282 infra
1527 255 1652 283 oelavain
1661 256 1772 295 Corpo-

975 296 1013 324 ris
1022 293 1130 324 Christi
1149 293 1352 323 occurrentibus
1362 314 1370 321 .
1390 295 1564 334 Sac.Congr.
1576 297 1636 326 Rit.
1660 298 1773 326 12.De—

974 336 1074 365 cembr.
1098 345 1107 363 1
1115 340 1184 364 62⁶.
1205 336 1263 364 FR-
1276 335 1439 373 Antiquitas
1461 335 1490 363 in
1509 336 1671 375 praefatione
1683 336 1772 367 Miffae

976 377 1128 406 narrabatur
1136 373 1332 413 compendiose
1343 376 1402 404 vita
1413 375 1488 404 illius
1498 378 1587 406 Sanfti
1599 399 1606 410 ‚
1620 378 1654 407 de
1664 388 1720 417 quo
1728 389 1774 407 ce—

976 418 1125 446 lebrabatur
1135 415 1230 444 festum
1240 436 1248 444 .
1259 418 1358 445 Baton.
1369 427 1413 446 an.
1428 427 1492 453 ¹09·
1503 429 1529 446 n.
1545 428 1570 454 5.
1582 417 1698 448 Fortasse
1708 419 1773 449 ideo

976 457 1103 496 prefatio
1112 456 1250 485 dicebatur
1259 478 1267 489 ,
1286 457 1348 496 quia
1357 467 1414 486 erat
1425 460 1571 498 panegyris
1582 459 1655 488 illius
1665 461 1755 489 Sancti
1766 482 1775 493 ,

977 498 1094 537 ideoque
1104 496 1219 526 sortaffis
1233 498 1323 526 laudes
1334 498 1462 527 Praefiztio
1470 500 1672 539 appellabantur
1682 522 1690 534 ‚
1712 502 1776 540 quia

976 539 1007 567 in
1018 539 1056 568 eis
1066 538 1157 568 Sanfti
1167 539 1300 567 currentis
1309 540 1484 568 narrabantur
1493 540 1584 570 laudes
1593 562 1601 570 .
1622 541 1695 571 Vide
1701 547 1775 572 Lau-

975 580 1021 608 des
1035 600 1042 607 .
1061 578 1179 617 Reliqua
1189 579 1221 608 ad
1231 579 1422 618 praefationem
1432 579 1580 619 speetantia
1591 603 1598 610 .
1610 582 1682 611 Vide
1693 587 1780 612 Com*

977 623 1157 648 manicantes
1169 639 1176 646 .
1198 624 1373 658 Deograri'as
1383 641 1390 648 .
1402 622 1517 658 Sursum
1527 624 1608 652 corda
1616 643 1624 651 .
1643 623 1776 652 Praefatio

977 661 1129 689 communis
1142 659 1197 688 dici
1214 660 1294 688 debet
1308 661 1336 689 in
1349 660 1447 700 vigilia
1465 663 1490 691 S.
1501 663 1617 700 Joannis
1627 685 1635 696 ,
1655 668 1683 693 ὅ(
1696 667 1774 703 Apo-

977 702 1108 730 stolorum
1128 700 1201 729 Petri
1211 721 1219 733 ,
1237 703 1264 729 δε
1275 702 1352 731 Pauli
1364 723 1372 735 ‚
1393 702 1412 731 ii
1423 703 1550 732 venerint
1559 703 1630 733 infra
1649 706 1774 735 ostavam

977 742 1112 781 Corporis
1121 740 1228 770 Christi
1238 761 1246 769 .
1260 742 1334 770 Vide
1343 743 1444 779 Vagilia
1454 763 1461 770 .

936 784 1015 811 ΡΜ]
1021 790 1145 812 acrum
1155 802 1163 809 .
1182 783 1238 811 FR.
1249 782 1366 820 Justiriae
1377 783 1513 817 ministri,
1525 785 1663 815 Satellites
1674 808 1680 815 .
1699 788 1774 816 Prae-

977 822 1164 862 sestiani,quia
1174 823 1300 851 Praefeffi
1310 824 1431 854 Romani
1442 824 1561 854 ministri
1573 837 1659 856 erant:
1671 828 1705 856 de
1715 829 1776 867 qui-

976 864 1022 893 bus
1031 865 1066 893 C.
1077 862 1215 893 Theodos.
1228 864 1273 892 lib.
1288 869 1312 893 8.
1323 864 1357 893 de
1365 864 1467 894 divers.
1477 865 1522 896 off.
1533 866 1552 894 l.
1570 878 1612 904 ¹9·
1626 873 1639 904 [
1653 869 1776 905 Cujusli-

976 906 1020 934 bet
1030 904 1136 943 Judicis
1144 904 1314 943 apparitores
1326 927 1335 938 ‚
1354 906 1428 935 inter
1437 917 1505 946 quos
1514 906 1598 937 etiarn
1616 908 1776 938 Praesttftia-

976 956 1027 975 nos
1036 947 1155 974 locamus
1166 967 1174 978 ,
1185 945 1219 973 ad
1228 955 1424 986 quamcumque
1432 948 1512 977 aliam
1524 948 1662 983 militiam,
1675 951 1720 979 vel
1731 960 1775 988 pa-

974 987 1088 1015 latinam
1098 1008 1106 1019 ,
1125 987 1171 1015 vel
1188 986 1337 1016 militarem
1357 989 1514 1019 transierint
1524 1011 1532 1022 ,
1554 990 1713 1020 retrahendi
1724 991 1775 1020 hos

974 1027 1080 1066 copiam
1090 1026 1134 1055 illi
1144 1048 1151 1059 ,
1171 1037 1238 1066 quos
1247 1027 1390 1057 deseruere
1402 1051 1410 1062 ,
1429 1029 1610 1063 tribuimus.]
1624 1033 1715 1064 Quare
1724 1043 1774 1061 ve-

975 1078 1034 1096 rum
1042 1067 1122 1103 hujus
1132 1068 1256 1096 vocabuli
1267 1068 1451 1107 fignificatum
1459 1069 1531 1100 haud
1553 1071 1719 1102 intellexisse
1730 1074 1775 1102 vi-

974 1109 1055 1137 detur
1066 1108 1183 1137 Lacerda
1195 1130 1202 1141 ,
1213 1108 1278 1137 dum
1289 1110 1380 1149 inquit
1392 1132 1399 1143 ,
1410 1111 1604 1141 Praefeecianos
1615 1123 1702 1153 genus
1722 1114 1775 1142 mi-

975 1150 1056 1177 litum
1069 1148 1159 1178 fuistin
1172 1158 1234 1177 nam
1243 1159 1277 1178 ex
1287 1159 1367 1179 textu
1376 1151 1492 1181 adducto
1502 1152 1565 1181 satis
1574 1153 1662 1192 liquet
1676 1174 1684 1187 ‚
1703 1164 1777 1193 prae.

975 1190 1103 1218 festianos
1113 1189 1189 1219 inter
1196 1191 1365 1228 apparitores
1376 1191 1427 1220 efl'e
1440 1193 1543 1221 locatos
1552 1215 1560 1227 ,
1583 1197 1611 1223 ὅς
1621 1205 1634 1223 a
1645 1205 1776 1234 quacum-

974 1240 1027 1269 que
1036 1230 1138 1259 militia
1147 1241 1193 1259 cos
1204 1241 1254 1269 pro
1263 1231 1388 1261 Praefeeii
1400 1231 1516 1262 servitio
1525 1244 1655 1265 revocare
1666 1236 1775 1266 licebat.

933 1273 1110 1300 Pxffirecrus
1123 1272 1277 1310 Evangelio
1290 1292 1296 1299 .
1307 1272 1382 1301 Vide
1393 1274 1514 1313 Proceffio
1522 1295 1530 1303 .

87 1317 263 1346 Putem-rio,
283 1311 322 1340 est
342 1311 462 1350 precatio
481 1312 637 1350 praecedens
655 1311 688 1340 ad
706 1312 920 1341 Sar-Canonem
933 1313 1154 1341 Pnafocm‘us.
1174 1314 1231 1341 FR.
1249 1312 1433 1351 angustiatus.
1455 1315 1576 1350 [Hodie
1595 1326 1623 1346 te
1644 1317 1775 1347 ordinare

122 1354 211 1384 Miss‘ae
222 1375 231 1386 ‚
250 1363 312 1382 cum
324 1353 356 1382 sit
377 1353 450 1391 quali
457 1351 586 1381 sacrificii
595 1352 760 1391 praeparatio
770 1371 777 1379 .
796 1353 920 1381 Durand.

124 1395 174 1424 lib.
186 1406 214 1430 4.
224 1404 283 1432 cap.
294 1404 342 1432 33.
354 1394 423 1429 Quae
433 1391 621 1431 antiquiffitna
630 1393 679 1424 est,
691 1393 727 1429 de
736 1403 788 1431 qua
800 1393 920 1432 Cypria-

125 1446 174 1464 nus
185 1435 359 1463 mentionem
368 1433 433 1463 facit
445 1433 582 1472 inquiens:
595 1439 608 1469 [
619 1433 688 1462 Ideo
699 1436 726 1462 ὅ(
737 1434 864 1462 Sacerdos
873 1445 919 1462 an-

974 1352 1035 1381 vult
1045 1351 1191 1386 Christus,
1210 1363 1245 1381 ne
1254 1353 1416 1391 praefocatus
1430 1355 1607 1393 praesentibus
1625 1357 1774 1388 hominum

973 1394 1043 1421 curis
1055 1404 1114 1421 non
1134 1392 1216 1431 poffis
1227 1395 1308 1422 verbo
1319 1396 1376 1424 Dei
1397 1406 1490 1425 vacare
1501 1418 1510 1430 ‚
1531 1408 1590 1426 can.
1603 1408 1630 1427 tc
1639 1399 1753 1438 quidem
1765 1422 1775 1434 ‚

979 1444 987 1461 1
1000 1444 1022 1462 i.
1034 1444 1079 1472 qu.
1095 1435 1138 1464 t.]
1153 1434 1225 1463 Vide
1233 1436 1386 1472 Suffbcams
1398 1457 1406 1463 .

124 1485 152 1504 te
161 1475 326 1508 orationem,
338 1484 392 1512 prae
398 1474 501 1503 satione
512 1472 713 1512 praemissa‚prae
719 1483 793 1511 parat
805 1475 918 1502 fratrum
933 1475 1119 1503 Puaecxarus
1132 1496 1140 1507 ,
1149 1475 1299 1513 gravidius
1310 1497 1318 1508 ,
1330 1476 1427 1506 foetura
1438 1499 1445 1509 ,
1456 1479 1607 1517 praegnatio
1615 1499 1623 1506 .
1643 1485 1658 1516 t
1668 1481 1774 1518 Juven-

124 1525 228 1543 mcntes
239 1514 359 1542 dicendo
368 1535 376 1546 ‚
399 1512 508 1542 Sursum
517 1514 616 1542 corda:
641 1522 670 1541 ut
688 1513 753 1541 dum
772 1513 918 1554 respondet
973 1515 1041 1543 rulae
1052 1536 1060 1547 ,
1069 1513 1176 1544 scilicet
1185 1537 1194 1548 ‚
1205 1525 1363 1555 praegnatus
1374 1538 1382 1549 ,
1393 1521 1420 1546 δε
1431 1527 1522 1556 partus
1532 1539 1539 1546 .
1549 1521 1666 1550 Tertull·
1677 1521 1775 1551 adver.

125 1554 198 1593 plebs
208 1575 216 1587 ‚
238 1554 374 1583 Habemus
384 1553 417 1582 ad
428 1553 582 1582 Dominum
594 1575 601 1587 ,
620 1553 799 1582 admoneatur
811 1577 819 1588 ‚
840 1556 880 1583 nil
892 1556 919 1585 se
973 1555 1036 1593 Jud.
1047 1565 1104 1594 cap.
1115 1567 1145 1592 9.

123 1594 197 1623 aliud
208 1616 216 1627 ‚
237 1603 318 1632 quarn
327 1593 483 1622 Dominum
503 1595 626 1632 cogitare
634 1593 731 1622 debere
741 1614 748 1621 .
770 1594 919 1625 Claudatur
933 1597 1096 1625 Pxfficuavo
1108 1617 1115 1623 .
1135 1598 1190 1626 FR.
1201 1607 1321 1635 aggravo
1333 1609 1338 1625 :
1361 1603 1374 1633 [
1386 1598 1424 1627 Hi
1438 1599 1514 1627 enim
1532 1600 1681 1630 Pontifices
1699 1600 1777 1631 indi-·

123 1645 220 1663 contra
231 1633 427 1663 Adversarium
439 1634 530 1672 pestus
539 1655 548 1667 ‚
567 1639 595 1664 ὅ(
605 1633 846 1678 soliDcopateat:
870 1648 918 1666 nec
972 1635 1062 1665 screto
1073 1637 1259 1666 moderamine
1271 1638 1399 1667 Ecclelias
1409 1639 1586 1670 parochianas
1597 1651 1774 1681 praegravan-

123 1675 156 1704 ad
164 1673 191 1703 se
210 1673 316 1703 hostem
327 1674 380 1704 Dei
392 1683 517 1713 tempore
526 1675 662 1704 orationis
675 1685 771 1703 venire
782 1676 898 1714 patiatur
910 1700 917 1711 ,

123 1715 153 1744 in
162 1715 243 1744 serm.
254 1721 280 1744 6.
299 1715 334 1744 de
343 1715 538 1744 communione
547 1715 634 1745 danda
647 1736 655 1747 ,
678 1715 710 1744 in
721 1726 779 1744 can.
790 1718 899 1755 quando

123 1756 158 1785 de
167 1754 320 1784 consecrat.
336 1755 398 1785 dist.
415 1767 438 1784 1.
450 1758 462 1787 ]
486 1757 522 1785 In
534 1755 631 1784 Miss'ali
641 1757 815 1785 Mozarabico
824 1758 919 1786 Illatio

123 1796 276 1834 appellatur
284 1816 291 1823 .
303 1796 401 1835 Aliqui
413 1797 437 1824 S.
448 1795 616 1831 Dionysium
627 1818 636 1829 ,
646 1795 691 1824 seu
702 1797 727 1825 S.
737 1798 859 1826 Leonem
869 1801 918 1828 Pa-

196 1857 204 1868 ,
223 1839 250 1864 ὅ(
261 1836 309 1864 alii
316 1836 455 1866 Gelalium
464 1836 639 1866 Praefzitionis
648 1837 786 1866 austorem
798 1837 902 1868 faciunt
911 1860 918 1867 .

121 1875 246 1904 Dux-and.
258 1875 306 1904 lib.
318 1888 344 1910 4.
355 1887 378 1904 c.
387 1887 433 1914 33.
454 1877 577 1916 Pelagius
588 1879 628 1906 II.
641 1887 742 1906 novem
751 1877 838 1908 Missle
850 1890 918 1918 prae-

121 1916 238 1945 sationes
249 1936 257 1948 ‚
276 1925 336 1954 quae
349 1926 421 1945 nunc
431 1927 461 1945 in
471 1916 567 1946 Miss'aii
578 1917 710 1946 habentur
721 1939 729 1951 ,
749 1918 849 1948 fatetur
861 1921 919 1949 illas

121 1958 152 1985 in
165 1959 295 1985 Romano
305 1956 444 1996 Catalogo
453 1957 585 1986 inveniss'e
596 1978 603 1985 .
615 1959 715 1987 Baron.
724 1969 768 1987 an.
782 1971 848 1997 590.
860 1971 918 1996 n.5.

974 1686 1013 1704 tes
1024 1698 1030 1709 ,
1043 1688 1101 1705 can.
1114 1679 1194 1706 Inter
1203 1688 1301 1706 caetera
1312 1701 1318 1711 ,
1335 1690 1377 1707 ιο.
1389 1691 1415 1718 q.
1429 1691 1453 1715 ξ.

934 1720 1106 1747 Functus
1119 1738 1125 1744 .
1136 1720 1191 1748 PR.
1203 1719 1230 1746 in
1243 1719 1335 1757 aliquo
1347 1715 1501 1749 ministerio
1511 1721 1645 1756 existenS‚
1665 1734 1695 1752 ac
1705 1733 1776 1762 ιπε-

972 1758 1078 1789 sidens,·
1091 1758 1125 1786 fic
1137 1768 1211 1787 enim
1222 1759 1258 1788 D.
1269 1761 1421 1799 Gregorius
1430 1763 1499 1800 Papa
1510 1784 1516 1795 ,
1537 1762 1582 1791 lib.
1591 1774 1620 1798 9.
1632 1764 1710 1802 epist.
1724 1777 1773 1802 29.

972 1799 1005 1826 ad
1016 1799 1202 1827 Marini-anum
1214 1802 1407 1829 Ravennatcn.
1421 1802 1553 1841 Areliiep.
1565 1802 1693 1838 scribens,
1705 1806 1775 1834 Cle-

973 1839 1046 1867 ricos
1057 1841 1086 1868 in
1105 1840 1262 1868 ministeriis
1274 1842 1468 1871 Eccleliasticis
1486 1844 1634 1873 relidentes
1654 1847 1774 1884 appella-

974 1879 1035 1908 vit:
1057 1881 1222 1915 [Praebendi
1234 1881 1324 1919 itaque
1342 1882 1403 1911 sunt
1413 1884 1533 1913 Clericis
1555 1885 1648 1914 vestris
1659 1896 1707 1925 per
1718 1887 1774 1916 sin-

973 1921 1052 1959 gulos
1063 1942 1070 1953 ,
1081 1921 1147 1949 licut
1158 1920 1356 1959 conspexeritis
1367 1944 1375 1956 ‚
1387 1923 1464 1953 simul
1474 1934 1565 1954 omnis
1576 1924 1679 1956 summa
1689 1926 1774 1958 solidi

972 1971 1082 1989 centum
1091 1963 1300 2000 praejaccntibus
1308 1983 1315 1990 .

121 1999 178 2026 PR.
190 1996 237 2025 sed
255 1996 383 2026 Gratiani
393 1998 543 2028 Decretum
555 2019 563 2031 ,
588 1999 618 2027 in
629 1999 674 2026 rit.
691 1999 726 2027 ad
737 2010 796 2028 can.
809 2001 914 2030 inveni·
932 2003 1072 2031 Pam-ron
1085 2023 1092 2034 ,
1104 2002 1256 2040 praecursor
1267 2016 1273 2031 .·
1286 2009 1301 2039 s
1311 2006 1348 2032 At
1359 2003 1406 2042 qui
1421 2015 1570 2034 venturum
1580 2029 1588 2040 ‚
1598 2012 1630 2035 ut'
1639 2009 1754 2047 praeitor
1763 2032 1773 2043 ,

119 2047 179 2066 mus
190 2058 198 2070 ‚
217 2037 251 2066 de
268 2035 389 2066 consecr.
410 2038 472 2068 dist.
489 2049 512 2067 i.
528 2038 606 2068 habet
625 2038 757 2068 mendose
777 2041 917 2078 Celusius.

119 2077 223 2114 Qibus
235 2077 363 2106 Urbanus
376 2079 416 2107 11.
425 2089 468 2107 an.
484 2089 567 2116 ¹095·
577 2079 685 2108 addidit
704 2081 838 2110 decimam
848 2092 918 2119 prae-

973 2043 1188 2078 (adest-Ioannes
1200 2045 1328 2080 Baptista
1338 2049 1349 2076 )
1360 2047 1505 2076 nunciavit
1515 2047 1710 2078 conlistentem
1720 2071 1728 2084 ‚
1741 2059 1773 2080 ut

972 2084 1112 2121 Propheta
1121 2084 1255 2122 agnovit.
1267 2085 1292 2112 S.
1305 2085 1435 2114 Hilar.1n
1445 2097 1502 2126 cap.
1519 2098 1526 2115 ι
1539 2099 1561 2116 i.
1574 2089 1676 2118 Matth-

119 2118 253 2162 sationem
263 2117 298 2146 de
308 2119 338 2160 B?
348 2118 435 2147 Maria
447 2140 455 2152 ‚
475 2119 539 2148 dum
551 2119 580 2148 in
591 2120 707 2149 Ecclefia
715 2119 836 2156 ejusdem
854 2123 917 2152 Vir-
930 2125 1104 2157 Paeiumco
1114 2145 1121 2151 .
1135 2126 1191 2154 FR.
1201 2125 1331 2153 damnum
1342 2126 1439 2155 infero:
1451 2133 1464 2162 [
1476 2129 1532 2157 Res
1543 2128 1617 2158 inter
1625 2130 1692 2159 alios
1704 2132 1771 2165 afta,

113 2159 193 2197 ginis
202 2159 362 2196 Campani-e
384 2159 535 2191 celebraret
547 2181 556 2192 ‚
577 2171 638 2199 quae
651 2170 764 2198 repente
773 2171 822 2199 per
833 2163 917 2201 Spiri-
972 2165 1032 2192 alus
1043 2175 1100 2192 non
1110 2165 1273 2203 pra-judicat
1282 2185 1289 2194 .
1311 2167 1344 2194 In
1354 2167 1483 2196 decretal.
1494 2169 1528 2197 de
1538 2169 1593 2198 fide
1604 2170 1772 2201 instrumen-

118 2209 179 2228 tum
188 2199 316 2227 Sanetum
326 2199 351 2227 ei
360 2197 484 2238 suggesta
493 2199 545 2229 suit
554 2211 616 2229 cum
626 2210 711 2230 totius
721 2203 816 2240 populi
825 2204 915 2243 stupo-
972 2214 1063 2233 torum
1075 2226 1083 2237 ‚
1094 2216 1118 2232 c.
1129 2214 1155 2234 ο.
1167 2209 1194 2234 ὅ(
1205 2206 1239 2234 de
1249 2207 1371 2240 rejudic.
1383 2219 1406 2236 c.
1421 2219 1464 2242 ¹7·
1476 2213 1503 2238 δι
1511 2220 1535 2238 c.
1548 2220 1594 2246 25.
1605 2210 1671 2240 ibid.

116 2249 146 2268 re
157 2239 193 2267 ibi
203 2239 312 2268 astantis
324 2260 331 2267 .
352 2240 428 2269 Infra
435 2241 573 2270 Oktavam
584 2240 656 2270 solet
665 2240 788 2278 ejusdem
797 2243 913 2274 OEavae
929 2247 1144 2274 Pamin-mus
1157 2245 1261 2275 habitus
1272 2268 1279 2275 .
1293 2247 1366 2277 Vide
1374 2252 1474 2278 Birrus
1485 2270 1494 2278 .

117 2279 247 2318 praefatio
257 2280 366 2309 recitari
378 2301 387 2314 ‚
406 2281 540 2319 aliquibus
557 2292 650 2310 tamen
658 2282 757 2311 casibus
775 2286 896 2323 exceptis
905 2307 913 2320 ‚
929 2287 1074 2315 Pmmusi
1085 2307 1093 2318 ,
1105 2286 1148 2315 vel
1158 2296 1270 2324 poenam
1281 2297 1409 2318 aeternam
1420 2300 1502 2330 quare
1513 2300 1668 2321 mereantur
1675 2290 1771 2322 homi-

116 2328 149 2351 ut
167 2321 288 2360 exempli
303 2320 391 2360 gratia
407 2321 438 2350 in
458 2321 533 2350 seriis
550 2322 736 2362 privilegiatis
747 2345 755 2356 ,
775 2333 804 2352 in
818 2325 914 2363 quibus
969 2337 1034 2355 nes.
1054 2326 1126 2355 Vide
1136 2326 1282 2364 Infernum
1293 2348 1301 2356 .

111 2360 238 2402 praefiitio
248 2361 400 2393 communis
409 2361 522 2403 dicitius
533 2363 606 2394 unde
615 2363 647 2394 in
657 2363 733 2394 Miflja
742 2363 1192 2435 litaniarum'Pnaei‘Anuoiuuu
1205 2388 1212 2398 .
1225 2368 1298 2401 vide
1308 2371 1476 2410 Aspaticum
1485 2390 1495 2402 .

1646 2415 1726 2444 Pae*
