1866 2526
103 76 167 148 esp.>
174 66 220 138 ᾖε.
231 113 290 137 ver‘.
306 118 348 137 10.
360 109 450 137 Aman
460 105 561 136 dicitur
571 104 698 135 Macedo?
713 107 820 140 [Anzan
833 103 906 134 filius

104 149 259 181 Amadathi
271 171 279 183 ,
301 153 329 178 ὃ(
339 148 432 177 animo
442 169 450 181 ,
472 152 500 177 ὅ(
511 157 597 187 gente
609 146 724 174 Macedo
734 166 742 173 .
754 148 766 177 ]
779 144 906 183 Respon-

103 191 157 220 deo
169 211 176 218 .
196 192 314 227 Majorcs
331 191 387 224 ejus
406 187 514 217 fortasse
531 199 565 217 ex
587 188 674 226 strage
693 186 904 216 Amaletitarum

103 231 216 270 profugi
236 232 266 260 in
276 229 468 259 Macedoniam
484 227 643 257 secess'erunt
663 227 755 266 postea
774 237 842 255 vero
860 236 905 264 pa-

104 282 197 301 rentes
208 271 323 301 Amanis
335 271 436 298 iterum
446 279 507 298 ante
517 269 575 297 haec
585 279 709 307 tempora
728 269 758 296 in
768 267 904 296 Persidem
921 276 924 277 ⁷

108 312 301 351 demigrarunt
313 332 320 339 .
331 310 382 339 Sed
392 309 559 348 probabi-lior
578 310 616 338 est
627 318 688 337 eum
698 317 792 337 natum
811 318 844 336 ex
854 309 904 336 Pa-

103 361 144 382 tre
155 353 309 382 Macedone
321 373 329 385 ‚
347 355 375 380 ὃ(
384 361 473 380 matre
482 350 560 380 Persa
572 361 604 379 ex
617 349 729 388 antiqua
741 348 905 378 Amalecita-

110 402 171 422 rum
180 393 293 432 origine
303 413 311 425 ,
331 392 369 420 ita
380 392 480 421 Salian.
769 401 772 404 ⁴

63 432 135 473 Cap.
147 440 173 463 6.
185 444 211 462 v.
226 444 251 472 3.
265 431 374 469 [Nihil
386 433 501 460 omnino
512 431 644 460 mercedis
655 430 792 469 accepim]
808 432 904 460 Sermo

105 475 143 504 est
155 474 189 503 de
199 471 378 504 Mardochaeo
389 485 400 506 ‚-
423 473 592 501 contrarium
601 472 729 501 habemus
749 483 805 511 cap.
821 483 864 501 12..
877 482 904 500 v.

107 525 133 552 ς.
145 521 158 551 [
168 514 356 552 Praeccpitque
367 513 391 541 ei
403 515 466 543 Rex
480 535 487 546 ,
510 523 539 541 ut
549 513 578 541 in
589 513 647 542 aula
658 513 752 551 palatii
784 523 905 541 morare-

105 566 151 586 tur
159 576 168 589 ‚
190 555 261 583 datis
271 555 295 582 ei
308 564 358 592 pro
369 555 509 583 delatione
519 554 684 583 muneribus.
694 556 706 585 ]
718 558 792 593 Ergo
802 553 906 592 aliquid

106 595 217 636 praemii
227 604 363 633 acceperat
375 594 565 623 Mardochaeus
578 614 584 622 .
598 594 766 633 Respondeo
775 615 782 623 .
794 596 906 623 Munera

104 636 218 676 quidem
228 636 333 664 leviora
350 637 374 663 ei
386 636 449 664 data
462 635 567 664 fuerant
579 657 587 668 ‚
608 646 667 673 quae
689 645 782 664 tamen
799 634 905 663 meritis

105 688 165 706 non
177 676 375 715 respondebant
386 687 393 707 5
406 676 524 715 ideoque
535 687 595 705 non
606 687 684 704 erant
695 687 807 708 merces,
821 680 847 704 ὅ(
858 685 906 714 pet

604 46 976 89 contradictiones
1004 56 1252 99 apparentes

958 103 1034 132 Deus
1045 112 1095 142 pro
1107 113 1173 142 pane
1182 101 1321 142 corporali
1342 103 1418 134 dabat
1436 103 1624 144 spirituatem,
1637 116 1737 148 nempe
1747 116 1758 143 ,·

960 143 1066 182 copiam
1076 143 1168 173 solatii
1179 165 1188 177 ,
1199 147 1227 172 &
1238 143 1274 173 fic
1283 144 1314 173 in
1326 143 1381 182 ipsa
1390 144 1484 184 inopia
1493 155 1551 175 non
1562 148 1760 188 derelinquun-

962 195 1006 213 tur
1017 195 1031 212 a
1042 186 1104 213 Deo
1115 205 1122 213 .
1135 185 1242 214 Eodem
1253 185 1337 214 modo
1347 185 1431 214 etiam
1442 187 1530 216 Saneti
1541 190 1676 225 Martyres
1686 200 1760 219 nun-

959 235 1040 264 quam
1053 225 1177 254 derelicti
1187 225 1298 255 fuerunt
1309 236 1322 254 a
1332 226 1396 254 Deo
1405 238 1416 259 J
1429 237 1492 255 nam
1502 229 1610 266 quando
1623 240 1758 265 tyrannus

964 266 1059 295 inedia
1068 276 1114 295 eos
1124 266 1311 295 tormentabat
1319 287 1328 299 ,
1348 276 1414 295 tunc
1423 268 1544 305 amplum
1553 270 1692 307 patientiae
1704 271 1758 300 fru-

960 308 1033 335 stum
1044 328 1052 340 ,
1073 318 1102 336 ac
1113 307 1241 343 martyrii
1255 317 1386 336 coronam
1396 308 1550 337 relerebant
1561 330 1568 341 ‚
1589 312 1667 346 juxta
1687 312 1757 346 illud

960 346 1057 387 psalmi
1070 359 1083 386 3
1091 359 1120 384 4.
1133 359 1159 377 v.
1177 359 1220 378 11.
1233 348 1426 386 [Inquirentes
1436 357 1528 377 autem
1537 349 1690 381 Dominum
1697 362 1759 381 non

960 389 1120 418 minuentur
1127 389 1206 417 omni
1216 390 1313 421 boum]
1319 389 1416 428 Aliqui
1425 399 1517 419 tamen
1526 401 1670 430 exponunt
1681 393 1758 422 v'erba

959 430 1079 458 Davidis
1090 431 1119 459 in
1129 429 1209 458 sensu
1220 429 1356 463 litterali,
1367 431 1429 469 quia
1437 431 1500 467 justi
1510 453 1518 464 ,
1530 431 1595 461 licet
1609 432 1676 461 fame
1686 432 1758 462 labo-

963 479 1060 500 rarunt
1073 483 1081 503 ς
1106 471 1162 500 illis
1173 480 1268 500 tamen
1284 481 1343 499 non
1354 470 1443 500 defuit
1451 473 1528 501 Deus
1549 473 1578 501 in
1589 473 1741 503 necessariis
1751 486 1759 502 ;

959 521 1056 541 contra
1067 522 1133 541 vero
1144 512 1224 550 impii
1236 511 1335 540 famem
1347 512 1530 550 patiuntur‚ut
1542 515 1710 544 canes-Idem
1720 513 1763 542 di-

960 553 1079 582 cendum
1089 553 1127 582 est
1137 553 1170 582 de
1181 553 1237 582 alio
1247 562 1326 590 textu
1336 554 1420 582 Prov.
1428 565 1435 581 i
1444 565 1470 582 0.
1483 556 1567 590 [Non
1578 554 1686 594 affliget
1700 556 1761 584 Do-

960 594 1050 622 minus
1061 593 1132 622 same
1141 594 1260 623 animam
1268 591 1499 630 justi:]Possiimus
1509 596 1591 624 etiarn
1600 596 1691 625 dicere
1702 597 1760 626 Da-

961 635 1056 663 videm
1066 634 1144 674 loqui
1155 635 1189 664 de
1198 633 1225 663 se
1240 634 1300 673 ipso
1310 635 1403 663 dicens
1412 656 1419 662 .
1431 641 1488 665 Non
1500 638 1563 664 vidi
1577 648 1585 667 ς
1598 637 1671 666 unde
1681 637 1700 666 si
1710 637 1760 666 ali-

963 676 1115 714 quandoid
1126 675 1225 704 accidit
1237 697 1245 708 ‚
1269 675 1322 704 fuit
1331 676 1445 714 aliquod
1455 678 1540 705 rarius
1551 697 1558 705 .

105 717 275 756 consequens
286 739 294 750 ‚
318 728 368 745 nec
378 727 513 756 premium
525 739 533 751 ,
557 717 603 745 vel
624 717 716 745 honor
728 739 735 750 ,
759 718 792 745 de
811 717 906 755 quibus
920 714 1016 745 Psaim.
1030 728 1077 752 40.
1089 727 1116 745 v.
1132 719 1170 748 1.]
1184 719 1280 745 Beatus
1292 716 1339 755 qui
1349 716 1487 754 intelligit
1498 716 1578 756 super
1589 728 1705 757 egenum
1716 740 1722 750 ,
1733 721 1761 747 δ(

105 761 167 788 Rex
188 758 373 797 interrogabat
384 778 391 786 .

238 841 306 869 Ex
348 839 553 869 LIBRO
605 839 735 878 JOB.

74 922 163 950 CAP.
188 931 232 957 ¹9-
252 931 278 950 v.
303 932 344 953 17.
364 925 422 957 [Et
441 921 549 949 orabam
559 920 631 949 filios
644 920 714 949 uteri
736 919 831 951 mei.]
854 919 907 948 Sed

107 962 249 1001 quomodo
269 970 377 999 poterat
397 962 468 990 filios
488 972 566 989 orare
586 983 593 994 ,
613 962 722 1000 quando
741 971 837 990 omnes
860 971 907 998 pe-

108 1003 212 1031 rierant
225 1024 233 1035 ‚
243 1013 271 1031 ut
283 1013 315 1030 ex
327 1012 385 1041 cap.
400 1013 422 1030 i.
433 1001 604 1040 Rcspondeo
613 1024 620 1030 .
641 1004 754 1031 Graecus
765 1002 832 1040 legit
841 999 908 1036 Ύῖἐς

106 1041 288 1073 wavaxllm
296 1055 337 1079 με(
348 1065 355 1075 ‚
366 1043 434 1071 idest
444 1044 532 1080 ,filios
542 1044 758 1072 concubinarum
769 1053 906 1073 mmmm,

106 1082 151 1111 seu
162 1081 340 1112 secundarum
352 1083 657 1119 uxormnSymnmchus
668 1084 747 1122 legit,
759 1081 827 1117 ’Υἰές
835 1095 880 1114 πα
887 1078 907 1111 l—

107 1124 154 1153 ‹l‘mr
163 1135 204 1160 μα
213 1146 221 1157 ,
231 1124 299 1153 idest
309 1125 394 1162 ‚filios
401 1132 549 1162 puerorum
560 1135 691 1158 meorum,
703 1124 810 1154 ililicet
822 1134 908 1162 nepo-

107 1174 148 1194 tes
159 1184 166 1192 .

279 1209 302 1235 E
323 1207 347 1235 X
398 1208 421 1235 P
443 1207 459 1235 S
480 1208 507 1236 A
530 1207 551 1235 L
573 1208 603 1235 M
625 1208 639 1235 1
661 1207 695 1235 S.

67 1287 200 1317 PSALM.
216 1297 259 1319 ¹7·
272 1297 299 1315 v.
312 1298 357 1319 27-
370 1294 381 1323 [
394 1288 468 1317 Cum
479 1286 607 1326 perverso
629 1286 795 1325 perverteris
804 1307 811 1314 .
824 1289 836 1318 ]
856 1288 908 1315 I.o-

104 1327 198 1369 quitur
216 1327 355 1356 Psalmista
375 1338 434 1356 cum
445 1330 527 1361 Deo,
553 1329 586 1356 de
605 1339 660 1366 quo
679 1328 781 1356 dicitur
792 1326 907 1356 Malach-

113 1378 140 1406 3.
155 1373 167 1402 [
182 1371 242 1407 Ego
252 1369 403 1400 Dominus,
415 1372 442 1398 ὅ(
456 1380 514 1398 nou
524 1372 641 1400 muror.]
655 1368 836 1406 Respondm,
847 1367 909 1396 sen-

108 1408 151 1436 sus
161 1408 199 1436 cst
210 1430 218 1442 ,
230 1409 304 1447 quod
315 1410 389 1438 Deus
398 1419 459 1438 cum
469 1409 600 1447 perverso
610 1408 735 1449 perverse
744 1431 752 1442 ‚
765 1409 833 1438 idest
843 1431 851 1442 ,
868 1408 908 1436 se-

962 759 1133 796 pauperem]
1153 757 1196 785 cui
1208 757 1319 785 veritati
1331 778 1339 789 ,
1360 768 1388 785 ac
1397 758 1506 795 optimo
1523 759 1639 787 consilio
1651 760 1761 787 videtur

961 798 1152 826 contradicere
1171 806 1340 836 praecepnim
1360 798 1490 826 divinum
1510 799 1598 827 Exod.
1619 811 1665 838 23·
1684 810 1712 828 v.
1734 810 1761 837 3.

964 838 1114 876 [Pauperis
1126 848 1234 877 quoque
1244 849 1301 867 non
1313 837 1482 866 misereberis
1493 839 1638 876 injudicio
1648 843 1671 872 .]
1686 843 1761 868 Faci-

962 880 995 909 lis
1007 881 1045 909 est
1055 878 1234 908 solutiomam
1247 888 1321 908 vetat
1330 879 1406 908 Deus
1414 879 1535 913 judicem
1546 880 1685 908 declinare
1696 892 1709 908 :i
1719 883 1761 915 ju-

961 920 1035 949 stitia
1046 931 1079 949 ex
1090 920 1276 949 misericordia
1285 930 1353 959 ergo
1364 929 1510 958 pauperem
1521 920 1612 949 :unde
1621 921 1702 949 lectio
1713 920 1762 949 he-

961 962 1029 990 braea
1039 961 1076 989 est
1086 961 1200 990 clarior:
1214 964 1376 998 [Pauperem
1387 971 1420 990 ne
1430 960 1567 990 honorato
1578 962 1609 990 in
1621 962 1670 989 lite
1680 963 1762 997 ejusd

962 1013 991 1030 ac
1003 1003 1022 1031 si
1034 1003 1107 1030 dicat
1118 1024 1125 1035 ,
1137 1013 1237 1041 pauper
1246 1001 1386 1040 litigiosus
1409 1012 1467 1030 non
1478 1012 1596 1032 meretur
1607 1001 1743 1030 honorem
1753 1023 1762 1034 ,

963 1054 1013 1072 nec
1025 1043 1243 1072 miscricordiam
1256 1063 1263 1070 .
1286 1043 1364 1071 Tales
1381 1041 1444 1071 sunt
1457 1042 1604 1082 piscatores
1613 1043 1763 1071 beneficio-

963 1094 1023 1112 rum
1035 1083 1333 1122 ecclesiasticorumqui
1345 1082 1413 1112 fallis
1423 1084 1597 1113 documentis
1610 1083 1763 1122 suscipiunt

963 1126 1027 1153 lites
1038 1125 1149 1161 injustas
1159 1145 1169 1161 ,
1179 1129 1205 1154 δ(
1217 1125 1339 1153 cumfint
1353 1134 1482 1162 pauperes
1494 1126 1619 1164 ingenio,
1633 1135 1662 1153 :ic
1675 1124 1762 1152 virtu-

963 1166 1032 1195 tibus
1045 1187 1052 1198 ,
1066 1165 1160 1204 piscari
1171 1167 1198 1194 in
1208 1165 1326 1194 tenebris
1336 1164 1461 1204 satagunt
1473 1166 1612 1194 nofturnis
1624 1186 1630 1192 .
1643 1165 1762 1198 Istorum

963 1217 1021 1235 non
1030 1206 1101 1235 solet
1114 1206 1237 1235 misereri
1254 1206 1325 1234 sacra
1344 1208 1417 1236 Rota
1429 1209 1556 1235 Romana
1568 1217 1574 1237 ς
1597 1206 1654 1234 imo
1665 1215 1761 1234 contra

963 1247 1036 1287 ipsos
1047 1257 1176 1286 tanquam
1186 1258 1282 1276 contra
1294 1247 1362 1275 fures
1379 1246 1531 1276 sententias
1541 1246 1663 1285 proferre
1681 1246 1762 1274 debe-

971 1298 1013 1316 ret
1023 1310 1029 1320 ,
1040 1298 1070 1317 ut
1083 1301 1096 1316 a
1106 1299 1162 1316 rain
1174 1288 1225 1317 vili
1236 1287 1428 1325 negotiatione
1439 1288 1584 1316 defistant:
1605 1297 1666 1314 nam
1676 1287 1761 1314 bonus

963 1329 1161 1358 Ecclesiasticus
1183 1339 1241 1356 non
1252 1327 1372 1356 ascendit
1393 1328 1504 1356 aliunde
1515 1349 1522 1360 ,
1544 1327 1591 1355 sed
1603 1337 1649 1365 per
1659 1327 1762 1355 ostium

963 1370 1047 1397 intrat
1060 1369 1090 1397 in
1101 1368 1208 1398 Christi
1219 1369 1295 1396 ovile
1306 1390 1315 1401 ,
1327 1368 1395 1396 idest
1407 1389 1414 1400 ‚
1426 1368 1541 1400 meritis,
1552 1378 1580 1396 ac
1591 1368 1708 1397 Pastoris
1719 1366 1761 1395 sui

963 1410 1086 1450 legitima
1099 1409 1294 1447 approbatione
1306 1429 1313 1436 .

109 1458 176 1477 vere
185 1449 258 1487 agit:
274 1450 310 1478 ita
324 1450 404 1480 Hier.
415 1450 523 1480 Theod.
537 1451 610 1478 lavet
625 1449 737 1479 Arabica
748 1450 836 1479 versio
848 1459 906 1489 quae
921 1449 1018 1480 Psalm.
1031 1461 1077 1488 43.
1088 1460 1114 1477 v.
1124 1461 1166 1486 ¹9·
1179 1456 1190 1484 [
1203 1448 1353 1478 Declinasti
1363 1446 1472 1478 semitas
1483 1449 1585 1477 nostras
1595 1459 1607 1476 a
1619 1447 1664 1476 via
1675 1458 1717 1476 tua
1729 1449 1760 1478 ·]

106 1489 141 1518 fic
153 1490 238 1529 legit:
263 1492 622 1528 Cumperversoperversm
633 1494 685 1519 cris
695 1512 702 1519 .

66 1529 166 1559 Psalm.
179 1541 226 1568 31.
238 1541 264 1559 v.
278 1541 304 1568 3.
320 1533 331 1563 ]
346 1533 485 1568 Quoniam
495 1531 566 1560 tacui
579 1553 587 1564 ‚
600 1532 830 1560 inveteraverunt
848 1541 906 1559 om-

107 1571 154 1600 nia
163 1570 216 1599 ofl'a
225 1581 282 1600 mea
292 1593 300 1604 ,
311 1572 375 1600 duni
389 1573 533 1601 clamarem
548 1582 605 1600 tota
616 1572 662 1600 die
672 1594 678 1600 .
691 1575 702 1604 ]
727 1572 908 1601 Contradicit

107 1611 165 1642 fibi3
178 1613 322 1650 quomodo
332 1612 406 1640 enim
417 1622 497 1646 tacet,
510 1613 528 1641 fi
541 1613 639 1641 clamat
650 1622 707 1641 tota
717 1613 773 1643 die?
783 1612 908 1651 Respon-

107 1652 172 1686 deo,
184 1653 269 1681 tacuit
282 1653 376 1681 David
387 1664 400 1681 a
411 1652 581 1682 confeffione
591 1654 708 1692 peccati,
719 1653 849 1681 nimirum
860 1664 909 1682 no-

110 1703 173 1722 vem
183 1693 316 1722 mensibus
327 1705 334 1724 5
345 1693 459 1723 haeserat
471 1704 588 1732 namque
608 1695 638 1722 iii
652 1694 767 1732 peccatis
783 1705 797 1722 a
809 1694 852 1722 die
864 1705 906 1732 pa-

110 1734 174 1761 trati
186 1733 316 1763 adulterii
327 1733 411 1773 usque
423 1735 455 1764 ad
475 1745 581 1773 partum
598 1735 710 1765 uxoris5
730 1735 857 1762 clamabat
868 1745 908 1763 ta-

112 1784 174 1803 men
186 1796 194 1808 ‚
204 1774 273 1804 idest
286 1796 294 1807 ‚
314 1775 439 1813 rugiebat
449 1798 457 1809 ‚
476 1785 505 1804 ut
519 1785 631 1804 vertunt
650 1774 751 1804 Child.
762 1776 857 1813 Aquil.
880 1780 906 1804 ὃς

110 1815 189 1843 Hier.
200 1825 254 1853 prae
267 1815 364 1843 dolore
375 1817 461 1845 morbi
472 1817 501 1845 in
514 1815 644 1844 scelerum
656 1825 765 1853 poenam
777 1815 888 1845 immissi
900 1830 904 1843 ;

109 1856 146 1883 iia
157 1859 230 1895 Aug.
244 1857 324 1884 Hier.
336 1859 363 1884 &
375 1856 438 1884 alii:
457 1857 522 1886 ideo
532 1857 626 1885 addit:
650 1858 908 1892 [Inveteraverunt

108 1897 201 1925 omnia
214 1896 266 1926 offa
276 1907 333 1925 mea
344 1918 351 1929 ‚
364 1898 376 1928 J
389 1897 458 1926 idest
469 1920 476 1930 ,
488 1907 570 1926 omne
582 1897 664 1926 robur
672 1907 763 1925 meum
775 1897 906 1935 elanguit.

69 1935 167 1965 Ruina.
181 1949 193 1966 2
202 1947 227 1972 ς.
239 1947 266 1965 ν.
279 1941 303 1965 8.
316 1942 327 1972 [
342 1938 478 1967 Homines
487 1961 495 1971 ,
507 1941 533 1966 δε
545 1940 669 1974 jumenta
681 1936 793 1967 salvabis
806 1940 906 1967 Domi-

963 1491 1039 1520 Hinc
1050 1491 1186 1530 colligunt
1197 1490 1321 1518 haeretici
1332 1490 1426 1517 Deum
1444 1489 1496 1518 effe
1515 1488 1618 1517 causam
1636 1488 1739 1527 peccati
1752 1509 1761 1521 ,

964 1532 1039 1570 quod
1058 1542 1150 1559 tamen
1172 1530 1268 1559 falsum
1279 1531 1316 1559 est
1329 1552 1335 1563 ‚
1359 1540 1388 1558 ut
1409 1530 1539 1558 admonet
1560 1531 1631 1558 Eccl.
1650 1540 1658 1558 i
1669 1539 1694 1565 5.
1718 1540 1726 1556 i
1736 1541 1762 1557 2.

966 1575 1058 1609 [Nou
1068 1573 1141 1601 dicas
1151 1592 1159 1604 ,
1172 1572 1220 1601 ille
1231 1582 1273 1600 me
1282 1571 1446 1610 implanavit
1457 1592 1464 1599 .
1475 1573 1487 1603 ]
1499 1570 1667 1609 Respondeo
1676 1591 1685 1603 ,
1698 1579 1762 1598 ante

964 1613 1094 1652 praedista.
1116 1613 1197 1642 verba
1214 1612 1390 1651 repetendam
1408 1612 1460 1642 cfl‘e
1475 1611 1633 1650 particulam
1653 1610 1763 1649 negati*

967 1665 1026 1682 rim
1039 1653 1160 1692 superius
1171 1654 1284 1691 positam
1296 1652 1425 1682 nimirum
1437 1675 1444 1686 ‚
1465 1658 1523 1681 Non
1533 1653 1678 1689 declinasti
1688 1672 1694 1678 .
1718 1652 1762 1679 Ita

964 1696 1048 1724 I‘lebr.
1062 1695 1143 1723 Hier.
1153 1693 1258 1729 Chrys.
1272 1695 1379 1723 Geneb.
1390 1693 1464 1731 Jans.
1485 1693 1569 1730 Quod
1581 1692 1599 1721 fi
1612 1693 1679 1721 velis
1689 1692 1762 1719 affir-

962 1736 1066 1764 mative
1077 1736 1168 1773 legere
1180 1735 1235 1763 sinc
1246 1735 1377 1773 particula
1388 1734 1528 1773 negativa,
1540 1743 1569 1762 ut
1582 1732 1667 1761 vertit
1676 1731 1761 1760 Chai.

964 1787 1029 1804 tunc
1039 1775 1072 1804 sic
1085 1775 1282 1813 exponendum
1293 1775 1330 1804 cst
1343 1787 1350 1804 ε
1363 1774 1514 1803 Declinasti
1524 1773 1631 1803 semitas
1644 1772 1743 1801 nostras
1752 1792 1761 1804 ,

965 1816 1033 1844 idest
1045 1838 1053 1849 ‚
1064 1817 1182 1844 actiones
1193 1838 1200 1848 ,
1212 1820 1239 1844 δε
1252 1817 1361 1854 negotia
1372 1816 1462 1843 nostra
1473 1837 1480 1848 ‚
1498 1820 1527 1844 A
1537 1826 1589 1842 vta
1600 1822 1653 1842 tua
1662 1835 1669 1846 ‚
1687 1812 1762 1840 scili-

963 1867 1007 1885 cet
1018 1879 1024 1889 ,
1036 1867 1049 1884 a
1059 1856 1144 1885 solito
1158 1857 1242 1884 modo
1254 1857 1354 1895 agendi
1367 1855 1527 1886 nobiscum3
1546 1865 1603 1883 non
1614 1854 1688 1882 enim
1699 1863 1764 1890 pro-

962 1897 1055 1926 texisti
1068 1908 1115 1925 nos
1129 1896 1191 1929 ,sed
1202 1898 1292 1935 potius
1303 1896 1446 1936 permisisti
1458 1896 1553 1924 onmia
1564 1895 1642 1924 nobis
1658 1892 1765 1923 infoeli-

963 1939 1030 1966 citer
1041 1936 1184 1966 succedere
1195 1958 1202 1966 .

112 1989 144 2005 ne
156 1998 162 2004 .
174 1980 185 2008 ]
198 1978 342 2016 Numquid
351 1980 474 2013 jumenta
486 1989 566 2008 erunt
577 1979 607 2007 in
618 1979 717 2007 Coeio?
729 1978 905 2017 Respondeo.
924 1978 1020 2007 Psalin.
1037 1989 1045 2006 i
1057 1990 1065 2007 i
1076 1988 1100 2014 5.
1112 1989 1138 2006 v.
1151 1990 1175 2007 ι.
1189 1978 1351 2014 [Omnibus
1361 1978 1447 2007 homo
1457 1977 1605 2007 mendam]
1619 1977 1688 2004 Haec
1699 1984 1762 2004 ver-

108 2017 248 2047 Psalmista
258 2018 381 2058 loquitur
401 2020 435 2048 de
456 2020 540 2048 salute
552 2019 708 2058 corporali,
727 2019 831 2048 scilicet
842 2040 852 2057 ,
874 2019 907 2047 de

111 2058 168 2086 ests.
179 2081 186 2091 ‚
197 2058 323 2091 sanitate,
336 2059 413 2097 prole
424 2063 475 2089 ἃς.
486 2060 523 2088 ita
536 2062 610 2099 Aug.
620 2063 647 2088 ἃ
659 2060 835 2089 alii-Arabica
846 2070 906 2088 ver-

109 2100 148 2127 sio
158 2098 227 2138 legit
239 2112 244 2126 .·
260 2104 271 2133 ἰ
286 2100 439 2130 Hominum
450 2123 457 2134 ‚
469 2104 496 2129 ὃ(
507 2103 695 2137 jumentorum
707 2111 734 2129 tu
747 2111 772 2128 es
782 2101 907 2129 Salvator

108 2140 232 2168 Domine
243 2160 249 2167 .
262 2141 273 2169 ]
298 2140 455 2178 Allegorice
466 2141 786 2176 noniiiie''jument01¹iJin
803 2141 908 2170 intelli-

111 2189 214 2217 guntur
223 2190 375 2218 peccatores
386 2202 394 2213 ‚
405 2181 443 2209 ita
456 2183 537 2210 Hier.
548 2187 575 2210 ὅ(
586 2182 703 2217 Didym.

71 2219 169 2248 Psaim.
184 2230 231 2258 30.
243 2230 269 2249 v.
281 2231 327 2256 25.
341 2222 423 2256 [Non
436 2222 494 2251 vidi
503 2222 603 2257 justum
615 2222 777 2251 derelictum
788 2244 795 2255 ‚
809 2231 857 2250 nec
868 2220 907 2249 se-

111 2270 175 2288 men
185 2264 239 2296 ejus
250 2271 374 2299 quaerens
385 2265 509 2299 panem]
524 2263 585 2290 Hoc
598 2263 684 2300 prima
695 2262 787 2291 fronte
800 2262 907 2291 videtur

114 2300 209 2328 falsum
220 2312 228 2332 5
240 2301 355 2340 legimus
365 2303 440 2330 enim
450 2304 551 2331 multos
559 2304 642 2339 justos
654 2303 721 2332 sanie
734 2301 867 2335 laborasse,
877 2311 906 2330 ut

114 2340 165 2369 suit
174 2342 289 2370 Laurus
302 2343 506 2376 memlicusffln
517 2344 609 2380 Jacob.
622 2346 746 2378 Gen-42.
757 2341 905 2374 Abraham.

111 2384 200 2412 Genu
210 2392 234 2411 2.
246 2383 381 2422 multique
392 2384 481 2414 Sancti
492 2386 638 2420 Martyres.
650 2383 907 2424 Responde0.Tunc

963 2022 993 2048 ba
1003 2019 1196 2048 contradicunt
1205 2020 1347 2048 manifeste
1357 2019 1446 2048 textui
1461 2018 1576 2056 Apocal.
1585 2028 1592 2045 ι
1600 2028 1627 2052 4.
1641 2027 1666 2044 v.
1674 2025 1698 2051 5.
1711 2018 1762 2049 [Et

963 2061 993 2088 in
1003 2071 1050 2089 ore
1061 2070 1156 2088 eorum
1165 2071 1223 2088 non
1234 2061 1271 2089 est
1284 2061 1434 2089 inventum
1446 2059 1646 2088 mendacium]
1659 2056 1764 2093 Loquie

962 2111 1004 2129 tur
1015 2101 1040 2129 S.
1052 2103 1173 2138 Joannes
1192 2101 1225 2129 de
1235 2110 1345 2129 centum
1356 2100 1534 2139 quadraginta
1551 2107 1666 2136 quatuor
1678 2097 1763 2124 milli-

963 2142 1009 2170 bus
1022 2141 1173 2180 Virginum
1183 2162 1189 2169 .
1211 2142 1287 2170 Hinc
1299 2142 1412 2169 deducit
1423 2139 1556 2169 Lutherus
1576 2139 1668 2166 omnia
1679 2147 1763 2175 opere.

964 2181 1086 2211 hominis
1096 2180 1146 2210 esle
1158 2192 1263 2220 peccata
1276 2204 1282 2215 ,
1295 2182 1356 2221 quia
1369 2182 1387 2210 si
1399 2181 1484 2209 homo
1497 2191 1552 2208 non
1563 2179 1651 2217 petest
1667 2188 1764 2207 verum
1804 2217 1808 2220 η

967 2222 1060 2251 dicere
1070 2245 1076 2255 ,
1087 2223 1161 2260 quod
1173 2222 1277 2251 facilius
1292 2222 1339 2255 est,
1353 2232 1419 2261 ergo
1431 2233 1478 2250 uec
1488 2222 1589 2249 bonum
1603 2219 1695 2247 facere.
1707 2221 1762 2260 Re-

963 2263 1087 2301 spondeo
1098 2263 1189 2292 sensus
1199 2262 1277 2298 hujus
1287 2264 1343 2292 loci
1355 2274 1413 2291 non
1425 2263 1462 2291 est
1481 2261 1624 2290 hominem
1635 2261 1694 2288 aestu
1711 2259 1761 2286 csse

964 2304 1122 2332 mendacem
1133 2325 1140 2336 ‚
1151 2315 1178 2332 :ic
1189 2303 1297 2342 semper
1311 2304 1435 2334 mentiri5
1450 2302 1498 2331 sed
1510 2311 1630 2341 pronum
1639 2322 1648 2333 ,
1657 2310 1685 2328 ac
1696 2308 1762 2336 pro-

962 2345 1062 2372 clivem
1074 2354 1168 2373 natura
1177 2344 1222 2373 sua
1232 2345 1266 2373 ad
1278 2344 1512 2377 mentiendum&
1525 2338 1760 2376 fallendumquod

962 2395 1020 2415 non
1029 2384 1067 2415 est
1078 2384 1283 2425 peccatumjsed
1294 2386 1393 2417 vitium
1402 2394 1506 2416 natura:
1517 2390 1653 2421 corruptae
1669 2388 1762 2417 pecca-

1689 2428 1719 2449 te

1828 4 1830 9 ’
1837 0 1843 16 l

1822 82 1846 111 ἦ.»

1860 1291 1866 1361 i

1860 1386 1866 1439 1¹

1862 1443 1866 1470 f
