1866 2526
177 68 202 96 2
516 48 625 91 AB

163 110 325 142 existimant
335 105 508 139 Abbatialem
517 106 611 136 Mitrae
631 104 710 135 usum
725 114 799 134 anno
817 101 930 133 millefi-

160 154 229 183 fimo
239 150 349 191 coepiss'e
361 172 368 183 ,
385 159 447 178 cum
457 160 471 178 a
481 147 615 177 Silvestro
625 148 667 176 ΙΙ.
689 145 854 176 Placentino
866 145 932 173 San-

161 194 200 223 ἃὶ
216 192 312 223 Savini
334 191 436 221 Abb'ati
454 189 595 218 indultum
617 186 726 220 fuisset5
747 185 931 216 nihilominus

160 234 215 264 hoc
226 244 323 264 verum
333 232 372 261 est
381 253 389 265 ,
402 231 477 270 quod
487 229 628 260 Blefl'enfis
638 231 736 259 Petrus
746 251 754 262 ,
773 227 820 266 qui
832 228 930 255 florue-

159 285 200 304 rat
212 286 286 304 anno
300 285 383 303 1200·
393 271 474 301 valde
494 271 694 303 admirabatur,
716 269 891 299 Vvilelmum
902 268 931 295 in

161 316 256 346 Sicilia
275 313 480 344 Monacliorum
501 312 636 342 Abbatem
655 311 831 341 Pontificalia
849 309 931 337 indu-

162 366 258 387 menta
267 354 417 394 usurpass'e:
440 353 574 389 [Retulit
593 352 664 382 mihi
683 352 834 390 (inquiens
851 349 929 388 epist.

160 409 210 434 90.
222 401 236 430 )
254 396 367 439 quidam
384 395 508 425 Nuntius
529 394 634 427 vester,
653 394 773 433 qualiter
793 391 931 421 Dominus

159 441 233 477 Papa
242 448 293 466 vos
301 437 385 466 Mitrci
398 436 505 475 proprii
515 435 611 474 capitis
624 457 631 468 ‚
649 439 677 463 ὃ(
689 434 748 463 aliis
760 431 931 462 ornamentis

160 477 366 517 Episcopcilibus
376 477 524 516 insignivit
536 497 543 506 .
553 478 597 505 De
607 476 803 505 benedic'tione
815 474 930 513 gaudeo,

159 519 335 559 sedinfignia
347 518 516 557 Episcopalis
533 517 692 546 eminentiae
715 517 745 545 in
757 516 862 545 Abbate
883 524 931 542 nec

159 561 284 600 approbo
294 581 302 593 ,
313 571 361 588 nec
373 569 485 598 accepto
494 580 502 587 ,
513 559 597 587 Mitro.
610 558 685 587 enim
696 580 703 590 ‚
716 561 743 586 ἃ
754 557 859 587 anulus,
871 555 931 583 stin-

159 602 272 631 dalini‘in
282 602 339 630 alio
349 623 357 634 ,
376 610 458 640 quam
476 600 506 628 in
518 598 656 638 Episcopo
677 599 803 637 quaedam
822 596 933 635 superba

159 642 247 671 elatio
255 642 293 671 est
305 662 311 669 .
323 645 335 674 ]
357 646 398 671 Ex
407 641 503 680 quibus
523 649 617 679 aperte
631 640 774 678 colligitur
783 638 931 667 Pontifica—

158 684 199 713 lia
209 683 371 711 indumenta.
383 693 442 711 non
452 680 525 710 fiiiss'e
537 682 587 709 illo
599 692 660 709 ιενο
680 680 807 709 omnibus
819 678 933 708 Abbati-

158 724 207 753 bus
217 723 373 752 communia
382 744 389 751 .
407 724 464 752 Uti
475 732 569 751 tamen
588 722 687 750 debent
708 722 803 750 baculo
816 720 933 749 Abbates

161 766 305 806 pendente
325 764 390 792 velo
402 785 410 797 ‚
428 763 461 792 ad
483 763 689 792 distinftionem
710 762 909 800 Episcoporurn
925 781 931 787 .

162 808 220 836 FR.
232 806 376 844 Singulare
394 804 432 833 est
450 803 534 832 etiam
545 804 734 833 cisterciensis
755 802 866 832 Abbatis
887 802 930 829 in-

161 847 273 876 dultum
284 867 292 878 ,
311 846 403 884 quiex
412 844 587 873 concessione
598 844 759 873 Iniioceiitii
771 842 874 874 Ostavi
885 841 932 869 sub

160 888 207 918 die
218 899 247 925 9.
258 887 364 925 Aprilis
378 891 462 922 1489.
484 887 573 925 potest
582 884 670 914 sacros
679 886 803 915 Ordines
823 882 932 912 confer-

161 939 192 957 re
202 950 210 961 ,
221 927 436 957 Subdiaconatus
446 949 453 959 ,
464 925 569 956 scilicet
583 949 589 959 ,
602 931 629 956 ὃς
640 927 811 956 Diaconatus
823 945 829 952 .
844 924 932 953 Abbas

161 969 341 999 Sanffil‘auli
359 971 458 997 Romae
478 979 512 997 ex
526 967 682 1007 privilegiis
691 966 857 996 Innocentii
866 967 931 994 Ter-

161 1009 399 1048 tiisub13.Junii
416 1020 497 1048 1203.
509 1009 632 1038 Honorii
643 1009 733 1038 Tertii
749 1008 852 1042 sub15.
864 1006 931 1040 Maji

165 1055 248 1081 1218.
259 1050 393 1089 Gregorii
404 1051 482 1079 Noni
494 1060 539 1085 ις.
559 1050 695 1078 Februarii
718 1055 801 1087 1236.
822 1046 934 1086 quando

160 1092 306 1121 ordinatur
316 1091 446 1126 Sacerdos
457 1102 470 1120 a
478 1093 561 1129 Papa,
571 1090 652 1119 babet
664 1090 822 1119 sicultatem
831 1097 933 1116 canen—

160 1133 192 1162 di
209 1132 321 1161 Missam
342 1131 546 1161 Pontificaliter
573 1132 602 1159 in
621 1130 811 1160 Patriarchico
839 1128 931 1157 Altari

160 1172 286 1210 cjiisdem
295 1173 416 1201 Bafilicae
428 1193 436 1200 .
456 1172 544 1201 Abbas
565 1183 623 1200 non
634 1171 724 1210 potest
744 1169 799 1198 esse
810 1180 843 1197 ex
856 1167 934 1197 Prcs<

161 1215 262 1250 bytero
274 1236 281 1247 ,
294 1214 339 1242 vel
351 1213 480 1242 Diacono
489 1212 623 1242 saecularis
634 1212 758 1241 Ecclcfiae
770 1232 776 1239 .
797 1212 834 1239 D.
846 1211 933 1247 Greg.

160 1256 193 1285 in
202 1255 310 1294 Regist.
322 1254 368 1283 lib.
381 1265 407 1293 3.
419 1265 476 1294 cap.
503 1265 510 1282 i
523 1265 545 1282 i.
560 1255 574 1288 Η
588 1274 595 1281 .
615 1253 733 1283 Abbates
745 1274 753 1285 ,
773 1251 820 1290 qui
830 1250 932 1279 habent

160 1295 241 1332 usum
250 1296 341 1326 Mitras
353 1306 385 1323 ex
397 1295 595 1324 consuetudine
617 1306 630 1322 a
642 1295 737 1323 §ansts
749 1292 817 1322 Sede
835 1301 934 1330 appro-

161 1338 243 1370 bata,
262 1346 292 1365 ut
309 1346 406 1375 graves
425 1336 712 1365 adstruuntDoftores
725 1357 732 1367 ,
753 1332 866 1372 possunt
887 1342 934 1360 ne-

161 1379 228 1408 dum
238 1377 323 1407 sacras
333 1387 373 1406 res
383 1399 391 1410 ,
419 1378 448 1405 in
459 1378 553 1416 quibus
565 1375 637 1405 sacra
649 1376 746 1405 unctio
757 1385 814 1403 non
822 1372 935 1403 adhibe-

162 1429 209 1453 tur
219 1441 226 1452 ‚
247 1418 408 1448 benedicere
421 1430 427 1449 ς
446 1418 492 1447 sed
503 1422 530 1447 ὃ(
539 1418 636 1446 calices
648 1439 655 1450 ,
667 1427 778 1456 patenas
788 1438 797 1450 ‚
816 1419 843 1444 δε
856 1414 935 1443 Alta-

162 1461 203 1490 ria
213 1460 345 1498 portatila
354 1459 513 1488 consecrare
525 1480 532 1486 .
556 1458 633 1494 Quin
645 1468 706 1486 cum
724 1455 836 1486 licentia
847 1455 936 1484 Ordi-

163 1501 253 1533 narii,
273 1506 299 1530 δε
312 1511 374 1528 cuin
396 1500 508 1539 speciali
526 1499 678 1538 privilegio
689 1497 855 1537 Apostolico
875 1494 936 1534 pos-

159 1543 225 1573 sunt
235 1541 361 1570 conferre
373 1540 608 1574 confirmationis
618 1539 869 1568 SacrainemumJn
880 1536 937 1564 col-

161 1583 268 1613 latione
290 1593 384 1611 tamen
413 1582 552 1611 minorum
575 1581 719 1611 Oi-diimm
738 1580 789 1609 sac.
811 1578 937 1608 Concilii

163 1626 310 1663 Congreg.
324 1634 370 1662 23.
381 1623 549 1652 Novembris
566 1628 649 1657 1641.
661 1622 818 1650 facultatem
828 1629 937 1647 tantuin

162 1666 198 1699 ad
207 1675 303 1694 eorum
312 1664 437 1693 subditos
443 1664 578 1694 limitavit
591 1685 598 1695 ,
615 1663 777 1701 addiditque
788 1659 938 1699 suspensio—

163 1706 206 1735 nis
216 1716 329 1745 poenam
348 1705 538 1734 ordinantibus
549 1726 557 1737 ,
581 1708 608 1732 ὃ(
621 1703 817 1732 dimissoriales
836 1711 935 1730 conce-

162 1747 308 1776 dentibus.
318 1746 409 1775 Diana
422 1755 492 1785 part.
505 1758 532 1779 7.
543 1745 621 1773 trabi.
639 1756 646 1772 i
660 1756 681 1772 i.
692 1743 803 1773 resolut.
817 1755 864 1777 4²·
879 1743 935 1771 PR.

163 1789 234 1817 Haec
245 1797 339 1816 tamen
350 1787 487 1816 Abbatum
499 1785 608 1815 facultas
620 1785 771 1814 ordinandi
782 1795 796 1812 a
806 1784 876 1812 V11.
887 1783 937 1817 Sy-

164 1829 241 1858 nodo
252 1827 378 1860 concessa
392 1850 399 1861 ‚
420 1828 452 1856 ab
471 1827 643 1857 Innocentio
655 1827 753 1855 Tertio
771 1826 801 1853 in
818 1834 876 1862 cap.
895 1834 901 1851 i
916 1834 937 1850 i.

163 1869 199 1898 de
209 1879 282 1899 aetat.
294 1873 321 1898 ὅ(
333 1869 430 1913 qualit.
442 1868 535 1898 ordin.
546 1867 708 1896 confirmata
720 1866 772 1896 fuit
785 1888 791 1898 ,
812 1875 894 1903 atque
904 1864 938 1891 de

165 1920 196 1941 ea
210 1910 242 1939 fit
263 1920 372 1938 mentio
391 1910 420 1938 in
430 1920 488 1948 csip.
504 1921 526 1937 1.
539 1908 660 1938 distinet.
685 1919 729 1944 19.
750 1908 780 1935 in
791 1906 879 1945 prima
889 1905 937 1933 dc-

163 1960 232 1980 cret.
245 1960 322 1988 parte
332 1962 339 1981 5
351 1950 442 1989 ibique
455 1948 547 1980 Gloss.
560 1950 576 1984 Η
588 1969 595 1976 .
608 1949 776 1978 Limitantur
787 1947 871 1976 etiam
883 1946 939 1975 Ab·

163 1992 258 2021 batum
268 1991 408 2019 facultates
420 1991 511 2030 quoad
522 1989 744 2019 benedic-“tionem
765 1996 940 2026 paramento-

163 2042 226 2062 rum
236 2053 245 2065 ,
256 2035 285 2061 δι
296 2031 394 2060 similia
406 2054 414 2065 ‚
436 2042 534 2070 nempe
543 2031 591 2059 illa
603 2040 711 2059 tantum
722 2052 730 2063 ,
749 2039 809 2068 quae
822 2028 941 2067 propriis

163 2083 262 2104 eorum
284 2072 409 2101 Ecclcfiis
427 2072 564 2102 inservire
594 2071 696 2101 debent
706 2091 713 2098 .
744 2072 801 2099 Sac.
822 2070 941 2098 Rituum

164 2115 312 2153 Congreg.
322 2113 463 2142 decretum
487 2125 500 2142 a
511 2115 641 2142 Gavanto
651 2111 697 2140 sub
707 2110 753 2141 die
764 2123 811 2146 24.
824 2109 941 2148 Augusti

136 2190 160 2195 υ
169 2165 180 2183 1
188 2161 257 2193 ρο9.
269 2154 387 2182 relatum
398 2176 406 2187 ,
417 2155 493 2193 quod
504 2154 537 2182 ad
547 2153 707 2182 instantiam
719 2151 862 2190 Spoletatni
877 2150 941 2189 Epi-

96 2194 103 2203 '
165 2194 242 2234 scopi
253 2195 418 2225 innovatum
428 2195 476 2224 sub
488 2206 501 2233 3
509 2206 534 2223 0.
545 2194 715 2232 Septembris.
727 2204 736 2221 i
744 2199 779 2221 62.
787 2197 811 2220 8.
827 2193 890 2220 Iino
900 2202 942 2219 ea-

164 2236 229 2265 dem
240 2237 417 2274 Congregat.
439 2248 452 2264 2
461 2241 485 2264 8.
508 2235 627 2274 Augusti
654 2235 740 2272 162'9.
761 2231 942 2261 consuetudi-

164 2287 232 2311 nem
243 2298 252 2309 ,
263 2287 278 2305 a
288 2277 459 2305 Tamburino
470 2286 539 2304 tom.
555 2287 577 2303 1.
591 2274 661 2314 disp.
677 2287 723 2305 22.
734 2273 829 2313 quaest.
843 2285 869 2302 2.
884 2284 942 2301 n.1.

167 2318 312 2346 adduffiun
322 2339 331 2351 ,
351 2318 461 2356 penitus
482 2317 631 2356 derogavit
642 2337 650 2344 .
671 2316 790 2353 Abbates
802 2335 809 2346 ,
828 2314 876 2352 qui
895 2313 944 2343 ha-

169 2358 235 2387 bent
246 2357 323 2387 usum
334 2359 427 2387 Baculi
440 2380 447 2391 ,
458 2362 485 2387 &
496 2359 588 2386 Mitrae
601 2379 608 2390 ‚
622 2368 680 2386 non
690 2356 803 2396 possunt
814 2354 944 2383 Ecciesms

170 2399 328 2438 profanatas
337 2399 519 2430 reconciliare
530 2420 539 2435 ,
551 2397 602 2430 uisi
612 2408 675 2428 cuni
684 2408 753 2438 aqua
764 2397 794 2427 ab
807 2394 944 2436 Episcopo

1243 38 1352 81 AB

980 99 1123 129 benedicta
1136 119 1143 128 .
1165 98 1246 127 Idem
1257 97 1384 127 Tambur.
1394 96 1464 136 disp.
1478 110 1492 128 2
1496 109 1524 138 3.
1546 98 1642 138 quaest.
1655 109 1699 130 io.
1716 101 1758 129 In*

979 141 1059 170 sacris
1068 140 1235 170 solemnibus
1254 137 1329 168 haud
1340 138 1442 167 debent
1461 140 1492 169 in
1501 139 1595 169 Alteri
1604 139 1704 170 habere
1714 140 1756 169 se-

982 192 1059 221 ptem
1068 182 1194 211 candelas
1203 178 1325 211 accensas
1338 201 1346 212 ,
1368 189 1431 209 cuin
1441 180 1494 210 hoc
1512 180 1602 211 solum
1611 181 1757 221 Episcopis

981 222 1139 253 concessum
1159 223 1192 252 fit
1204 243 1211 251 .
1237 222 1294 250 Sac.
1314 222 1460 262 Congrcg.
1481 222 1544 252 Rit.
1563 234 1610 260 29.
1631 222 1757 262 januarii

985 276 996 305 ¹1
1005 270 1071 294 628.
1095 264 1169 293 Vide
1189 263 1316 294 Candela
1325 282 1332 290 .
1351 261 1510 303 Eademque
1528 263 1620 293 denuo
1637 264 1684 293 die
1707 274 1756 296 27·

983 305 1151 344 Septembris
1166 311 1352 342 1659.c0ram
1371 302 1418 331 fel.
1438 314 1520 334 mem.
1530 305 1694 335 Alexandro
1703 307 1756 334 Pa-

986 358 1018 385 pa
1028 348 1098 376 VII.
1111 345 1203 375 habita
1214 346 1249 374 ad
1258 344 1418 373 instantiam
1426 346 1470 375 bo.
1481 355 1563 374 mem.
1573 346 1658 375 Card.
1670 348 1757 375 Bran-

986 387 1052 417 catii
1065 409 1073 420 ,
1091 391 1120 416 ὅ(
1131 385 1248 426 septima
1268 388 1323 422 jam
1333 385 1407 414 dieta
1425 387 1540 417 candela
1550 387 1589 415 eis
1599 386 1688 416 ablata
1698 407 1706 419 ‚
1725 389 1755 414 &

987 430 1093 458 minute
1112 426 1318 460 Pontificaliter
1338 426 1496 457 celebrandi
1514 428 1613 458 modus
1633 426 1759 466 praescri-

986 481 1047 510 ptus
1060 470 1112 499 fuit
1124 491 1132 502 ,
1147 469 1266 507 pluribus
1276 466 1395 496 abusibus
1405 469 1500 497 ablatis
1509 489 1517 497 .
1528 471 1586 498 FR.
1598 466 1757 498 Eruditissi-

986 511 1088 540 tiffimai
1099 511 1209 550 quidem
1221 508 1330 548 praefati
1341 509 1481 547 quondam
1492 510 1610 538 Domini
1622 509 1675 538 mei
1685 510 1757 538 Car-

986 553 1086 581 dinalis
1099 552 1258 581 Eminentia
1267 550 1311 588 pie
1324 570 1332 582 ,
1354 559 1385 578 ac
1394 549 1568 580 laudabiliter
1576 551 1607 580 in
1616 549 1758 579 mellifluis

986 595 1056 623 Div.
1067 593 1198 622 Bci'nardi
1209 591 1297 622 verbis
1308 590 1437 620 fundavit
1453 590 1614 620 instantiam
1625 613 1634 625 ‚
1655 591 1702 630 qui
1713 600 1758 629 ep·

988 647 1035 671 42.
1056 635 1090 662 ad
1102 634 1274 663 Henericiim
1294 634 1434 662 Senonen.
1454 630 1587 670 Arichiep.
1608 632 1642 660 sic
1660 634 1759 661 Mona-

988 675 1053 703 clios
1068 676 1185 704 Abbates
1198 675 1342 712 objurgat:
1366 674 1498 708 [Verum
1517 682 1611 711 aperte
1631 672 1767 701 indicant·

988 716 1101 756 quidam
1112 715 1210 744 horum
1222 715 1289 754 quid
1297 714 1425 753 cogitent
1437 736 1445 747 ,
1466 714 1531 742 dum
1544 713 1633 742 multo
1645 713 1736 741 labore
1750 733 1760 745 ,

989 768 1017 786 ac
1039 757 1132 796 pretio
1145 756 1313 795 Apostolicis
1323 755 1430 794 adeptis
1441 754 1598 794 privilegiis
1610 775 1616 786 ,
1641 764 1689 792 per
1699 752 1758 791 ipsa

988 799 1036 827 fibi
1046 798 1194 827 vendicant
1205 797 1324 836 insignia
1335 795 1510 825 pontificalia
1521 816 1529 828 ‚
1551 803 1660 824 utentes
1671 797 1699 822 δ(
1708 793 1761 831 ipsi

988 850 1064 868 more
1074 838 1243 868 Pontificum
1255 860 1263 871 ‚
1275 838 1355 866 mitra
1366 859 1374 870 ,
1396 837 1479 867 anulo
1491 857 1500 868 ,
1522 844 1603 874 atque
1612 834 1742 863 sandaliis
1751 846 1761 862 .-

987 879 1050 909 sane
1064 880 1250 909 fiatrenditui·
1268 888 1359 907 rerum
1378 878 1502 917 dignitas
1515 897 1522 909 ‚
1544 875 1614 905 hanc
1626 873 1761 904 Monachi

988 920 1116 950 abhorret
1137 919 1285 958 professio3
1311 920 1330 948 si
1350 918 1534 947 ministerium
1552 938 1561 950 ,
1584 916 1651 945 solis
1670 916 1760 954 liquet

990 972 1142 1001 congruere
1153 960 1332 990 Pontificibus
1343 963 1395 988 &c-
1409 962 1422 990 ]
1434 958 1553 987 Abbates
1564 956 1698 995 exempti,
1709 955 1760 994 qui

990 1002 1090 1031 habent
1110 1002 1186 1031 usum
1205 1001 1295 1029 mitrae
1318 1004 1370 1029 δατ.
1391 999 1483 1028 Mitris
1504 997 1701 1027 tantummodo
1713 1007 1760 1025 :iu-

989 1043 1124 1071 risriiiatis
1134 1065 1141 1075 ,
1166 1053 1224 1070 non
1240 1051 1334 1069 tamen
1355 1050 1446 1068 aureas
1459 1060 1467 1071 ‚
1491 1040 1535 1067 vel
1557 1048 1701 1077 argenteas
1723 1038 1763 1065 lsi-

990 1084 1076 1112 minas
1087 1105 1094 1116 ,
1116 1093 1162 1112 aut
1182 1092 1302 1121 gemmas
1316 1080 1476 1109 habentibus
1487 1080 1528 1107 uri
1540 1078 1649 1117 possiint
1661 1100 1668 1107 .
1692 1080 1762 1107 Nou

989 1124 1113 1162 exempti
1125 1134 1192 1153 vero
1202 1122 1368 1159 simplicibus
1380 1142 1388 1154 ‚
1409 1125 1437 1150 ὅ(
1447 1120 1512 1148 albis
1526 1120 1614 1158 planis
1625 1127 1740 1148 utantur
1751 1138 1771 1150 ,¹

988 1166 1022 1193 de
1036 1164 1173 1202 privil.iu
1182 1162 1261 1190 sexto
1275 1183 1283 1194 ,
1305 1171 1363 1199 cap.
1376 1168 1403 1190 6.
1424 1160 1525 1196 Quoad
1544 1170 1640 1188 eorum
1657 1169 1761 1197 praece-

988 1205 1111 1234 dentiam
1123 1226 1130 1237 ‚
1147 1203 1297 1232 dicendum
1308 1202 1346 1230 est
1357 1212 1402 1230 eos
1413 1200 1512 1230 habere
1524 1200 1616 1228 locum
1627 1200 1686 1238 post
1697 1199 1773 1238 Epi-.

989 1245 1084 1285 scopos
1096 1255 1152 1273 tam
1164 1245 1193 1272 in
1203 1243 1379 1276 sessionibus,
1397 1241 1482 1281 quhm
1503 1241 1534 1269 iii
1553 1239 1763 1279 subscriptioni-

989 1287 1035 1315 bus
1050 1299 1057 1319 3
1092 1286 1157 1314 licet
1179 1287 1282 1314 Vener.
1302 1283 1374 1312 Beda
1394 1284 1425 1311 in
1442 1281 1540 1311 histor.
1558 1281 1645 1320 Angl.
1666 1282 1713 1310 lib.
1733 1292 1763 1319 3.

989 1338 1048 1366 cap.
1061 1339 1087 1362 4.
1111 1326 1209 1355 refercit
1221 1347 1228 1358 ‚
1251 1324 1399 1353 nimirum:
1425 1323 1559 1359 [Habere
1578 1332 1669 1351 autem
1689 1321 1763 1350 solet

992 1368 1048 1408 ipsa
1066 1367 1159 1397 Insula
1171 1367 1319 1396 Reftorcm
1337 1365 1445 1404 semper
1462 1364 1599 1393 Abbateiii
1615 1365 1762 1398 Presbyte-

992 1420 1051 1438 rum
1065 1431 1072 1442 ‚
1090 1408 1230 1444 cujusjuti
1242 1411 1269 1435 ἃ
1281 1406 1372 1435 omnis
1392 1405 1540 1435 Provincia
1552 1426 1560 1437 ‚
1583 1408 1612 1433 δε
1627 1404 1678 1443 ipsi
1697 1401 1764 1441 Epi-

990 1451 1064 1489 scopi
1074 1449 1172 1478 ordine
1182 1448 1313 1477 institam
1324 1448 1442 1476 debeant
1454 1445 1503 1474 effe
1515 1444 1626 1481 subjec‘fi
1640 1466 1645 1473 .
1660 1447 1671 1476 ]
1697 1445 1762 1472 Hoc

991 1502 1084 1521 tamen
1097 1488 1276 1530 privilegium
1288 1490 1314 1517 S.
1327 1486 1499 1517 Columbani
1510 1486 1623 1515 Abbatis
1634 1483 1764 1512 successo‹

992 1544 1033 1562 res
1046 1532 1144 1560 lubere
1154 1539 1312 1559 meruerunt
1324 1551 1330 1561 ,
1353 1540 1385 1557 ex
1400 1539 1433 1556 eo
1442 1527 1505 1566 quia
1516 1524 1669 1555 Britanniae
1683 1527 1765 1562 Apo—

993 1574 1075 1604 stolus
1087 1573 1133 1601 ille
1144 1572 1230 1600 fuerat
1241 1591 1248 1598 .
1272 1569 1345 1598 Vide
1355 1569 1478 1599 Baculus
1488 1588 1495 1595 .
1519 1569 1554 1595 In
1564 1568 1684 1596 Canoiie
1693 1563 1765 1594 Mis-

991 1616 1026 1645 sae
1040 1625 1098 1642 non
1108 1614 1140 1642 fit
1152 1611 1261 1641 mentio
1273 1611 1306 1638 de
1320 1611 1427 1640 Abbate
1436 1630 1443 1637 .
1467 1608 1540 1637 Vide
1550 1613 1646 1636 Canon
1657 1605 1737 1642 Miffae
1751 1626 1760 1633 .

953 1655 966 1669 ¹
988 1661 1148 1686 ABBATES.
1171 1653 1215 1683 Sic
1232 1652 1300 1680 disti
1319 1663 1332 1680 a
1356 1654 1458 1681 Graeco
1483 1648 1617 1677 vocabulo
1644 1645 1765 1683 A’ssssi,

991 1697 1067 1737 quod
1083 1704 1194 1734 patrem
1214 1692 1350 1732 fignificat
1364 1703 1371 1723 ς
1398 1695 1426 1720 &
1443 1693 1598 1728 Hegumeni
1609 1711 1617 1722 ‚
1652 1687 1705 1716 hoc
1725 1687 1765 1716 cst

991 1737 1115 1774 Prafides
1128 1757 1135 1768 ‚
1165 1739 1193 1763 δ(
1210 1734 1448 1763 Archtmandrttae
1467 1742 1482 1760 a
1499 1731 1638 1761 mandra,
1668 1728 1737 1756 ovili
1750 1740 1764 1760 ‚-

992 1778 1068 1818 quod
1090 1776 1175 1806 ess'cnt
1192 1775 1331 1803 sacrorum
1350 1774 1383 1801 in
1399 1772 1515 1801 Ecclesia
1534 1780 1668 1809 gregum,
1690 1768 1761 1796 idest

993 1818 1195 1849 Monachorum
1208 1837 1215 1848 ,
1234 1814 1357 1844 custodes
1369 1814 1413 1842 vel
1429 1813 1555 1841 doctores
1567 1831 1574 1838 .
1599 1812 1613 1845 Η
1627 1809 1746 1839 Abbates
1755 1828 1767 1840 ,

994 1871 1053 1889 tum
1065 1868 1179 1898 propter
1197 1857 1359 1885 divinorum
1370 1853 1529 1883 officiorum
1547 1849 1765 1880 administratio-

994 1912 1058 1931 nem
1069 1923 1076 1933 ,
1090 1909 1149 1928 tum
1158 1897 1311 1935 disciplince
1324 1895 1489 1924 exercitium
1499 1915 1506 1926 ,
1529 1892 1654 1931 plerique
1663 1901 1677 1919 e
1687 1889 1766 1919 Pres-

995 1944 1158 1978 byterorum
1167 1948 1250 1967 erant
1261 1937 1380 1968 ordine3
1399 1944 1549 1973 eorumque
1571 1933 1690 1971 potestas
1700 1931 1766 1959 insi-

995 1983 1057 2023 gnis
1068 1981 1216 2011 admodum
1227 1989 1285 2007 erat
1295 1999 1302 2006 .
1323 1977 1457 2016 Quamvis
1478 1976 1552 2004 enim
1564 1972 1685 2002 absoluta
1696 1975 1723 2000 &
1733 1971 1767 1999 si-

996 2035 1030 2053 ne
1041 2023 1174 2052 limitibus
1190 2031 1247 2049 non
1258 2019 1322 2048 efl'et
1334 2041 1342 2052 ‚
1363 2029 1424 2047 raro
1441 2027 1534 2046 tamen
1551 2015 1598 2043 vel
1618 2022 1766 2050 numquam

997 2066 1027 2094 ab
1041 2062 1217 2092 inferioribus
1228 2061 1258 2088 in
1267 2059 1485 2089 controversiam
1497 2056 1660 2085 vocabatur-5
1680 2063 1767 2091 quan-

995 2104 1147 2144 doquidem
1158 2113 1191 2131 ex
1202 2101 1396 2131 observatione
1408 2101 1568 2138 Hieronymi
1580 2118 1588 2129 ‚
1611 2099 1660 2132 Ep.
1674 2105 1721 2123 ιι.
1732 2093 1767 2121 :id

998 2144 1227 2182 Eustocli.prima
1238 2143 1312 2181 apud
1322 2153 1361 2171 eos
1374 2140 1567 2179 confoederatio
1577 2144 1638 2166 erat
1648 2156 1656 2167 ,
1677 2134 1768 2162 obedi-

997 2189 1057 2216 dzre
1069 2185 1220 2220 majoribus
1233 2206 1240 2216 ,
1252 2183 1286 2217 &2
1298 2182 1437 2222 quidquid
1454 2179 1582 2218 yuffiffent
1597 2175 1692 2214 facere
1703 2194 1710 2201 .
1731 2177 1768 2203 Et

998 2228 1018 2258 si
1029 2227 1088 2266 quis
1098 2226 1130 2256 ab
1138 2225 1241 2254 Officii
1249 2223 1290 2252 sui
1302 2222 1464 2262 prsescripto
1484 2219 1579 2248 dedita
1588 2226 1673 2255 opera
1682 2215 1769 2258 defle-

998 2267 1078 2297 xiss'et
1093 2288 1100 2300 ,
1111 2276 1194 2306 penes
1205 2266 1330 2295 Abbates
1342 2263 1460 2302 potestas
1469 2260 1527 2289 erit
1536 2268 1630 2298 poenas
1642 2265 1701 2284 tum
1711 2253 1768 2299 spi-

998 2309 1109 2338 rituales
1119 2330 1127 2341 ,
1145 2317 1205 2336 tum
1215 2306 1372 2344 corporales
1385 2300 1550 2342 infligendi.
1574 2301 1667 2341 Poeng
1686 2295 1769 2339 spiri-

1000 2350 1085 2379 tuales
1100 2348 1219 2378 censurae
1232 2356 1310 2376 erant
1327 2344 1511 2375 ecclesiasticae
1521 2363 1530 2375 ,
1552 2337 1727 2370 Eucharistiae
1737 2340 1767 2364 &t

999 2393 1144 2427 Sacrorum
1154 2388 1280 2423 omnium
1289 2386 1454 2419 interdictio
1465 2405 1472 2415 .
1484 2383 1520 2415 Id
1530 2393 1563 2414 ex
1574 2377 1686 2455 diverffis
1693 2378 1765 2444 512,st

1662 2427 1692 2447 ΧΩ
1712 2428 1723 2444 Ι

1747 2452 1796 2463 0-—
