1866 2526
462 49 577 91 GR

104 108 212 138 “forium
220 129 229 142 ,
248 109 391 146 Can'cepeio
411 111 444 136 B·
454 111 495 136 M.
508 114 532 138 V.
556 111 684 141 Concha,
705 109 884 137 Contionator
894 124 903 137 ,ν

110 151 251 190 Corporale
262 170 271 183 ‚
291 151 455 186 crucigerus
468 170 476 181 ‚
493 150 682 184 Dalmatica,
704 155 760 179 Deo
774 149 903 187 gratias,

105 190 314 228 Diacaenifimus
325 210 335 222 ,
344 192 528 218 Diae-unicum
540 210 548 223 ,
559 191 718 228 Diaconiffa
728 213 736 224 ‚
746 190 904 218 Dominita,

106 233 256 260 Dominica
265 241 339 259 nova
348 251 356 263 ‚
366 232 516 259 Dominica
526 233 684 261 orthodoxia
695 253 703 265 ‚
715 237 840 260 Domnus
850 249 859 261 ,
869 231 905 254 Ε·

101 273 261 309 piganution
272 292 280 304 ,
291 273 483 308 Epimanicion
495 293 503 303 ,
516 274 672 311 Epiphania
681 294 688 305 ,
703 273 857 310 Episcopus,
868 271 904 295 Ε-

101 311 200 348 pnstola
208 333 217 344 ‚
228 312 433 349 Epitrachelion
443 332 451 344 ‚
461 314 620 351 Evangelis
616 323 676 342 mus
687 335 696 347 ‚
707 309 904 348 Evangelmm,

106 352 301 390 Euchologium
310 373 318 385 ,
338 353 527 381 Exoratacoeli
537 374 545 386 ,
556 358 640 383 Facio
651 353 758 391 ,Tejllus
769 373 777 385 ‚
796 347 904 379 flabel-

107 392 167 420 lum
179 414 186 425 ‚
208 398 316 430 forceps
328 415 336 426 ‚
359 393 475 421 Galtlaa
484 414 492 425 ,
512 396 684 423 Gammadia
696 415 704 426 ,
722 391 883 429 Genuflexio
895 409 903 420 ›

1278 49 1321 91 G
1350 50 1395 92 R
1623 65 1699 108 353

960 104 1098 136 siDonati
1108 127 1116 139 ,
1125 114 1229 145 argum.
1240 116 1273 135 ex
1286 116 1345 146 cap.
1360 117 1404 142 ις.
1415 105 1533 136 deaetat.
1545 110 1675 146 &qualin
1693 106 1760 138 orda

960 149 1055 186 Itaque
1065 146 1216 184 antiquitus
1225 148 1368 176 Poetarum
1378 149 1542 187 interpretes
1561 153 1573 180 (
1585 149 1651 177 teste
1661 150 1760 178 Sveto-

960 189 1010 217 nio
1019 188 1053 216 de
1064 187 1217 216 Illustribus
1227 187 1434 221 Grammaticis)
1441 187 1622 218 Grammatici
1631 189 1758 217 diceban-

960 239 1023 260 tur5
1043 230 1101 257 imo
1111 227 1185 256 idem
1195 229 1309 258 Sveton.
1330 228 1359 256 in
1371 229 1476 268 presai.
1495 227 1615 262 ejusdem
1635 228 1758 266 opusculi

963 269 1055 308 inquit
1063 290 1073 303 ,
1091 268 1166 307 quod
1176 270 1242 298 tales
1262 269 1439 298 Grammatici
1449 273 1542 298 Poetae
1554 289 1562 301 ,
1584 271 1613 296 δε
1623 268 1759 297 Oratores

960 309 1113 349 semigraeci
1131 319 1224 338 eraut.
1247 311 1281 338 In
1292 311 1470 349 praeallegato
1488 318 1595 338 canone
1619 310 1761 337 Gramma-

959 351 1058 384 ticam,
1087 349 1156 378 idest
1175 370 1184 382 ,
1203 351 1341 389 poeticam
1368 350 1463 380 fabulae
1480 349 1684 388 expositionem
1713 349 1760 378 de-

962 401 1040 419 notat
1052 411 1059 418 .

105 434 201 468 Hostia
210 454 218 465 ,
239 438 364 473 Hymnus
378 436 536 467 ‚Jemnium
547 456 555 467 ,
567 435 711 472 Immersor
720 455 729 466 ‚
741 432 829 462 Lemo
839 450 847 462 ‚
857 434 904 457 Le·
918 433 1231 463 ΟκΛΜΜΛτορηοκυςς
1251 429 1480 471 γραμματοφόρος
1490 453 1499 465 ,
1524 431 1632 460 litteras
1648 428 1738 459 serem
1748 451 1758 463 ,

104 483 191 510 gatus
201 485 219 501 a
229 474 316 501 latere
329 495 335 505 ,
357 475 507 509 Linostima
516 495 524 506 ,
544 476 682 513 Mandyas
691 495 700 506 ‚
719 470 883 508 Manipulus
895 490 903 501 ‚

961 471 1113 500 tabellarius
1122 492 1129 499 .
1140 472 1179 500 D.
1188 471 1297 501 Basilius
1308 493 1316 504 ‚
1327 472 1405 510 epist.
1420 483 1442 500 i.

103 517 264 551 Margarita
275 535 283 546 ‚
295 515 429 542 Melclu'ta
443 535 451 546 ‚
462 520 596 544 Menaum
604 535 613 548 ‚
623 514 805 551 Menologium
817 532 825 544 ‚
844 514 903 537 Me-
918 513 1100 541 GRANARIUM
1111 532 1119 539 .
1136 513 1192 541 Fit.
1213 511 1344 541 horreum
1354 533 1362 540 .
1384 515 1420 542 In
1438 522 1544 541 extrav.
1562 513 1608 551 Jo.
1619 511 1711 539 XXII.
1722 511 1759 540 de

106 562 212 588 tanea,
225 554 309 589 Miffiz
322 575 329 586 ,
339 554 502 591 Mtffaſsccu
511 576 519 587 ‚
530 559 624 584 Μήνα
633 576 643 588 ‚
654 552 902 593 Monobambylum,

960 553 1106 580 verborum
1116 551 1206 591 signif.
1216 553 1290 582 Vide
1298 556 1454 582 Granicum
1465 572 1473 580 .

105 595 259 632 Myrophm
272 615 279 626 ‚
292 599 404 634 Myrum
416 616 424 627 ,
441 596 608 634 Mystagogia
617 616 624 627 ,
635 596 803 635 Mystagogus
813 613 824 630 ‚
841 595 902 629 My·
917 593 1136 621 ΟκΛκΑτΑκιυε
1148 611 1155 619 .
1179 594 1234 622 FR.
1245 593 1454 631 qui'custotliam
1470 592 1590 632 granarii
1599 587 1697 622 habet..
1721 593 1757 620 In

100 635 157 670 stes
168 656 176 666 ,
195 636 384 671 Mystarchus.
400 640 517 664 Necorus
530 656 537 667 ‚
555 635 710 672 Neophylax
721 656 730 668 ‚
754 633 873 663 Nimbus
890 651 898 661 ‚

958 632 1111 661 Conllitut.
1122 633 1284 661 Cluniacen.
1296 644 1354 662 can.
1365 641 1413 668 64.

105 675 288 712 Nobiliffi'mus
303 695 310 707 ‚
331 678 600 706 Nomen‚Momicus
613 697 620 708 ,
640 677 750 704 Offava
761 696 769 708 ,
789 675 900 712 Offcrto·
916 674 1125 702 GRANATICUM
1139 694 1146 705 ,
1159 673 1252 710 pensio
1262 695 1269 705 ,
1279 673 1324 702 seu
1334 685 1440 706 canon,
1451 672 1536 712 quiin
1550 672 1690 701 frumento
1701 671 1757 701 sol-

105 717 181 743 rium
191 715 220 742 in
230 714 429 753 significatione
439 714 547 743 tobaliae
559 734 566 742 .
586 716 711 753 Officium
721 721 753 744 B.
766 720 807 743 Μ.
817 719 841 742 V.
853 709 902 747 Of-

98 755 202 791 ficium
216 754 436 792 Defunflorum‚
455 756 553 784 oleum
570 758 700 784 Sanezum
710 777 718 788 ,
746 757 880 783 orarium
892 772 900 784 ³

959 714 1070 742 vehatur
1079 733 1085 740 .
1097 719 1109 748 [
1121 713 1239 748 Abjestis
1250 713 1353 752 siliquis
1365 736 1373 747 ,
1383 714 1522 747 oneribus,
1535 714 1582 742 vel
1590 714 1737 752 granaticis
1746 733 1755 741 .

953 755 982 783 S.
991 755 1109 792 Gregor.
1122 754 1151 782 in
1162 753 1269 792 chist.
1280 754 1326 782 lib.
1343 765 1364 781 1.
1377 765 1400 782 c.
1413 766 1460 789 42.

104 795 177 822 Ordo
187 816 195 827 ‚
204 793 281 831 oſsus
291 816 300 828 ‚
311 795 434 823 Pallium
442 816 452 827 ‚
464 795 726 834 Panhypersebastus
735 817 744 828 ‚
753 800 837 832 Papa,
848 799 900 822 Pa·
915 796 1099 826 Oasin-uiuit,
1112 794 1250 833 ingenter,
1263 804 1438 832 magnopere.
1449 801 1461 829 [
1473 795 1646 832 Qmmquam
1654 794 1755 823 miran-

101 835 231 872 palethra
239 856 247 868 ‚
267 839 383 873 Pappias
394 856 401 867 ,
419 837 587 872 Parasi-eves
599 858 607 869 ‚
628 838 734 874 Pascha
743 857 751 869 ,
771 841 879 864 Parma
891 853 899 864 2

955 835 1019 863 dum
1029 834 1172 873 granditer
1182 844 1239 862 non
1248 834 1295 862 sit.
1312 835 1408 863 sidon.
1418 835 1464 862 lib.
1475 845 1501 872 3.
1513 845 1576 873 cap.
1588 845 1614 872 3.

103 876 273 904 Parriarcha
284 897 291 907 ,
300 881 363 904 Pax
373 896 380 903 .
390 878 640 914 Pentecostarmm,
653 877 819 912 Pentecostes
831 896 838 907 ,
849 879 900 902 Pe·
915 877 1059 904 GRANGIA
1071 897 1077 906 ,
1089 875 1262 902 territorium
1273 875 1307 903 ad
1317 875 1514 903 Monasterium
1521 873 1644 912 speetans
1655 895 1662 902 .
1677 873 1756 908 [Ibi-

103 916 238 944 riodmris
249 937 257 949 ‚
268 920 417 946 Perizoma
426 938 435 949 ‚
445 918 560 953 Piscina
570 938 578 949 ‚
587 919 766 954 Prasenratio
775 921 807 944 Β.
820 920 860 943 Μ-
874 918 898 941 V·

105 956 228 994 Proceffio
240 978 246 989 ,
257 962 384 985 Procerus
397 978 405 989 ,
415 958 588 985 Protecdicus
599 978 608 990 ,
619 957 761 994 Prorlnsss,
771 961 898 985 Pramno-

104 999 198 1024 tarius
209 1018 217 1029 ‚
237 1001 395 1034 Protopapas
408 1019 416 1029 ‚
434 998 616 1035 Protoplastus
627 1019 634 1030 ,
657 997 882 1035 Protopastulator
893 1016 899 1027 ,

104 1037 284 1074 Protopsaltes
295 1058 302 1069 ‚
313 1038 504 1074 Pratosebastes
516 1059 523 1070 ‚
534 1039 778 1075 Protosecrctarius
790 1060 797 1071 ‚
808 1042 902 1065 Proto-

98 1078 191 1113 stator
202 1097 210 1109 ,
220 1079 447 1113 Prorovcstrarms
459 1099 466 1110 ‚
484 1078 635 1114 Psachmon
646 1100 654 1112 ‚
668 1078 817 1115 Psalmasta
827 1100 835 1111 ‚
853 1081 902 1113 1²7—

106 1121 152 1145 xt's
162 1137 170 1148 ‚
191 1115 405 1154 Refert->idanus
418 1139 426 1150 ,
444 1119 594 1146 Sabbatum
606 1140 614 1151 ,
635 1124 731 1148 Saccus
741 1139 750 1151 ‚
770 1117 903 1146 Saccella-

105 1161 165 1185 rius
179 1178 186 1188 ‚
198 1158 375 1186 saccularius
385 1179 392 1190 ,
405 1162 567 1187 Sacrarium
577 1179 584 1190 ‚
593 1160 798 1195 Sandtficatus,
808 1163 903 1187 Scevo-

100 1198 205 1237 phylax
217 1218 226 1230 ,
235 1199 310 1226 stola
320 1202 469 1226 Grecorum
482 1220 490 1231 ,
502 1201 662 1227 scriniarus
671 1221 679 1232 ‚
688 1200 883 1235 sebastocrator
893 1219 902 1230 ‚

105 1240 291 1266 secretarium
302 1259 310 1269 ,
319 1241 522 1266 Semanterium
532 1259 541 1270 ,
557 1242 717 1276 Septimum
730 1261 737 1271 ,
746 1239 882 1278 Sequesler
893 1259 901 1270 ‚

104 1280 288 1307 staur-acinus
299 1299 307 1310 ,
326 1282 531 1316 Statcropegium
542 1299 551 1311 ,
572 1281 772 1316 staurophylax
784 1301 792 1312 ,
814 1282 903 1308 Stita-

105 1322 191 1352 rium,
200 1319 397 1351 subdiaconus,
407 1320 591 1356 Suppedanea.
601 1321 787 1354 Symandrum
798 1341 806 1351 ,
817 1325 902 1357 Syna-

100 1366 152 1396 pta
160 1380 168 1391 ,
179 1359 317 1397 syncellus
328 1379 336 1391 ‚
347 1360 472 1395 Tonsura
480 1380 487 1390 ,
497 1356 716 1397 Transfiguratie
726 1382 734 1393 ,
745 1361 901 1391 Triedium,

105 1399 267 1437 Troparium
277 1400 307 1427 in
315 1399 380 1427 dici.
394 1404 495 1437 Tropus
507 1420 515 1431 ‚
526 1398 605 1437 Tufa
615 1421 624 1432 ,
638 1404 775 1430 Vtaticum
785 1422 793 1433 ,
805 1400 902 1437 Vtfita—

105 1442 144 1467 tio
157 1444 188 1467 Β.
198 1444 238 1467 Μ.
251 1444 275 1468 V·

62 1481 229 1508 Cumani
240 1501 248 1512 ‚
259 1479 342 1508 vestis
353 1481 436 1518 longa
448 1502 455 1513 ,
465 1485 492 1510 δι
501 1481 622 1520 lugubri5
631 1502 640 1508 .
662 1486 739 1511 Errat
748 1490 841 1510 tamen
853 1484 897 1520 Jo.

106 1519 220 1547 Garzias
232 1520 262 1547 in
273 1522 488 1549 Annotationib.
500 1522 611 1550 Concil.
623 1525 724 1551 Bracar.
736 1533 796 1550 cau.
812 1533 834 1550 i.
844 1523 901 1550 exi-

105 1559 214 1587 stimans
224 1559 293 1587 hanc
303 1560 406 1588 vestem
417 1563 579 1599 appellatam
589 1572 670 1590 etiam
682 1561 756 1591 fuiss'e
764 1567 900 1595 Granum,

106 1599 180 1637 quia,
191 1609 219 1627 ut
229 1598 278 1628 suo
288 1601 349 1629 loco
359 1600 468 1630 dicetur
477 1606 552 1630 Gran
558 1613 590 1630 us
600 1603 690 1642 potiu5
699 1613 806 1631 comam
817 1603 901 1642 signi—

105 1640 175 1668 ficat.
186 1642 241 1669 FR.
256 1644 316 1678 Ego
329 1651 420 1669 tamen
430 1652 497 1680 puto
508 1642 558 1670 esse
567 1644 682 1672 eandem
691 1643 859 1682 gramallam,
870 1653 899 1671 ac

104 1681 350 1717 Amphimallam;
371 1692 431 1710 nam
444 1683 576 1719 particula
583 1694 671 1722 graeca
687 1683 761 1721 α’μφὶ
771 1694 899 1712 nonnun-

105 1731 184 1759 quam
205 1721 381 1750 latitudinem
390 1744 398 1755 ‚
421 1726 450 1750 δε
468 1724 688 1762 magnitudinem
697 1723 831 1762 significat
842 1745 849 1757 ‚
871 1735 899 1752 ut

105 1758 275 1804 ἀμφιβρότης
285 1782 292 1794 ,
307 1762 376 1790 idest
387 1784 395 1795 ‚
414 1763 482 1791 latus
492 1765 594 1802 clipeus
605 1785 612 1796 ,
636 1765 682 1802 qui
701 1774 790 1793 totum
803 1775 899 1803 corpus

105 1809 176 1838 tegit
186 1823 194 1834 ,
204 1811 260 1839 quo
268 1811 444 1841 antiquorum
453 1814 512 1832 mos
522 1814 576 1833 emt
588 1804 638 1838 uti,
649 1815 766 1843 quorum
775 1815 858 1834 unum
870 1805 899 1832 in

106 1843 234 1870 Armaria
244 1863 251 1873 ,
262 1852 342 1879 quam
352 1845 438 1881 vulgo
450 1855 557 1875 vocant,
570 1846 701 1882 Equitum
711 1846 898 1874 Melitensium

107 1881 168 1910 vidi
179 1881 267 1910 adhuc
278 1882 436 1911 anervatum
446 1895 452 1911 :
464 1884 498 1912 sic
508 1882 690 1922 ἀμφιλαφὴς,
701 1896 808 1924 nempe,
818 1886 897 1914 abun-

106 1921 171 1950 dans
183 1944 190 1955 ‚
201 1932 315 1960 magnus
327 1945 335 1956 ‚
347 1923 480 1961 copiosus,
491 1925 598 1962 ingens,
608 1929 635 1954 3<
646 1925 743 1955 similia
751 1936 841 1965 graeca
850 1936 899 1954 vo-

105 1962 275 1991 cabulazhinc
286 1963 474 2001 Amphimalla
482 1965 568 1994 dictio
577 1965 615 1994 cst
624 1967 774 2004 composita
783 1977 818 1996 ex
830 1971 900 1996 Am·

101 2004 150 2041 phi
162 2024 170 2036 ,
179 2003 286 2031 scilicet
298 2025 306 2037 ,
317 2004 405 2042 :impla
415 2026 423 2037 ,
434 2005 514 2043 longa
524 2027 532 2038 ,
543 2006 655 2044 grandis
667 2029 674 2039 ,
684 2011 712 2035 ὃ(
721 2008 815 2036 Malla
825 2029 832 2040 ‚
846 2007 898 2037 hoc

106 2043 145 2072 est
155 2065 164 2076 ,
176 2043 273 2072 villosa
285 2054 292 2070 ε
302 2044 399 2073 eodem
410 2046 498 2073 modo
507 2047 655 2075 Gramalla
663 2047 798 2086 significat
809 2052 898 2076 Cran-

107 2085 150 2111 dts
161 2085 267 2113 mallim
290 2095 353 2114 nam
364 2084 434 2114 solet
443 2086 503 2115 fieri
515 2087 567 2115 lata
577 2109 584 2118 .
605 2091 633 2116 δι
644 2087 727 2126 longa
735 2099 768 2116 ex
781 2089 861 2116 laneo
871 2093 898 2118 ἀ

105 2124 214 2163 lugubri
227 2135 318 2163 panno
329 2124 446 2159 villoso,
465 2127 556 2155 italice
566 2132 680 2162 Bajetta
692 2130 747 2157 sive
757 2135 823 2163 δῆμε
833 2140 851 2158 a
862 2133 900 2157 ri-

109 2166 186 2202 verso
197 2167 329 2205 appellata
337 2188 344 2199 ‚
353 2170 382 2195 ἅ
392 2166 480 2195 adhuc
489 2167 518 2195 in
531 2167 624 2196 Sicilia
633 2189 641 2200 ‚
661 2178 689 2195 ac
700 2169 796 2197 Melita
805 2169 900 2198 similis

106 2205 227 2272 llugubris
236 2207 317 2236 vestis
327 2208 489 2244 Gramaglta
497 2207 598 2236 dicitur
606 2228 614 2235 .
638 2208 710 2238 Vide
720 2211 898 2246 Amphimal-

119 2256 138 2273 a
148 2267 156 2278 ‚
166 2250 277 2276 Granus
287 2268 294 2275 .

65 2285 274 2317 Cunnum
286 2309 293 2315 .
310 2290 366 2317 PR.
379 2298 429 2327 pro
441 2288 525 2318 sabula
534 2310 541 2317 .
550 2289 642 2319 Glossa
652 2290 683 2318 in
692 2300 750 2318 can.
761 2300 823 2319 cum
833 2291 902 2319 mul-

62 2351 65 2353 *
106 2336 149 2359 ta,
161 2327 224 2356 dist.
237 2333 282 2358 86.
295 2330 350 2358 Hic
360 2330 448 2358 obiter
459 2331 613 2359 notandum
623 2353 632 2364 ‚
650 2331 725 2369 quod
734 2331 767 2359 ad
779 2332 902 2360 Honorii

105 2367 166 2406 111.
175 2367 258 2408 usque
269 2379 390 2409 tempora
402 2372 478 2400 nulla
487 2372 539 2401 alia
547 2374 733 2402 Grammatica
742 2373 847 2401 extabat
858 2372 903 2400 ni-

145 2412 186 2441 1:11
189 2411 338 2442 erola-:dnm
347 2443 350 2445 Α
359 2414 453 2442 Macri
462 2432 470 2441 .

955 926 1008 984 gne
1020 915 1108 959 Abba'sb
1116 915 1258 954 grangiam
1270 915 1402 944 instruxit
1411 936 1419 948 ,
1430 920 1457 945 &
1468 915 1617 944 aedificavit
1628 936 1637 948 ,
1656 915 1688 944 in
1698 915 1756 944 vita

975 976 981 983 .
993 958 1109 994 Rogern
1121 975 1128 982 .

915 998 1130 1025 Cain-omnus
1141 1016 1148 1023 .
1171 997 1226 1026 FR.
1239 995 1388 1025 Monachus
1399 997 1512 1025 exactor
1521 1005 1707 1034 proventuum
1720 1006 1755 1024 ex

954 1036 1078 1075 grangiis
1087 1056 1093 1063 .
1116 1042 1128 1071 [
1141 1037 1174 1064 In
1193 1036 1380 1070 Cellemrios,
1398 1040 1425 1064 δε
1435 1036 1596 1075 Magistrum
1614 1036 1756 1065 Novitio·

956 1087 1033 1109 rum,
1055 1076 1218 1105 Sacristanos
1228 1098 1236 1109 ,
1257 1080 1285 1106 ὃς
1295 1077 1491 1115 Grangiarium
1503 1098 1510 1109 ‚
1533 1080 1561 1105 δ(
1571 1086 1668 1104 omnes
1687 1076 1756 1104 alios

955 1117 1100 1146 Officiales
1111 1117 1276 1145 nominatim
1285 1117 1474 1146 ordinavimus
1483 1139 1491 1150 ,
1502 1126 1531 1145 ut
1541 1117 1620 1145 decet
1631 1136 1639 1144 .
1651 1117 1755 1145 Bullar.

955 1157 1084 1186 Casmcn.
1098 1167 1167 1186 tom.
1180 1168 1208 1195 3.
1218 1157 1342 1186 Constit.
1355 1168 1424 1197 37¹·

914 1200 1083 1227 Gnmcun
1094 1220 1102 1231 ‚
1125 1198 1254 1227 horreum
1265 1218 1271 1225 .

915 1240 1038 1267 omnus
1051 1260 1059 1271 ‚
1081 1238 1140 1267 haec
1153 1249 1207 1267 vox
1219 1238 1354 1277 reperitur
1373 1238 1403 1266 in
1412 1238 1525 1267 decreto
1534 1236 1649 1268 concil.
1671 1236 1756 1276 primi

956 1281 1061 1307 Braoer.
1070 1290 1128 1307 can.
1142 1290 1187 1316 29.
1198 1279 1243 1308 ubi
1253 1279 1287 1308 sic
1298 1279 1429 1308 habetur:
1443 1281 1539 1315 [Item
1549 1279 1650 1317 placuit
1661 1301 1668 1311 ,
1677 1288 1706 1307 ut
1716 1278 1756 1306 le-

956 1320 1042 1348 &ores
1054 1321 1083 1348 in
1093 1320 1210 1349 Ecclesia
1219 1319 1315 1348 habitu
1325 1319 1445 1348 saeculari
1455 1320 1546 1349 ornati
1558 1331 1615 1348 non
1626 1318 1758 1358 psallant,

961 1370 1046 1399 neque
1057 1371 1156 1399 granos
1176 1361 1277 1399 gentili
1287 1361 1344 1388 ritu
1355 1361 1500 1389 dimittant
1509 1381 1515 1387 .
1527 1363 1540 1392 ]
1563 1361 1607 1389 Sic
1616 1360 1698 1388 etiam
1708 1359 1755 1388 ubi

957 1411 1006 1429 nos
1025 1401 1055 1429 in
1067 1402 1180 1440 vulgata
1201 1403 1286 1430 Sacrae
1309 1401 1453 1438 Scripturae
1474 1401 1591 1429 lcfflone
1620 1400 1734 1438 legimus
1747 1410 1757 1427 :

958 1440 1194 1476 [Discriminavit
1203 1441 1308 1470 crimen
1317 1441 1413 1480 capitis
1423 1440 1464 1468 sui
1476 1463 1485 1474 ,
1497 1441 1601 1478 Iudith.
1613 1450 1670 1477 cap.
1687 1451 1729 1468 ιο.
1739 1441 1756 1471 1

955 1481 1206 1520 quidam-antiquus
1218 1482 1352 1520 interpres
1363 1481 1395 1510 sic
1407 1482 1475 1519 legit
1487 1503 1494 1514 ,
1505 1480 1685 1518 Cranosfecit
1695 1479 1757 1513 &c-

957 1524 1054 1560 Itaque
1064 1533 1134 1550 errat
1145 1524 1188 1560 Jo.
1197 1523 1318 1555 ennias,
1329 1522 1374 1560 qui
1387 1523 1493 1559 putavit
1508 1522 1559 1550 hoc
1570 1531 1674 1548 nomen
1684 1519 1756 1558 apud

955 1563 1091 1592 Ifidomm
1110 1563 1214 1591 vestem
1226 1563 1347 1591 laicalem
1356 1562 1474 1590 Clericis
1490 1562 1608 1590 vetitam
1619 1560 1756 1599 signis-ica-

955 1613 994 1636 re,
1005 1613 1035 1631 ut
1047 1603 1075 1631 in
1084 1603 1150 1632 di&-
1161 1603 1309 1632 Gramalla
1317 1601 1442 1630 assertum
1451 1602 1511 1630 suit.
1524 1603 1581 1630 PR.
1591 1601 1643 1630 Sed
1653 1602 1682 1628 in
1693 1610 1755 1629 cor-

956 1644 1035 1672 rectis
1054 1644 1204 1672 codicibus
1224 1642 1330 1682 praefati
1349 1643 1477 1671 Goncilii
1497 1643 1607 1670 Gradus
1623 1662 1629 1673 ,
1648 1644 1676 1670 ὃ(
1694 1651 1756 1669 non

955 1688 1058 1712 Cranos
1069 1684 1181 1723 legitur3
1194 1684 1228 1712 sic
1238 1682 1351 1711 habetur
1363 1683 1392 1710 in
1404 1692 1481 1711 tomo
1492 1682 1686 1712 Concihorum
1695 1682 1755 1711 Co-

956 1724 1037 1754 loniae
1050 1724 1214 1763 Agrippinae
1227 1734 1274 1761 per
1285 1725 1330 1760 Jo.
1342 1723 1473 1759 Quentel.
1489 1733 1538 1758 155
1551 1734 1572 1750 ι.
1584 1722 1669 1750 edito.
1679 1723 1756 1751 Item

955 1765 985 1792 in
1005 1762 1129 1793 editione
1140 1767 1247 1802 Veneta
1258 1763 1304 1792 sub
1323 1763 1446 1801 auspiciis
1465 1764 1538 1792 Sum
1551 1764 1584 1790 V.
1596 1772 1643 1800 per
1651 1763 1754 1791 Domi-

955 1805 1049 1832 nicum
1074 1805 1238 1834 Nicolinum
1265 1809 1348 1841 1585.
1359 1808 1386 1832 S<
1404 1805 1433 1832 in
1455 1805 1516 1832 alus
1531 1802 1751 1841 subsequentibus

955 1844 1172 1883 impressionibus
1190 1844 1295 1882 semper
1306 1845 1406 1883 legitur
1415 1845 1523 1872 Gradus
1536 1863 1543 1870 .
1564 1844 1660 1871 Dietus
1670 1843 1757 1881 igitur:

955 1896 1044 1914 canon
1053 1886 1088 1914 dc
1099 1886 1266 1914 indumento
1275 1886 1305 1913 in
1317 1885 1415 1914 Charo
1426 1905 1434 1916 ,
1453 1895 1481 1912 ac
1493 1884 1526 1912 de
1537 1883 1621 1912 modo
1631 1881 1753 1922 psallen-

956 1926 985 1954 di
997 1927 1066 1965 agit,
1079 1926 1144 1954 sicut
1155 1930 1181 1954 ὅ(
1192 1925 1306 1964 sequens
1317 1936 1375 1953 can.
1386 1936 1433 1962 30.
1443 1925 1487 1952 ubi
1499 1925 1599 1962 inquit,
1612 1930 1624 1959 [
1635 1924 1752 1958 Placuit,

955 1977 985 1995 ut
998 1967 1098 1995 veteris
1116 1966 1270 1995 testamenti
1282 1966 1320 1993 ml
1339 1966 1447 2004 poetice
1465 1965 1645 2003 compositum
1656 1963 1688 1993 in
1698 1968 1755 1993 Ec-

954 2007 1032 2036 clesia
1042 2006 1189 2045 psallatur5
1202 2007 1266 2035 sicut
1275 2009 1302 2034 ὅ(
1314 2006 1401 2034 sancti
1414 2006 1579 2044 precipiunt
1589 2015 1704 2033 canones
1716 2025 1723 2033 .
1736 2007 1753 2037 1

955 2048 1006 2076 Seu
1017 2049 1035 2076 si
1045 2048 1079 2076 de
1089 2048 1206 2076 vestium
1219 2046 1389 2074 ornamenti:
1397 2045 1486 2074 sermo
1496 2046 1532 2075 est
1545 2068 1552 2079 ,
1565 2045 1671 2074 fortasse
1681 2050 1753 2074 Gra-

956 2099 1008 2117 nus
1020 2087 1095 2117 idem
1104 2099 1132 2116 ac
1144 2088 1356 2116 Guarnachtum
1367 2087 1419 2114 erit
1431 2107 1438 2114 .
1458 2087 1532 2115 Vide
1540 2085 1588 2115 suo
1597 2087 1676 2115 loco.
1699 2087 1751 2115 Seu

956 2129 1049 2166 potius
1067 2129 1112 2157 ubi
1122 2128 1248 2166 antiquus
1258 2127 1305 2156 ille
1315 2149 1323 2160 ,
1341 2138 1371 2156 ac
1388 2127 1579 2156 innominatus
1598 2128 1705 2156 Auster
1713 2127 1749 2155 de

955 2168 1055 2208 Judith
1065 2169 1171 2197 dixerat
1181 2189 1188 2201 ,
1206 2168 1280 2206 quod
1287 2178 1389 2206 granos
1397 2167 1495 2196 fecerat
1507 2189 1516 2200 ‚
1536 2167 1752 2206 intelligendum

956 2210 1081 2238 est1112m
1101 2209 1213 2247 capillos
1223 2207 1282 2236 suos
1291 2209 1464 2236 cincinnatos
1474 2231 1482 2242 ‚
1505 2219 1533 2236 a:
1545 2207 1648 2245 crispos
1655 2206 1753 2240 discri-

959 2249 1070 2278 minasse
1079 2271 1088 2283 ‚
1108 2255 1134 2279 ἃ
1146 2249 1350 2288 quodammodo
1367 2248 1516 2287 crisposam
1534 2248 1711 2277 villositatem
1722 2248 1753 2276 in

959 2301 1050 2329 panno
1061 2291 1139 2319 laneo
1148 2289 1346 2324 resultantem(
1357 2290 1456 2318 Italice
1468 2294 1595 2325 Bajetta,
1605 2298 1633 2316 ut
1643 2289 1673 2317 in
1682 2287 1750 2316 dist.

958 2332 1105 2360 Gramalla
1113 2330 1216 2359 dictum
1227 2330 1265 2358 est
1276 2329 1411 2362 >imitass'e
1420 2351 1427 2358 .

910 2373 1062 2405 ,Gummi
1074 2393 1082 2406 ‚
1092 2382 1181 2412 graeca
1189 2371 1275 2401 dictio
1284 2392 1294 2406 ,
1304 2370 1371 2400 idest
1381 2393 1391 2406 ,
1399 2369 1533 2409 scriptura
1541 2391 1550 2404 ,
1568 2380 1582 2398 a
1594 2369 1676 2398 verbo
1684 2369 1754 2408 grae:

1449 2412 1475 2440 Z
1684 2419 1718 2438 co
