1866 2526
457 41 568 86 CA

108 101 206 140 legunt
216 97 280 139 ‚sed
291 99 389 129 rectius
400 99 508 130 fortass'e
519 100 635 130 auxula
646 110 661 130 a
669 101 742 130 buxo
751 100 830 140 ligno
843 109 894 139 pro

107 140 236 170 similibus
244 139 320 169 urnis
327 140 468 180 aptiffimo
477 141 616 170 diceretur
625 161 634 168 .

66 182 148 210 ΒυιΑ
160 202 168 213 ,
189 179 279 209 saccus
291 203 298 214 ,
321 187 448 220 corrupte
458 193 471 210 a
482 183 572 219 Bursa
581 202 589 210 .
615 189 627 218 [
639 181 667 211 Si
687 181 795 211 fiirnum
805 204 812 215 ‚
834 192 892 210 mo-

107 221 230 250 lediniim
240 243 248 254 ‚
271 215 395 250 balneum
409 244 416 254 ,
437 223 563 251 stateram
575 245 582 255 ,
596 222 703 251 modios
713 244 721 256 ‚
732 227 758 252 ὅ(
771 224 850 251 buzas
859 223 891 251 ad

106 262 202 290 vinum
213 283 220 295 ‚
242 262 335 290 oleum
344 284 352 295 ,
377 264 420 291 vel
441 264 495 292 mel
514 262 725 297 mensumndum
745 264 830 292 facere
842 273 901 291 vo-·

104 301 188 330 luerit
199 322 206 329 .
229 303 492 332 Gulielffitiuslib.
509 314 551 332 ιι.
562 315 619 342 cap.
634 307 703 339 25.]
726 314 739 332 a
759 287 902 356 vocabulo,

105 351 196 380 graeco
207 339 294 379 βύρσα
306 365 314 375 ,
337 344 410 382 quod
419 343 525 372 corium
537 345 668 383 fignificat
679 366 685 376 ,
708 354 742 372 ex
755 354 810 382 quo
829 345 892 372 bur-

106 381 140 410 sa:
154 403 161 414 ,
183 380 228 410 seu
240 383 372 422 marsupia
381 384 565 413 conficiuntur
577 406 583 412 .
607 385 680 413 Vide
691 386 798 421 Bursa.

65 423 78 438 ³
99 423 194 459 Βῆλα.
206 423 275 451 Vela
286 424 315 451 in
326 425 450 453 Ecclesiis
460 425 490 453 ad
503 425 703 462 prohibendum
713 423 889 463 prospcc‘tum

106 462 136 490 in
149 463 272 492 Saiiekum
282 464 439 495 sanctorum
459 463 578 494 adhibita
588 486 595 493 .

64 555 594 568 ——-·——--—-—-—-—‘—...-—·
603 557 885 567 --——--—·——

463 612 503 653 C

255 708 358 738 Littera
369 719 426 738 erat
435 709 541 749 signum
554 707 805 738 condemnationis.
817 707 889 738 Vide

164 768 173 776 .
193 751 216 787 Ξ
273 750 407 779 Pandec‘ka
419 770 426 777 .

130 793 176 822 *η
211 820 215 823 Δ
254 789 381 819 CABALA
393 810 400 817 .
423 791 497 820 Vide
506 792 633 821 Kabala.

209 826 216 843 ‘³
250 829 429 859 CABALLieo
440 853 448 864 ,
471 832 566 871 equito
585 852 592 859 .
617 829 777 868 [Videntes
798 838 888 859 autem

251 870 327 902 dixit
337 881 405 900 unus
425 873 458 901 ad
480 874 610 901 alterum:
634 871 790 901 caballicate
801 872 869 900 bene
881 892 887 902 ,

103 925 165 942 ecce
176 915 296 943 nostrum
310 912 416 950 lignum
427 935 433 941 .
459 915 601 948 Hayinon.
612 913 647 942 de
667 912 730 940 trib.
750 914 836 950 Magis
847 931 854 939 .
874 912 886 941 ]

103 958 142 983 Ex
154 954 208 982 hoc
221 952 305 984 verbo
325 963 428 981 nomen
450 954 631 982 Cabaelticata
642 953 792 984 formatur,
815 952 888 990 quod

101 995 300 1032 equitationem
313 993 449 1031 significat
458 1014 466 1020 .
486 999 498 1029 [
510 997 543 1021 Et
554 994 741 1026 caballicatas(
753 1002 782 1021 ut
804 992 888 1030 vulgo

99 1038 198 1069 ajunt)
217 1036 319 1063 circum
339 1033 410 1061 circa
427 1033 578 1072 dirigeret.
600 1033 783 1071 Luitprandus
803 1033 848 1061 lib.
862 1043 888 1070 3.

98 1074 161 1102 hist.
173 1086 232 1113 cap.
249 1073 357 1109 14.&l.
368 1073 386 1102 si
398 1074 458 1112 quis
466 1074 598 1102 caballum
608 1095 614 1105 ,
639 1074 672 1102 de
684 1074 771 1101 Furtis
782 1093 789 1100 .

57 1114 247 1144 Caizimitius
260 1137 268 1148 ,
291 1123 345 1142 vox
364 1115 577 1153 barbaro-graeca
588 1112 757 1150 Καβιᾶὶιίειος
767 1135 776 1146 ,
799 1125 825 1142 :it
836 1112 888 1141 for-

100 1154 162 1183 tasl‘e
171 1164 299 1194 corrupte
309 1175 316 1186 ,
329 1158 355 1182 δε
368 1157 531 1192 Lapidarias
544 1155 633 1192 potius
643 1155 792 1192 legendum
801 1175 808 1182 .
823 1155 885 1182 Hoc

101 1196 258 1224 vocabulum
268 1197 298 1223 in
307 1195 429 1223 Lauiiaca
439 1195 555 1223 Palladii
566 1194 712 1232 reperitur,
722 1195 768 1223 ubi
779 1193 813 1222 de
823 1196 883 1223 Ma-

104 1236 168 1263 carii
179 1235 294 1264 senioris
307 1235 363 1262 vita
374 1245 433 1273 agit
443 1255 450 1262 .

58 1279 268 1306 cinnamum
281 1297 288 1304 .
300 1276 335 1304 In
347 1274 450 1304 statutis
463 1276 649 1305 Melitensium
660 1275 788 1315 Equitum
799 1276 885 1304 Com-

99 1316 195 1344 menda
208 1319 317 1350 eitffik.
331 1326 391 1354 quae
406 1316 435 1344 in
444 1317 576 1345 concursu
585 1320 643 1354 jure
651 1316 827 1354 antiquitatis
838 1337 845 1348 ‚
857 1319 883 1344 δε

95 1357 306 1386 benemerentiae
327 1356 470 1385 confertur
480 1378 488 1390 ,
512 1359 547 1386 :id-
564 1356 750 1386 differentiam
772 1357 883 1385 aliarum

96 1398 334 1427 Commeiidarum
346 1418 354 1430 ‚
377 1396 484 1426 scilicet
494 1419 501 1431 ‚
514 1398 681 1427 Commenda
693 1398 881 1426 melioramen-

99 1441 123 1465 τί
137 1459 145 1470 ,
167 1443 271 1476 (quam
282 1438 444 1467 Canonistae
457 1443 599 1476 optionem
618 1447 720 1467 vocant
737 1442 784 1470 (δι
803 1442 881 1466 Com—

98 1479 196 1505 menda
204 1482 298 1514 gratia
311 1499 318 1511 ,
341 1480 420 1516 quam
432 1480 547 1517 Magnus
558 1478 689 1517 Magister
700 1479 729 1505 iti
739 1478 882 1516 principio

95 1514 136 1544 sui
147 1517 317 1555 magistratus
328 1539 336 1550 ‚
354 1519 420 1546 &in
432 1520 554 1556 quolibet
565 1520 759 1557 quinquennio
771 1541 776 1550 ,
790 1529 882 1562 *ngr-e—

1223 43 1263 85 C
1293 43 1335 84 A
1597 59 1670 98 125

951 111 981 130 ae
991 99 1233 130 Commendatarii
1251 101 1283 129 in
1300 97 1425 138 quolibet
1433 101 1481 129 XX
1486 102 1521 129 V.
1531 111 1664 132 annorum
1675 102 1734 142 spa-

949 142 990 170 tio
1000 151 1151 174 renovare,
1173 144 1203 170 &
1217 140 1382 179 prxsentare
1401 150 1548 175 tenentur,
1570 153 1630 171 cum
1647 145 1731 173 tribus

947 181 1132 211 consimilibus
1144 182 1257 210 Cabreis
1267 203 1275 215 ‚
1297 182 1331 210 ad
1341 182 1530 220 reponendum
1541 193 1626 212 unum
1636 183 1665 211 in
1678 187 1731 213 Ar-

947 222 1042 251 chivio
1052 222 1233 251 Commendae
1244 243 1252 254 ,
1272 222 1347 250 aliud
1358 223 1388 251 in
1402 222 1540 252 Archivio
1549 224 1732 252 Conventua-

946 264 966 291 li
978 263 1053 291 illius
1061 262 1164 301 linguae
1177 284 1184 294 ,
1207 267 1235 292 ὅ(
1246 262 1358 291 tertium
1371 263 1400 291 in
1420 262 1558 292 Archivio
1577 265 1714 294 Prior-atus
1725 284 1732 291 .

948 304 1011 331 Vox
1023 302 1134 341 quidem
1144 313 1271 342 corrupta
1288 303 1468 342 acapibrevio
1479 324 1486 331 .
1511 304 1584 333 Vide
1597 307 1729 343 Capzbre-

942 353 1026 371 vlam
1038 363 1045 370 ι

895 364 1006 412 lCAizus
1021 409 1028 418 ,
1039 383 1171 414 mensurae
1184 385 1292 423 pondus
1303 407 1310 418 ,
1335 396 1389 414 vox
1400 396 1488 425 graecii
1500 383 1586 420 na'llog
1595 408 1602 419 ‚
1615 395 1732 426 quatuor

943 422 1059 452 sextaria
1077 425 1243 459 continens,
1266 436 1293 454 at
1310 425 1461 456 sextarium
1481 426 1618 456 sexdecim
1638 428 1732 456 uncias

944 465 1048 502 pendet
1058 476 1068 495 5
1090 465 1181 504 itaque
1192 467 1268 495 cabus
1278 468 1403 506 quinque
1412 468 1540 496 librarum
1551 468 1681 506 ponderis
1691 469 1731 497 est

941 515 1002 532 cum
1014 506 1067 533 IV.
1078 508 1182 534 unciis.
1206 509 1263 536 PR.
1273 508 1358 546 aliqui
1378 508 1525 537 sextarium
1546 508 1659 538 duarum
1680 508 1729 537 he-

944 545 1077 573 minarum
1087 556 1169 584 capax
1180 545 1231 575 efl'e
1245 548 1360 576 aflei-unt
1371 570 1378 577 .

903 585 1038 614 Caenina
1050 605 1057 612 .
1081 587 1153 615 Vide
1163 589 1285 616 Baculus
1295 590 1442 625 pastoralis
1454 610 1461 617 .

904 626 1109 655 Cau-annus
1120 649 1128 660 ,
1151 627 1314 666 fuliginosus
1324 650 1331 661 ‚
1356 630 1401 658 vel
1422 630 1497 659 fumo
1515 630 1674 670 denigratus
1683 652 1692 664 ‚
1713 643 1728 659 a

943 666 1028 694 vei-bo
1038 677 1131 704 gna-co
1142 665 1284 705 κάκκαβος
1294 691 1302 702 ‚
1324 671 1399 708 quod
1417 681 1507 699 aenum
1518 693 1526 704 ‚
1549 673 1641 701 cabum
1652 693 1661 706 ,
1682 671 1728 700 seu

943 707 1027 735 ollam
1038 707 1172 746 fignificat
1185 728 1191 735 .
1205 715 1217 744 [
1231 713 1265 738 Et
1275 710 1425 747 poenitebit
1436 722 1462 740 te
1473 711 1618 746 desiderii,
1627 717 1655 742 δι
1665 722 1728 741 exa-

944 747 1043 775 &ionis
1052 757 1105 776 tuae
1116 769 1123 781 ‚
1146 758 1207 777 cum
1217 750 1332 779 aediflcia
1345 772 1352 783 ,
1375 762 1435 790 qux
1448 753 1619 782 immaculata
1638 753 1727 782 adhuc

945 797 1036 825 operis
1046 788 1086 816 tui
1104 790 1192 828 gratia
1211 789 1357 828 splendent
1367 814 1375 825 ,
1398 792 1536 821 obscurata
1547 794 1647 822 naeniis
1661 794 1726 822 insi-

943 828 1056 867 pientiae
1070 839 1147 862 meae,
1157 834 1183 858 δ(
1195 835 1206 863 (
1217 840 1246 859 ut
1255 831 1343 870 digno
1354 834 1420 860 meis
1434 833 1548 862 versibus
1560 834 1644 863 verbo
1653 838 1729 866 iitar)

942 869 1078 897 caccabata
1087 871 1240 899 ridentibus
1251 893 1257 903 ,
1271 872 1316 900 vel
1326 872 1513 902 nauseantibus
1523 895 1530 907 ‚
1550 873 1676 903 confusus
1687 872 1726 903 :is-

944 909 1027 948 pitias
1039 930 1046 937 .
1069 911 1176 939 l’aulin.
1188 913 1389 950 Appendei‘unt
1400 916 1429 942 in
1439 914 1512 942 collo
1533 925 1594 943 meo
1605 916 1726 946 caccaba-

943 960 980 978 tas
989 950 1058 978 ollas
1070 970 1078 978 .
1100 954 1141 981 Ex
1154 952 1218 980 vitis
1229 955 1338 981 Patrum
1351 974 1357 980 .
1382 957 1393 986 ]
1408 957 1464 984 FR.
1477 954 1543 983 locis
1553 955 1663 984 Paulini
1676 961 1727 985 Αἱ-

941 990 1036 1026 dificia
1047 993 1196 1020 caccabata
1208 1014 1215 1024 ,
1237 995 1386 1029 maculata,
1405 999 1432 1024 «Sc
1443 995 1563 1033 spurcata
1575 996 1727 1034 significan:

944 1031 1070 1062 videtum
1094 1042 1156 1060 nain
1166 1033 1275 1062 dixerat
1285 1033 1364 1073 supra
1374 1037 1507 1072 AEdi'ficia
1517 1038 1704 1066 immaculata
1716 1060 1725 1071 ‚

942 1074 1014 1106 cujus
1024 1082 1191 1101 conti-arium
1201 1075 1331 1104 maculata
1340 1098 1348 1108 ‚
1370 1080 1396 1105 ὅ(
1410 1076 1507 1104 faedam
1517 1077 1569 1105 crit
1577 1078 1726 1115 proculdu—

941 1112 1003 1140 bio:
1028 1114 1200 1142 Cacabulum
1212 1117 1286 1143 enim
1299 1116 1423 1145 stercoris
1439 1117 1531 1145 locum
1543 1117 1722 1156 ligium-ann:

943 1153 1054 1181 Dicitur
1075 1163 1158 1182 etiam
1178 1158 1380 1185 Caccabaccus:
1405 1157 1469 1185 inde
1480 1159 1504 1185 S.
1516 1159 1594 1186 Zeno
1603 1157 1682 1187 serm.
1696 1167 1723 1188 c.

943 1193 1112 1231 Neophytos
1125 1196 1246 1228 recenti,
1269 1200 1296 1226 δ(
1309 1197 1370 1225 albo
1381 1198 1444 1236 pani
1455 1198 1622 1236 aequiparans
1635 1220 1643 1232 ‚
1665 1200 1703 1228 ait
1716 1212 1722 1228 :

945 1234 1054 1267 [Certe
1065 1235 1210 1264 caccabacii
1225 1247 1280 1264 non
1290 1236 1352 1266 sunt
1364 1260 1373 1271 ‚
1386 1249 1442 1268 non
1454 1239 1554 1267 vetusti
1564 1261 1572 1272 ‚
1583 1250 1640 1268 non
1650 1241 1701 1269 usti
1713 1258 1724 1274 ‹,

941 1284 999 1302 non
1009 1275 1106 1308 crudi,
1129 1287 1187 1304 non
1199 1278 1300 1306 mucidi
1313 1289 1319 1306 ε
1342 1279 1504 1307 lasteiisillis
1514 1280 1592 1308 color.
1603 1280 1641 1308 est
1654 1302 1661 1314 ,
1684 1282 1723 1309 la—

941 1315 1012 1343 isteus
1023 1314 1102 1354 sapor
1111 1317 1149 1356 est
1159 1337 1166 1344 .
1189 1319 1202 1348 ]
1215 1321 1307 1357 Atque
1317 1329 1413 1349 contra
1425 1321 1631 1359 Hermogenem
1643 1343 1651 1355 ‚
1675 1323 1723 1360 qui

941 1356 1061 1384 niatcriae
1072 1367 1178 1386 motum
1192 1369 1267 1397 aque
1281 1359 1401 1389 ferventi
1419 1361 1590 1399 comparabat
1601 1383 1608 1394 ‚
1631 1362 1724 1400 lepide

938 1397 1124 1425 Tertullianus
1135 1398 1169 1426 fic
1181 1399 1340 1437 respondit:
1367 1402 1418 1436 [Si
1437 1402 1547 1440 aequalis
1567 1403 1723 1433 momentis

937 1447 991 1472 ‚am
1000 1438 1170 1466 turbulentus
1179 1461 1187 1472 ,
1210 1450 1258 1468 nec
1270 1443 1456 1472 caccabaceu33
1480 1441 1526 1470 sed
1536 1444 1702 1481 compositus
1712 1465 1722 1476 ‚

938 1481 1139 1516 &temperatus
1152 1502 1159 1509 .
1182 1491 1240 1519 cap.
1255 1481 1414 1510 12.advcrs.
1435 1484 1592 1522 Heriiiog.]
1608 1484 1651 1513 Ab
1670 1484 1723 1512 ali-

936 1520 1030 1556 quibus
1045 1528 1137 1548 tamen
1147 1523 1299 1551 Cat-abitus
1310 1523 1412 1562 legitur
1422 1543 1429 1550 .

99 1556 175 1584 ditur
184 1578 192 1589 ‚
216 1567 245 1584 ut
254 1561 329 1593 ajunt
342 1578 350 1590 ,
363 1561 391 1586 in
398 1568 523 1595 gratiam
535 1581 542 1593 ,
553 1560 621 1588 idest
632 1581 639 1591 ,
650 1558 750 1587 habens
760 1568 823 1587 tunc
847 1562 881 1587 la-
897 1559 1107 1593 Caeonoxiis,
1118 1561 1222 1590 finistra
1232 1563 1338 1601 opinio,
1351 1574 1384 1591 ex
1396 1574 1487 1602 graeco
1501 1564 1632 1593 vocabulo
1641 1576 1723 1599 nano—

95 1597 225 1624 cultatein
243 1608 277 1626 ex
296 1608 457 1636 quocunque
466 1601 591 1628 Pn'omu
612 1600 715 1637 eligere
733 1610 813 1627 unam
834 1600 880 1628 fibi

95 1635 249 1666 benevisarn
260 1640 450 1666 commendam
464 1661 470 1668 .
493 1651 574 1678 quam
583 1640 685 1668 deinde
698 1640 783 1668 titulo
799 1641 880 1668 bene-

95 1679 239 1706 merentiae
261 1679 353 1717 Equiti
373 1689 424 1717 pro
444 1678 565 1709 servitiis
582 1680 730 1718 Religioni
752 1682 879 1719 praestitis

93 1718 221 1746 conferre
229 1717 299 1747 solet
310 1740 316 1746 .
340 1720 584 1753 :11:Cabimentum
595 1731 610 1749 a
621 1721 704 1748 vei-bo
713 1722 815 1760 gallico
825 1727 877 1751 Ca-

94 1759 152 1786 bire
162 1780 169 1790 ‚
192 1759 267 1797 quod
278 1760 397 1798 aliquam
407 1770 466 1788 rem
475 1761 504 1789 in
512 1760 724 1800 affignationem
745 1761 879 1801 suscipere

93 1797 227 1836 fignificat
236 1819 244 1826 .

53 1839 226 1867 Caniscoia
237 1861 245 1872 ‚
267 1839 413 1869 subcantor
423 1863 431 1874 ,
453 1842 661 1871 ecclesiasticum
673 1843 796 1872 officium
808 1866 815 1875 ,
834 1843 878 1872 seu

94 1879 187 1916 potius
195 1880 369 1909 primicerius
379 1881 485 1910 Schola:
495 1883 653 1912 cantorum
662 1903 669 1911 .
694 1884 768 1912 Vide
778 1888 878 1914 Primi-

94 1931 184 1947 cerms
203 1929 366 1953 cantorum5
389 1932 452 1951 nam
473 1924 544 1952 Caba'
565 1933 647 1962 caput
669 1923 802 1962 significat
817 1947 825 1958 ,
849 1926 876 1953 in

94 1960 166 1987 Hist.
189 1960 321 1989 Sardiniae
332 1980 339 1988 .

49 1999 207 2028 Curicta
223 2022 229 2032 ‚
252 2001 388 2030 Arborum
397 2003 463 2031 rami
479 2014 564 2032 vento
573 2003 693 2044 diffipati
707 2027 714 2038 ,
726 2006 812 2035 dictio
822 2006 878 2046 gal-

937 1597 1016 1636 Σοξιά
1026 1622 1033 1633 ,
1056 1602 1130 1639 quod
1142 1612 1245 1631 nomen
1264 1614 1345 1641 penes
1356 1605 1449 1632 Sacros
1458 1604 1609 1642 Scriptores
1624 1607 1723 1633 l-laere-

937 1640 998 1667 ticis
1008 1643 1166 1670 attribuitur
1176 1664 1184 1671 .
1209 1645 1267 1672 PR.
1288 1648 1360 1679 cujus
1380 1645 1535 1682 oppofitum
1552 1646 1723 1675 Orthodoxia

934 1681 1052 1709 dicitur:
1077 1689 1089 1718 [
1103 1683 1145 1711 Ut
1156 1684 1434 1713 Sanstoi⁴uu112atmm
1444 1685 1612 1713 orthodoxia
1621 1707 1630 1719 ‚
1640 1695 1723 1724 quam

936 1731 986 1749 nos
995 1723 1172 1759 praedicamus
1185 1746 1192 1756 ‚
1216 1726 1388 1763 peramplius
1400 1725 1587 1754 manifestetur
1596 1748 1603 1759 ,
1617 1730 1644 1755 ἃ
1656 1736 1722 1764 pro-

936 1762 995 1799 pria
1003 1764 1151 1792 cacodoxia
1161 1765 1190 1792 in
1201 1765 1277 1793 omni
1290 1766 1352 1794 loco
1363 1788 1370 1798 ,
1389 1770 1416 1795 ὅ(
1426 1766 1539 1805 regione
1550 1767 1702 1804 publicatur
1711 1790 1720 1801 ,

934 1806 962 1830 ὃ(
972 1805 1094 1842 arguitur
1104 1825 1110 1831 .
1135 1805 1229 1834 Anast.
1242 1806 1368 1843 Apocris.
1382 1808 1464 1844 Epist.
1484 1808 1517 1835 ad
1528 1808 1633 1836 Tiieod.
1644 1808 1723 1836 Pres-

934 1844 1032 1877 byt.in
1043 1846 1163 1874 Coiiecff.
1187 1847 1279 1874 Annii.
1295 1847 1362 1875 Bibl.
1381 1857 1428 1885 pei·
1441 1848 1620 1876 =*irmondun'i
1637 1849 1667 1876 in
1693 1854 1720 1878 8.

935 1885 1002 1912 edit.
1013 1895 1075 1924 pag.
1089 1897 1155 1924 203.
1166 1889 1273 1915 Bonum
1285 1898 1359 1915 enim
1371 1888 1555 1920 veraciter,est
1567 1899 1720 1927 paternam,

937 1934 965 1952 ut
975 1925 1055 1959 dixi,
1070 1927 1240 1956 manifestare
1252 1950 1260 1961 ,
1271 1932 1298 1956 ὅ(
1308 1927 1487 1958 (οιιὶἰτηκιιές
1501 1928 1659 1958 haereticam
1669 1941 1720 1959 ve-

935 1975 967 1993 ro
977 1967 1158 1996 cacodoxiam
1169 1969 1304 2006 publicai-e
1314 1990 1322 2001 ,
1333 1973 1359 1997 ἃ
1370 1970 1531 2008 redarguere
1541 1992 1550 2003 ‚
1560 1973 1612 1999 &c.
1626 1971 1690 1999 ibid.
1702 1972 1722 2005 1

936 2006 1010 2035 Vide
1020 2009 1214 2037 Heterodoxus
1224 2009 1253 2037 iii
1263 2009 1329 2037 diest.
1341 2010 1511 2039 Orthodoxus
1522 2030 1530 2038 .

90 2040 143 2068 lica
154 2041 237 2069 Cable
248 2063 255 2073 ,
278 2051 338 2079 quae
352 2042 425 2071 idem
437 2044 572 2082 fignificat
585 2057 591 2073 ε
617 2048 803 2085 [Inquiratur
812 2069 820 2080 ,
831 2048 878 2086 qui
893 2047 1075 2078 CACOLOGIA
1087 2071 1095 2082 ‚
1116 2049 1275 2090 inipersee‘ta
1287 2050 1413 2087 loquutio
1422 2071 1429 2078 .
1446 2051 1521 2080 Vide
1530 2051 1561 2079 iri
1569 2051 1719 2082 dietmari-

88 2081 246 2119 acceperint
258 2081 411 2120 profestum
419 2085 454 2113 de
464 2085 582 2114 cabliciis
592 2106 599 2114 .
619 2087 721 2115 Matth.
745 2088 828 2117 Paris.
847 2099 876 2117 in

91 2122 149 2150 vita
160 2122 229 2151 Abb.

48 2161 213 2191 Cantium.
238 2164 273 2192 In
283 2163 387 2191 statutis
398 2165 526 2203 Equitum
537 2167 663 2195 Meliten.
681 2167 815 2206 significat
836 2170 877 2198 in-

91 2203 246 2232 ventarium
265 2204 401 2232 bonorum
423 2206 555 2234 stabilium
577 2208 687 2240 alicuius
704 2211 875 2239 conimendae

83 2251 148 2270 cum
157 2242 232 2272 illius
242 2243 453 2284 Ichnographia
463 2267 471 2279 ‚
492 2245 597 2276 scilicet
606 2270 615 2282 ,
627 2259 749 2278 arearum
761 2273 769 2283 ‚
781 2255 810 2280 ὅ(
821 2252 876 2280 for-

89 2292 195 2311 marum
213 2284 464 2323 descriptionibus,
485 2286 618 2327 statusque
636 2291 766 2329 antiqui,
788 2296 816 2320 5<
834 2303 876 2320 re-

85 2323 178 2351 centis
191 2325 345 2359 relatione,
368 2336 422 2355 una
440 2336 503 2356 cum
522 2330 697 2366 attestatione
717 2331 875 2363 authentica

83 2364 360 2407 melioramentorum
369 2371 422 2398 ὄις.
431 2368 508 2407 quod
518 2379 613 2400 omnes
624 2372 732 2403 Priores
742 2395 752 2409 ,
764 2373 855 2405 Balivi
865 2397 872 2408 ‚

932 2089 970 2117 tol
972 2092 1030 2126 agia
1035 2109 1046 2116 .

891 2129 1020 2159 citerus
1031 2151 1040 2163 ,
1050 2128 1133 2159 herba
1143 2129 1261 2169 spinosae
1272 2130 1333 2169 spec
1339 2130 1387 2165 ici,
1398 2132 1482 2172 aliqui
1494 2143 1593 2171 putant
1602 2132 1653 2163 cfl'e
1661 2144 1719 2162 car-

931 2170 1015 2198 duum
1024 2171 1188 2206 sylvestrem
1200 2193 1207 2205 ‚
1231 2182 1278 2210 qui
1288 2172 1387 2201 aculeis
1396 2174 1514 2202 abundat
1525 2196 1534 2207 ‚
1557 2175 1630 2204 inter
1649 2185 1719 2213 quos

932 2210 1084 2240 Athenzus
1103 2213 1149 2240 lib.
1162 2224 1187 2241 τ..
1200 2214 1247 2251 qui
1269 2211 1379 2250 copiose
1397 2214 1427 2242 in
1438 2214 1531 2243 Sicilia
1552 2215 1666 2254 reperiri
1675 2226 1717 2243 re-

931 2251 985 2280 fert
995 2272 1003 2280 .
1028 2254 1084 2282 FR.
1097 2253 1171 2281 idern
1179 2255 1297 2281 affirmat
1306 2254 1378 2282 Plin.
1390 2254 1436 2283 lib.
1450 2267 1496 2284 ιι.
1507 2267 1530 2284 c.
1547 2263 1590 2285 16.
1614 2266 1648 2284 ex
1662 2266 1719 2294 quo

931 2292 1077 2332 col1igitur
1087 2292 1217 2322 mastiche
1226 2293 1389 2330 acanthum,
1412 2305 1441 2324 ut
1463 2297 1494 2324 in
1512 2296 1578 2325 diet.
1599 2297 1716 2325 schinus

930 2334 1052 2362 dicemus
1062 2354 1069 2361 .
1080 2336 1117 2369 ειΙε
1131 2341 1143 2370 [
1156 2335 1301 2363 Erad'icato
1311 2335 1390 2364 omni
1400 2337 1514 2365 aconito
1533 2336 1695 2373 hostilitatis
1706 2358 1717 2370 ,

929 2378 957 2404 ὅ(
968 2375 1044 2406 casto
1054 2397 1064 2410 ,
1086 2379 1114 2406 ὅ(
1125 2375 1193 2405 tubo
1201 2374 1320 2408 subdola
1332 2376 1524 2409 familiaritatis
1535 2398 1542 2406 .
1550 2376 1670 2446 fse‘tlffl·
1683 2377 1718 2407 de
