1866 2526
147 41 228 94 548
484 43 518 85 P
550 45 592 88 R

138 109 165 127 te
178 109 261 127 cereae
274 99 378 128 tabellae
391 100 536 130 notabatur
544 124 553 136 ‚
563 113 593 131 ut
602 101 706 132 dictum
717 103 755 132 est
765 101 796 132 in
804 102 831 132 d.
844 105 926 141 Capi-

134 141 223 168 cerius
231 159 239 166 .
250 139 291 168 Sic
301 141 508 170 secundicerius
517 143 658 172 dicebatur
667 165 675 177 ,
695 143 743 182 qui
754 142 875 172 secundo
886 146 927 172 io-

133 190 167 208 co
177 180 320 208 notabatur
329 181 359 208 in
371 181 460 210 tabula
468 193 544 212 cerea
555 205 564 217 ‚
586 184 620 212 de
630 195 685 222 quo
694 186 731 213 D.
742 187 828 222 Greg.
841 185 887 213 lib.
897 195 927 220 9.

134 230 177 258 ep.
190 231 237 258 33.
248 220 356 258 inquit:
376 227 388 256 [
401 223 481 250 Hanc
502 234 593 252 autem
603 224 753 263 Epistolam
764 225 873 253 Paterio
883 225 929 253 Se-

133 261 292 289 cundicerio
299 263 328 291 N
331 263 420 290 otario
429 264 551 293 Ecclesiae
562 265 659 293 nostrae
670 264 838 293 scribendam
849 265 929 294 duxi-

134 311 193 329 mus
205 321 212 328 .
225 303 237 332 ]
250 303 307 329 FR.
319 303 388 330 i-iaec
398 303 489 332 officia
501 315 579 334 erant
590 305 701 343 antiqua
714 306 744 333 in
753 306 880 337 Ecclesia5
891 306 929 335 le-

133 342 208 380 gitur
219 341 293 369 enim
303 342 347 370 SS.
357 342 484 381 Sergium
495 367 502 377 ‚
512 350 540 374 ὅ(
550 345 686 374 Bacchum
697 345 802 374 functos
811 346 855 375 his
866 348 931 375 offi-

135 382 186 410 ciis
196 380 271 409 fuiss'e
282 401 289 409 .
302 383 398 417 [Duas
408 393 518 422 torques
529 385 636 423 Sergius
647 408 655 418 ,
667 387 822 416 &Bacchus
833 387 930 416 Primi-

135 422 233 455 cerins,
246 426 274 451 δε
285 422 499 457 secundicerius,
511 425 540 453 in
552 426 745 463 privil-Caroli
757 427 853 467 Magni
864 428 932 466 apud

137 461 249 501 Torrig.
258 463 291 491 de
304 464 419 500 Cryptis
433 464 558 494 Vatican.
570 478 595 494 2.
609 477 669 505 pag.
682 470 768 502 504]
781 470 826 497 De
837 469 932 507 quibus

134 503 240 532 Sanstis
254 504 422 538 Martyribus
433 505 522 533 Suritis
533 527 541 539 ‚
564 510 592 535 &
610 508 778 545 Lipomanus
794 520 826 537 ex
846 511 932 538 Meta-

135 542 244 582 phraste
253 543 310 571 haec
319 543 436 572 habent:
451 551 462 580 [
473 547 582 585 Sergius
594 569 602 580 ,
621 551 649 576 ὅ(
659 548 777 578 Bacchus
787 551 864 578 ambo
873 552 930 579 Ro>

141 585 215 612 niani
223 594 325 622 genere
335 605 342 617 ,
353 588 405 613 ἀς.
420 595 485 614 tunc
499 586 638 626 fulgebant
656 588 687 617 in
697 591 772 629 regia
783 612 791 624 ‚
801 594 853 619 διε.
872 592 932 619 Ser-

134 625 197 664 gius
208 624 319 662 quidem
329 635 384 653 erat
396 627 568 657 primicerius
582 629 673 657 Shoiae
683 631 933 664 Centilioruin,Se-

143 665 313 693 tundicerius
332 674 421 694 autem
430 665 510 703 hujus
522 668 641 698 Bacchus
651 691 659 702 ‚
682 672 729 709 qui
740 672 854 699 multum
872 672 931 711 qut

136 705 199 732 dein
209 715 338 743 poterant
349 706 420 744 apud
431 709 630 746 Imperatorem
639 712 868 744 Maximianum]
879 714 933 741 Hic

137 745 195 774 duo
208 746 344 775 notanda:
356 747 475 785 primuni
484 749 595 787 quidem
607 751 798 790 Memphi-:istis
811 775 818 785 ‚
841 758 869 782 δε
880 756 934 791 ejus

138 786 330 823 Interpretum
340 797 427 823 eri-or,
437 789 484 827 qui
498 791 696 824 Geminorum,
708 793 770 821 loco
780 795 935 822 Gentilium

138 825 384 866 scripseraiit‚apud
393 829 499 857 nullum
509 831 585 859 enim
598 834 746 861 Auctorem
756 833 826 862 hanc
838 834 935 863 diffitio-

139 876 203 899 nem
213 869 399 897 Centilzorum
421 869 554 899 invenio:
578 883 658 910 quare
672 875 794 902 Boninus
803 876 937 903 Membri-

139 907 192 935 tius
203 928 212 940 ‚
231 908 277 945 qui
290 918 318 936 ut
330 909 393 936 :ilias
402 909 480 943 dixi,
500 912 556 939 acta
565 914 725 942 Sanftorum
735 915 837 944 duobus
855 916 938 944 tomis

136 947 304 986 impresserat
314 970 321 981 ,
333 960 415 988 eaque
423 952 502 985 juxta
511 953 634 991 duplices
644 955 750 983 codices
763 958 848 985 MSS.
862 957 939 984 anti-

141 998 209 1026 quos
230 988 260 1016 in
276 991 430 1018 membrana
441 991 619 1023 Bibliothecae
632 997 817 1024 Lateranensis
838 996 938 1025 descri—

139 1027 229 1066 pserat
246 1050 254 1062 ‚
277 1040 307 1057 ut
316 1031 507 1060 collationanti
519 1035 638 1072 patebit:
663 1037 710 1065 ille
720 1037 753 1065 de
763 1037 821 1065 istis
831 1038 934 1065 Sanctis

139 1070 303 1104 Martyribus
315 1071 349 1099 sic
360 1071 447 1099 habet:
461 1079 472 1107 [
484 1076 642 1109 Marcellus,
656 1078 788 1114 Apuleius
800 1100 807 1110 ‚
819 1079 938 1117 Sergius,

139 1112 166 1138 &
180 1110 298 1139 Bacchus
322 1112 461 1150 pollebant
482 1114 510 1141 in
521 1116 626 1144 Palatio
638 1138 645 1149 ‚
668 1117 939 1157 honorabilioresque

138 1160 215 1178 erant
231 1152 299 1189 apud
312 1152 509 1182 li'laximianuui
520 1157 735 1195 Imperatorem.
756 1161 853 1187 Beatus
873 1160 934 1197 qui-

142 1190 205 1218 dem
219 1192 328 1230 Sergius
348 1202 406 1221 erat
425 1194 598 1224 Primicerius
608 1219 615 1230 ,
637 1202 665 1228 δ(
684 1199 811 1237 Princeps
832 1199 938 1228 Scholaz

143 1231 303 1259 Geminum
315 1233 414 1261 amicus
424 1236 602 1272 Imperatoris
612 1242 663 1267 ἃς.
684 1241 779 1268 Beatus
794 1251 861 1269 vero
876 1243 940 1269 Bac-

139 1270 205 1298 chus
217 1270 336 1307 ejusdem
349 1277 375 1302 ἃ
387 1274 442 1313 ipse
457 1275 562 1305 §choix
573 1279 730 1308 Gentilium
743 1291 799 1308 erat
809 1280 939 1308 secundus

140 1311 341 1345 Prhmccrius]
355 1316 478 1343 Secundo
489 1320 640 1346 notandum
654 1330 710 1348 tum
721 1331 753 1348 ex
765 1321 835 1349 dicta
847 1323 936 1349 Mom-

140 1352 225 1380 britii
236 1354 398 1383 affici-itate
408 1377 416 1388 ‚
429 1365 487 1384 tuin
500 1367 532 1384 ex
544 1358 719 1396 sequentibus
730 1382 737 1393 ,
756 1361 830 1399 quod
841 1362 939 1389 Primi-

141 1393 209 1421 cerii
226 1393 349 1432 dignitas
367 1395 468 1424 nedum
487 1399 558 1435 apud
569 1400 740 1430 Christianos
751 1423 759 1434 ,
772 1406 799 1430 δ(
811 1402 940 1430 Ecclesia-

141 1433 240 1464 1licos5
254 1433 299 1462 sed
310 1436 380 1473 apud
392 1435 528 1467 saeculares
540 1461 546 1471 ,
559 1443 585 1467 δ(
601 1440 733 1470 Etlinicos
744 1442 854 1481 vigebat
866 1464 873 1474 ,
885 1443 936 1470 nili

143 1473 251 1501 sortasse
262 1496 269 1507 ‚
280 1485 340 1503 cum
351 1477 474 1514 praedicti
485 1480 619 1515 Martyres
631 1481 676 1509 diu
697 1493 759 1510 ante
770 1483 936 1518 Martyrium

141 1513 331 1543 Christianam
343 1517 425 1544 fidem
436 1518 631 1554 'profiterentur
641 1543 649 1554 ‚
666 1523 741 1560 quod
759 1527 787 1552 δε
809 1523 940 1561 praedieio

144 1556 311 1594 Imperatori
322 1566 419 1585 notum
427 1567 480 1593 iam
492 1569 548 1588 erat
558 1582 566 1593 ‚
587 1562 658 1590 utin
669 1573 761 1591 eorum
773 1564 854 1602 gestis
867 1564 939 1591 idem

142 1596 338 1633 Memphi-astes
347 1596 491 1636 scripserat
501 1621 508 1632 ,
519 1610 547 1628 ac
561 1603 677 1638 proinde
691 1605 845 1633 Primicerii
858 1604 941 1632 Scho-

143 1637 176 1662 1ae
186 1636 345 1664 Gentilium
356 1659 364 1670 ‚
375 1638 442 1667 idest
453 1660 460 1671 ‚
472 1640 745 1673 catechumenorum
756 1643 829 1674 fuisse
840 1644 939 1673 intelli.

142 1685 222 1714 gatur
233 1698 239 1709 ι
252 1676 285 1705 ad
294 1677 477 1707 dssfferentiam
489 1681 760 1713 catechumenorum
779 1696 811 1713 ex
823 1684 938 1713 hebi-ais<

141 1726 189 1744 mo
201 1718 391 1749 venientium
413 1721 534 1758 quodita
545 1722 711 1753 censendum
732 1726 801 1754 ratio
820 1726 918 1763 praebet
932 1749 937 1757 ‚

141 1757 397 1796 quiainverilimile
410 1761 520 1790 videtur
531 1763 664 1793 Ethnicos
684 1765 803 1794 scholam
825 1765 940 1794 habuiii'e

142 1807 204 1826 cum
215 1799 301 1827 titulo
312 1801 486 1830 Gentilium:
497 1814 526 1831 ac
537 1803 624 1833 simile
634 1805 774 1835 absurdum
787 1806 938 1839 videretur,

142 1838 162 1868 fi
174 1837 259 1868 hodie
268 1841 427 1873 Romae,ubi·
436 1843 508 1871 nulla
519 1844 584 1872 fides
596 1867 603 1878 ,
617 1847 666 1875 nisi
681 1857 740 1876 vera
752 1846 940 1886 regnat‚sclio-

143 1880 166 1907 la
178 1881 342 1918 reperiretur
353 1891 414 1909 cum
438 1884 521 1912 titulo
531 1885 774 1916 Christianorum:
798 1888 862 1916 licet
881 1888 939 1916 haec

142 1920 264 1958 dignitas
274 1921 349 1949 inter
357 1922 494 1952 saeculares
504 1926 670 1963 reperiretur
679 1950 687 1960 ‚
699 1938 727 1956 ut
739 1928 768 1956 in
777 1928 842 1956 dicct.
853 1933 941 1965 Dapi—

138 1960 185 1998 fer
203 1970 236 1989 ex
248 1962 416 2000 Nicephoro
435 1965 622 1998 ostendimus
643 1968 678 1997 fic
697 1969 779 1997 etiam
801 1968 921 1997 Blondus
931 1990 939 2002 ,

145 2001 238 2029 decsd.
252 2014 276 2030 2.
291 2004 337 2031 lib.
354 2015 377 2031 1.
388 2005 488 2042 inquit.-
505 2007 683 2042 [Desiderius
694 2011 756 2038 Rex
769 2009 857 2038 Italiae
868 2010 941 2037 Affi-

145 2051 229 2070 ratam
249 2043 360 2083 impulit
369 2066 377 2077 ‚
400 2056 429 2074 ut
449 2046 478 2073 in
495 2046 730 2086 Christopliorum
749 2049 939 2078 Primicerium

143 2080 253 2111 summa:
275 2095 339 2113 tunc
357 2085 387 2113 in
409 2089 534 2115 Romana
555 2088 634 2118 Urbe
653 2090 818 2119 auftoritatis
833 2090 922 2118 virum
932 2112 940 2123 ‚

143 2125 221 2154 ὕεα]
242 2127 275 2153 Et
288 2126 417 2155 inferius:
439 2129 631 2168 [Evocatique
648 2129 868 2169 Christophorus
881 2151 888 2163 ‚
912 2134 939 2159 δ(

1015 5 1029 25 Ι

1273 49 1382 98 RR

981 113 1033 138 tus,
1043 103 1174 134 secundus
1183 105 1358 137 Primicerius
1366 108 1539 138 Constantiae
1552 108 1734 139 Constantini
1741 108 1776 140 fi-

981 146 1026 174 liae
1039 145 1091 173 fuit
1099 165 1106 173 .
1117 147 1130 176 ]
1143 148 1178 174 Iri
1188 148 1285 177 eodem
1293 158 1382 178 autem
1391 152 1441 179 Bre
1446 149 1533 178 viario
1545 172 1553 183 ,
1565 151 1609 179 ubi
1619 150 1652 179 de
1661 151 1705 180 SS.
1715 152 1776 180 Ser-

983 185 1032 223 gio
1042 207 1050 218 ‚
1065 190 1092 214 &
1102 186 1210 215 Baccho
1219 188 1307 227 agitur
1317 210 1325 220 ,
1337 188 1451 218 habetur
1458 211 1466 222 ,
1490 192 1566 229 quod
1575 202 1634 220 non
1645 191 1775 220 Ecclesia-

983 226 1061 254 sticas
1071 226 1232 265 dignitates,
1243 229 1290 258 sed
1298 229 1434 266 saeculares
1442 229 1585 263 habebant5
1597 232 1632 261 fic
1642 232 1728 271 igitur
1748 231 1778 259 in

984 276 1079 294 eorum
1089 268 1264 298 Leffionibus
1275 267 1310 298 ibi
1320 269 1423 298 dicitur
1432 278 1444 298 ,³
1462 278 1473 307 [
1485 272 1591 311 Sergius
1600 295 1608 306 ,
1618 276 1645 300 Sc
1655 270 1777 301 Bacchus

984 307 1129 336 Primiceri
1139 309 1235 339 Palatii
1254 310 1325 348 apud
1343 311 1541 348 Imperatorem
1552 312 1755 342 Maximianum
1764 332 1773 344 ‚

985 348 1061 385 quod
1070 346 1224 378 Christiani
1235 351 1319 380 essent
1330 373 1338 384 ‚
1358 350 1488 380 accusati:
1509 363 1570 382 cum
1586 354 1665 383 Idola
1685 353 1776 380 colere

985 389 1096 417 nollent
1107 411 1115 422 ,
1125 390 1155 418 ab
1164 392 1262 420 eodem
1275 392 1348 420 veste
1358 391 1473 420 militari
1481 392 1582 430 privati
1592 397 1659 425 δια]
1674 395 1708 422 In
1719 392 1778 421 Pri-

985 429 1093 457 micerii
1106 441 1135 458 os
1146 431 1305 468 imponebat
1317 442 1422 460 auream
1431 441 1569 462 monetam
1578 433 1708 462 Pontifex
1719 455 1727 466 ‚
1750 436 1778 461 δε

987 470 1097 508 quando
1107 491 1114 498 .
1128 472 1201 500 Vide
1213 474 1392 511 Antiphona.
1414 473 1563 510 Reperitur
1579 474 1661 502 etiam
1671 480 1780 503 Temo-

992 514 1081 538 cerius
1093 510 1122 539 in
1132 513 1202 541 libro
1212 535 1219 546 ,
1239 515 1282 542 cui
1293 514 1387 541 titulus
1401 513 1438 541 est
1448 513 1561 543 Notitia
1572 515 1782 543 Provinciatum

990 552 1005 585 Η
1021 551 1172 581 Anastafius
1184 553 1317 582 Bibliotli.
1329 554 1420 591 inquit
1431 553 1548 592 primum
1571 555 1596 583 S.
1606 554 1719 583 Martini
1731 556 1781 598 Pe-

988 600 1028 629 με
1040 591 1218 622 accusatorem
1232 594 1305 623 fuifle
1316 594 1509 622 Primiceriuin
1520 607 1526 623 :
1539 595 1729 630 [Primicerius
1740 595 1780 621 ia-

988 641 1022 659 ne
1032 634 1157 661 omnium
1168 634 1346 663 accusantium
1356 645 1413 663 erat
1423 635 1583 664 Dorotheus
1593 635 1720 663 Patritius
1730 635 1782 662 Ci-

989 672 1069 700 lici-³2.
1083 675 1094 704 ]
1108 676 1204 712 Itaque
1217 676 1301 704 eti-im
1311 676 1384 704 inter
1397 676 1595 704 Ecclefiasticos
1606 686 1663 703 non
1674 684 1730 703 erat
1737 674 1783 702 de<

991 714 1133 742 terminata
1143 716 1265 754 dignitas
1277 738 1284 749 ‚
1295 725 1356 745 nam
1367 716 1504 746 dicebatur
1513 719 1695 745 Primicerius
1708 719 1784 743 Can-

990 762 1080 782 torum
1093 776 1101 787 ‚
1112 755 1147 783 fic
1158 758 1256 785 Innoc.
1268 758 1327 786 111.
1337 756 1376 784 ait
1388 768 1394 784 :
1408 763 1420 792 [
1433 756 1607 784 Primicerius
1618 766 1663 794 qui
1673 757 1782 784 Canto-

991 794 1062 822 ribus
1073 795 1111 823 est
1122 797 1272 832 praelatus.]
1287 797 1360 825 Vide
1370 798 1566 826 Archicantor.
1577 798 1786 825 Baculusfflan-

991 843 1033 861 tor
1045 855 1052 861 .
1063 836 1138 863 Item
1149 840 1326 866 Primicerius
1337 840 1474 867 Locrorum
1486 858 1493 865 .
1507 840 1686 866 Primicerius
1697 837 1786 864 Aula.

994 876 1066 902 Item
1074 878 1255 906 Primicerius
1266 877 1446 915 Defensorum
1460 899 1467 910 ‚
1480 877 1549 906 idest
1560 898 1566 909 ,
1579 877 1787 906 Advocatorum

993 915 1114 943 Decaiius
1126 937 1132 943 .
1144 917 1302 956 Luitprand.
1315 918 1361 946 lib.
1373 927 1399 946 o.
1418 928 1477 956 cap.
1489 925 1516 947 6.
1534 921 1673 946 Diaconus
1688 917 1786 944 Cardi-

992 956 1067 983 nalcs
1080 961 1263 986 Primicerius
1274 981 1282 992 ‚
1296 959 1363 987 idest
1376 980 1383 991 ‚
1398 958 1584 986 Diaconorum
1594 957 1788 999 Cardinalium

994 996 1118 1024 Decanus
1128 1018 1134 1024 .
1157 1001 1190 1026 Et
1200 1001 1346 1028 Hincmar.
1357 997 1518 1027 Rhemenfis
1537 999 1567 1026 in
1588 1007 1664 1025 tomo
1673 998 1788 1040 Coiicil.

994 1035 1157 1074 Drogonem
1180 1039 1342 1079 Episcopum
1355 1042 1552 1067 Primicerium
1563 1059 1572 1071 ‚
1593 1047 1690 1075 nempe
1712 1038 1788 1064 Vica-

994 1087 1064 1105 rium
1075 1079 1224 1116 appellavit
1236 1102 1242 1112 ,
1263 1081 1324 1119 quia
1337 1080 1460 1109 Vicat-ius
1470 1082 1547 1117 Papx
1569 1079 1598 1106 in
1613 1078 1700 1106 Gallia
1713 1086 1767 1104 erat
1781 1087 1789 1106 5

995 1127 1075 1156 atque
1086 1119 1114 1146 in
1129 1121 1225 1148 eodem
1236 1120 1314 1149 sensu
1335 1121 1360 1149 S.
1373 1120 1531 1159 Fulgentius
1544 1141 1550 1151 ,
1573 1119 1609 1147 D.
1622 1116 1789 1161 Stephanum

994 1160 1234 1196 ProtOimrtyrei‘n
1258 1161 1452 1190 Primicerium
1471 1166 1629 1202 Martyrum-1
1649 1179 1657 1191 ,
1685 1156 1790 1185 scilicet

994 1208 1072 1236 caput
1084 1202 1242 1238 appellavit.
1255 1204 1309 1231 Iro
1319 1203 1475 1230 Carnoten.
1485 1200 1519 1229 de
1528 1200 1658 1243 Principe
1669 1198 1789 1243 Aposto-

995 1239 1084 1267 loruiii
1097 1251 1141 1268 aitr
1155 1243 1366 1276 [Constituitur
1376 1242 1434 1279 post
1449 1243 1539 1269 Deum
1551 1242 1731 1268 Primicerius
1740 1259 1748 1270 ,
1761 1248 1789 1264 in

994 1277 1072 1307 serm.
1085 1281 1118 1308 de
1129 1282 1247 1311 Cathcd.
1259 1283 1282 1311 S.
1292 1283 1392 1313 Peri-L]
1407 1282 1566 1318 Eodemque
1577 1280 1661 1307 modo
1671 1289 1684 1306 a
1695 1280 1791 1321 D3Aii.

994 1320 1106 1358 gustino
1117 1325 1295 1350 Prz'mtccrius
1306 1323 1489 1360 Apostolorum
1506 1322 1578 1348 idem
1591 1329 1699 1348 vocatus
1719 1322 1767 1345 suit
1780 1339 1787 1349 ‚

992 1360 1045 1387 hoc
1057 1361 1104 1392 est,
1116 1363 1245 1400 Princeps
1260 1362 1469 1400 Apostoloruiih‘
1482 1361 1632 1397 eodemque
1645 1360 1720 1396 pacto
1733 1363 1790 1386 Var—

988 1403 1088 1437 ginum
1099 1405 1265 1431 Primiceria
1275 1424 1283 1435 ,
1300 1402 1366 1431 idest
1378 1424 1385 1434 ,
1408 1401 1595 1439 Antelignana
1607 1410 1619 1427 a
1629 1400 1665 1427 D.
1676 1401 1791 1442 Bernarf

995 1441 1032 1468 do
1042 1442 1179 1479 eleganter
1192 1443 1280 1481 Virgo
1293 1443 1441 1481 Virginum
1459 1441 1596 1479 appellata
1614 1439 1651 1468 est
1663 1459 1670 1466 .
1692 1439 1790 1476 Aliqui

997 1482 1088 1508 tamen
1100 1484 1232 1510 Aut-*tores
1244 1482 1371 1511 censuere
1381 1482 1433 1510 hoc
1443 1480 1596 1510 Primicerii
1609 1479 1767 1507 vocabulum
1778 1488 1791 1506 a

994 1521 1091 1559 sigillis
1102 1523 1250 1551 officialem
1261 1522 1410 1562 significare
1421 1543 1428 1555 ‚
1440 1522 1487 1560 qui
1496 1533 1509 1549 a
1519 1519 1684 1549 Caffiodoro
1694 1529 1792 1569 ’'n-poro·

996 1561 1081 1596 κιῖειος
1090 1584 1096 1594 ,
1109 1567 1276 1592 Protocerius
1295 1564 1443 1601 appellatus
1464 1561 1515 1590 fuit
1527 1582 1533 1589 .
1559 1562 1620 1589 Hoc
1633 1558 1793 1587 vocabulum

995 1603 1024 1630 in
1045 1603 1146 1631 malum
1165 1603 1270 1632 sensum
1291 1603 1464 1641 desumptum
1484 1623 1491 1630 .
1513 1601 1585 1631 Vide
1607 1605 1791 1630 Hecatontar-

995 1644 1059 1671 cluis
1070 1663 1076 1670 .
1615 1680 1620 1684 Ι

953 1685 1146 1712 PRIMOGENJAE
1158 1705 1165 1712 .
1179 1686 1235 1713 PR.
1247 1684 1334 1716 idest,
1347 1683 1480 1723 Virgines
1491 1685 1603 1718 majores
1613 1689 1687 1708 inter
1699 1679 1793 1714 Vessa7

994 1725 1032 1752 les
1045 1745 1053 1756 ‚
1067 1734 1124 1762 quae
1135 1723 1237 1763 septem
1247 1735 1323 1753 erant
1335 1746 1341 1752 .
1353 1726 1451 1753 Baron.
1461 1735 1502 1752 aii.
1516 1727 1581 1761 384.
1593 1732 1620 1749 n.
1633 1732 1659 1748 2.
1739 1759 1742 1762 Ι

954 1767 1180 1794 ΡκιΜιεςκιΝιυε
1193 1787 1201 1798 ,
1225 1765 1371 1794 primarius
1393 1764 1550 1793 Archivista
1563 1784 1571 1795 ‚
1594 1759 1792 1804 Ecclesiasticus

995 1805 1137 1834 Oificialis
1149 1828 1156 1838 ,
1180 1805 1221 1834 cui
1234 1817 1261 1833 in
1274 1809 1398 1835 Romana
1409 1805 1523 1833 Eccleiia
1537 1802 1641 1831 Archiv
1650 1810 1669 1828 ii
1680 1810 1740 1828 cura
1750 1810 1794 1843 in:

996 1846 1147 1879 cumbebar,
1158 1849 1184 1874 ὃ(
1195 1845 1278 1874 subse
1292 1846 1438 1874 duodecim
1448 1847 1476 1873 S<
1482 1843 1608 1872 rimarios
1617 1842 1736 1873 habebat,
1747 1849 1794 1878 qm

996 1886 1122 1914 omnium
1132 1887 1269 1915 Civiliuin
1282 1888 1403 1915 ac‘toruin
1422 1886 1602 1913 instrumenta
1621 1881 1792 1927 formabant.

997 1927 1075 1955 Varii
1086 1937 1171 1955 autern
1182 1926 1364 1956 Primiscrinii
1375 1926 1588 1964 reperiebantur,
1602 1932 1716 1960 nempe,
1730 1926 1794 1949 Pri-

996 1967 1165 2003 miscrmius
1176 1970 1373 2005 Beneficiorum
1388 1989 1396 1999 ,
1408 1967 1619 2003 Primiscm'nius
1630 1967 1773 2007 Canem-cm
1783 1982 1792 1993 ,

996 2009 1404 2044 Primiscrincttssi’curitatum
1417 2029 1425 2040 ‚
1437 2007 1648 2043 Prmuscmm'us
1667 2004 1793 2039 largitio-

997 2059 1068 2076 num
1077 2053 1265 2077 firmatarum
1277 2069 1284 2076 .
1308 2052 1342 2077 Et
1352 2048 1491 2075 dicebatur
1503 2047 1586 2074 etiam
1595 2044 1793 2088 ⁴Protoscrmia-

997 2091 1056 2116 rius
1067 2087 1169 2118 4h0d1'e
1181 2099 1272 2117 tamen
1284 2090 1491 2117 protonotarius
1509 2086 1678 2123 intelligitur
1689 2103 1696 2110 .
1719 2082 1792 2111 Vide

996 2133 1090 2165 Papa,
1105 2130 1131 2160 §.
1145 2132 1179 2157 Et
1190 2139 1217 2157 ut
1232 2130 1339 2158 Platinti
1351 2149 1358 2155 .

144 2164 252 2202 Sergius
263 2166 466 2195 Secundicerius
476 2169 570 2197 oculos
581 2172 635 2199 lint
645 2170 739 2199 effossi.
751 2173 763 2202 ]
774 2173 846 2200 Item
860 2172 940 2205 [Ma-
955 2170 1114 2197 PRiMITIAE.
1128 2171 1183 2198 FR.
1195 2170 1427 2197 Contributiones
1440 2165 1630 2197 Ecclesiasticis
1640 2163 1748 2195 debitae,
1760 2161 1790 2190 si-

142 2206 192 2243 gni
201 2206 355 2236 Primicerii
372 2209 557 2237 umbraculum
566 2233 574 2244 ,
596 2210 642 2239 seu
653 2212 748 2239 velum
766 2211 887 2239 dimidio
898 2211 938 2238 ni-

143 2256 224 2284 grum
234 2270 244 2282 ‚
253 2252 282 2278 &
293 2247 411 2277 dimidio
422 2249 511 2277 album
520 2270 528 2277 .
550 2252 671 2279 Zonara.
683 2254 694 2283 ]
715 2253 750 2280 In
762 2251 880 2289 quodam
892 2261 937 2279 ve-

143 2289 343 2327 rotpervetusto
352 2288 469 2318 Licienfi
479 2292 620 2321 Breviario
631 2292 661 2320 in
671 2292 739 2321 festo
751 2292 793 2320 SS.
804 2292 918 2329 Joannis
929 2313 936 2324 ,

144 2331 171 2356 ὅ(
182 2330 258 2358 Pauli
267 2329 364 2359 mensis
375 2330 454 2367 Junii
464 2330 497 2357 fic
508 2330 620 2360 liabetur
632 2332 663 2360 in
673 2335 730 2368 ejus
739 2332 914 2360 Lectionibus
928 2343 934 2359 ε

146 2371 290 2408 [Joinnes
307 2374 335 2401 ὅ(
344 2371 439 2411 Paulus
451 2370 546 2403 fratres
556 2393 566 2409 ,
588 2382 706 2414 quorum
716 2372 793 2412 prior
800 2372 946 2443 Praeposi-¹

995 2218 1040 2237 cut
1053 2209 1164 2237 decimae
1177 2221 1185 2242 ;
1198 2209 1325 2238 differum
1336 2219 1427 2237 tamen
1438 2220 1451 2236 a
1461 2207 1578 2236 decimis
1587 2228 1595 2239 ,
1605 2215 1668 2244 quia
1677 2204 1788 2246 decinit

994 2249 1057 2277 sunt
1069 2259 1164 2278 taxatae
1177 2271 1184 2282 ‚
1196 2250 1263 2278 idest
1274 2271 1281 2282 ,
1292 2250 1398 2278 decima
1410 2259 1467 2287 pars
1479 2249 1623 2277 fruetuum3
1635 2244 1680 2273 sed
1691 2245 1790 2285 Primi-
1818 2259 1821 2267 i

994 2291 1093 2318 riarum
1105 2290 1243 2328 quantitas
1254 2301 1312 2318 non
1321 2289 1358 2318 est
1371 2290 1570 2317 determinatas
1592 2295 1653 2329 {um
1670 2292 1716 2321 (ΡΠ
1728 2281 1788 2319 Plus

994 2330 1073 2359 dabat
1085 2352 1094 2363 ,
1104 2330 1334 2369 quadragesimam
1344 2331 1504 2368 portionem
1525 2326 1681 2356 reddituum
1691 2322 1768 2350 dabat
1778 2343 1788 2354 ,

992 2371 1040 2411 qui
1052 2371 1142 2402 minus
1152 2369 1341 2411 sexagesimam
1350 2392 1358 2406 ,
1370 2374 1398 2400 ὃς
1409 2371 1444 2400 fic
1455 2369 1561 2399 licitum
1572 2374 1627 2395 erat
1639 2364 1791 2431 daresst'itet
