1866 2526
182 109 937 200 BENEVOLO
1016 107 1680 197 LECTORIA

130 388 149 396 A,
266 344 496 397 Pparentes
537 342 758 383 Sacrorum
796 339 1085 381 Voluminum
1126 340 1401 396 Antilogias‚
1441 340 1513 381 seu
1545 354 1782 397 repugnan-

107 377 228 457 stffxll
277 404 352 441 tias
372 430 386 450 ,
417 415 470 440 ex
502 398 787 439 eruditissimis
818 396 1053 450 praesertim
1093 395 1138 437 P.
1172 397 1306 448 Jacobi
1338 397 1478 439 Tirini
1509 396 1781 445 Commenta,

91 441 228 492 ἔπ’ἶέπέῑ
275 461 372 506 riis,
403 459 479 511 qui
509 455 691 504 diserte,
722 454 768 496 ὃ(
799 468 852 494 ex
884 453 1140 494 Sanctorum
1162 454 1339 498 Parrum
1371 454 1537 510 placitis
1569 458 1782 499 universos

73 526 163 556 tam
192 518 369 563 veteris,
401 526 531 568 quam
561 516 660 553 novi
681 511 940 552 Testamenti
955 511 1134 552 Codices
1163 512 1387 568 exposuit,
1418 513 1464 552 &
1495 526 1547 552 ex
1578 513 1668 554 aliis
1686 527 1783 567 prae-

74 585 188 614 terea
219 571 489 625 scriptoribus
522 574 687 623 privato
718 568 876 617 studio;
908 571 1172 623 propriaeque
1200 570 1423 612 consulens
1455 569 1627 610 utilitati
1661 570 1784 610 adno-

73 641 162 671 tare
192 641 454 670 curaveram.
495 625 768 667 Constitutus
799 628 912 665 enim
953 625 1106 667 Romae
1137 623 1225 668 fuit
1254 639 1490 668 conventus
1531 626 1786 667 docstiffimo-

71 701 169 728 rum
201 689 391 726 virorum
421 698 443 724 a
473 682 736 725 Sanctiffimo
769 681 980 723 Pontifice
1012 682 1275 726 URBANO
1307 684 1429 724 VIII.
1461 686 1537 737 qui
1572 683 1708 724 Biblia
1728 697 1784 723 re·

72 742 344 798 cognosceret
375 740 553 782 Arabica
575 771 589 790 ,
631 751 680 781 ut
712 753 758 780 ea
798 738 1069 792 postmodum
1107 739 1158 779 ad
1199 740 1490 782 Orientalium
1521 738 1786 781 Christiano-

71 815 170 842 rum
201 800 517 840 institutionem
556 800 924 853 imprimerentur.
964 794 1108 837 Tanto
1136 799 1297 851 quippe
1328 796 1466 836 studio
1506 796 1784 852 propagandae

72 860 291 912 religionis
323 857 526 898 Summus
556 855 628 896 ille
667 853 792 895 Orbis
825 863 1032 894 terrarum
1063 851 1253 894 Antistes
1293 853 1485 894 incensus
1516 865 1623 894 erat.
1665 853 1783 895 Nam

73 915 254 957 Arabica
282 913 428 968 lingua
459 926 547 953 non
578 911 715 952 solum
745 909 898 951 Africae
931 909 1099 964 populis
1129 910 1187 950 est
1217 913 1506 958 communior;
1539 924 1688 951 verum
1719 921 1783 950 et-

71 977 156 1014 iam
178 969 309 1012 Persis
332 1000 345 1020 .,
377 969 556 1019 Turcis,
589 968 799 1017 Tamaris,
828 980 872 1007 ac
887 966 1201 1007 Mahometanae
1233 966 1539 1021 superstitionis
1570 967 1786 1008 senatori-

71 1030 149 1071 bus
180 1026 385 1069 univerfis
416 1025 558 1067 Sacra.
599 1022 962 1066 Praetuofisfimus
994 1026 1127 1077 igitur
1150 1053 1163 1073 ,
1193 1037 1238 1065 ac
1268 1023 1563 1064 saluberrimus
1593 1024 1663 1064 hic
1693 1026 1784 1065 exi-

73 1087 265 1129 stimatus
296 1084 353 1126 est
386 1083 518 1124 labor:
553 1081 719 1123 solertia
741 1079 999 1135 praesertim,
1029 1094 1075 1121 ac
1097 1079 1291 1134 singulari
1317 1080 1543 1134 prudentia
1575 1080 1669 1121 Em.
1687 1079 1784 1122 Car.

73 1143 298 1191 Pallottae,
328 1145 404 1195 qui
436 1143 620 1181 maxima
649 1138 909 1186 assiduitate,
940 1151 986 1178 ac
1018 1137 1190 1178 incenso
1220 1138 1359 1180 studio
1390 1138 1539 1179 nostrae
1572 1137 1783 1192 Congreg.

73 1211 275 1255 praeerat.
317 1197 409 1253 Ego
439 1201 570 1252 igitur
602 1200 715 1238 inter
745 1192 876 1240 hujus
907 1205 1040 1235 coetus
1073 1194 1216 1236 Patres
1247 1195 1436 1237 adlectus
1476 1195 1784 1239 animadverte-

73 1259 170 1299 bam
200 1261 244 1296 in
276 1254 450 1309 lingulis
481 1254 568 1295 fere
600 1252 877 1307 congressibus
910 1250 1181 1293 difficultates
1212 1250 1307 1292 sane
1340 1266 1585 1307 permagnas
1616 1266 1669 1292 ex
1709 1249 1783 1292 Sa-

73 1328 154 1357 crae
185 1312 415 1365 Scripturae
447 1312 545 1352 locis
576 1314 621 1350 in
652 1309 833 1363 speciem
864 1309 1198 1362 repugnantibus
1227 1322 1440 1362 emergere
1459 1338 1472 1357 ,
1503 1312 1576 1363 qui
1608 1307 1784 1348 addubi—

75 1384 164 1414 tare
196 1370 461 1424 plurimum,
493 1368 538 1408 ὅ(
571 1367 727 1408 haerere
759 1380 832 1406 nos
861 1376 1081 1419 cogerent.
1115 1364 1470 1406 Pernecessarium
1501 1368 1634 1418 igitur
1665 1365 1783 1404 hunc

74 1443 153 1483 ego
183 1426 368 1468 laborem
398 1423 593 1478 suscepi,
633 1423 679 1464 ὃς
710 1433 923 1477 quantum
953 1422 1058 1461 mihi
1101 1436 1175 1475 per
1206 1419 1453 1462 facultatem
1492 1421 1619 1462 licuit
1650 1435 1781 1461 exan-

74 1487 178 1528 tlavi
202 1514 214 1534 ‚
255 1496 304 1525 ut
335 1483 414 1522 hoc
445 1480 591 1522 fru&u
623 1483 824 1534 privatim
853 1477 939 1533 ipse
972 1476 1236 1531 perfruerer.
1266 1477 1349 1520 Sed
1381 1477 1615 1531 parendum
1645 1488 1781 1518 coetus

75 1540 323 1588 Sodalibus,
352 1539 398 1579 &
429 1537 617 1592 Collegis
649 1537 761 1586 fuit,
803 1540 877 1591 qui
910 1549 977 1575 me
1009 1535 1059 1575 ad
1090 1549 1192 1575 eum
1223 1534 1529 1589 publicandum
1551 1564 1564 1583 ,
1605 1534 1650 1574 &
1681 1547 1782 1575 cum

75 1599 169 1641 aliis
198 1595 606 1639 communicandum
628 1624 641 1644 ,
682 1593 876 1635 nondum
908 1591 1032 1645 plane
1062 1604 1279 1635 maturum
1301 1622 1315 1641 ,
1355 1606 1401 1633 ac
1432 1589 1669 1645 perfeetum
1702 1594 1783 1630 im-

75 1656 301 1711 pulerunt.
335 1653 609 1708 Quamquam
641 1651 778 1692 multa
808 1649 1009 1704 equidem
1040 1648 1204 1699 studio,
1234 1663 1279 1690 ac
1301 1648 1353 1689 de
1384 1648 1589 1689 industria
1611 1659 1782 1701 praeter-

75 1712 188 1754 misr.
221 1710 462 1752 Permultos
492 1712 613 1750 enim
643 1708 754 1749 locos
785 1707 966 1747 intaetos
997 1705 1142 1756 volui,
1174 1707 1273 1761 quia
1304 1720 1372 1746 eos
1402 1705 1622 1745 conciliare
1646 1703 1783 1757 super-

78 1783 338 1818 vacaneum,
369 1767 415 1808 &
446 1769 620 1820 optimis
651 1767 830 1819 ingeniis
860 1760 1071 1808 injurium
1101 1762 1322 1804 videbatur
1341 1794 1349 1803 .
1383 1761 1609 1803 Nonnulla
1640 1773 1783 1802 tamen

76 1825 310 1882 paradoxa,
340 1837 432 1879 quac
465 1827 598 1877 prima
626 1820 733 1863 facie
762 1819 965 1868 absurda,
995 1821 1040 1862 &
1075 1823 1242 1861 veritati
1272 1823 1480 1862 contraria
1500 1818 1782 1865 videbantur,

78 1882 359 1925 accesserunt.
398 1879 555 1921 Fruere
586 1883 732 1934 itaque
763 1877 895 1918 lector
923 1881 1059 1919 amico
1089 1877 1226 1918 labore
1245 1907 1257 1925 ,
1299 1891 1453 1932 meque
1481 1875 1604 1926 Deo,
1633 1874 1784 1916 coeliti·

79 1942 243 1997 busque
275 1937 623 1981 commendatum
654 1936 891 1991 plurimum
923 1934 1047 1987 velis,
1077 1948 1122 1976 ac
1153 1933 1291 1975 Vale.

1516 2394 1517 2397 ¹
1565 2430 1717 2475 con-
