1866 2526
491 60 571 104 SI

133 121 333 156 antibus-Isaiae
345 120 464 161 precibus
477 142 486 154 ‚
509 130 539 149 ut
549 119 663 159 populiis
673 119 754 150 Israel
777 119 806 150 in
816 119 927 150 civitate

134 165 247 197 obsesshs
255 173 312 192 non
323 163 424 201 periret
435 162 477 191 siti
487 182 494 190 .
514 163 612 200 Itaque
620 161 652 189 ad
662 171 754 190 manus
772 171 930 201 opportune

135 208 209 237 illam
227 204 341 244 populus
352 203 463 233 habebat
473 226 481 237 ,
499 207 527 232 δι
546 211 658 231 econtra
676 203 855 242 irreperibilis
875 212 930 231 erat

136 247 254 277 hostibus
264 255 272 276 ς
295 244 329 273 de
339 245 436 274 eodem
447 244 511 273 facit
521 244 604 273 etiam
615 244 786 273 mentionem
796 243 930 283 Joseplius

137 288 264 318 Hebraeus
274 308 281 315 .
303 287 371 321 Quae
380 287 464 314 relata
474 285 605 314 habentur
616 293 698 322 penes
709 286 857 314 Batoniutn
867 295 929 313 ann.

135 339 181 367 33.
194 339 220 357 n.
232 339 244 366 3
255 338 279 363 5.
289 331 315 356 δι
328 334 376 364 36.
394 328 432 360 ;Ηε
453 326 610 355 Patriarcha
627 335 719 354 autem
737 327 820 364 Jacob
832 326 928 364 Judam

134 372 189 404 ejus
199 369 287 398 filium
297 368 460 396 benedicens
469 389 477 400 ‚
489 377 518 396 ut
530 367 559 396 in
569 366 669 396 Genesi
681 366 804 399 habetur,
817 367 927 397 vocavit

134 408 258 439 Messian]
277 409 381 437 Sciloch
391 430 398 441 ,
420 418 479 446 quae
500 418 553 436 vox
572 408 603 436 in
622 408 743 446 Vulgata
765 408 926 436 Mittendus

135 451 264 479 translata
276 450 326 477 suit
337 468 344 475 .
354 451 409 479 PR.
420 451 488 477 Non
500 449 650 487 incongrue
660 448 771 476 videtur
783 446 829 476 hic
844 458 928 487 quan-

134 491 197 520 dam
215 491 334 529 lepidam
355 488 593 527 reprehensionem
610 488 710 518 referre
721 510 729 521 ‚
746 497 798 525 qua
819 489 928 527 quidam

134 532 248 562 Amicus
259 531 364 569 aliquos
375 531 484 569 Judaeos
493 533 592 560 Romae
603 530 736 569 degentes
745 527 826 557 semel
840 529 923 565 objurr

133 582 243 610 gaverat
255 583 262 603 ς
287 581 351 600 nam
361 571 482 600 Romani
493 570 643 609 vulgariter
653 579 767 599 ventum
779 570 878 605 Syrum
888 574 915 597 Si

133 612 384 651 locchoappellan15
406 611 471 640 hinc
480 611 585 650 sumpta
599 611 736 639 occasione
748 610 794 639 ille
814 611 876 639 talis
887 610 927 638 di-

135 663 212 682 xerat
221 652 344 683 Hebraeis
355 653 498 685 Romanis,
508 652 581 691 quod
592 662 648 680 non
660 660 766 679 tantum
780 651 926 680 admiraba-

134 703 196 727 tur,
219 693 293 733 quod
310 692 401 722 caeteri
419 693 510 730 Judaei
530 703 579 731 per
595 693 702 722 Orbem
721 692 830 731 decepti
843 691 927 721 adhuc

134 733 256 763 Messiam
266 734 454 772 cxpestarent5
473 732 519 762 sed
528 733 639 772 quidem
650 734 684 762 de
695 734 818 762 Hebraeis
829 736 926 763 Roma:

134 774 316 804 incolentibus
327 794 335 806 ,
354 773 401 812 qui
411 773 491 802 illum
508 776 655 813 expec'tant
667 797 674 807 ,
697 774 762 802 dum
773 785 786 802 :i
796 775 928 803 Sciloccho

133 825 188 844 tam
205 814 275 853 saepe
287 814 432 843 visitantur
443 826 449 845 ς
470 816 644 854 aequivocans
667 824 782 854 namque
802 815 832 843 in
849 814 927 843 sensu

134 855 312 884 Hebraeorum
326 877 332 887 ‚
355 859 382 884 δ(
393 855 421 883 in
433 854 512 884 sensu
531 856 635 895 vulgari
648 858 776 885 Romano
786 878 794 890 ‚
812 855 874 895 quia
885 856 925 883 illi

133 905 180 934 per
188 897 289 925 sciloch
299 895 421 924 Meffiam
433 917 440 928 ,
461 907 490 924 ac
502 906 616 925 ventum
625 897 722 932 Syrum
736 897 859 936 vulgares
869 899 926 925 Ro-

133 937 207 965 mani
218 936 382 975 intelligunt
394 957 402 968 ,
421 947 434 964 a
446 947 496 975 qua
507 936 661 976 spiratione
670 938 765 966 crebro
784 937 927 966 infestatur

132 979 223 1006 Roma
241 979 279 1011 ill:
300 977 361 1006 Alii
380 987 473 1005 tamen
483 977 553 1006 hanc
571 977 723 1007 distioneni
743 977 856 1007 censent
869 989 926 1006 non

133 1017 186 1046 esse
195 1017 347 1046 hebraicam
359 1039 366 1050 ‚
386 1028 413 1046 ac
423 1017 541 1056 proinde
552 1018 661 1047 suerunt
672 1019 753 1047 variae
763 1019 912 1057 opiniones
922 1040 928 1046 .

133 1061 170 1088 R.
183 1059 310 1088 Abnazer
328 1059 446 1087 affirmat
462 1060 578 1097 Miffum
597 1059 769 1098 fignificare5
787 1060 834 1088 alii
851 1059 928 1088 dixe<

133 1109 197 1128 runt
208 1098 259 1128 esse
269 1099 444 1138 compositam
455 1110 487 1128 ex
499 1101 597 1128 duabus
608 1100 718 1129 vocibus
729 1101 853 1130 Sciailah
866 1122 874 1134 ,
888 1101 927 1129 id-

133 1140 170 1168 est
182 1161 189 1172 ,
202 1141 314 1169 Donate
325 1151 373 1169 vos
385 1140 427 1168 ei.
450 1141 523 1169 Vide
533 1141 679 1170 Probatica
688 1159 696 1168 .

98 1181 251 1210 Summam
262 1201 268 1208 .
283 1181 356 1210 Vide
364 1186 568 1210 Semaneerium
577 1202 584 1209 .

92 1222 252 1251 Sinitaxia
263 1243 271 1254 ,
293 1221 338 1251 seu
348 1222 461 1251 Similia
470 1242 477 1250 .
492 1222 565 1251 Vide
575 1222 672 1260 Cupha
682 1243 689 1250 .

93 1263 186 1291 Simon
197 1282 204 1290 .
222 1264 277 1292 FR.
290 1261 365 1291 hebr.
385 1272 486 1290 nomen
502 1263 678 1291 obedientem
700 1263 854 1300 significans
866 1284 873 1291 .
892 1263 931 1293 Si-

134 1313 201 1331 mon
212 1312 301 1332 autem
311 1324 319 1336 ,
338 1302 410 1341 quia
422 1303 557 1332 Romanis
567 1312 696 1342 tanquam
705 1304 779 1332 Deus
789 1304 931 1333 colebatur

131 1354 192 1372 cum
204 1343 253 1372 hac
270 1342 452 1382 inscriPtione
470 1346 680 1372 SimoniSanc‘i‘o
691 1365 699 1377 ‚
718 1342 763 1372 seu
774 1350 876 1377 Samo,
897 1345 931 1373 de

133 1394 188 1423 quo
198 1384 280 1413 titulo
291 1385 392 1422 pluries
403 1385 476 1422 apud
485 1385 745 1417 Crutcruin,Simoii
757 1388 855 1424 Magus
866 1385 930 1419 fuit,

134 1434 164 1453 ut
176 1425 296 1463 Justinus
315 1426 396 1453 Mart.
408 1426 494 1463 Apol.
506 1435 557 1463 pro
575 1425 727 1454 Christian.
746 1426 779 1454 ad
791 1426 930 1455 Antonin.

134 1465 215 1494 Pium
226 1487 234 1498 ‚
245 1467 365 1494 Irenaeus
377 1487 384 1498 ‚
395 1465 444 1493 lib.
460 1476 481 1493 i.
494 1477 516 1493 c.
531 1477 576 1494 ιο.
587 1465 702 1494 Tei-tull.
716 1467 798 1504 Apol.
812 1477 870 1505 cap.
888 1478 931 1506 ¹3·

134 1504 230 1534 Euseb.
241 1506 286 1534 lib.
302 1517 326 1533 ι.
336 1514 393 1542 cap.
410 1515 453 1533 η.
468 1516 511 1542 ¹3-
522 1510 549 1535 δ(
564 1517 606 1540 ¹4·
617 1516 630 1534 a
640 1509 737 1535 Baron.
747 1507 856 1535 adduffi
869 1529 876 1540 ‚
888 1518 930 1536 an.

137 1555 183 1582 34.
196 1555 224 1573 n.
239 1554 283 1580 52..
294 1546 362 1573 &in
372 1544 457 1582 figura
468 1546 549 1583 Jovis
559 1567 567 1578 ,
576 1546 649 1574 idern
660 1548 759 1575 Bai-on.
769 1558 812 1575 an.
823 1558 931 1586 35.n.2.

136 1595 180 1613 an.
191 1597 239 1620 44.
253 1596 278 1613 u.
294 1595 339 1621 59.

95 1626 190 1653 Simos
204 1627 310 1655 Manus
322 1648 327 1657 .
339 1626 480 1664 quomodo
490 1636 569 1665 caput
578 1627 685 1656 radebat
698 1648 704 1655 .
716 1628 789 1657 Vide
798 1630 931 1667 Tonsura.

97 1667 224 1695 SIMONIA
236 1687 243 1698 ,
262 1665 450 1705 gravissimum
469 1667 601 1696 delistum
613 1669 786 1698 venditionis
806 1670 844 1698 rei
854 1668 932 1709 spiri-

136 1708 226 1739 tualis,
238 1717 297 1745 quae
307 1707 490 1736 incursionem
499 1707 669 1739 censurarum
678 1710 932 1743 Ecclesiasticarum‚

134 1747 334 1788 obligationem
353 1748 514 1778 restituendi
534 1749 651 1787 pretium
661 1760 802 1789 acceptum
813 1772 820 1784 ,
839 1755 865 1780 δ(
877 1751 919 1780 fru

135 1789 192 1816 ctus
202 1788 328 1818 beneficii
347 1789 532 1818 obtentimala
551 1789 605 1818 fide
614 1800 757 1829 perceptos
774 1791 864 1820 secum
878 1802 930 1821 tra-

137 1828 181 1856 liit
192 1848 199 1854 .
212 1829 273 1858 Fuit
282 1830 356 1858 enim
365 1840 379 1858 a
389 1832 477 1868 Mago
487 1830 600 1859 Simone
618 1832 654 1859 ita
665 1832 844 1861 denominata
853 1854 860 1865 ,
883 1834 929 1871 qui

137 1869 251 1906 pecunia
273 1870 303 1898 ab
313 1870 453 1908 Apostolis
463 1870 595 1909 Spiritum
606 1872 733 1901 sanetum
743 1882 834 1901 emere
844 1883 931 1902 tenta-

137 1919 215 1938 verat
226 1931 232 1942 ,
254 1910 363 1939 invidia
373 1921 462 1939 motus
477 1911 669 1950 operationum
689 1912 910 1951 prodigiosarum
924 1936 931 1947 ,

136 1960 200 1988 quas
219 1951 367 1979 Paraclitus
388 1961 436 1989 per
446 1962 491 1980 eos
501 1952 718 1984 demonstrabam
739 1963 785 1991 qui
795 1963 886 1982 tamen
903 1955 933 1982 ab

136 1990 300 2029 Apostolico
310 1992 408 2020 Senatu
418 1993 531 2028 rejeftus
545 1992 595 2021 fuit
603 1992 653 2022 hac
662 1993 811 2022 sententia:
827 1997 931 2030 [Pecu-

137 2041 182 2059 nia
192 2041 236 2060 tua
254 2041 341 2060 tecum
360 2032 392 2061 sit
404 2033 434 2061 in
450 2033 638 2071 perditionem
647 2056 656 2068 ‚
676 2035 807 2073 quoniam
828 2035 932 2064 donum

138 2070 192 2101 Dei
204 2071 365 2101 existimasti
376 2073 490 2110 pecunia
498 2072 628 2112 possideri
642 2095 648 2102 .
669 2076 764 2104 Αᾶοῐ.
777 2077 824 2106 8.]
846 2077 933 2112 Quam

137 2122 206 2141 vcro
216 2115 312 2142 Petrus
321 2113 450 2143 Blesensis
459 2135 466 2147 ,
478 2114 555 2152 epist.
571 2125 580 2142 i
589 2126 635 2151 29.
645 2114 688 2144 his
698 2115 786 2144 verbis
795 2117 912 2154 explicat
925 2129 930 2145 :

138 2155 223 2188 [Non
234 2163 363 2191 poterant
374 2154 424 2182 tibi
434 2153 558 2184 sufficere
568 2155 692 2184 redditus
701 2156 831 2185 canonice
842 2158 931 2195 acqui-

137 2193 201 2226 siti,
218 2197 245 2222 ὃ(
255 2194 445 2224 Ecclefiasticae
458 2194 615 2229 facultates,
635 2196 688 2225 nisi
709 2196 856 2226 aedificares
867 2198 932 2227 Sion

137 2234 168 2262 in
177 2232 350 2274 sanguinibus
359 2257 368 2269 1
388 2246 470 2274 atque
479 2237 627 2266 venalitate
636 2237 797 2270 execrabili,
819 2242 847 2266 ὅ(
860 2238 932 2267 dam-

137 2274 221 2303 nabili
233 2275 335 2314 quaestu
351 2276 465 2304 divitias
473 2287 653 2316 congregares
664 2281 673 2306 ?
684 2279 696 2308 ]
717 2281 752 2306 Et
772 2277 887 2307 inferius
897 2280 931 2308 sie

133 2315 211 2345 illam
222 2314 351 2345 describit
361 2329 368 2345 .-
383 2317 524 2353 [Avaritia
534 2318 593 2346 haec
603 2318 747 2347 simoniaca
756 2317 813 2357 ipsa
823 2319 861 2348 est
872 2330 930 2349 ver-

135 2356 189 2386 mis
201 2356 386 2391 interficiens,
404 2357 518 2387 bruchus
529 2357 656 2397 pellimus
665 2380 675 2393 ‚
695 2369 789 2398 aerugo
801 2380 809 2392 ,
819 2370 846 2388 ac
857 2360 932 2390 tinea

134 2396 224 2426 cordis
236 2419 244 2432 ,
263 2407 322 2437 quae
333 2398 403 2429 bona
419 2399 516 2430 omnia
528 2400 663 2440 aeruginat
672 2421 682 2435 ,
701 2403 731 2431 ὃς
741 2399 879 2430 consumit
889 2422 897 2430 .
919 2403 931 2434 ]

932 111 944 1358 W&

985 117 1042 148 PR.
1052 117 1122 146 Haec
1136 115 1247 155 peslima
1259 115 1378 144 Haerefis
1396 113 1488 144 habuit
1499 117 1559 145 suos
1569 116 1695 148 sestarios
1705 75 1784 159 ,9q11i

987 162 1144 188 Simoniani
1164 158 1325 186 dicebantur
1334 178 1342 189 ,
1362 167 1478 195 quorum
1487 157 1615 196 dogmata
1634 159 1714 190 exosa
1726 161 1784 190 lici.

988 207 1043 227 tam
1053 209 1142 228 rerum
1161 198 1343 237 spiritualium
1364 198 1559 226 venditionem
1571 197 1716 230 afferebant
1727 224 1734 235 ,
1755 212 1784 230 ac

987 249 1135 269 creaturam
1147 250 1205 268 non
1217 250 1230 268 a
1244 240 1308 268 Deo
1320 261 1328 273 ‚
1351 238 1421 268 seda
1433 238 1539 269 virtute
1547 240 1662 278 quadam
1672 239 1786 281 superna

987 291 1103 310 creatam
1116 292 1191 314 ‚can.
1201 280 1312 319 quidam
1325 302 1332 313 ,
1345 292 1390 316 24·
1403 280 1534 319 qu2est.3.
1544 281 1699 310 Simoniani
1709 283 1785 311 enim

988 321 1051 350 sunt
1063 322 1121 361 plus
1131 321 1288 354 execrandi,
1298 331 1378 360 quam
1389 321 1579 350 Macedoniani
1591 322 1726 355 haeretici,
1737 323 1784 361 qui

988 362 1184 402 impugnabant
1202 362 1334 401 Spiritum
1343 362 1488 393 Sanfflim3
1509 361 1537 390 lii
1551 373 1665 402 namque
1676 374 1782 392 creatu-

987 414 1042 432 ram
1055 426 1063 437 ,
1082 408 1109 433 ὃ(
1119 403 1227 433 servum
1245 403 1300 432 Dei
1321 403 1410 432 Patris
1420 424 1428 436 ,
1447 407 1474 432 ὅ(
1486 404 1549 432 Filii
1568 405 1699 443 Spiritum
1718 405 1782 434 San-

985 445 1058 473 &um
1077 445 1224 474 delirando
1242 444 1412 473 fatebantur:
1438 454 1464 472 at
1486 444 1641 474 Simoniani
1662 446 1784 474 efficiunt

985 485 1118 523 Spiritum
1133 486 1258 515 SanRum
1269 496 1326 514 non
1338 485 1391 514 Dei
1405 507 1412 518 ‚
1423 483 1470 514 sed
1479 495 1574 513 eorum
1586 485 1703 515 servum.
1718 487 1786 522 [O-

987 528 1058 554 mnis
1069 527 1144 555 euim
1157 527 1297 556 Dominus
1307 526 1381 564 quod
1391 524 1471 555 habet
1485 547 1492 559 ‚
1503 526 1522 554 si
1533 527 1593 556 vult
1604 549 1611 560 ,
1625 527 1724 555 vendit
1736 548 1742 559 ‚
1754 527 1786 555 li-

985 576 1019 594 ve
1028 566 1155 602 servum,
1176 568 1232 596 sive
1242 567 1348 606 aliquid
1360 567 1435 596 aliud
1447 576 1540 595 eoruin
1550 589 1556 600 ,
1578 577 1638 606 quae
1650 566 1769 608 possidet
1779 588 1786 595 .

987 608 1122 636 Similiter
1132 613 1159 638 δ(
1171 609 1217 648 qui
1228 608 1297 637 emit
1306 630 1314 641 ,
1324 608 1454 636 dominus
1463 610 1520 643 ejus
1531 608 1627 637 volens
1637 608 1698 641 elle,
1710 609 1785 648 quod

986 649 1094 681 emerit,
1107 659 1155 687 per
1165 650 1282 688 pretium
1294 649 1415 686 pecuniae
1429 648 1498 678 illud
1509 650 1625 689 acquirit
1636 671 1642 677 .
1654 652 1697 679 Ita
1707 655 1733 679 ex·
1744 649 1785 682 hi,

987 690 1033 727 qui
1045 689 1113 718 hanc
1124 691 1247 729 iniquam
1259 691 1395 719 astionem
1404 700 1559 729 operantur,
1569 690 1718 720 detrahunt
1728 691 1788 730 Spi-

985 729 1051 758 ritui
1063 731 1171 764 ὃαηξὶο,
1182 732 1325 770 :equaliter
1334 741 1476 769 peccantes
1487 730 1528 760 his
1540 753 1546 764 ,
1561 733 1606 771 qui
1619 731 1787 770 blasphema-

988 781 1088 800 verunt
1102 793 1110 805 ,
1129 772 1252 801 dicentes
1263 771 1407 802 Christum
1419 772 1447 801 in
1459 773 1612 801 Beelzebub
1622 774 1720 809 ejicere
1729 773 1785 802 dte-

985 812 1078 840 monia
1091 823 1097 839 z
1115 822 1196 851 atque
1214 818 1266 847 (ut
1278 814 1366 841 verius
1375 814 1495 842 dicamus
1509 817 1520 845 )
1541 814 1618 852 Judti:
1629 824 1787 852 comparan-

986 862 1031 880 tur
1042 853 1200 891 proditori,
1220 854 1376 892 quiJudxis
1386 853 1552 883 occisoribus
1564 853 1708 884 Christum
1720 865 1786 884 ven-

985 893 1058 922 didit
1066 898 1118 923 &c.
1131 905 1190 924 can.
1201 898 1252 923 Eos
1261 895 1329 934 qui,
1346 906 1368 923 i.
1380 907 1424 935 qu.
1442 907 1464 924 i.
1476 898 1487 927 ]
1502 897 1543 925 Ita
1553 896 1629 924 eniin
1639 918 1646 929 ‚
1659 899 1686 925 ὅ(
1697 896 1787 924 taliter

985 934 1153 964 detestabilis
1163 936 1201 964 est
1211 936 1326 965 simonia
1334 958 1341 969 ‚
1352 946 1382 965 ut
1394 947 1483 976 neque
1492 947 1526 965 ex
1536 940 1592 973 ejus
1601 937 1788 976 acquisitioni-

984 975 1030 1004 bus
1040 986 1183 1014 reputetur
1193 977 1283 1006 valida
1292 977 1467 1013 eleemosyna
1477 1000 1484 1011 ,
1503 989 1562 1007 can.
1574 989 1631 1007 non
1643 978 1681 1007 est
1691 988 1788 1016 putan-

984 1016 1019 1044 da
1030 1038 1038 1049 ‚
1055 1027 1077 1044 i.
1087 1027 1133 1055 qu.
1150 1029 1172 1046 i.
1184 1017 1308 1046 Simonia
1317 1028 1371 1046 erat
1382 1020 1464 1047 etiam
1474 1020 1544 1057 apud
1556 1019 1688 1048 Ethnicos
1708 1019 1788 1048 odio—

985 1055 1011 1085 sa
1021 1079 1029 1090 ‚
1041 1057 1098 1086 imo
1108 1058 1143 1086 de
1154 1059 1278 1088 Romulo
1290 1059 1382 1097 inquit
1394 1059 1514 1094 Dionys.
1529 1060 1670 1088 Halicarn.
1683 1060 1787 1098 l.2.c.3.

988 1098 1121 1133 [Deinde
1131 1099 1205 1138 quod
1216 1121 1223 1133 ,
1238 1110 1321 1138 quum
1331 1100 1377 1128 alii
1391 1101 1461 1129 male
1472 1101 1678 1140 quodammodo
1690 1123 1697 1134 ,
1708 1105 1735 1130 ὃ(
1746 1101 1789 1128 in-

988 1139 1159 1168 considerate
1170 1141 1278 1179 eligant
1288 1141 1446 1170 Sacerdotes
1459 1163 1466 1174 ,
1476 1146 1503 1171 &
1514 1142 1560 1170 alii
1571 1140 1698 1170 censeant
1708 1141 1786 1177 hujus

987 1178 1101 1208 honoris
1123 1181 1242 1219 pretium
1264 1181 1325 1210 voci
1347 1183 1481 1219 praeconis
1499 1181 1697 1219 subjiciendum
1710 1194 1716 1214 ς
1739 1183 1789 1211 alii

987 1230 1055 1248 vero
1065 1219 1213 1250 sacerdotia
1221 1220 1295 1251 sorte
1307 1222 1448 1254 dividunt3
1461 1223 1540 1262 ipse(
1553 1225 1628 1261 idest,
1640 1224 1788 1255 Romulus)

986 1260 1137 1290 sacerd0tia
1149 1273 1237 1301 neque
1248 1263 1355 1292 venalia
1366 1263 1417 1292 esse
1428 1285 1434 1296 ,
1449 1275 1538 1303 neque
1549 1263 1623 1293 sorte
1635 1265 1725 1293 dividi
1739 1275 1787 1293 vo-

986 1301 1053 1329 luit:
1066 1300 1112 1331 sed
1124 1303 1212 1342 legem
1223 1304 1298 1338 tulit,
1309 1314 1360 1342 qua
1368 1303 1444 1340 juffit
1454 1316 1489 1334 ex
1501 1305 1613 1345 singulis
1622 1306 1704 1335 curiis
1714 1315 1785 1335 crea-

987 1342 1021 1374 ri,
1032 1342 1109 1376 duos,
1122 1344 1168 1382 qui
1179 1354 1282 1372 annui-n
1291 1345 1380 1373 aetatis
1392 1345 1707 1386 qiiinquagefiiiiumjam
1720 1356 1789 1385 pre-

986 1382 1109 1412 terislent
1119 1407 1126 1417 ,
1146 1384 1231 1423 qui&
1250 1395 1352 1424 genere
1367 1386 1426 1415 aliis
1448 1389 1607 1425 prestarent
1617 1410 1624 1420 ,
1641 1392 1669 1416 ἃ·
1682 1388 1786 1416 virtute

986 1422 1069 1452 eslent
1080 1424 1198 1463 insignes
1210 1447 1218 1458 ‚
1232 1429 1259 1454 ὃ(
1271 1426 1380 1455 censum
1390 1426 1574 1456 sufficientem
1585 1427 1716 1456 haberent
1729 1450 1736 1461 ,
1758 1432 1786 1457 «Sc

988 1474 1103 1502 corpore
1112 1465 1196 1494 essent
1206 1466 1318 1505 integro
1328 1488 1335 1494 .
1348 1468 1399 1495 His
1409 1477 1499 1496 autem
1513 1479 1568 1496 non
1580 1468 1613 1496 ad
1622 1478 1726 1497 certum
1736 1469 1787 1497 ali-

988 1505 1064 1543 quod
1084 1516 1189 1544 tempus
1202 1529 1208 1539 ,
1228 1505 1274 1534 sed
1285 1508 1411 1546 quamdiu
1432 1507 1560 1537 viverent
1572 1530 1580 1541 ,
1599 1508 1650 1538 hos
1669 1508 1789 1538 honores

987 1545 1118 1574 concessit
1128 1569 1136 1580 ,
1146 1547 1247 1585 eosque
1258 1548 1376 1580 militias,
1388 1548 1422 1577 ob
1434 1558 1541 1577 aetatem
1554 1571 1560 1581 ‚
1571 1552 1599 1577 ὅ(
1613 1551 1789 1589 negotiorum

988 1587 1151 1615 urbanorum
1161 1589 1196 1616 ob
1208 1589 1296 1627 legem
1309 1589 1442 1618 immunes
1453 1589 1517 1618 fecit
1529 1592 1557 1621 .]
1571 1590 1625 1624 Qui
1636 1591 1736 1619 nedum
1748 1589 1789 1619 sa-

989 1637 1044 1655 cras
1056 1649 1064 1660 ,
1082 1627 1129 1656 sed
1139 1632 1165 1657 δε
1178 1631 1340 1667 temporales
1352 1629 1501 1668 dignitates
1513 1641 1560 1669 per
1571 1631 1732 1670 largitiones
1744 1632 1789 1661 ab-

989 1667 1148 1701 horrebant,
1165 1679 1192 1697 ut
1204 1680 1236 1698 ex
1247 1670 1340 1700 Cic.2.
1352 1670 1386 1699 de
1395 1671 1477 1700 Orat.
1488 1675 1514 1700 3<
1526 1671 1555 1699 in
1567 1673 1644 1710 epist.
1656 1672 1688 1701 ad
1699 1672 1788 1708 Quin-

990 1719 1050 1737 tum
1061 1709 1136 1737 fratr.
1147 1708 1210 1738 satis
1220 1711 1308 1748 liquet
1317 1732 1324 1739 .
1343 1712 1485 1748 Quantum
1498 1723 1564 1741 vero
1573 1713 1645 1751 apud
1657 1714 1788 1742 Hebraeos

988 1749 1114 1778 odiosum
1123 1760 1181 1779 erat
1200 1750 1254 1779 lioc
1266 1751 1445 1790 largitionum
1456 1763 1539 1791 genus
1562 1765 1594 1782 ex
1607 1753 1726 1792 pluribus
1736 1752 1788 1782 sac.

988 1788 1080 1828 script.
1093 1792 1159 1819 locis
1168 1793 1365 1830 comprobatur,
1376 1803 1403 1821 ac
1415 1794 1449 1821 de
1460 1794 1576 1823 Daniele
1587 1795 1675 1832 inquit
1686 1792 1790 1833 Joseph

989 1832 1120 1860 Hebraeus
1133 1843 1138 1847 ·
1151 1834 1225 1867 [Pro
1236 1833 1391 1861 muneribus
1401 1833 1537 1871 promissis
1547 1847 1560 1864 a
1573 1834 1742 1869 Baithmare,
1755 1846 1789 1864 eo

988 1872 1062 1910 quod
1083 1872 1208 1910 exigebat
1220 1873 1394 1912 prophetiam
1415 1874 1529 1903 visionis
1539 1897 1546 1908 ‚
1568 1874 1711 1913 respondit
1732 1876 1790 1905 Da-

988 1913 1063 1944 niel,
1074 1912 1236 1951 sapientiam
1247 1936 1254 1946 ‚
1265 1918 1293 1942 ὅ(
1303 1914 1457 1943 divinarem
1470 1920 1480 1948 (
1492 1916 1539 1944 hoc
1551 1916 1791 1953 estspiritualita-

989 1957 1067 1985 tem)
1080 1953 1134 1982 sine
1147 1952 1274 1993 stiffi-agio
1284 1953 1390 1993 semper
1400 1955 1516 1984 existere
1529 1977 1535 1989 ‚
1545 1960 1571 1985 δε
1582 1956 1667 1995 gratis
1679 1957 1792 1995 prodes-

989 1992 1017 2022 se
1027 1994 1198 2022 credentibus
1211 2017 1218 2028 ,
1229 1995 1274 2023 lib.
1290 2006 1332 2023 10.
1345 1995 1431 2034 antiq.
1442 2005 1550 2035 cap-13.
1562 1999 1574 2028 ]
1588 1997 1679 2032 Quare
1689 1997 1789 2027 merito

989 2045 1105 2063 canones
1127 2035 1289 2064 simoniacos
1298 2036 1329 2064 :id
1350 2036 1554 2066 restitutionem
1573 2038 1700 2077 obligant
1718 2039 1790 2068 male

989 2075 1022 2104 de
1040 2074 1224 2113 spiritualibus
1235 2085 1427 2115 perceptorum
1438 2098 1445 2110 ‚
1468 2078 1531 2116 quia
1540 2079 1602 2107 data
1614 2100 1622 2112 ‚
1644 2083 1672 2108 δ(
1683 2089 1790 2119 accepm

990 2116 1183 2145 damnabiliter
1195 2138 1201 2149 ‚
1214 2127 1242 2145 ac
1253 2115 1418 2146 infructuose
1429 2120 1552 2147 retinent
1566 2141 1572 2152 ,
1595 2124 1623 2149 ὅ(
1635 2129 1664 2148 ut
1678 2121 1730 2149 loc.
1742 2121 1790 2148 cit.

989 2157 1083 2195 inquit
1099 2157 1217 2186 Daniel:
1232 2157 1293 2194 fine
1305 2158 1438 2196 suffi‘agio
1452 2180 1460 2192 ‚
1483 2160 1595 2193 (idest,
1615 2161 1789 2193 animarum)

985 2199 1091 2235 semper
1102 2199 1215 2232 existere
1226 2220 1233 2231 ,
1245 2208 1307 2226 nam
1317 2207 1422 2226 tantum
1428 2201 1644 2238 gratisprodeffi?
1653 2203 1790 2229 credenti·

986 2239 1036 2267 bus
1049 2258 1055 2265 .
1068 2239 1228 2266 Mimculum
1237 2247 1326 2266 autern
1337 2238 1473 2274 cujusdam
1484 2241 1633 2269 Simoniaci
1643 2240 1791 2280 Episcopi.

989 2279 1063 2307 Vide
1075 2288 1104 2306 in
1114 2279 1180 2307 dict.
1199 2280 1295 2307 Gloria
1306 2283 1388 2308 Patri
1399 2279 1456 2313 &a
1478 2281 1646 2310 Committit
1665 2281 1789 2311 limonia:

989 2329 1131 2358 peccatum
1150 2317 1298 2358 Episcopus
1309 2321 1443 2359 accipiens
1452 2322 1557 2360 aliquid
1570 2332 1621 2360 pro
1635 2322 1789 2352 ordinatio-

990 2371 1025 2388 ne
1036 2380 1043 2387 .
1055 2360 1128 2388 Vide
1138 2361 1364 2396 lnthromsticum
1375 2381 1381 2389 .
1392 2361 1542 2391 Simoniaci
1553 2361 1676 2391 liaeretici
1685 2361 1732 2392 sub
1744 2374 1790 2394 va-

990 2401 1038 2432 riis
1049 2401 1212 2430 nominibus.
1226 2401 1299 2431 Vide
1310 2405 1477 2433 Henriciam
1488 2423 1495 2432 .
1505 2403 1701 2443 Neophytorum
1709 2404 1789 2435 hare-

1688 2443 1727 2484 fis
1740 2464 1750 2474 .
