1866 2526
446 39 554 82 CA

1229 38 1269 81 C
1297 39 1338 81 A
1594 57 1670 96 149

64 96 250 132 car-tutu,
262 97 367 126 bai—baia
378 106 444 132 vox,
456 108 516 136 quae
531 104 613 136 penes
625 95 746 126 Anastas.
757 91 891 126 Biblioth-
910 95 1030 124 Cmn·
1050 95 1155 125 nudato
1172 95 1256 126 etiam
1274 97 1305 126 in
1315 94 1459 135 primitiva
1479 97 1595 129 Ecclefi2
1613 101 1724 129 orabant

104 138 135 168 in
145 139 237 168 Leone
249 139 303 167 1v.
313 138 425 167 videtur
435 137 588 177 significare
601 147 646 166 vas
655 157 662 164 .
683 138 818 174 [Obtulit
830 146 891 164 can·

948 135 1101 165 Christiani
1111 157 1118 165 .
1140 136 1215 166 Vide
1224 137 1343 166 Colleffa
1352 156 1360 164 .

105 178 199 207 tunam
209 180 478 218 argenteamunam]
499 176 604 207 sortass'e
625 177 726 208 incenfi
747 176 870 207 navicula
882 198 889 209 ‚
907 176 1124 206 CAPITERGIUM
1139 198 1148 211 ‚
1170 178 1286 207 linetum
1300 200 1308 211 ‚
1318 177 1363 206 seu
1375 177 1473 224 fascia,
1484 189 1536 225 qua
1545 179 1673 219 Episcopi
1684 191 1728 209 ca-

104 229 139 247 ex
151 229 219 247 voce
228 229 316 258 graeca
328 215 533 258 uvssiima‚qitae
543 218 689 247 canistrum
700 219 888 258 significamu—

102 259 138 288 de
149 260 290 289 Cantulla
297 258 497 288 diminutivum
506 269 613 288 nomen
626 282 634 293 ‚
659 269 687 288 ut
701 260 816 297 Cistella
827 281 834 293 ,
844 262 889 288 Fi-

99 300 122 336 s
118 300 188 328 cella
205 300 264 333 &a

65 340 148 368 Caos
160 361 167 368 .
191 340 265 369 Vide
287 341 374 371 Chaos
385 361 393 369 .

63 381 148 409 CAPA
160 402 167 408 .
191 381 264 410 vide
284 385 395 419 Cappa.

62 421 201 451 Carmo
211 442 218 449 .
227 423 283 451 FR.
293 422 398 460 depilo,
409 422 523 461 capillos
532 421 652 461 extirpo,
665 422 758 451 evello
768 442 775 449 .
786 420 886 450 Bullar.

948 226 995 256 put
1005 217 1106 256 ligatur
1117 239 1124 250 ,
1134 218 1200 246 dum
1211 219 1274 248 oleo
1285 217 1378 247 sancto
1387 229 1503 259 ungitur
1515 231 1544 249 in
1555 225 1610 258 ejus
1627 221 1723 249 conse-

946 257 1066 286 cratione
1075 279 1083 288 .
1094 258 1249 288 Davantria
1259 259 1290 288 in
1301 260 1488 290 Caeremonial
1497 281 1504 289 .
1515 263 1554 290 M.
1577 264 1603 293 S.

906 299 1107 328 (ἶΑριτῐΑκως
1119 321 1126 332 ,
1138 299 1290 328 tibutorum
1298 301 1408 329 exactor
1419 324 1426 334 ‚
1448 301 1495 340 qui
1508 312 1556 340 per
1575 302 1725 332 hominum

944 338 1033 378 capita
1045 340 1144 369 tributa
1155 340 1279 379 exigit.[
1299 341 1461 370 Constituas
1481 343 1529 371 tibi
1550 344 1633 373 alium
1651 342 1725 374 The-

943 378 1089 410 sautarium
1101 402 1109 414 ,
1119 385 1148 410 δε
1157 380 1344 420 capitiarium
1363 382 1397 412 de
1413 383 1492 412 bonis
1510 385 1628 414 Clericis
1638 405 1644 412 .
1666 384 1728 414 Ful-

947 420 1035 449 bertus
1047 422 1164 451 Carnot.
1187 421 1264 460 epist.
1283 433 1344 460 ¹03·
1355 423 1429 454 Vide
1449 426 1661 461 capitularium
1675 447 1684 454 .

101 459 230 491 Csfiiien.
242 471 309 490 tom.
321 474 346 491 2.
358 462 442 491 const.
458 468 519 501 138.
531 463 570 492 1.fi
580 463 694 492 Caballo
706 484 714 496 ,
725 461 760 491 de
768 461 869 490 damno
880 481 887 492 ‚
904 462 1133 491 Cnmrnnvmm
1144 483 1151 490 .
1174 463 1217 490 Sic
1238 463 1387 492 Dominica
1399 464 1550 503 palmarum
1570 467 1710 495 dicebatur
1719 488 1725 498 ,

101 507 130 531 ὃς
142 505 222 539 injur.
234 505 306 536 Hoc,
317 513 423 541 nempe,
435 502 583 532 secundum
594 503 792 531 nonnullorum
803 511 887 539 expo-

101 542 291 574 fitionem5sed
301 543 359 571 aliis
370 544 458 582 placet
470 543 716 582 intelligere‚quod
726 542 885 581 cappellam,

103 582 217 612 casulam
229 606 236 617 ‚
254 583 300 612 seu
319 585 458 622 tugurium
469 583 624 613 construere
633 583 787 622 significem
809 583 887 612 verba

102 625 178 652 enim
190 633 280 653 textus
290 625 323 653 sic
336 623 469 653 habentur
488 625 516 652 in
525 624 573 652 cit.
584 625 682 653 Const.
700 634 727 661 ¹3
737 629 760 652 8.
772 624 817 652 ubi
829 624 886 651 Ma-

101 664 204 693 thildes
215 663 360 694 Comitissa
380 665 409 693 in
418 664 592 693 conceffione
609 664 746 692 territorii
757 669 809 694 διε.
820 674 885 693 con:

101 705 175 733 cedit
187 705 340 736 Monachis,
352 705 427 743 quod
436 715 544 743 nempe,
554 705 597 733 illi
609 704 729 744 pollint:
745 703 886 748 [Piscato-

100 755 157 774 rem
175 755 259 774 unum
279 745 378 774 habere
390 767 398 778 ,
421 744 525 784 pascere
535 767 543 780 ‚
564 746 698 784 capellare
707 767 717 779 ,
740 750 767 775 δε
790 745 887 774 similia

101 784 186 814 facere
206 789 259 814 &a
385 782 396 789 ”
835 826 839 830 .
870 825 874 829 .

57 824 182 854 Carino
192 848 200 859 ‚
211 826 328 865 Capucii
336 837 432 866 genus
446 827 538 857 italice
549 832 713 866 Capparone‚
727 827 802 866 quod
814 827 888 870 villif

100 866 124 894 ci
137 865 205 894 ferre
216 865 348 896 solebant:
359 867 444 898 hodie
455 877 548 897 tamen
557 869 762 907 Capucinorum
772 870 885 911 Novitii

100 907 130 934 id
140 907 276 941 deferunt,
288 912 316 937 ὃ(
327 908 364 937 est
374 909 493 938 maxima
504 909 658 948 ignominia
668 909 697 937 itu
707 909 752 937 illa
761 908 889 946 Religio-

92 958 146 980 -ne,
158 949 270 986 quando
279 948 407 981 Profcffis
417 951 573 988 imponitur
583 971 591 982 ‚
602 951 640 978 est
650 950 724 977 enim
735 949 807 987 quasi
821 947 888 976 infa-

95 987 162 1015 -mix
176 989 486 1027 punitio-[Caperonem
498 992 580 1028 usque
591 990 624 1018 ad
634 988 889 1028 cingulummatth.

101 1027 185 1055 Paris.
197 1027 260 1056 hist.
274 1031 286 1060 ]
300 1040 312 1056 :1
326 1040 394 1058 voce
404 1031 502 1068 gallica
515 1035 635 1067 Capenam
645 1030 788 1058 derivatur
797 1049 804 1057 .

64 1067 177 1096 camsi
187 1089 195 1101 ‚
219 1069 275 1098 olei
300 1069 424 1098 mensura
434 1091 441 1097 .
465 1071 539 1099 Vide
552 1072 684 1108 Capsaces
696 1090 702 1096 .
723 1075 829 1098 Sauma
839 1089 859 1113 0,

60 1109 273 1138 menuvrum
287 1131 294 1142 .
303 1108 498 1148 scripturarum
508 1110 604 1147 fascis,
613 1111 658 1139 ubi
669 1110 790 1139 breviter
801 1118 888 1147 capita

102 1148 236 1177 bonorum
260 1159 392 1179 notantur
404 1173 412 1183 ‚
434 1162 468 1179 ex
491 1162 546 1189 quo
558 1152 690 1179 vocabulo
703 1150 816 1188 Equites
828 1151 886 1178 Me-

102 1187 213 1217 litenses
236 1190 372 1219 Cabreum
394 1191 488 1219 dixere
500 1211 508 1218 .
532 1191 605 1220 Vide
629 1192 766 1219 Cabreum
776 1211 782 1218 .

63 1223 249 1259 Capxc‘mus
260 1251 268 1262 ,
279 1230 352 1258 idem
363 1241 391 1259 ac
403 1230 576 1260 Primicerius
587 1254 594 1265 ,
605 1232 697 1261 Latini
709 1232 784 1259 enim
795 1230 885 1258 dicere

100 1268 222 1298 solebant
231 1275 265 1298 In
273 1273 367 1307 prima
377 1283 450 1305 cera,
461 1277 494 1300 In
501 1273 627 1308 secunda
636 1283 698 1301 cera
709 1293 716 1305 ,
731 1278 763 1300 In
776 1275 835 1299 ima
846 1283 886 1299 ce-

100 1321 132 1338 ra
143 1331 150 1342 ‚
170 1309 237 1338 ficut
248 1321 297 1339 nos
306 1311 421 1340 dicimus
436 1314 466 1341 in
476 1313 566 1351 prima
579 1312 672 1341 charta
682 1335 690 1346 ‚
711 1312 756 1340 seu
767 1311 864 1355 pagina
876 1333 883 1343 ,

100 1353 152 1378 δα.
165 1351 234 1388 quiz,
245 1361 275 1379 ut
285 1351 323 1380 ait
334 1354 445 1381 Sueton.
456 1363 485 1381 in
497 1351 608 1382 Caesare
618 1375 626 1386 ‚
636 1352 788 1382 scribebant
800 1352 842 1380 illi
853 1362 881 1380 in

102 1390 199 1418 tabulis
209 1391 312 1425 ceratis,
323 1391 389 1421 hinc
401 1393 467 1421 disti
479 1393 589 1422 suerunt
599 1393 771 1432 Capicerius,
782 1392 882 1422 Primi-

99 1430 196 1464 cetius,
207 1435 234 1460 ὅ(
245 1434 428 1462 Protocerius.
441 1434 515 1462 Vide
527 1437 718 1467 Primicerius,
729 1434 791 1472 quia
802 1434 832 1462 in
842 1444 882 1461 ca-

943 501 1104 539 quia-inhac
1122 502 1167 532 die
1186 503 1346 532 lavabantur
1365 515 1512 543 puerorum
1529 507 1619 545 capita
1632 528 1640 540 ,
1660 508 1725 545 quia

945 543 1163 580 praeparabantur
1172 552 1222 582 pro
1232 543 1359 583 sequenti
1370 545 1479 575 Paschae
1493 545 1560 576 festo
1570 548 1604 576 ad
1617 557 1663 575 eos
1679 548 1725 576 ba-

943 582 1074 620 ptizando
1086 603 1092 611 .
1107 584 1239 623 [Vulgus
1260 595 1350 614 autem
1371 597 1433 615 eum
1443 586 1518 615 diem
1535 587 1729 628 capitilavium

945 622 1072 652 nominat
1082 645 1090 657 ,
1099 624 1160 662 quia
1171 634 1236 656 tunc
1247 626 1331 654 moris
1342 626 1380 656 est
1391 627 1505 657 lavandi
1516 630 1605 667 capita
1617 650 1623 660 ‚
1635 627 1726 657 infan-

945 673 1017 691 tium
1027 685 1035 696 ‚
1056 664 1102 702 qui
1114 666 1236 703 ungendi
1246 665 1309 694 sunt
1321 689 1329 700 ,
1351 678 1386 695 ne
1405 666 1596 698 observatione
1606 669 1723 707 quadra<

943 703 1051 741 gelimae
1073 703 1210 734 sordidata
1221 727 1228 738 ,
1250 707 1283 735 ad
1293 708 1451 737 unclionem
1463 709 1593 739 accedant
1603 730 1610 737 .
1621 709 1686 738 md.
1706 711 1725 738 l.

947 750 972 772 6.
986 745 1110 779 Etymol.
1120 755 1178 784 cap.
1206 751 1247 775 18.
1261 751 1288 776 ὅ(
1300 748 1404 777 Raban.
1414 749 1447 777 de
1460 749 1552 778 Instit.
1562 749 1666 780 Cleric.
1678 750 1726 778 lib.

948 796 973 813 ι.
984 794 1007 812 c.
1020 795 1033 822 3
1044 796 1067 820 ς.
1079 788 1091 817 ]
1104 786 1238 822 Quamvis
1249 788 1398 817 Durandus
1408 791 1635 826 Capitiliavium
1646 791 1721 818 diem

947 824 1024 853 feriae
1035 827 1070 854 V.
1084 826 1112 854 in
1124 827 1215 856 Coena
1226 828 1312 856 Dom.
1322 830 1443 867 appellet
1453 852 1460 862 ‚
1479 829 1527 868 qui
1545 830 1630 859 etiam
1648 831 1722 859 dicc-

945 865 1023 893 batur
1044 871 1165 904 Magnus
1177 869 1323 903 dtessovis
1334 892 1341 903 ,
1351 871 1451 898 Viridis
1461 872 1519 899 dees
1526 874 1608 906 Jovis
1621 893 1629 905 ,
1663 882 1726 900 nani

945 905 974 933 in
986 916 1018 934 eo
1027 906 1073 935 die
1086 908 1332 937 reconciliabantur
1349 911 1517 949 poenitentes
1527 933 1534 939 .
1557 912 1613 940 Seu
1633 913 1723 941 Albus

945 947 1113 982 a'iesJow‘sc,
1125 949 1189 986 quia
1210 959 1274 978 tunc
1286 950 1493 980 distribuebatur
1503 953 1660 990 pauperibus
1683 963 1727 990 pa—

947 987 990 1014 nis
1001 986 1072 1015 albus
1081 1009 1090 1020 ,
1113 989 1140 1017 ὃς
1152 988 1234 1027 usque
1243 990 1277 1018 ad
1287 989 1405 1028 praesens
1418 991 1446 1019 in
1456 991 1614 1031 quibusdam
1625 993 1727 1022 Gallie

945 1026 1013 1055 locis
1025 1028 1119 1056 eadem
1128 1029 1302 1065 eleemosyna
1315 1030 1372 1059 fieri
1393 1031 1463 1060 solet
1475 1054 1484 1065 ‚
1506 1036 1533 1061 δε
1545 1042 1646 1062 vocant
1658 1032 1727 1062 hanc

946 1067 1110 1103 diechudi
1120 1069 1219 1098 blanc.
1242 1071 1392 1101 Dominica
1411 1083 1478 1101 vero
1489 1073 1641 1112 palmarum
1652 1074 1727 1103 dice-

945 1108 1022 1136 batur
1040 1109 1126 1137 etiam
1135 1113 1263 1139 Peritum
1274 1113 1378 1148 Pascha
1390 1134 1397 1145 ,
1419 1113 1476 1141 five
1487 1118 1707 1151 Competentium
1719 1137 1727 1148 ‚

945 1148 1008 1186 quia
1029 1149 1059 1176 in
1081 1148 1129 1177 hac
1140 1150 1292 1179 Dominica
1311 1153 1469 1190 baprizandi
1482 1155 1643 1188 Symbolum
1661 1154 1727 1184 fidei

943 1188 1071 1227 petebant
1082 1210 1089 1217 .
1102 1189 1176 1218 Vide
1186 1193 1408 1221 Catechumenus
1418 1204 1427 1224 ς
1439 1192 1486 1222 sed
1496 1204 1529 1222 ne
1536 1194 1644 1223 daretur
1655 1195 1729 1223 idio-

943 1229 978 1256 tis
986 1230 1091 1257 occalio
1101 1230 1277 1260 existimandi
1295 1232 1372 1261 illam
1382 1234 1518 1263 lotionem
1531 1236 1646 1264 eandem
1656 1235 1707 1264 ess'e
1719 1258 1729 1269 ,

941 1280 970 1297 ac
989 1269 1161 1308 Baptismum
1172 1269 1189 1304 ‚⁴
1202 1273 1330 1312 abrogata
1351 1274 1415 1302 ideo
1435 1275 1487 1303 fuit
1506 1286 1581 1304 anno
1602 1281 1666 1315 813.
1693 1277 1723 1305 in

942 1311 1078 1339 Concilio
1089 1312 1262 1350 Moguntino
1271 1334 1279 1341 .
1304 1315 1360 1343 FR.
1373 1316 1408 1344 In
1419 1316 1494 1344 Ord.
1506 1317 1591 1345 Rom.
1603 1328 1636 1345 ex
1648 1318 1730 1347 Albi-

941 1361 979 1378 no
996 1351 1093 1380 Flacco
1115 1352 1219 1391 legitur
1227 1355 1493 1391 Capitilavantium
1509 1377 1517 1388 ,
1536 1355 1583 1386 sed
1601 1357 1728 1386 Latinius

940 1393 1151 1428 Capitilavium
1169 1395 1274 1422 mavult
1293 1395 1368 1433 legi.
1389 1396 1500 1425 Vidcin
1520 1399 1578 1433 ejus
1589 1398 1727 1427 Animad-

941 1431 1014 1460 vers.
1035 1432 1068 1460 ad
1091 1433 1164 1463 Ord.
1188 1437 1272 1464 Rom.
1295 1444 1341 1463 tit.
1365 1436 1481 1465 Albinus
1508 1438 1617 1466 Flaccus
1626 1459 1633 1465 .

102 1471 170 1507 pite,
182 1482 210 1499 ac
224 1472 362 1511 principio
372 1484 434 1502 ante
445 1475 513 1503 alios
523 1474 553 1503 in
562 1485 650 1503 cerata
662 1485 762 1513 pagina
771 1474 882 1503 notaba-
899 1472 1058 1501 CAPITIFM
1069 1494 1077 1501 .
1102 1473 1175 1503 Vide
1197 1479 1290 1514 Cappa
1300 1496 1308 1503 .

103 1519 165 1541 tur5
176 1512 274 1539 eodem
283 1513 366 1542 modo
378 1514 585 1543 Secundiccrius
597 1536 604 1548 ‚
614 1515 661 1553 qui
673 1515 703 1542 in
714 1514 830 1544 secunda
838 1525 881 1543 ce-
897 1514 1094 1542 CAviromum
1106 1535 1114 1547 ,
1127 1519 1154 1544 ὃ(
1167 1518 1342 1554 Capitulums
1355 1518 1429 1546 locus
1441 1518 1474 1547 ad
1485 1519 1654 1559 congress'um
1666 1521 1727 1549 Mo-

105 1559 141 1578 ra:
154 1551 249 1579 tabella
257 1562 316 1580 erat
326 1564 432 1582 notatus
443 1575 450 1582 .
472 1555 545 1584 Vide
555 1556 638 1584 etiam
648 1559 832 1584 Terttocerius
842 1576 849 1583 .

63 1591 259 1620 Camscuom
271 1613 278 1619 .
308 1595 364 1622 PR.
385 1596 418 1622 In
437 1595 568 1632 Hispania
589 1597 624 1624 fic
651 1606 765 1624 vocatur
783 1597 879 1625 Cano-

103 1632 180 1659 nicus
209 1631 387 1672 Theologalis
416 1636 572 1664 Praebendae
595 1635 770 1665 cathedralis
787 1637 878 1666 Eccle-

102 1671 144 1699 fiae
156 1691 164 1698 .

62 1710 270 1742 Cnmsrrnrum
281 1736 290 1748 ‚
312 1715 463 1745 Clibanum
485 1717 617 1756 fignificat
639 1739 647 1750 ,
670 1715 717 1746 seu
738 1728 782 1746 vas
793 1739 800 1750 ,
824 1728 878 1756 quo

96 1762 214 1790 granum
226 1754 355 1785 frumenti
365 1768 512 1796 purgatur:
537 1763 549 1793 [
561 1759 586 1786 Si
600 1757 674 1788 enim
684 1757 771 1786 adhuc
781 1768 878 1796 pucru-

102 1793 142 1819 lus
152 1793 191 1821 ita
199 1795 368 1833 capisterium
379 1799 516 1836 reparavit
527 1821 535 1832 ,
555 1808 584 1826 ut
605 1809 639 1827 nc
649 1797 755 1827 sciffiim
764 1799 876 1837 quidem

101 1842 242 1870 appareret
256 1857 263 1863 .
285 1838 354 1866 odo
363 1837 441 1867 serm.
451 1839 485 1867 de
497 1840 522 1868 S.
535 1839 635 1868 Bened.

62 1873 163 1902 cipis
174 1895 182 1907 ‚
195 1876 269 1903 verb.
281 1877 461 1917 impersonale
473 1901 481 1912 ,
503 1883 530 1908 ὃ(
550 1879 684 1918 fignificat
703 1879 775 1908 idem
787 1890 814 1908 ac
833 1879 877 1908 Li-

101 1923 143 1941 cet
153 1928 161 1942 .-
188 1916 299 1951 [Quam
311 1919 393 1947 otiam
403 1922 516 1949 Petrum
536 1920 592 1949 dici
601 1921 690 1958 capiat
699 1941 706 1948 .
716 1921 833 1949 'IcrtulL
844 1921 877 1949 de

103 1953 186 1982 rusur.
200 1957 304 1991 carnis,
316 1969 373 1998 cap.
385 1967 436 1990 ιδ.
445 1961 519 1989 Talia
533 1960 604 2000 capit
616 1962 731 1999 opinare
741 1971 786 1989 eos
798 1961 876 1989 Idem

101 1994 206 2023 advers.
218 1998 322 2026 Hatres.
344 2010 401 2038 cap.
425 2012 472 2036 44.

62 2035 222 2066 CAPITALE
235 2060 242 2071 ‚
255 2039 400 2077 pulvinar,
417 2040 462 2070 seu
472 2042 589 2071 cervical
608 2043 759 2082 oblongum
774 2064 780 2075 ‚
804 2043 876 2080 quod

103 2079 261 2114 Capezzale
272 2080 332 2107 Itali
346 2091 451 2110 vocant:
465 2088 477 2118 [
488 2083 530 2112 Sit
537 2093 605 2122 ergo
614 2083 697 2112 beata:
710 2083 806 2111 anima:
820 2082 875 2111 cul-

895 1554 914 1558 ”
938 1553 1106 1585 nachorum5
1130 1559 1143 1590 [
1155 1557 1190 1584 In
1198 1557 1348 1585 celebribus
1360 1559 1427 1587 locis
1437 1569 1531 1588 corum
1543 1582 1551 1593 ,
1561 1560 1630 1588 utin
1643 1564 1727 1589 Tem-

935 1594 984 1632 plo
994 1616 1001 1627 ‚
1023 1598 1050 1623 ὅ(
1063 1596 1209 1635 Synagoga
1219 1619 1227 1630 ‚
1250 1601 1277 1626 &
1287 1599 1433 1636 Capitolio
1445 1622 1452 1631 ,
1474 1610 1532 1628 non
1554 1601 1586 1628 fit
1606 1601 1706 1639 aliquis
1720 1624 1726 1633 .

935 1636 982 1674 qui
994 1635 1131 1664 inhabitet
1143 1657 1150 1664 .
1175 1639 1286 1672 Hayrno
1298 1639 1325 1666 in
1337 1638 1432 1666 Psalin.
1446 1646 1491 1675 ⁶4·
1507 1643 1518 1672 ]
1540 1641 1584 1668 ubi
1597 1640 1727 1680 ingraeco

937 1685 1015 1704 textu
1025 1677 1218 1706 eodemmodo
1229 1678 1333 1717 legitur
1353 1676 1514 1710 καπιγόλιαι
1529 1679 1707 1720 ι’ἳιΓμονκχόγ
1717 1704 1727 1715 ,

936 1716 1003 1744 idest
1014 1738 1022 1749 ‚
1036 1719 1177 1753 Capttalta
1188 1720 1380 1747 monachorum
1392 1740 1398 1746 .
1423 1720 1517 1748 1³21in
1550 1721 1584 1748 de
1595 1721 1725 1750 Monacli.

934 1757 1058 1795 [Egypt.
1070 1758 1165 1786 Solent
1174 1759 1312 1797 Religiofi
1324 1759 1353 1788 in
1374 1759 1426 1788 hoc
1447 1761 1509 1788 loro
1520 1771 1614 1789 eorum
1633 1763 1727 1801 culpas

934 1800 1074 1836 propalare
1088 1819 1095 1830 ‚
1117 1809 1146 1826 ac
1156 1799 1350 1837 poenitcntiam
1361 1800 1514 1838 postulireq
1538 1801 1573 1829 sic
1591 1802 1622 1830 in
1632 1813 1686 1831 vita
1698 1805 1723 1833 S.

934 1839 1078 1867 Doruinici
1090 1839 1203 1877 legitur,
1216 1840 1383 1869 Daemonem
1394 1840 1485 1869 secum
1496 1851 1544 1880 per
1552 1852 1723 1872 conventum

932 1878 1217 1908 circumambulantem
1228 1882 1324 1909 Sanc‘to
1343 1880 1485 1910 ostendiss'e
1504 1882 1638 1912 diabolica
1649 1884 1724 1912 lucra

933 1919 963 1947 in
973 1920 1097 1948 omnibus
1108 1920 1172 1948 locis
1184 1930 1217 1948 ex
1228 1920 1341 1949 fratrum
1352 1921 1490 1960 spirituali
1509 1922 1613 1952 damno
1630 1934 1724 1963 perce-

933 1970 981 1998 pta
992 1971 998 1990 ς
1011 1960 1101 1988 noluit
1112 1970 1203 1988 tamen
1216 1960 1393 1999 nequiffimus
1402 1960 1511 2000 spiritus
1521 1963 1552 1993 ad
1562 1964 1726 2003 Capitulum

933 2010 993 2028 cum
1004 1999 1160 2029 Patriarcha
1174 2001 1283 2040 ingredi
1295 2012 1328 2029 ex
1341 2003 1409 2031 odio
1419 2003 1496 2032 illius
1505 2004 1560 2032 loci
1570 2025 1578 2036 ,
1589 2006 1653 2043 quia
1664 2028 1671 2038 ‚
1693 2017 1723 2034 uc

933 2039 989 2079 ipse
1001 2040 1075 2069 famis
1089 2042 1124 2069 ess
1139 2063 1146 2073 ,
1158 2041 1292 2079 quidquid
1302 2043 1399 2071 maliis
1411 2044 1478 2072 locis
1489 2045 1585 2073 lucrari
1597 2044 1700 2075 solebat
1714 2069 1722 2079 ,

933 2082 963 2109 in
975 2091 1007 2109 eo
1019 2081 1080 2110 loco
1091 2083 1204 2120 perdere
1213 2082 1357 2120 cogebatur
1368 2104 1376 2113 .

102 2116 170 2145 citra
179 2119 357 2149 conscicntise
370 2121 422 2151 suae
434 2123 535 2160 puritas
547 2145 554 2156 ‚
566 2124 598 2152 fit
607 2123 723 2162 capitale
742 2123 877 2161 tranquil·
893 2123 973 2151 Cam
983 2132 1133 2151 tummim
1145 2143 1152 2154 ,
1165 2122 1234 2149 liber
1246 2144 1253 2154 ,
1264 2133 1294 2150 in
1309 2133 1363 2161 quo
1376 2123 1478 2154 tributa
1489 2134 1584 2155 notata
1592 2127 1724 2156 continc-

102 2156 163 2185 litas
171 2179 179 2190 ‚
192 2159 224 2188 sit
235 2162 405 2199 opertorium
417 2166 474 2199 ejus
485 2162 612 2192 securitas
621 2185 630 2197 ‚
652 2173 682 2192 ut
692 2164 722 2191 in
732 2163 784 2191 hoc
796 2164 878 2193 strato

98 2196 219 2227 dormiat
229 2201 429 2232 delectabiliter
439 2224 445 2231 .
456 2204 480 2232 S.
491 2206 571 2233 Bcrn.
581 2203 647 2233 sem.
662 2215 687 2233 2.
699 2203 729 2232 in
742 2203 807 2232 festo
818 2215 875 2233 om-

102 2237 180 2267 nium
189 2241 348 2271 &ueterum
358 2264 365 2271 .
378 2246 390 2275 ]
403 2244 515 2273 Dicitur
536 2244 620 2274 exiam
642 2244 803 2284 Capitulum
825 2246 876 2274 Vi-

100 2277 136 2307 de
157 2283 323 2318 Capitulum
332 2304 339 2312 .
362 2296 366 2297 ⁷

53 2317 275 2352 cnm-smnus.
298 2324 372 2353 Vide
383 2329 556 2362 captanus.

54 2364 258 2396 Camurium
267 2386 273 2392 .
298 2364 372 2394 Vide
394 2367 557 2402 Capitulum
567 2385 575 2393 .

138 2407 333 2438 Hierolexicon
353 2409 445 2436 Macri
457 2426 463 2432 .

934 2164 1041 2192 bantur:
1061 2162 1164 2198 [Gaifo
1175 2172 1240 2190 xero
1252 2164 1354 2191 Comes
1363 2164 1485 2200 ejusdem
1497 2167 1632 2205 temporis
1647 2179 1723 2196 accc-

934 2212 983 2242 pto
1001 2203 1162 2240 capitulario
1175 2223 1183 2236 ‚
1205 2203 1280 2241 quod
1297 2205 1449 2234 anteriores
1459 2206 1605 2246 scriptores
1632 2207 1721 2236 fecisti:

934 2243 1219 2276 commemoravimus,
1231 2243 1332 2273 tributa
1341 2247 1429 2285 coepit
1439 2248 1561 2286 exigere.
1571 2250 1657 2287 Greg.
1668 2253 1723 2278 Tri-

936 2295 996 2313 ron.
1007 2284 1053 2312 lib.
1064 2296 1092 2320 9.
1104 2295 1126 2312 c.
1139 2295 1186 2320 30.
1198 2286 1210 2315 ]
1224 2287 1258 2312 Et
1271 2285 1394 2317 inferii-155
1406 2293 1420 2322 [
1432 2287 1593 2317 Ostendens
1603 2289 1722 2326 Capitu-

935 2325 1034 2353 larium
1047 2346 1054 2357 ,
1078 2324 1106 2351 in
1125 2334 1179 2361 quo
1190 2324 1290 2353 tributa
1303 2327 1533 2357 continebantur.
1559 2331 1570 2360 ]
1584 2329 1656 2357 Inde
1668 2333 1723 2358 Ca-

933 2365 1199 2403 pitiariifixaftores
1209 2363 1386 2395 dicebantur.
1410 2368 1484 2397 Vide
1505 2368 1581 2406 supra
1597 2372 1723 2406 Capitiu-

1317 2409 1340 2436 Κ
1381 2417 1397 2445 3
1602 2412 1660 2439 mos
1671 2431 1681 2444 ,
