1866 2526
457 57 570 103 RE

108 119 211 161 legitui·
221 128 337 159 unquam
351 116 481 148 attributa
492 117 599 146 facultas
609 118 622 148 )
634 114 699 145 fana
709 113 820 146 videtur
830 135 837 147 ,
848 121 907 142 can·

109 163 178 191 bene
186 160 297 200 quidem
306 181 316 194 ,
326 159 388 189 dist.
399 164 449 196 96.
461 168 520 187 can.
532 157 622 188 Laicis
632 159 755 196 quamvis
766 154 889 195 religiosi
901 173 910 186 2

117 209 160 231 16.
171 211 216 241 qu.
225 195 252 234 7.
263 201 334 238 Quic
355 200 402 228 uid
413 199 498 238 igitur
509 199 621 228 nomine
633 197 809 226 Ecclefimm
820 217 829 229 ‚
851 203 910 237 par-

114 251 155 271 tes
165 242 270 271 Donati
283 211 466 280 possidebant,
477 240 504 268 C
507 238 633 268 hristiani
647 240 829 277 Imperatores
839 237 911 273 legi-

113 284 157 311 bus
168 281 316 321 Religiofis
331 291 393 310 cum
415 281 476 318 ipsis
494 279 619 309 Ecclesiis
631 279 665 307 ad
683 277 850 308 catholicam
860 279 922 326 Ec-¹

113 322 199 352 clesiae
211 332 284 351 trans
290 321 351 350 ferri
363 320 493 358 jusserunt
506 320 650 352 unitatem,
659 329 717 348 cau.
727 319 801 359 quod
811 325 911 361 autem,

116 373 163 399 ²4·
174 362 266 401 quaest.
279 365 327 394 8.]
343 363 419 391 Idem
430 362 514 390 etiam
525 360 639 389 habetur
660 360 690 388 in
701 362 778 390 Sacra
791 360 912 396 Scripm-

115 413 143 432 ra
155 415 160 431 :
185 403 370 439 [Benedicite
381 412 476 431 omnes
487 400 619 440 religiosi
625 401 752 434 Domino
763 401 827 428 Deo
836 399 912 427 Deo-

115 453 175 472 rum
187 465 195 476 ‚
208 444 314 472 laudate
326 464 334 476 ,
354 446 382 472 ὁ(
391 440 566 471 confitemini
576 441 623 474 ei,
645 441 708 479 quia
718 441 747 470 in
758 439 853 468 omnia
865 437 914 481 s-e-

115 485 174 513 cula
187 483 375 512 misericordia
385 487 456 520 ejus.
470 481 590 514 Daniel,
599 492 624 509 c.
656 500 663 508 .
676 492 702 509 n.
712 492 761 518 90.
774 480 836 508 Viri
849 479 911 507 reli-

117 525 184 564 giosi
195 535 227 553 ex
240 525 317 552 omni
331 525 444 553 natione
456 544 463 551 .
477 524 569 552 Actor.
581 532 605 562 c.
614 533 642 552 z.
655 531 681 549 n.
695 532 720 557 5.
731 517 892 558 Religiosus
904 538 911 550 ‚

115 576 144 593 ac
154 566 254 593 timens
266 565 356 593 Deum
366 585 373 592 .
395 564 466 593 Ibid.
476 574 499 592 c.
517 574 560 592 io.
572 573 599 591 n.
612 574 637 591 2.
648 562 738 600 Judaei
749 570 838 590 autem
846 568 912 587 con-

117 615 241 633 citarem
253 606 411 633 ntmulieres
422 601 572 642 religiosas,
582 606 609 631 ὅ(
620 600 827 630 honestas.1bid.
839 610 862 627 c.
871 610 878 626 ι
886 610 898 636 3
906 619 913 626 .

117 656 195 681 n.50.
210 646 238 675 Si
247 646 308 684 quis
319 654 407 673 :tutem
419 654 494 682 putat
504 642 531 671 se
540 641 700 681 religiosum
711 641 761 671 esl'e
771 646 822 671 ὰς.
834 641 914 679 Jaco-

115 686 143 714 bi
156 708 163 719 ‚
173 696 197 714 c.
214 697 236 714 i.
247 696 274 714 n.
291 692 333 714 16.
344 689 378 714 Et
388 683 518 723 religiose
528 684 562 711 de
573 681 771 712 resurreetione
779 689 913 720 cogitans.

119 738 146 755 2.
159 725 279 754 Machab.
290 736 313 753 c.
329 737 371 754 iz.
385 735 411 753 n.
425 734 471 762 43.
485 726 496 756 ]
518 725 592 752 Item
612 723 714 751 dicitur
723 721 893 761 Religiofitas
907 741 913 752 ›

115 766 202 798 idest,
221 766 322 804 religio
334 787 341 798 ‚
352 770 380 795 δι
391 765 492 804 pietas:
505 767 517 796 ]
542 765 638 794 Timor
650 764 770 793 Domini
790 762 913 791 scientiae

119 806 296 844 religiositas.
320 805 496 845 Religiolitas
513 805 663 833 custodiret
680 826 687 837 ,
713 809 740 833 δε
759 802 914 839 justificabit

114 856 162 875 cor
173 864 181 876 ‚
191 846 394 882 jucunditatem
405 855 501 884 ,atque
512 845 641 883 gaudium
652 845 724 873 dabit
735 866 742 872 .
766 842 914 872 Ecciefiast.

117 897 141 915 c.
156 896 179 914 i.
189 897 217 914 n.
232 896 274 919 17.
287 890 314 916 ὃ(
332 889 389 918 18.]
402 887 446 915 De
457 886 606 924 Religiosis
615 896 714 918 autem,
728 894 826 923 nempe
838 905 845 916 ,
855 886 912 912 Re-

119 927 256 965 gularibus
265 937 326 956 cum
339 928 424 955 tribus
433 925 612 955 ess'ennaiibus
631 926 705 955 votis
715 925 830 955 astrietis
842 945 848 956 ‚
867 933 913 951 eo-

118 968 177 995 rum
195 966 352 1002 synonyma
362 988 369 995 .
381 967 455 995 Vide
473 968 668 996 Anachorera.
688 967 816 996 Colideus
827 986 834 993 .
844 969 913 993 Fra—

118 1016 179 1035 ter.
198 1008 370 1036 Monachus.
388 1008 563 1044 Therapeuta
581 1027 588 1035 .
608 1011 710 1036 Eorum
731 1006 856 1038 habitus,
884 1015 912 1033 ac

118 1047 205 1078 vestes
223 1068 231 1074 .
263 1048 336 1076 Vide
356 1048 554 1088 Chrysoclavus
572 1068 580 1076 .
601 1049 721 1077 Cacula.
743 1047 882 1076 Colobimn
895 1066 902 1073 .

120 1088 241 1116 Catulla
251 1109 258 1116 .
271 1089 415 1126 Ependites
426 1108 432 1115 .
444 1089 538 1118 Florus
549 1109 556 1116 .
565 1092 648 1117 Guna
659 1109 665 1116 .
677 1089 887 1117 lebitonarium
897 1106 904 1112 .

120 1129 298 1165 Maphorium
316 1149 323 1155 .
349 1132 498 1158 Patientia
518 1151 525 1157 .
557 1130 785 1159 Rebrachiatoria
813 1148 820 1155 .
851 1133 912 1156 Sca-

120 1169 217 1207 pulare
241 1189 247 1197 .
266 1169 345 1198 Tilm
363 1190 370 1197 .
392 1171 524 1206 Trogulus
537 1190 544 1197 .
567 1170 659 1197 Vestis
681 1168 824 1197 Monachis
851 1177 912 1206 pro-

119 1209 208 1238 hibita
220 1229 226 1236 .
252 1209 325 1238 Vide
343 1211 533 1239 Rotundulum
555 1227 563 1236 .
584 1207 737 1248 Religiosae
759 1210 824 1238 virae
845 1218 912 1247 ptae-

118 1249 218 1279 stantia
228 1270 234 1277 .
257 1250 329 1278 Vide
348 1249 377 1277 in
397 1249 464 1278 dic}-
484 1251 609 1287 Farsum
619 1270 626 1281 ,
647 1260 679 1277 ex
707 1249 843 1278 sententia
864 1250 914 1278 Pe-

119 1291 156 1319 tri
172 1288 305 1318 Blesensis
325 1289 362 1317 ibi
383 1311 389 1317 .
412 1289 551 1328 Religiofi
573 1289 659 1328 turpis
680 1290 746 1317 lusti
766 1289 895 1318 festantes
907 1309 913 1316 .

119 1330 193 1359 Vide
205 1331 288 1358 Calix
302 1350 309 1357 .
332 1329 543 1369 Religiosorurn
551 1330 736 1368 obligationes
755 1330 785 1358 in
796 1340 915 1359 comme-

119 1370 320 1399 morationibus
336 1370 437 1400 Officii
447 1370 542 1399 divini
552 1391 559 1398 .
584 1371 657 1399 Vide
670 1373 898 1399 Commemoratio
908 1389 915 1397 .

119 1411 255 1450 Religiofi
267 1420 396 1439 tenentur
406 1411 518 1440 recitare
537 1411 660 1440 officium
680 1411 775 1440 localis
784 1411 898 1440 Patroni
908 1431 916 1443 ,

124 1453 169 1480 ubi
178 1452 283 1490 degunt
292 1473 300 1484 ,
313 1462 371 1480 non
382 1461 448 1479 vero
461 1452 584 1479 oslavam
594 1473 601 1479 .
621 1451 694 1480 Vide
704 1451 829 1489 Officium
840 1453 917 1479 divi-

119 1503 188 1519 num
198 1511 206 1518 .
226 1493 298 1519 Item
320 1497 332 1526 [
351 1492 532 1530 Regularibus
553 1491 676 1529 pei-sonis
697 1502 756 1519 non
772 1491 918 1520 consuevit

123 1531 273 1569 apostolica
285 1530 361 1559 sedes
381 1532 471 1569 aliqua
490 1531 673 1569 personaliter
681 1531 842 1561 confirmare
854 1553 862 1565 ,
884 1531 919 1560 de

121 1571 276 1601 confirmat.
286 1571 350 1599 util.
361 1572 406 1600 vel
419 1571 510 1600 inutil.
521 1573 551 1600 in
561 1572 686 1601 decretal.
695 1582 749 1607 05.
760 1575 788 1602 &
799 1580 826 1602 ο.
837 1582 918 1611 atque

122 1610 214 1641 Glofla
227 1612 254 1639 in
265 1611 292 1640 d.
304 1622 326 1640 c.
341 1621 365 1647 5.

84 1654 283 1686 quunio
295 1674 302 1685 ,
321 1651 454 1681 residuum
465 1672 473 1680 .
496 1655 608 1689 [Ajunt
626 1657 654 1682 ὅ(
673 1653 814 1684 immatura
831 1663 920 1682 morte

122 1702 278 1733 praeventos
287 1702 405 1731 eousque
415 1694 507 1731 vagari
528 1693 626 1722 isthinc
638 1715 646 1727 ,
665 1694 754 1723 donec
772 1694 919 1733 reliquatio

124 1734 294 1773 compleatur
304 1733 392 1761 aetatis
404 1755 412 1766 ,
433 1743 484 1772 qua
493 1743 554 1762 cum
564 1734 747 1772 pervenissent
758 1755 767 1768 ,
779 1735 799 1763 s1
808 1746 866 1763 non
877 1734 919 1763 in—

125 1774 291 1813 tempestive
299 1772 426 1802 obiissent
435 1794 442 1801 .
452 1774 570 1803 Tertull.
580 1775 614 1803 de
623 1775 706 1803 anim.
716 1782 790 1811 c.56.
802 1777 815 1808 ]
827 1775 919 1805 Idem-

123 1825 176 1853 que
189 1815 348 1844 vocabulum
359 1824 441 1853 penes
460 1814 573 1853 Juristas
592 1816 715 1854 computi
735 1816 868 1845 residuum
886 1816 919 1845 si-

124 1855 255 1894 gnificat.

85 1897 240 1930 Ruinm
253 1915 259 1922 .
272 1896 335 1923 Hoc
345 1896 504 1925 vocabulum
516 1896 628 1936 proprie
636 1896 769 1936 significat
780 1897 810 1926 id
819 1919 827 1930 ,
843 1895 918 1936 quod

124 1945 246 1965 remanet
257 1957 264 1968 ‚
275 1936 394 1964 ἀεῐηᾶα
405 1938 501 1972 majori
510 1947 587 1976 parte
598 1948 606 1968 i
626 1937 692 1966 hinc
712 1939 776 1976 quia
787 1938 918 1977 principa-

126 1977 182 2006 lior
203 1986 231 2004 ac
243 1976 364 2005 nobilior
373 1976 493 2006 hominis
502 1988 560 2016 pars
569 1977 658 2006 anima
667 1978 774 2012 existit,
785 1979 848 2008 idco
858 1989 916 2007 cor-

126 2027 174 2056 pus
184 2015 331 2045 humanum
341 2017 455 2056 reliquia
463 2018 565 2048 dicitur
574 2040 582 2052 ,
604 2019 666 2057 quia
684 2019 761 2047 humi
774 2029 896 2048 remanet
908 2040 916 2052 ‚

125 2062 154 2087 3<
164 2057 330 2096 relinquitur
341 2078 349 2090 ,
359 2057 406 2086 seu
420 2061 477 2096 ejus
486 2069 547 2098 pars
559 2080 566 2088 .
584 2058 709 2088 Ambros.
724 2060 753 2088 in
762 2059 859 2089 Psalm.
868 2071 881 2098 3
889 2067 916 2089 6.

125 2099 273 2136 Propterea
292 2097 345 2126 hoc
357 2100 488 2128 vocabulo
509 2101 596 2129 utitur
606 2101 720 2129 Ecclesia
741 2101 918 2129 addenotan-

126 2139 191 2168 dum
200 2148 282 2167 omne
288 2138 322 2166 >id
333 2160 341 2172 ,
364 2140 440 2178 quod
451 2141 628 2170 veneratione
638 2140 752 2180 dignum
771 2142 805 2170 ob
816 2151 917 2170 memo-

125 2180 192 2207 riam
204 2179 317 2215 alicujus
327 2180 415 2209 Sancti
425 2191 547 2210 remanet
557 2182 585 2210 in
596 2191 676 2210 terris
687 2206 694 2214 ,
705 2191 785 2220 atque
794 2182 920 2221 antiquus

125 2218 185 2248 usus
195 2218 302 2258 semper
312 2220 364 2248 luit
376 2222 499 2260 ponendi
521 2221 569 2250 sub
579 2223 668 2251 Altari
678 2223 838 2251 Sanctorum
847 2224 919 2251 Mar-

125 2260 208 2288 tirum
228 2259 357 2299 reliquias
374 2283 382 2295 ,
402 2271 432 2290 ut
451 2272 485 2291 ex
505 2262 686 2291 ordinatione
707 2263 802 2291 Felicis
820 2266 898 2302 Papae
910 2285 918 2297 ‚

123 2300 202 2338 epist.
224 2312 250 2329 2.
261 2301 294 2329 ad
305 2300 392 2340 Episc.
403 2302 502 2331 Galliae
520 2302 624 2332 constat
635 2324 644 2336 ‚
664 2303 739 2342 quod
756 2304 839 2332 etiam
856 2313 919 2333 ante

125 2339 213 2379 ipsum
224 2342 253 2370 in
275 2342 392 2370 Concil.
403 2345 532 2372 Romano
553 2342 598 2372 sub
609 2344 706 2372 Sansto
717 2344 860 2379 Sylvestro
868 2347 919 2374 Pa·

124 2391 158 2420 pa
187 2380 321 2411 sancitum
354 2382 440 2414 fuerat
462 2406 470 2418 ‚
500 2383 566 2413 hinc
586 2384 623 2414 D.
646 2384 776 2414 Paulinus
796 2385 897 2414 cecinit
909 2396 916 2416 2

1255 55 1299 97 R
1329 54 1368 96 E
1623 69 1699 115 573

1007 116 1078 145 Ecce
1099 110 1147 144 sub
1167 112 1283 142 accensis
1303 110 1432 142 altaribus
1451 110 1503 141 effi
1525 110 1634 151 piorum

1046 154 1136 195 Regia
1158 163 1296 193 purpureo
1315 162 1452 181 marmore
1473 154 1560 181 crusta
1582 155 1651 193 tegit
1661 176 1671 184 .

967 195 1136 233 Hujusmodi
1156 203 1246 223 autem
1255 193 1383 232 reliquia:
1401 192 1435 221 ad
1444 193 1564 231 praesens
1579 193 1625 223 sub
1634 196 1766 226 altariolis

967 246 1110 276 ponuntur
1121 258 1130 270 ,
1151 245 1212 274 quae
1232 236 1388 270 Mmyrum
1407 244 1514 263 tantum
1525 255 1533 268 ‚
1555 237 1583 263 &
1600 236 1630 264 ab
1638 237 1766 266 Ordina-

967 277 1010 306 rio
1019 278 1174 318 approbatae
1196 274 1246 305 ess'e
1264 275 1365 304 debent
1376 295 1383 302 .
1406 275 1589 304 Sac.c0nci1.
1601 276 1770 306 'trid-Con-

968 328 1046 359 greg.
1062 329 1105 356 ¹3·
1115 317 1250 356 Septemb.
1268 326 1275 344 ι
1286 325 1352 354 593.
1376 315 1402 344 Si
1416 325 1483 344 vero
1492 326 1525 344 ex
1537 317 1681 355 apostolica
1692 317 1769 347 Sedis

969 357 1173 399 dispensatione
1189 357 1326 386 celebrare
1345 355 1498 395 contigerit
1520 356 1600 396 super
1611 358 1771 387 altariolum

969 398 1128 436 hujusmodi
1138 397 1262 436 reliquiis
1271 406 1400 427 carente5
1421 406 1486 429 tunc
1498 398 1769 428 omittantur'verba

970 439 1017 468 illa
1027 441 1057 469 in
1069 438 1209 479 principio
1218 436 1307 467 Miss'ae
1321 458 1330 470 ,
1350 446 1463 475 nempe,
1482 438 1632 473 [Quorum
1643 439 1770 478 reliqu-iae

969 478 1016 508 hic
1027 479 1090 509 sunt
1103 481 1134 510 .]
1149 479 1269 508 Hieron·
1278 478 1404 507 Canton.
1415 479 1445 506 in
1457 479 1577 507 ordinat.
1590 480 1680 508 divin.
1692 481 1771 508 offic.

970 520 1112 550 celebrari
1138 519 1272 557 siquidem
1292 519 1391 558 nequit
1417 520 1667 549 extraordinarium
1691 521 1771 550 Offi-

969 560 1041 589 cium
1053 562 1165 589 illorum
1176 561 1333 588 sannorum
1346 581 1363 594 ,,
1375 569 1493 597 quorum
1511 561 1635 599 reliquiae
1658 560 1771 590 conser-

972 610 1073 630 vantur
1082 623 1090 634 ‚
1113 601 1133 630 si
1143 611 1200 628 non
1210 600 1266 629 sint
1286 600 1407 638 insignes
1416 621 1423 629 .
1448 601 1568 639 Insignis
1587 613 1676 631 autem
1686 603 1767 631 Reli-

970 651 1032 679 quia
1042 640 1106 670 ess'et
1115 642 1205 679 Caput
1216 662 1223 673 ,
1236 640 1381 669 Brachium
1392 663 1399 674 ,
1410 642 1482 671 Crux
1492 664 1500 675 ‚
1523 642 1579 671 five
1590 643 1678 682 aliqua
1690 653 1748 681 pars
1760 664 1769 676 ,

973 683 1003 711 in
1015 693 1065 721 qua
1076 682 1187 710 §andus
1199 691 1248 720 pro
1257 681 1375 710 Christo
1384 691 1520 711 tormenta
1530 683 1614 722 passus
1626 684 1658 713 sit
1669 705 1677 713 .
1690 681 1769 712 Insu-

974 733 1022 762 per
1040 723 1150 761 quando
1169 722 1202 750 de
1215 732 1249 750 eo
1258 723 1357 751 §.insto
1376 724 1547 751 recitandum
1568 724 1600 753 sit
1609 724 1746 754 Officium
1759 735 1769 755 ς

973 763 1032 792 fieri
1043 772 1150 792 tantum
1160 763 1240 792 debet
1249 763 1279 791 in
1291 773 1320 791 ea
1333 763 1446 792 Ecclesia
1456 785 1464 796 ,
1485 764 1527 792 ubi
1539 767 1594 800 ejus
1605 764 1720 804 reliquia
1729 764 1771 793 :ts-

972 803 1096 833 servatur
1106 823 1114 831 .
1131 804 1156 831 S.
1169 806 1206 832 R.
1218 805 1253 832 C.
1270 808 1294 831 8.
1305 803 1396 841 April.
1417 811 1468 833 162
1476 808 1500 832 8.
1511 806 1580 834 Non
1590 816 1657 834 veno
1668 807 1698 834 in
1709 805 1771 834 aliis

974 845 1100 874 Ecclesiis
1111 865 1118 877 ‚
1129 843 1193 872 licet
1207 844 1258 873 sint
1269 842 1390 880 ejusdem
1401 844 1562 883 Religionis
1575 867 1582 878 ,
1595 857 1623 874 ac
1636 846 1770 880 instituti,

973 889 1001 914 δι
1015 885 1079 913 huic
1090 885 1213 913 Decreto
1230 884 1473 913 contravenientes
1496 886 1664 925 obligationi
1675 887 1772 916 recita-

971 926 1056 954 tionis
1066 925 1153 954 officii
1164 925 1282 953 minime
1291 924 1354 954 satis
1366 925 1772 957 faciunttideoUrbanusVHl'.

970 966 1022 995 hoc
1034 966 1174 995 decretum
1191 966 1221 994 in
1241 965 1355 995 rubricis
1367 967 1501 996 Breviarii
1521 978 1661 1006 apponere
1677 967 1752 1005 jussit
1764 987 1772 995 .

970 1007 1120 1036 veneratio
1130 1015 1220 1035 autem
1241 1007 1428 1045 reliquiarium
1440 1019 1496 1036 non
1507 1009 1536 1038 in
1554 1019 1652 1048 quarto
1670 1008 1773 1039 saeculo

971 1047 1122 1085 incoeperat
1131 1068 1139 1079 ,
1153 1057 1182 1075 ut
1194 1045 1260 1075 falso
1270 1046 1384 1076 asserunt
1397 1049 1641 1089 Magdeburgenscs
1651 1062 1658 1082 5
1670 1049 1774 1078 namin

971 1088 1109 1127 principio
1121 1085 1254 1116 nascentis
1264 1088 1388 1117 Ecclesiae
1399 1089 1514 1128 legimus
1525 1090 1554 1118 in
1566 1092 1642 1119 Actis
1654 1091 1774 1128 Aposto-

971 1130 1072 1161 lorum,
1083 1139 1106 1156 c.
1122 1133 1134 1156 8
1143 1149 1150 1156 .
1162 1140 1187 1157 2.
1198 1129 1272 1167 quod
1281 1138 1445 1158 curaverunt
1456 1140 1553 1170 corpus
1563 1131 1693 1170 Stephani
1705 1132 1774 1160 Pro-

971 1169 1130 1204 tomartyris
1141 1189 1148 1196 .
1160 1169 1222 1196 Viri
1233 1169 1373 1204 timorati,
1384 1170 1451 1199 idest
1462 1193 1470 1204 ‚
1490 1181 1581 1200 curam
1593 1194 1601 1205 ‚
1621 1176 1649 1201 &
1661 1181 1774 1201 vener-2·

969 1209 1078 1238 tionem
1089 1209 1162 1238 illius
1172 1209 1272 1238 Sacrati
1284 1210 1419 1248 Corporis
1430 1210 1587 1245 habuerunt,
1597 1213 1775 1252 quemadmo-

970 1251 1036 1279 dum
1045 1249 1076 1278 in
1086 1251 1144 1285 ejus
1156 1250 1241 1288 Epist.
1252 1250 1284 1278 ad
1296 1251 1402 1289 Justum
1414 1251 1504 1291 Epist.
1515 1253 1576 1282 Pius
1585 1255 1655 1292 Papa
1666 1254 1774 1282 Primus

971 1290 1250 1329 insinuaverat,atque
1261 1292 1420 1322 Sanctorum
1433 1294 1556 1332 reliquiae
1566 1294 1646 1323 etiam
1658 1295 1687 1323 in
1698 1304 1775 1323 vete-

969 1331 1169 1360 nTestamento
1179 1333 1377 1362 venerabantur
1379 1333 1503 1370 5M0yses
1513 1335 1586 1363 enim
1596 1333 1649 1364 offiz
1657 1336 1776 1364 Patriar-

971 1371 1028 1399 chae
1041 1370 1155 1410 Joscphi
1175 1383 1208 1401 ex
1218 1372 1354 1412 AEgypto
1372 1375 1403 1404 in
1412 1384 1511 1404 terram
1521 1375 1707 1413 promissionis
1728 1386 1776 1404 ve-

974 1413 1130 1441 nerabunde
1140 1413 1280 1442 transtulit
1291 1434 1298 1446 ‚
1318 1424 1397 1453 atque
1410 1426 1506 1454 corpus
1516 1416 1607 1445 Sansti
1625 1416 1774 1455 Prophetae

974 1451 1056 1481 Elisei
1065 1451 1125 1481 solo
1136 1455 1261 1483 contastu
1271 1464 1410 1484 mortuum
1420 1456 1627 1485 aesuscitaverat
1638 1477 1644 1485 .
1657 1458 1714 1486 FR.
1725 1458 1775 1485 In-

971 1492 1050 1532 super
1061 1494 1089 1522 in
1102 1505 1178 1523 novo
1187 1495 1362 1524 Testamento
1372 1518 1379 1530 ,
1390 1506 1420 1525 ut
1433 1497 1528 1535 Apost.
1541 1497 1608 1526 Aeta
1618 1519 1627 1531 ,
1638 1507 1661 1525 c.
1678 1508 1722 1534 ¹9·
1735 1507 1776 1525 te-

973 1534 1078 1563 stantur
1089 1555 1098 1568 ‚
1116 1545 1129 1563 a
1140 1545 1255 1573 coi-pore
1266 1536 1302 1564 D.
1312 1537 1388 1565 Pauli
1400 1547 1450 1575 pro
1459 1537 1597 1575 languidis
1610 1563 1616 1574 ‚
1629 1540 1656 1566 &
1666 1537 1777 1566 obsessis

973 1572 1078 1603 sudaria
1087 1595 1096 1608 ‚
1113 1579 1140 1604 ὃ(
1153 1575 1317 1604 Γειηὶςίηᾶἰπ
1329 1576 1538 1606 deferebantur:
1560 1583 1572 1612 [
1584 1581 1617 1606 Et
1625 1580 1656 1607 ab
1665 1579 1704 1606 eis
1716 1579 1775 1606 lan-

973 1625 1081 1654 guores.
1090 1619 1118 1644 δε
1128 1615 1238 1654 spiritus
1250 1627 1365 1654 nequam
1375 1619 1601 1657 egrediebantur:
1614 1620 1626 1649 ]
1639 1622 1673 1647 Et
1687 1623 1775 1647 Euna-

975 1656 1032 1694 pius
1043 1656 1186 1685 Sardianus
1201 1679 1208 1690 ‚
1220 1659 1343 1695 quamvis
1353 1658 1576 1688 Christianorum
1588 1658 1714 1687 inimicus
1725 1681 1733 1692 ,
1746 1662 1775 1687 ὅ(

975 1697 1185 1725 innumerabiles
1193 1695 1371 1736 blasphemias
1390 1699 1416 1728 in
1436 1700 1544 1728 Sanftos
1557 1702 1695 1735 Martyres
1715 1710 1779 1739 pro-

976 1737 1082 1767 tulerits
1094 1737 1123 1765 in
1133 1738 1199 1766 Vita
1209 1748 1301 1767 tamen
1309 1739 1435 1769 Philonis
1449 1741 1558 1768 chraei
1571 1738 1643 1768 fanin
1652 1740 1779 1779 est,quod

978 1777 1155 1807 Alexandriae
1166 1778 1394 1808 conservabantur
1403 1781 1490 1819 capita
1503 1783 1655 1816 Martyrum
1667 1802 1674 1814 ,
1692 1791 1752 1820 quae
1763 1791 1777 1809 :t

975 1817 1097 1846 fidelibus
1106 1828 1241 1857 tamquam
1251 1821 1407 1849 Sanctorum
1417 1822 1538 1860 reliquiae
1560 1822 1759 1850 venessabantnr
1769 1843 1779 1855 ,

975 1868 1004 1887 ac
1015 1869 1077 1887 ante
1087 1870 1180 1888 eorum
1190 1859 1310 1898 sepulcra
1320 1861 1473 1890 Christiani
1485 1863 1778 1900 genuflectebantun&

973 1898 1232 1938 prostrabanrur,affi
1238 1902 1353 1930 rmando
1363 1901 1413 1930 elle
1423 1913 1468 1931 eos
1478 1903 1626 1931 advocatos
1636 1925 1643 1936 ,
1655 1906 1681 1932 ὅ(
1693 1903 1778 1932 inter-

974 1938 1085 1968 ccflbres
1094 1941 1164 1978 apud
1177 1942 1267 1970 Deum
1277 1962 1284 1970 .
1297 1944 1333 1976 tls:
1346 1943 1476 1981 Reliquia
1487 1943 1588 1971 dicitur
1598 1944 1680 1972 etiam
1690 1949 1777 1972 Bene-

975 1981 1057 2008 dicho
1067 2001 1074 2008 .
1085 1981 1158 2009 Vide
1170 1983 1326 2011 Benedic'ts‘o
1334 1984 1454 2012 beatica.
1468 1985 1524 2012 PR.
1535 1985 1608 2012 Item
1616 1984 1717 2012 dicitur
1729 1988 1778 2013 Pi-

972 2031 1042 2058 gnus
1056 2043 1064 2053 ‚
1076 2021 1109 2049 fic
1119 2022 1208 2051 Oddo
1220 2023 1287 2052 Abb.
1298 2023 1424 2052 Cluniae.
1436 2024 1481 2052 lib.
1495 2024 1557 2062 3.de
1569 2025 1626 2053 vita
1634 2025 1777 2054 S·Gcraldi

975 2061 1097 2090 Comitis
1107 2063 1313 2096 Aureliacenfis,
1325 2075 1347 2092 c.
1358 2075 1384 2102 3.
1398 2064 1542 2099 [Biennio
1554 2064 1711 2105 priusquam
1720 2066 1778 2094 obi-

976 2111 1027 2134 ret,
1040 2102 1184 2131 Ecclesiam
1198 2103 1262 2132 fecit
1272 2103 1435 2133 solemniter
1445 2105 1565 2134 dedicari
1575 2127 1583 2132 .
1593 2107 1628 2136 In
1640 2107 1779 2135 Altaribus

976 2152 1042 2170 vero
1055 2152 1126 2171 tanta
1142 2145 1256 2182 pignora
1267 2146 1426 2174 Sanftorum
1437 2145 1514 2174 infit:
1524 2145 1587 2175 sunt
1596 2169 1604 2180 ‚
1625 2156 1655 2175 ut
1665 2146 1778 2176 scienti-

976 2183 1022 2211 bus
1033 2184 1132 2212 mirum
1142 2185 1179 2213 est
1192 2205 1198 2212 .
1219 2188 1231 2217 ]
1251 2185 1361 2214 Utrum
1371 2186 1509 2224 Reliquiae
1522 2187 1556 2216 de
1566 2186 1674 2216 essentia
1685 2187 1779 2226 requi-

977 2233 1071 2251 rantur
1086 2235 1114 2252 in
1126 2226 1222 2254 Altare
1234 2227 1359 2264 portatili
1371 2247 1378 2255 .
1390 2227 1464 2255 Vide
1475 2228 1588 2261 Altam,
1600 2228 1626 2259 §-
1635 2230 1754 2257 Praetere
1763 2239 1778 2257 τι

975 2274 1035 2302 quz
1041 2264 1213 2298 ritui-,utrum
1223 2266 1456 2306 Reliquiae.Sacris
1464 2268 1589 2306 reliquiis
1599 2268 1778 2296 Ecclesiarum

977 2315 1063 2343 ports
1073 2304 1304 2336 consecrabantur.
1316 2305 1448 2337 Baton.in
1459 2318 1518 2337 not.
1531 2309 1565 2337 ad
1575 2310 1719 2344 Martyrol.
1734 2320 1742 2336 ι
1752 2314 1779 2338 8.

976 2347 1117 2375 Novemb.
1129 2346 1183 2375 Lit.
1192 2358 1214 2375 o.
1224 2350 1263 2376 At
1270 2348 1420 2387 aliquando
1430 2350 1560 2387 Reliquia
1581 2348 1778 2378 Eucliaristiam

977 2385 1112 2425 significat
1121 2409 1129 2422 ,
1139 2397 1198 2427 qua:
1210 2388 1268 2427 post
1280 2387 1386 2419 Miss'zm
1395 2388 1562 2429 relinquitur
1572 2411 1579 2421 ,
1593 2393 1619 2418 ὅ(
1630 2389 1778 2420 conserva-

1678 2440 1720 2459 tur
1732 2442 1739 2458 ι
