1866 2526
465 39 576 83 PR

74 103 314 135 Plio-tonnus,
332 95 528 138 ςμπμιῖςως,
546 97 633 131 idest,
647 95 795 129 Sacrorum
811 106 910 138 caput,

118 141 264 181 Episcopus
274 140 446 180 intelligitur
453 159 461 168 .
473 140 547 169 Vide
557 140 653 183 Mystes
663 158 670 167 .
833 177 842 188 Ι

74 184 332 216 Ρκοτοκοτᾼιιιυε
345 202 354 215 ,
375 181 462 210 dic'tio
472 182 661 220 graeco-latuia
671 190 894 218 ,τρωτονοταειος
907 207 911 212 .

114 223 202 258 idest,
213 224 315 263 primus
325 221 457 252 Notarius
466 244 474 255 ,
486 221 685 251 Ecclesiasticus
695 221 821 250 officialis
833 241 842 254 ‚
851 231 864 265 a
873 221 911 250 D.

113 264 207 293 Clem.
217 266 288 302 Papa
298 262 438 293 institutus
446 285 455 296 ‚
467 263 514 302 qui
523 263 627 301 aliquos
638 260 792 298 hujusmodi
801 261 913 290 ordina-

115 305 170 338 vit,
180 314 211 333 ut
220 305 378 333 Sanctorum
388 307 545 339 Martyrum
555 304 612 332 :ufta
619 303 798 342 colligerent,
809 313 838 332 ac
847 301 912 331 scri-

113 343 208 373 berent
220 366 228 378 ‚
239 346 273 373 de
281 355 333 383 qua
345 355 373 373 re
384 347 514 374 Batonius
524 354 589 372 ann.
601 354 648 379 44.
660 354 687 371 n.
697 355 746 379 79.
755 354 821 388 “¹¹59
827 348 912 388 ⁸'¹¹·3.·

113 394 159 413 an.
171 396 204 424 23
212 390 238 414 8.
251 395 326 415 num.
339 397 364 414 ι.
375 395 439 414 ann.
453 389 519 422 598.
529 395 556 413 n.
573 391 616 413 16.
627 387 654 412 δ(
664 383 766 412 diserte
786 393 816 413 m
827 386 913 414 Notis

113 426 262 462 Martyrol.
271 437 294 454 c.
312 437 335 454 ι.
346 429 421 455 Errat
431 436 522 454 tamen
531 423 624 455 Gloss‘a
632 424 662 452 in
671 435 730 453 can.
741 425 893 469 Monachus
904 447 912 458 ‚

113 465 178 495 dist.
189 477 236 499 77·
248 465 361 496 asserens
372 470 520 496 Notarium
530 476 544 494 a
552 465 627 494 notis
636 465 673 494 ita
682 465 815 503 appellari
826 476 835 497 ς
850 475 912 494 nam

112 516 127 535 a
136 507 308 536 notificando
319 507 355 535 ita
363 506 466 536 dicitur
475 527 484 540 ‚
504 516 535 535 ut
545 506 618 536 idem
628 507 760 535 Batonius
768 515 833 550 ann.
844 518 911 541 447.

112 556 141 575 n.
159 558 201 576 ιο.
211 548 281 576 bene
289 548 412 577 advertit
420 567 428 575 .
445 549 520 576 Item
528 546 736 576 Protonotarius
753 545 857 575 dicitur
867 557 910 574 et-

113 586 167 615 iam
178 590 371 626 Pratoscn'ptor
389 587 506 625 Ecclefiae
517 607 525 614 .
546 588 626 616 Idem
636 589 736 616 Barou.
745 597 810 615 ann.
826 598 835 616 ι
847 598 855 615 1
865 597 910 623 5²·

113 638 189 656 num.
206 639 268 667 ¹23·
290 629 345 663 Qui
362 628 492 666 appellati
513 626 577 656 sunt
593 630 762 660 Scn'niarii,
780 631 890 657 Notarii'
902 648 910 660 ,

112 670 339 706 protoscriniarii
349 689 358 701 ,
367 669 557 704 Primiscrmii
566 687 574 695 .
597 667 671 695 Vide
681 669 891 705 primiscrinius
903 689 910 701 ‚

111 710 156 737 cui
167 709 318 747 antiquitus
329 708 359 736 in
376 709 514 736 creatione
525 707 593 736 novi
612 708 757 737 Pontificis
768 709 907 737 incumbe-

111 750 156 777 bat
166 749 200 777 ad
210 759 267 783 ejus
276 748 383 777 libitum
395 757 499 776 mutare
507 758 611 777 nomen
621 749 701 778 elec'ti
713 770 720 778 .
731 749 805 778 Vide
814 755 890 787 Papa
901 771 909 783 ‚

112 790 139 821 §.
157 792 192 817 Et
202 798 233 816 ut
243 788 349 817 Platina
357 789 477 817 affirmat
488 808 495 816 .
517 790 574 819 PR.
588 791 662 819 Item
679 793 790 819 Notam'
800 795 825 818 S.
835 791 910 819 Sedis

108 830 200 866 Apost.
217 839 276 857 can.
288 828 443 867 Augustino
453 850 462 862 ‚
479 839 488 856 1
498 840 523 857 ι.
533 840 578 868 qu.
591 841 616 858 ι..
629 831 669 864 :lh
685 830 776 859 Sixtus
793 831 863 869 Papa
872 832 908 859 V.

108 870 143 897 ad
160 869 360 898 duodenarium
379 879 521 898 numerum
529 880 575 898 eos
595 872 671 900 auxit
681 891 688 898 .
707 871 744 900 In
763 870 910 900 Pontificia

108 910 244 948 cappella
252 910 412 948 praecedunt
423 910 699 940 commendantium
716 913 742 941 S.
752 911 869 950 Spiritus
879 912 910 940 in

109 951 187 978 Saxia
197 971 205 983 ‚
217 949 414 980 Meflimensem
425 950 681 982 Archimandritam
691 974 698 986 ‚
710 963 738 981 ac
749 962 845 982 omnes
857 953 910 981 mi-

111 999 196 1018 tratos
215 990 331 1020 Abbates
341 1013 349 1025 ‚
367 992 477 1029 quando
497 1003 554 1021 non
564 991 593 1020 su
599 1002 628 1020 nt
647 992 728 1022 sacris
745 994 910 1032 paramentis

110 1030 219 1059 induti.
238 1031 380 1060 Sacr.Rit.
392 1033 500 1071 Congr.
516 1043 559 1061 12.
578 1033 653 1062 Febr.
669 1038 754 1070 1598.
775 1036 819 1063 Ita
827 1034 909 1063 etiam

110 1071 206 1099 Palatii
219 1071 373 1109 Apostolici
384 1073 537 1106 Sacristam,
550 1073 598 1101 nisi
608 1074 661 1102 erit
673 1073 832 1113 Episcopus,
842 1075 908 1103 End.

109 1111 167 1138 Sac.
177 1112 286 1150 Congr.
301 1122 343 1149 ¹3-
353 1112 430 1149 Junii
449 1120 533 1142 1601.
546 1114 641 1143 Hodie
652 1124 744 1143 tamen
755 1116 782 1143 in
793 1115 910 1144 Ecclesia

109 1152 204 1180 Latina
214 1151 276 1180 sunt
288 1152 405 1190 duplicis
413 1154 522 1192 generis
534 1156 736 1187 Prmonomrii,
747 1155 909 1194 participan-

107 1201 148 1219 tes
164 1217 171 1227 ‚
189 1202 288 1231 nempe
300 1214 309 1225 ‚
328 1193 361 1221 de
370 1194 464 1232 quibus
473 1194 552 1233 supra
563 1217 571 1228 ‚
589 1199 616 1224 δ(
626 1206 685 1224 non
695 1197 889 1234 participantes
902 1217 909 1224 .

108 1232 196 1260 Primi
205 1232 268 1261 sunt
279 1255 288 1266 ,
308 1243 356 1271 qui
367 1233 462 1263 habitu
471 1235 622 1273 praelaritio
642 1237 796 1265 induuntur
815 1235 844 1265 in
854 1239 910 1267 Cu-

108 1273 150 1300 ria
162 1294 170 1305 ‚
181 1276 208 1301 ὅ(
221 1283 298 1302 extra
309 1283 367 1302 eam
378 1295 385 1307 ,
407 1277 435 1303 ὅ(
447 1275 540 1303 multis
551 1276 707 1315 privilegiis
716 1278 888 1306 cumulantur
897 1297 908 1314 ,

105 1304 210 1342 scili'c‘ss't
222 1313 294 1352 posse
305 1325 364 1342 non
372 1315 513 1353 legitimos
523 1317 679 1355 legitimare
688 1339 696 1350 ,
708 1327 798 1345 creare
809 1320 908 1346 Proto-

108 1353 233 1382 notarios
246 1365 303 1383 non
315 1355 530 1393 participantes,
542 1357 655 1395 Equites
664 1368 786 1387 aureatos
797 1379 804 1391 ‚
819 1361 907 1388 Nota·

107 1393 164 1421 rios
181 1395 358 1432 Apostolicos
366 1416 374 1428 ,
394 1397 535 1425 Doctores
552 1398 586 1427 in
604 1407 721 1436 utroque
737 1402 797 1434 jure
807 1421 816 1432 ‚
837 1410 866 1428 ac
876 1400 906 1428 in

107 1432 273 1473 Theologi15
286 1434 333 1464 sed
343 1436 373 1463 in
381 1438 441 1471 jure
450 1438 570 1466 taxative
579 1448 761 1471 annuatim,at
771 1440 801 1468 in
811 1439 904 1468 Theo-

107 1474 340 1511 logiaindefinite
353 1475 482 1505 .Possiint
493 1477 602 1515 insuper
618 1479 659 1506 uti
669 1489 752 1508 mitra
764 1500 772 1512 ‚
790 1479 904 1520 aliisque

107 1514 312 1542 pontificalibus
323 1516 489 1553 paramentis
499 1517 528 1545 in
538 1517 614 1547 Misia
625 1518 742 1548 solemni
753 1529 814 1548 cum
822 1521 906 1549 licen-

107 1552 147 1581 tia
157 1553 304 1582 Ordinarii
317 1576 326 1587 ,
338 1555 357 1583 si
369 1555 485 1592 praesens
497 1557 530 1587 sit
541 1569 549 1588 ς
559 1557 632 1586 secus
644 1569 709 1588 vero
718 1560 737 1589 si
748 1559 794 1589 hic
803 1561 856 1589 erit
865 1562 905 1590 ab·

108 1592 170 1622 sens
182 1615 189 1625 ,
212 1593 243 1622 in
262 1604 318 1632 quo
339 1594 400 1623 casu
412 1599 468 1631 ejus
490 1597 602 1627 licentia
619 1599 762 1629 neceslaria
779 1612 838 1630 non
848 1601 902 1630 est.

107 1634 184 1663 Item
193 1632 295 1663 habent
306 1634 463 1664 simultatem
475 1637 523 1668 fibi
533 1638 650 1668 faciendi
660 1641 793 1670 celebrare
803 1643 832 1670 in
841 1642 904 1671 loco

108 1683 166 1702 non
175 1672 250 1703 sacro
259 1697 267 1708 ‚
279 1679 307 1705 δε
318 1685 442 1714 tempore
451 1677 603 1712 interdisti)
615 1681 648 1709 ad
657 1691 734 1719 quam
745 1683 905 1711 celebratio-

107 1724 173 1742 nem
183 1715 272 1753 potest
285 1726 380 1744 eorum
399 1716 501 1746 familia
510 1719 684 1750 intervenire
694 1742 701 1749 .
724 1724 796 1751 Item
806 1723 904 1751 antici-

107 1764 171 1792 pare
181 1754 286 1784 Missam
296 1766 358 1784 ante
369 1763 533 1790 auroram&
544 1759 603 1797 post
614 1761 758 1791 meridiem
766 1764 842 1792 illam
853 1774 902 1802 po—

107 1794 232 1833 sticipare
241 1816 248 1822 .
272 1798 344 1825 Item
356 1797 512 1833 hujusmodi
530 1801 718 1831 l'rotonotarii
738 1805 797 1841 post
807 1804 902 1833 decen-

106 1833 186 1863 nium
195 1845 290 1864 eorum
299 1838 422 1866 officium
433 1840 620 1869 renunciantes
631 1863 638 1875 ‚
656 1852 705 1881 per
714 1843 826 1873 lustrum
838 1855 902 1884 gau-

108 1874 175 1902 dent
188 1875 284 1904 iisdem
295 1877 467 1916 privilegiis5
485 1879 532 1909 sed
541 1880 572 1909 in
580 1881 659 1911 Urbe
669 1894 727 1912 non
739 1884 847 1922 possunt
865 1889 904 1915 uti

111 1915 226 1951 amplius
238 1916 377 1950 rochetto,
388 1922 414 1947 δε
425 1921 638 1957 praecedentiam
648 1925 781 1953 amittunt
792 1927 822 1954 in
831 1927 903 1965 cap-

107 1955 180 1993 pella
189 1956 294 1985 Pontis.
314 1960 342 1987 &
350 1956 444 1988 sedere
455 1969 521 1989 tunc
532 1961 633 1991 debent
642 1964 702 2001 post
723 1967 806 1994 Rotae
818 1968 905 1996 Audi-

106 2005 179 2023 tores
189 2017 198 2028 ‚
217 1996 397 2036 Clericosque
406 2001 530 2030 Camers:
542 2023 551 2035 ,
562 2013 592 2031 ut
601 2003 724 2032 Constit.
735 2006 807 2034 Sixti
819 2008 845 2035 V
853 2027 859 2034 .
872 2009 905 2038 de

109 2046 186 2064 anno
200 2041 284 2071 1585.
305 2038 356 2066 Sed
368 2039 493 2070 Urbanus
504 2043 590 2073 VIII.
609 2054 672 2072 ann·
690 2052 775 2082 ¹⁶¹9·
793 2048 902 2086 amplia-

106 2077 150 2105 vit
161 2077 199 2105 eis
210 2075 363 2106 facultatem
373 2100 382 2112 ‚
404 2082 479 2118 quod
491 2107 498 2117 ‚
517 2093 617 2121 nempe
627 2105 636 2117 ‚
647 2087 838 2115 renuntiantes
858 2099 905 2127 per

105 2117 259 2145 triennium
268 2116 427 2156 supradictis
440 2122 596 2162 privilegiis
607 2124 731 2154 fruantur
739 2146 747 2154 .
767 2128 904 2160 Protono.

104 2157 169 2185 rarii
189 2157 260 2186 sacra
269 2168 426 2197 paramenta
444 2162 606 2193 benedicere
623 2175 679 2193 non
689 2166 813 2204 possiint.
832 2169 902 2199 Sacr.

104 2197 165 2227 Rit·
175 2198 285 2237 Congr.
312 2210 320 2228 ι
328 2211 354 2234 7.
365 2201 435 2238 Julii
458 2210 543 2236 1627.
562 2207 751 2235 Protonotarii
763 2217 829 2237 vero
845 2221 902 2240 non

101 2238 317 2276 participantes,
337 2251 454 2280 quorum
464 2253 592 2274 numerus
609 2245 772 2276 indefinitus
780 2249 836 2282 est,
858 2250 902 2280 ha.

101 2278 168 2308 bent
186 2289 263 2308 extra
284 2281 392 2310 Urbem
409 2282 543 2313 rocchetti
558 2310 564 2320 ,
581 2289 609 2315 &
620 2288 787 2317 mantelletti
806 2289 900 2320 usum.

101 2319 204 2348 Eadem
214 2321 332 2350 Sac.Rit.
345 2324 439 2363 Cong.
455 2335 465 2353 x
474 2325 650 2364 8-JuJ.1626·.
664 2328 713 2356 Sed
727 2339 783 2358 non
793 2329 901 2368 possunt

98 2357 199 2391 hahere
206 2362 323 2393 anulum
330 2363 362 2395 in
369 2364 472 2404 digito,
483 2366 549 2399 dum
559 2367 899 2406 celebrat-Easssacatit.

964 97 1076 136 Congr.
1089 105 1099 124 ι
1109 106 1133 125 1.
1145 97 1220 126 Febr.
1235 102 1319 133 1624.
1329 95 1493 126 Proecedunt
1502 98 1766 133 canonicoscatha

964 135 1107 168 dralis5sed
1118 146 1178 166 non
1187 147 1249 167 cum
1258 137 1448 177 capitulariter
1455 136 1516 167 sunt
1523 142 1765 182 congregatiAEad.

965 179 1074 217 Congr-
1088 188 1097 206 ι
1106 189 1132 207 2.
1142 178 1211 215 Maji
1226 184 1309 209 1602.
1319 178 1476 208 canonicus
1487 182 1694 213 Protonotarius
1714 195 1765 224 po-

964 219 1014 249 test
1025 219 1057 248 in
1065 217 1152 248 choro
1161 220 1202 249 uti
1213 219 1286 249 veste
1304 219 1435 248 violacea.
1449 222 1513 251 Ead.
1523 223 1631 262 Congr.
1643 224 1703 253 Rit.
1719 236 1728 253 ι
1736 237 1764 260 4.

963 261 1043 299 janu.
1057 266 1142 289 1612.
1155 260 1185 289 in
1195 261 1309 299 quadam
1320 261 1514 291 Panormitam
1524 284 1532 297 ,
1543 263 1606 292 dum
1617 273 1708 294 tamen
1719 265 1766 295 de-

966 300 1018 329 sert
1029 299 1134 330 habitus
1142 301 1323 330 Canonicales
1334 323 1342 334 ,
1362 305 1389 330 ἃ
1402 312 1463 330 cum
1474 304 1548 332 sitin
1557 304 1645 334 choro
1654 326 1663 338 ,
1682 307 1766 335 debet

965 341 1034 370 ferre
1046 340 1151 370 habitus
1161 341 1262 371 similes
1271 343 1334 372 aliis
1345 343 1504 378 canonicis,
1514 345 1579 374 alias
1588 346 1763 376 distributio-

964 385 1041 413 nibus
1052 393 1111 413 non
1120 383 1296 422 gaudet-Ead.
1307 383 1366 413 Rir.
1377 384 1472 423 Cong.
1487 396 1495 414 ι
1505 386 1663 417 2.Decen1b.
1680 399 1689 417 i
1697 394 1768 418 626.

965 424 1087 462 Suntque
1096 423 1254 454 Ordinatio
1264 424 1318 452 loci
1331 425 1362 452 in
1371 424 1558 455 criminalibus
1581 438 1687 458 tantum
1705 429 1767 459 sub-

963 465 1067 501 jean&
1080 466 1108 494 in
1121 465 1199 495 civil.
1210 465 1276 495 dum
1289 475 1346 495 non
1355 466 1464 495 excedat
1475 466 1607 497 sumniam
1619 481 1664 506 24.
1675 470 1767 500 ducar.

964 515 998 533 ex
1009 506 1086 534 Bulla
1097 507 1196 535 Leonis
1205 509 1238 536 X.
1259 507 1314 543 Qui
1323 507 1424 547 gaudet
1443 508 1595 549 privilegio
1613 512 1767 541 conclavi-

965 545 1066 574 s'tarum
1079 567 1088 579 ‚
1107 547 1284 577 Cavaleratus
1297 549 1393 587 Apost.
1417 550 1542 578 cancell.
1559 552 1606 581 vel
1622 551 1766 591 scripture

964 586 1096 622 ejusdem,
1108 591 1136 616 &
1147 590 1227 627 Papa:
1239 589 1456 622 familiares,dum
1466 601 1524 619 non
1536 590 1651 621 habeant
1659 603 1770 626 uxores.

965 630 993 656 δ(
1006 627 1058 656 sint
1070 627 1188 661 Clerici,
1199 639 1227 657 ut
1237 631 1424 659 Protonotarii
1434 630 1559 662 secundae
1570 633 1656 663 classis
1666 633 1767 663 haben-

965 676 1010 695 tur
1021 687 1029 694 .
1051 669 1215 706 Antiquitus
1225 680 1283 698 erat
1295 671 1376 698 ctiam
1395 672 1495 710 duplex
1507 674 1688 704 Notariorum
1705 674 1766 713 spe-

965 707 1021 735 cies
1032 729 1040 741 ,
1063 708 1111 737 alii
1121 709 1196 738 enim
1207 710 1276 739 intra
1287 711 1422 740 cancellos
1431 723 1521 741 coram
1534 715 1673 752 Judicibus
1681 715 1768 745 obdu-

965 748 1011 776 sto
1024 749 1088 777 velo
1098 750 1155 777 afta
1166 751 1318 786 Martyrum
1329 751 1479 781 scribebant
1490 764 1497 784 ς
1519 756 1566 783 alii
1588 766 1677 785 autem
1687 766 1767 786 extra

964 789 1098 817 cancellos
1108 788 1258 819 scribebant
1269 813 1276 823 ,
1286 792 1321 820 de
1331 793 1428 831 quibus
1436 795 1535 822 Baton.
1546 806 1601 834 cap.
1617 807 1624 824 ι
1635 818 1642 824 .
1662 797 1693 825 in
1706 799 1768 826 No-

965 828 1001 858 tis
1011 830 1212 871 Martyrologii
1222 851 1230 860 .
1250 833 1286 861 In
1295 834 1411 863 Ecclesia
1423 843 1512 863 tamen
1524 837 1767 876 Constantinopo-

965 869 1052 899 litana
1063 872 1272 901 Protonotarius
1282 884 1337 902 erar
1346 885 1381 903 ex
1393 874 1512 904 secundo
1520 877 1654 907 Clericali
1664 879 1767 907 ordine

964 911 1113 948 primus‚ad
1124 915 1205 951 q'uem
1216 912 1348 951 spectabat
1358 917 1486 945 Lectores
1494 918 1617 948 Ecclefiae
1628 919 1769 948 examina-

965 952 1169 983 re,testamenta
1181 953 1338 992 scribere,&
1347 957 1481 996 mancipia
1492 959 1694 989 manumittere.
1707 961 1767 990 PR.

965 991 1020 1028 Qui
1029 995 1141 1021 Graecus
1151 996 1360 1025 Protonotarius
1365 1001 1464 1033 Ianua
1472 1011 1502 1029 ex
1507 1002 1717 1030 ocatasoelorum
1726 1001 1772 1029 di·

964 1033 1142 1065 cebatur,non
1153 1035 1326 1073 quiaJanitor
1334 1037 1448 1067 illorum
1457 1039 1563 1074 essei,ut
1571 1042 1670 1078 Junius
1679 1042 1767 1070 credi-

964 1072 1007 1100 dit
1016 1094 1024 1106 ‚
1034 1072 1080 1102 sed
1090 1075 1153 1112 quia
1165 1075 1294 1114 ingresliii
1305 1077 1333 1106 in
1343 1078 1471 1107 ordinem
1482 1080 1652 1119 superiorem
1662 1086 1767 1112 Exoca-

963 1114 1126 1142 tacoelorum
1136 1125 1193 1144 erat
1204 1117 1379 1155 proximior:
1399 1120 1446 1158 qui
1457 1124 1646 1152 Exocatacoeli
1655 1145 1663 1156 ,
1675 1133 1705 1152 ut
1716 1122 1766 1152 suo

964 1153 1028 1182 loco
1037 1154 1140 1183 dictum
1151 1155 1201 1184 suit
1213 1178 1220 1189 ,
1242 1158 1405 1188 Cardinales
1415 1171 1491 1190 erant
1503 1163 1769 1203 Constantinopoli-

965 1202 1035 1223 tanae
1047 1195 1300 1236 Ecclesiae‚quique‚
1314 1209 1374 1228 cum
1385 1200 1468 1230 eslent
1478 1202 1507 1231 in
1518 1203 1616 1233 ordine
1628 1206 1769 1234 Diacona·

964 1234 996 1267 li,
1008 1245 1103 1264 omnes
1111 1237 1180 1266 alios
1192 1237 1341 1277 Episcopos
1350 1242 1541 1279 praecedebant
1552 1265 1560 1276 ‚
1570 1244 1637 1274 licet
1648 1246 1681 1275 lis
1690 1256 1766 1275 mota

964 1274 1052 1304 fuisset
1063 1276 1094 1304 ab
1103 1277 1245 1317 Episcopis
1254 1290 1350 1309 contra
1359 1282 1626 1323 Chartophylacem,
1638 1287 1684 1326 qui
1695 1297 1765 1316 unus

963 1326 998 1344 ex
1007 1317 1063 1345 illis
1073 1317 1207 1347 Diaconis
1216 1321 1339 1354 emmim
1351 1332 1440 1352 tamen
1452 1325 1482 1353 in
1493 1325 1572 1363 ipsius
1592 1326 1712 1357 favorem
1726 1339 1768 1356 re-

963 1355 1096 1395 scriptum
1107 1359 1137 1386 ab
1149 1360 1319 1398 Imperatore
1330 1363 1433 1393 Alexio
1444 1367 1594 1396 Comneno
1605 1368 1634 1396 in
1643 1369 1769 1398 novellis

963 1406 976 1424 a
987 1399 1155 1428 Leonrlavio
1166 1401 1246 1429 editis
1260 1422 1267 1429 .
1290 1403 1362 1431 Vide
1371 1409 1541 1435 Scriniarius
1552 1427 1559 1435 .

919 1437 979 1464 Pao
985 1439 1328 1478 T01³A1>Asffrpaird7m7tac
1337 1444 1624 1486 Archipresbyter,qui
1635 1449 1664 1476 in
1676 1450 1768 1478 Eccle-

960 1478 995 1505 sia
1006 1479 1322 1520 Constantinopolitana
1332 1486 1424 1513 multis
1435 1488 1652 1524 prxeminenriis
1664 1490 1769 1518 frueba-

960 1527 1014 1551 tur,
1023 1529 1084 1548 cum
1096 1519 1159 1549 esl'et
1169 1524 1339 1552 ecclesiastici
1349 1526 1490 1555 tribunalis
1499 1538 1577 1566 caput
1589 1551 1597 1562 ‚
1607 1533 1633 1558 δι
1645 1535 1766 1567 Magnus

959 1564 1121 1598 Protopapas
1132 1562 1272 1591 dicebatur
1281 1565 1313 1592 ad
1325 1565 1506 1595 differentiam
1518 1569 1770 1609 alteriusProropa-

961 1609 1006 1638 pas
1015 1601 1169 1639 Imperialis
1178 1625 1185 1636 ‚
1203 1614 1249 1643 qui
1260 1604 1340 1643 super
1360 1616 1456 1636 omnes
1475 1609 1602 1638 clericos
1621 1610 1768 1649 cappellae

961 1641 1115 1678 Imperialis
1126 1644 1339 1674 constituebatur
1349 1668 1356 1674 .
1370 1648 1530 1686 Aliquando
1540 1652 1656 1689 Magnus
1665 1654 1767 1681 Proto-

959 1690 1042 1719 popas
1052 1683 1157 1712 Clerici
1176 1694 1233 1712 tum
1245 1687 1444 1717 patriarchatus
1458 1711 1465 1722 ‚
1491 1700 1548 1718 tum
1567 1692 1649 1720 etiam
1667 1692 1766 1721 Palatii

958 1721 1105 1758 praefuerat
1114 1743 1121 1750 .
1142 1724 1267 1754 Meflanx
1277 1726 1365 1756 adhuc
1374 1739 1449 1757 extat
1459 1730 1519 1759 haec
1529 1731 1650 1770 dignitas
1662 1742 1690 1761 in
1702 1743 1768 1771 qua-

959 1762 1021 1790 dam
1033 1764 1148 1792 Ecclesia
1159 1765 1309 1795 Catholica
1321 1771 1452 1806 appellata
1466 1793 1472 1804 ,
1493 1772 1568 1800 atita
1586 1772 1656 1801 dista
1665 1783 1699 1801 ex
1711 1784 1744 1802 eo
1755 1795 1765 1807 ‚

959 1802 1022 1841 quia
1035 1805 1144 1841 quando
1156 1807 1248 1836 Sicilia
1257 1807 1303 1836 sub
1313 1811 1413 1838 Graeco
1423 1812 1546 1850 Imperio
1557 1823 1613 1841 erat
1625 1835 1632 1846 ,
1645 1813 1703 1842 liaec
1714 1818 1766 1843 Ec-

961 1843 1041 1872 clefia
1058 1855 1119 1872 cum
1137 1847 1243 1875 Latinis
1267 1851 1411 1885 permansit
1430 1862 1507 1880 unita
1528 1854 1556 1881 in
1574 1853 1745 1884 consessione
1754 1876 1765 1889 ‚

957 1885 1033 1923 quod
1044 1885 1159 1922 Spiritus
1171 1888 1279 1916 Sanetus
1289 1900 1322 1917 ex
1335 1892 1414 1919 Patre
1424 1914 1431 1924 ‚
1445 1893 1570 1931 Filioque
1580 1895 1711 1932 procedat
1721 1907 1727 1924 :
1736 1899 1766 1925 δε

957 1926 1023 1954 licet
1034 1925 1117 1963 usque
1135 1937 1165 1954 in
1176 1927 1345 1958 hodiernum
1356 1931 1428 1960 diem
1441 1943 1532 1971 graeco
1547 1936 1601 1963 ritu
1624 1935 1662 1964 ibi
1673 1937 1766 1965 officia

958 1966 1139 1997 ceiebremun
1151 1966 1181 1995 in
1191 1979 1291 2003 azymo
1303 1980 1391 2000 tamen
1403 1972 1572 2008 consecrant,
1583 1979 1610 2004 δι
1623 1986 1767 2015 ρατειιῃεηι,

960 2008 994 2035 tis
1005 2005 1216 2036 sacerdotalibus
1239 2020 1351 2039 utuntur
1362 2014 1522 2042 Latinorum
1535 2025 1628 2044 more.
1648 2018 1703 2045 Hic
1715 2018 1766 2047 ita-

959 2057 1012 2086 que
1033 2046 1203 2077 Messanenfis
1222 2052 1390 2091 Protopzpas
1409 2064 1508 2092 praeter
1529 2055 1745 2090 jurisdictionem
1755 2080 1766 2093 ,

958 2097 1039 2126 quam
1050 2088 1080 2115 in
1091 2090 1184 2116 multis
1195 2091 1318 2120 Ecclesiis
1337 2093 1459 2127 ejusdem
1479 2097 1613 2125 Civitatis
1633 2109 1762 2134 exercet,

959 2138 1018 2166 quae
1029 2129 1098 2156 olim
1111 2130 1156 2157 sibi
1168 2128 1291 2165 subieftae
1305 2143 1394 2165 erant5
1407 2146 1464 2164 non
1476 2146 1570 2174 parum
1579 2149 1593 2166 a
1604 2139 1692 2168 Clero
1704 2144 1765 2169 Me-

959 2168 1136 2207 tropolitanze
1148 2172 1271 2200 Ecclesise
1284 2172 1456 2207 honoratum
1479 2177 1508 2205 in
1522 2177 1567 2206 die
1576 2179 1652 2207 enim
1663 2182 1764 2209 Pente-

957 2213 1044 2237 coltes
1053 2210 1085 2237 ad
1095 2209 1164 2238 hanc
1175 2211 1354 2242 catholicam
1368 2216 1513 2246 Ecclesiam
1527 2219 1765 2256 processionaliter:

956 2251 1088 2278 accedunt
1107 2250 1283 2281 cathedralis
1301 2256 1441 2285 canonici
1453 2280 1461 2291 ‚
1481 2260 1662 2297 Protopapam
1682 2259 1765 2291 susci-

956 2290 1064 2329 pientes
1075 2312 1084 2324 ,
1093 2294 1120 2320 δε
1131 2291 1164 2319 ad
1175 2292 1369 2324 Cathedralem
1380 2297 1523 2327 Ecclesiam
1536 2301 1706 2334 conducunt,
1718 2303 1764 2333 ubi

955 2341 1049 2370 graeco
1066 2332 1121 2360 ritu
1131 2330 1266 2362 solemnes
1278 2335 1409 2375 Vesperas
1429 2338 1477 2367 ille
1494 2340 1569 2368 canit
1581 2362 1588 2373 ‚
1609 2351 1637 2368 ac
1647 2341 1762 2373 tandem

955 2370 1059 2402 eisdem
1067 2373 1241 2407 caeremoniis
1250 2375 1284 2406 ad
1291 2379 1435 2418 propriam
1445 2380 1592 2411 Ecclesiam
1602 2381 1742 2414 reducitur
1751 2405 1762 2421 ‚

1654 2432 1715 2464 qux
