1866 2526
169 44 245 97 18⁴4
500 44 538 86 c
569 44 588 86 1

1293 47 1381 90 CI

151 105 225 132 &um
234 100 427 134 conservatum
449 113 509 141 quae
521 101 652 132 foramina
663 100 693 131 in
701 101 795 132 multis
805 98 1087 134 Ecclefiiscminuu
1098 106 1302 142 mssAEcclesiae
1315 106 1389 136 feriae
1400 105 1452 136 IV.
1463 105 1622 137 Dominicae
1633 106 1776 146 Quinquass

152 143 238 174 adhuc
249 143 381 173 videntur
390 161 399 175 >
410 142 455 171 sed
465 143 607 182 praefatum
620 143 744 172 Trident.
754 143 867 173 Concil.
878 141 930 169 hoc

150 184 211 213 fieri
220 185 307 213 vetuit
317 206 324 213 .
335 184 428 213 Hodie
437 194 544 223 quoque
552 185 685 212 ciborium
696 195 709 213 a
719 185 822 223 pyxide
832 182 929 211 distin-

149 225 261 264 guitum
272 235 333 253 nam
344 235 394 264 pro
405 224 511 257 ciborio
521 225 720 253 tabernaculum
732 247 740 257 ‚
762 225 806 253 ubi
816 223 930 262 ponitur

150 275 198 295 vas
208 275 267 293 cum
278 266 457 295 Eucharistia5
481 275 530 303 per
539 266 671 303 pyxidem
698 276 764 294 vero
784 275 826 293 vas
846 262 940 310 ipsum}

148 305 181 334 in
189 316 244 344 quo
251 306 392 344 praefatum
402 307 602 335 Sacramentum
613 305 738 344 ponitur,
747 305 914 343 intelligitur
924 324 931 331 .

150 347 224 375 Vide
233 348 313 375 Pixis
325 367 332 374 .

109 386 265 416 CieATRix
276 407 284 414 .
307 387 379 416 Vide
399 393 470 417 Nota
479 408 485 415 .

109 427 285 456 Cmmmsm
296 449 304 461 ‚
327 429 506 457 Ce'tendelnm
517 450 524 461 ‚
543 432 570 457 δε
589 428 740 457 Cicindelis
754 440 762 455 .·
782 425 931 465 Pygolam-

147 478 203 536 pas,
213 468 421 506 aliaslampuris,
431 468 476 496 seu
484 469 616 507 lampyris
625 468 671 499 est,
682 470 809 506 exiguum
821 466 930 498 animal,

166 509 246 537 talice
254 510 380 539 Lucciola
392 509 503 541 dicitur,
513 511 556 538 cui
569 519 670 537 venter
679 511 815 536 nocturno
827 518 932 546 tempo-

149 549 291 580 relucidus
301 558 410 586 apparet
423 560 429 576 .·
442 549 601 578 translative
618 560 684 577 vero
694 549 801 577 lucerna
820 549 930 576 ardente

148 589 280 627 accipitur
289 610 296 617 .
309 595 321 624 [
332 591 409 617 Inter
420 600 520 628 organa
535 592 635 618 Vatum
647 611 656 622 ‚
668 594 694 617 ἃ
705 589 829 618 ardentes
839 589 928 617 cicen-

147 628 336 662 delasffiulber.
349 630 464 658 Carnot.
476 630 552 668 epist.
567 637 581 659 6
589 635 612 659 8.
624 631 659 658 In
669 630 816 658 Sati-arium
826 628 873 657 sub
884 639 931 657 vc-

149 670 178 697 lo
188 670 316 698 transiens
328 691 335 702 ‚
355 670 521 699 cicendelam
533 671 695 710 extinguere
717 670 807 698 voluit
817 691 824 697 .
843 672 929 708 Greg.

143 712 247 738 Turon.
265 711 310 739 lib.
330 722 355 746 4.
367 721 389 739 c.
401 721 449 748 31.
463 714 474 743 ]
497 713 647 740 Invenitur
663 711 744 739 etiam
757 720 858 738 nomeu
877 714 931 738 Ca-

149 752 259 779 cindela
269 761 299 779 in
309 751 401 779 eadem
413 752 621 790 significatione,
632 763 646 780 a
658 752 741 779 verbo
751 752 861 779 Gaudeo
870 761 930 789 pro<

145 791 260 819 veniens
270 813 277 824 ,
290 792 354 820 sicut
368 792 396 819 in
406 792 470 820 dist.
483 794 609 820 Candela
620 814 627 825 ,
650 792 679 820 ab
691 792 786 820 codem
797 791 879 820 verbo
890 791 931 819 di-

145 831 234 860 ximus
245 832 381 861 derivari.
393 833 552 871 Aliquando
563 832 696 872 fignificat
705 833 788 861 etiam
806 832 929 860 candela-

144 870 221 900 brum
235 892 243 899 .
254 873 327 901 Vide
337 878 422 901 Butto
433 895 439 906 ‚
450 874 555 902 Pharus
565 894 573 901 .

105 909 243 941 Cicouin
257 933 264 941 .
288 913 361 942 Vide
372 933 379 940 .
391 915 506 942 Erodion
516 934 523 941 .

104 951 255 981 Cicomus
268 975 276 986 ‚
299 964 340 981 res
361 954 394 981 ad
404 955 540 982 ciconiam
550 963 626 982 avem
638 952 795 992 pertinens:
811 952 929 991 [Usque

144 993 177 1020 ad
186 993 334 1022 adventum
347 994 525 1023 hirundinum
536 1017 543 1028 ‚
554 999 581 1024 ὃ(
593 996 730 1028 ciconium
742 1015 749 1022 .
773 994 867 1023 Sidon.
882 994 928 1022 lib.

150 1045 175 1060 ι.
199 1035 275 1072 epist.
292 1046 300 1062 i
308 1046 335 1070 4.

102 1073 237 1103 ClcivitlA
250 1086 379 1104 ENNIANA
391 1098 398 1108 ‚
410 1075 509 1113 phrasis
518 1086 643 1115 corrupta
653 1076 682 1104 in
692 1075 872 1108 Tertulliano,
885 1084 929 1113 qui

145 1115 403 1144 Valentinianorum
414 1117 528 1155 ineptias
539 1118 666 1146 deridens
679 1139 685 1149 ,
699 1117 808 1155 inquit:
824 1122 835 1151 [
851 1116 930 1145 Acci-

146 1164 179 1191 pe
188 1156 239 1183 alia
249 1156 360 1195 ingenia
369 1158 482 1185 circuria
492 1159 608 1185 enniana
617 1158 774 1195 iiiiignloris
796 1157 866 1195 apud
886 1165 930 1184 eos

145 1195 271 1234 Magistri
281 1217 288 1224 .
300 1209 321 1225 c.
342 1208 387 1235 37.
403 1200 414 1228 ]
427 1198 487 1226 Alii
498 1201 719 1226 Ciczarienniana
731 1199 828 1236 legunt
839 1209 871 1226 ex
883 1207 931 1223 no-

145 1236 280 1270 minibus,
294 1240 378 1266 Cicur
388 1259 395 1270 ‚
408 1241 433 1266 ἃ
447 1241 611 1269 Ennianum
627 1248 764 1275 comparat
783 1239 857 1268 enim
876 1237 931 1264 iro-

145 1276 206 1304 nice
215 1278 474 1306 Valentinianorum
483 1279 549 1306 rude
560 1277 703 1317 ingenium
715 1279 833 1318 ingeniis
842 1278 932 1308 Osco-

144 1325 202 1344 rum
213 1339 221 1349 ,
244 1329 311 1356 quos
321 1324 332 1351 (
343 1329 371 1346 ut
383 1319 418 1346 ibi
429 1329 506 1347 notat
515 1319 615 1347 Marius
627 1318 791 1352 Vic‘lorius)
809 1319 931 1358 lingua-m

144 1367 261 1395 graecam
271 1380 279 1391 ,
302 1358 453 1387 &latinam
464 1359 567 1387 Ennius
585 1358 714 1387 docuerat
725 1371 733 1391 5
757 1371 815 1399 qua:
839 1361 930 1395 conje-

145 1397 219 1426 &ura
235 1409 268 1427 ex
287 1399 375 1427 verbis
396 1401 433 1427 D.
454 1400 624 1435 Hieronymi
641 1400 820 1429 confirmatur
830 1422 837 1433 ,
860 1404 932 1436 cujus

148 1439 227 1466 verba
238 1461 246 1472 ,
269 1440 314 1468 lib.
326 1450 352 1478 3.
362 1450 456 1468 contra
465 1440 597 1469 Rufinum
606 1439 668 1468 sunt
688 1441 763 1470 haec:
790 1448 801 1476 [
814 1440 865 1470 Sed
884 1451 934 1468 nos

148 1478 283 1517 {implices
296 1481 421 1509 nomines
433 1502 438 1513 ,
449 1484 477 1509 &
487 1481 588 1509 cicures
599 1481 709 1510 enniani
722 1503 730 1515 ,
749 1493 798 1510 nec
811 1481 884 1509 illius
894 1480 933 1508 sa-

144 1519 278 1556 pientiam
291 1542 299 1553 ,
322 1532 370 1550 nec
380 1531 452 1549 tuam
465 1542 474 1554 ‚
496 1522 541 1559 qui
552 1522 748 1559 interpretatus
756 1533 783 1550 es
796 1523 934 1560 intellige-

145 1569 174 1587 re
185 1560 319 1598 possiimus
331 1583 337 1589 .
351 1564 362 1593 ]
383 1565 421 1590 At
432 1562 545 1591 Latinus
558 1563 680 1590 Latinius
689 1564 889 1592 Tertullianum
900 1562 934 1590 fic

145 1601 261 1640 corrigit
271 1614 278 1629 .·
301 1605 403 1639 Accipe
421 1603 482 1630 alia
490 1606 616 1640 ingentia
636 1607 799 1633 cercuriana
809 1615 820 1636 ,ς
841 1603 936 1641 quibus

148 1642 235 1669 verbis
245 1643 279 1671 ad
289 1643 416 1681 ingentes
428 1643 685 1671 Valentinianorum
704 1644 819 1682 ineptias
828 1644 935 1672 Tertul-

146 1681 233 1710 lianus
244 1684 343 1711 alludit
355 1694 363 1714 5
387 1687 522 1711 Cercurus
532 1685 606 1712 enim
615 1693 670 1711 erat
688 1685 787 1723 ingens
801 1684 936 1713 Aliatico-

147 1731 206 1750 rum
218 1725 295 1752 navis
304 1744 311 1750 .
334 1726 389 1752 FR.
400 1723 575 1761 Opinionem
587 1724 692 1752 Latinii
703 1725 828 1753 invenies
840 1725 868 1752 in
878 1728 933 1760 ejus

147 1763 316 1800 Bibliotheca
326 1762 437 1802 Sac.seu
449 1763 667 1793 Observationes
686 1769 737 1794 ἃς.
748 1776 794 1804 per
814 1776 862 1794 nos
882 1764 936 1793 hoc

147 1813 220 1832 anno
228 1804 350 1843 impr-effa
362 1826 370 1837 ,
393 1804 486 1843 pagin.
503 1815 567 1841 199·
577 1805 631 1833 col.
649 1816 671 1832 1.

106 1844 227 1873 C1C²¹'1'A
238 1867 246 1878 ,
268 1845 351 1873 hei-ba
363 1857 368 1872 :
380 1849 434 1880 ejus
445 1855 567 1873 naturam
578 1866 584 1872 .
606 1845 678 1873 Vide
689 1846 877 1883 Hierophanta
888 1865 894 1872 .

107 1885 239 1914 CIDAius
251 1906 258 1913 .
281 1885 356 1915 Vide
366 1890 460 1914 Μήνη
472 1906 480 1913 .

106 1924 254 1954 ciricum
266 1928 405 1955 Dwmvm
416 1948 424 1959 ,
447 1926 516 1964 quid
525 1926 557 1955 fit
565 1947 572 1954 .
586 1926 660 1955 Vide
670 1930 840 1956 Poenitentes
851 1946 858 1954 .
869 1926 935 1955 Un-

149 1965 182 1992 de
194 1966 317 1995 dicatur.
341 1967 415 1996 Vide
424 1967 589 1996 Trichinas.

105 2004 238 2034 Cinium
251 2007 380 2042 κειμήλικ
392 2029 399 2039 ,
423 2007 496 2035 Vide
507 2009 660 2036 Cemelium
671 2027 678 2035 .

984 145 1092 189 gefimae
1104 147 1303 187 antiquissimus
1313 147 1439 187 ritus‚qui
1447 147 1548 177 solebat
1557 147 1777 179 ficr'iaChristia-

987 195 1028 213 nis
1038 188 1193 216 excalceatis
1202 211 1209 221 ,
1220 199 1250 217 ut
1262 189 1292 217 iu
1303 189 1541 218 constitutionibus
1551 189 1775 218 Cisterciensium

987 225 1143 264 disponitur
1153 250 1160 261 ‚
1181 233 1209 257 δε
1221 232 1356 267 Rupertus
1366 230 1421 257 ait.-
1447 230 1560 268 [Igitur
1568 240 1596 258 ut
1617 231 1706 259 nostra
1723 240 1775 257 no-

986 266 1025 294 bis
1035 268 1169 295 calamitas
1179 269 1380 298 admemoriam
1391 279 1535 299 revocetur
1543 293 1550 303 ‚
1580 274 1607 299 δι
1618 272 1775 299 memineri-

987 316 1045 335 mus
1059 329 1066 341 ,
1091 309 1153 346 quia
1164 309 1255 347 pulvis
1265 308 1353 337 sumus
1363 332 1371 343 ‚
1394 310 1468 348 quod
1479 311 1579 339 oblitus
1591 312 1629 340 est
1640 321 1715 350 pater
1725 320 1776 338 no-

988 347 1040 376 ster
1060 349 1168 382 Adam,
1191 349 1300 386 quando
1312 352 1429 387 projemt
1449 360 1514 379 ante
1532 352 1623 380 Deum
1641 359 1776 380 coronam

988 387 1061 416 suam
1073 410 1080 421 ,
1103 393 1129 418 ὃ(
1140 390 1240 417 exinde
1249 388 1331 417 senfit
1340 390 1493 418 nuditatem
1510 391 1598 420 suam:
1623 392 1727 420 idcirco
1745 394 1773 419 &

988 429 1080 458 cinere
1089 430 1176 468 capita
1198 430 1288 458 nostra
1307 427 1489 468 aspergimus,
1510 435 1537 460 ὃς
1553 431 1667 461 summas
1685 441 1775 471 partes

989 470 1111 508 corporis
1124 492 1131 502 ,
1154 470 1242 503 idest,
1262 470 1343 508 pedes
1354 470 1483 499 nudamus
1495 492 1502 503 ‚
1523 470 1576 499 hoc
1594 472 1687 502 habitu
1708 482 1776 500 coii-

989 510 1098 538 fitentcs
1109 511 1237 548 quianon
1256 510 1307 539 Dii
1318 532 1326 543 ‚
1350 520 1439 549 neque
1457 512 1490 540 de
1509 512 1581 540 coelo
1601 512 1688 541 sumus
1700 524 1705 543 ς
1728 511 1776 539 sed

986 550 1114 579 homines
1124 550 1213 579 sumus
1225 573 1231 584 ,
1254 554 1281 579 δε
1294 551 1328 580 de
1340 560 1412 580 terra
1433 551 1599 590 principium
1619 552 1756 582 habuimus
1768 573 1776 584 ,

987 595 1014 619 ἃ
1026 592 1089 630 quia
1099 602 1145 629 per
1155 601 1293 630 peccatum
1303 592 1393 630 gloria
1404 593 1493 620 nostra
1503 591 1612 630 spoliati
1625 614 1632 626 ‚
1654 598 1682 622 ὅ(
1701 594 1776 621 inter

986 630 1077 659 hostes
1088 633 1228 661 constituti
1242 654 1249 665 ,
1272 643 1370 660 ornatu
1380 633 1474 671 gratia:
1487 634 1542 662 Dei
1555 633 1706 672 indigemus
1716 653 1723 661 .
1733 634 1777 661 De

990 672 1080 700 divin.
1091 674 1177 702 Offic.
1187 673 1234 701 lib.
1246 684 1330 711 4.cap.
1348 684 1389 701 10.
1401 676 1412 704 ]
1429 675 1484 702 FR.
1497 677 1632 701 Extremae
1645 674 1777 712 liquidem

989 713 1179 741 admirationis
1189 713 1292 742 civium
1304 713 1487 743 Halberstadii
1499 715 1636 742 Saxonum
1646 724 1704 742 mos
1722 722 1778 741 erat

990 753 1019 780 in
1031 752 1080 781 hac
1090 754 1134 782 die
1148 776 1154 786 ,
1176 765 1208 782 ex
1221 754 1357 783 relatione
1366 754 1469 783 AEnea’
1481 754 1570 789 Sylvii
1585 755 1614 782 in
1626 758 1682 793 ejus
1694 758 1778 783 Euro-

991 804 1022 832 pa
1033 815 1040 826 ,
1064 805 1086 822 c.
1099 806 1125 823 2.
1135 794 1321 824 scelestiorem
1331 794 1406 823 enim
1431 795 1534 823 civium
1554 795 1728 833 inquirebant
1751 794 1779 822 in

989 835 1038 862 hac
1049 834 1093 862 die
1105 856 1112 868 ,
1124 846 1204 874 quem
1217 836 1369 874 lugubribus
1380 835 1548 863 indumentis
1560 836 1710 865 vestiebant
1722 856 1730 867 ,
1751 844 1779 862 ac

988 875 1079 912 capite
1091 876 1183 904 velato
1193 876 1223 904 in
1234 877 1378 905 Ecclesiam
1390 875 1575 904 conducebant
1595 887 1627 904 ex
1640 886 1691 915 qua
1701 885 1776 913 pei-a-

988 916 1036 943 ξὶιε
1045 916 1148 944 divniis
1159 917 1278 948 officiis,
1301 917 1378 944 illum
1389 916 1563 953 expellebant
1577 937 1583 944 .
1609 918 1663 945 Hicv
1676 926 1722 954 pei·
1735 926 1780 943 to-

988 964 1045 983 tum
1055 957 1271 996 Quadragefimae
1284 966 1388 995 tempus
1400 957 1476 984 nudis
1489 956 1599 993 pedibus
1611 957 1641 984 in
1650 957 1778 985 Civitate

987 997 1187 1034 perambulabat
1200 1020 1207 1030 ‚
1229 997 1380 1036 omnesque
1401 996 1530 1024 Ecclelias
1549 997 1686 1025 visitando
1697 1017 1704 1028 ,
1728 996 1777 1023 nii-

986 1046 1062 1065 nime
1073 1037 1258 1075 ingrediendo
1271 1059 1279 1070 ,
1302 1048 1352 1066 nec
1364 1047 1425 1065 cum
1443 1037 1502 1064 ullo
1517 1047 1636 1075 unquam
1654 1037 1779 1074 loqueba-

988 1086 1049 1109 tur5
1060 1087 1115 1106 erat
1127 1088 1218 1107 tamen
1227 1077 1384 1107 alternatim
1396 1078 1429 1105 ad
1441 1076 1560 1106 mensam
1571 1079 1644 1106 inter
1653 1077 1781 1106 Canoni-

988 1128 1032 1146 (ος
1042 1118 1174 1147 invitatus
1186 1141 1192 1147 .
1203 1119 1363 1148 Dormiebat
1375 1118 1433 1157 post
1445 1117 1560 1145 mediam
1577 1119 1685 1146 nostem
1698 1139 1705 1149 ,
1721 1128 1782 1145 ttin-

986 1158 1049 1186 dem
1068 1159 1160 1196 postea
1178 1160 1209 1188 ab
1230 1159 1354 1188 omnibus
1364 1159 1479 1197 peccztis
1491 1180 1499 1191 ,
1523 1169 1553 1186 ac
1574 1159 1780 1186 enormitatibus

988 1198 1135 1226 commissis
1146 1199 1352 1230 absolvebatur5
1376 1203 1403 1227 ὅ(
1414 1199 1543 1237 deinceps
1554 1200 1642 1228 Adam
1660 1200 1782 1237 appella-

989 1239 1065 1267 batur
1076 1242 1114 1273 :lh
1127 1239 1308 1268 Adhibendus
1320 1239 1359 1267 est
1368 1239 1436 1267 cinis
1448 1249 1498 1276 pro
1509 1239 1561 1267 hoc
1574 1239 1618 1268 die
1630 1251 1662 1268 ex
1683 1240 1769 1277 palmi

988 1289 1047 1307 runi
1059 1301 1066 1312 ,
1089 1283 1116 1307 δε
1127 1280 1261 1308 olivarum
1275 1280 1371 1311 ramis,
1394 1290 1466 1307 anuo
1478 1280 1645 1317 precedenti
1670 1280 1782 1308 benedi-

987 1320 1037 1347 ftis
1048 1341 1055 1352 ‚
1078 1329 1106 1347 ut
1115 1319 1144 1347 in
1155 1321 1280 1349 Rubricis
1291 1319 1447 1357 disponitur
1459 1340 1466 1351 ,
1478 1319 1551 1357 quod
1563 1323 1588 1348 ἃ
1602 1320 1693 1348 Graeci
1713 1330 1781 1357 quo-

987 1370 1038 1398 que
1048 1359 1208 1388 observant:
1228 1371 1288 1389 cum
1298 1361 1371 1389 enim
1381 1360 1423 1388 liae
1434 1370 1569 1387 ramorum
1580 1361 1648 1388 binae
1659 1359 1760 1398 species
1772 1380 1781 1392 ,

988 1410 1040 1428 una
1051 1422 1058 1432 ‚
1081 1400 1185 1428 scilicet
1197 1402 1319 1430 vietoriae
1331 1423 1338 1433 ,
1362 1400 1554 1429 misericordiae
1569 1400 1695 1439 pacisque
1715 1401 1782 1428 alte-

989 1451 1017 1469 ra
1026 1440 1149 1476 symbola
1159 1441 1212 1469 sint
1224 1453 1231 1473 ς
1243 1442 1309 1470 hinc
1320 1441 1503 1469 admonentur
1514 1441 1606 1469 fideles
1616 1463 1624 1474 ,
1635 1441 1710 1479 quod
1720 1451 1782 1468 me-

989 1481 1081 1509 diante
1091 1482 1257 1519 poeniteutia
1267 1505 1276 1515 ‚
1298 1486 1326 1511 ὃ(
1339 1482 1470 1509 vitiorum
1482 1481 1595 1510 victoria
1607 1503 1614 1514 ‚
1638 1486 1666 1510 δε
1676 1481 1781 1509 divinae

991 1519 1184 1551 misericordiae
1196 1522 1386 1551 reconciliatio
1395 1522 1566 1560 acquiratur.
1587 1523 1643 1550 PR.
1664 1523 1699 1549 In
1717 1523 1785 1550 Am-

991 1562 1113 1590 broliano
1122 1563 1177 1591 ritu
1197 1562 1386 1601 dispensantur
1405 1564 1509 1590 cineres
1525 1562 1560 1590 ad
1579 1561 1672 1591 seriam
1689 1560 1786 1591 secun-

991 1603 1053 1630 dam
1064 1604 1253 1641 Rogationum
1266 1625 1273 1635 ,
1296 1613 1356 1641 quae
1376 1603 1414 1631 ibi
1424 1602 1483 1641 post
1496 1602 1691 1631 Ascenfionem
1711 1603 1784 1631 cele-

992 1644 1103 1671 brantur
1114 1663 1121 1670 .
1145 1655 1151 1672 :
1166 1645 1180 1678 ΙΙ
1193 1656 1198 1671 ;
1223 1646 1257 1673 In
1270 1643 1404 1682 Cappella
1416 1642 1504 1681 papali
1514 1665 1521 1675 ‚
1544 1643 1654 1680 quando
1665 1643 1785 1671 Pontifi-

992 1694 1017 1711 ci
1026 1683 1259 1722 superimponitur
1270 1685 1338 1712 cinis
1349 1694 1361 1711 a
1373 1684 1538 1712 Celebrante
1557 1683 1717 1712 Cardinali:
1737 1683 1784 1711 ad-

994 1734 1081 1752 vertit
1092 1726 1129 1753 ibi
1139 1725 1342 1754 caeremoniale
1355 1746 1362 1757 ‚
1386 1725 1431 1752 lib.
1444 1736 1470 1752 z.
1482 1734 1537 1761 cap.
1557 1734 1603 1760 31.
1615 1724 1689 1761 quod
1698 1724 1784 1751 Cele-

993 1765 1084 1793 brnns:
1111 1766 1210 1800 [Stans
1222 1775 1312 1793 coram
1322 1775 1354 1792 co
1372 1763 1450 1802 supra.
1467 1762 1609 1792 scabellum
1620 1785 1627 1796 ,
1651 1764 1723 1792 nihil
1741 1763 1786 1791 dix

992 1816 1053 1833 cens
1065 1827 1072 1837 ,
1095 1806 1216 1843 imponit
1225 1809 1303 1843 l’apae
1323 1804 1431 1832 sedenti
1448 1804 1550 1832 cineres
1566 1803 1644 1842 supra
1665 1813 1744 1842 caput
1754 1804 1786 1832 in

993 1846 1104 1874 modum
1114 1847 1214 1874 crucis.
1237 1848 1249 1877 ]
1272 1846 1354 1881 Quod
1364 1843 1503 1873 soletfieri
1523 1844 1556 1871 ad
1569 1845 1691 1874 §anetam
1709 1844 1783 1873 Sabi-

994 1896 1056 1914 nam
1066 1908 1073 1919 ,
1086 1886 1130 1914 ubi
1139 1886 1375 1924 quadragesimalis
1386 1885 1464 1913 statio
1474 1884 1573 1922 incipit
1584 1896 1591 1916 5
1605 1883 1651 1913 sed
1661 1885 1784 1915 Cencius

995 1927 1166 1955 Camerarius
1177 1927 1205 1954 in
1214 1925 1260 1953 suo
1271 1927 1310 1954 M.
1322 1927 1346 1954 S.
1356 1925 1555 1954 Can-emoniali
1566 1925 1678 1954 testatur
1690 1947 1697 1958 ‚
1708 1924 1784 1964 quod.

992 1970 1069 2005 Papce
1081 1977 1188 2005 quoque
1197 1967 1355 1995 dicebantur
1365 1965 1539 1995 memoranda
1549 1966 1628 1995 verba
1638 1978 1644 1994 .’
1655 1971 1779 1995 Memcn«

993 2018 1020 2036 to
1029 2009 1104 2036 homo
1115 2007 1172 2040 &m

108 2046 323 2075 CIMELIARCHA
334 2069 341 2081 ‚
365 2048 535 2081 cimelium,
559 2052 586 2078 &
608 2048 777 2078 Cinimilia,
800 2048 874 2077 Vide
886 2053 937 2077 Ce-
954 2050 1139 2080 Cmouwm,
1161 2049 1240 2076 Zona
1252 2068 1260 2080 ,
1282 2048 1422 2080 baltheus,
1444 2045 1548 2075 sacrum
1558 2046 1678 2085 ligamen
1698 2046 1731 2074 ad
1742 2056 1786 2074 (ει-

145 2087 260 2114 melium
272 2098 281 2117 ς

108 2127 323 2160 cimanum,
350 2127 439 2157 Theca
453 2150 459 2161 ‚
481 2127 583 2158 seuvas
597 2150 605 2162 ,
628 2129 657 2156 in
676 2138 732 2166 quo
747 2129 853 2157 cineres
865 2151 872 2162 ‚
893 2128 939 2157 seu

147 2165 202 2194 osia
213 2169 372 2196 sauciorum
385 2169 623 2201 conservantur5&
635 2170 698 2197 ideo
707 2169 846 2205 Offarium
855 2170 938 2197 ctiam

149 2208 258 2235 dicitur.
271 2209 344 2236 Vide
355 2211 462 2238 Canola
471 2231 477 2237 .
490 2210 630 2239 Cinerarii
639 2210 843 2248 appellabantur
854 2209 939 2239 Chri—

150 2249 232 2277 stiani
241 2269 249 2281 ‚
274 2258 302 2276 ut
311 2251 496 2278 Tei-tullianus
505 2251 616 2279 testatur
628 2273 635 2284 ,
656 2261 687 2278 ex
699 2260 732 2278 eo
751 2250 814 2288 quia
832 2252 938 2285 Marty—

151 2298 210 2317 rum
220 2289 324 2317 cineres
334 2290 496 2318 verebamur
505 2311 513 2316 .
535 2294 591 2320 PR.
602 2291 655 2319 hoc
666 2300 768 2318 nomen
780 2301 792 2318 a
806 2290 935 2329 Vigilan-

150 2340 192 2371 «ιο
201 2328 376 2358 haerefiarcha
387 2329 553 2358 Christianis
564 2333 655 2368 primo
665 2331 822 2369 impolitum
833 2330 918 2360 fuerat
931 2352 938 2359 .

150 2371 250 2399 Eiron.
261 2381 304 2400 an.
314 2379 381 2406 406.
395 2383 421 2400 ti.
434 2382 479 2405 44-
491 2374 517 2399 ὃ(
528 2370 583 2409 seq.
822 2375 824 2377 '

994 2088 1153 2117 lebrandum
1163 2088 1322 2116 ordinatum
1332 2109 1340 2116 .
1362 2091 1397 2117 In
1409 2087 1526 2126 quodam
1535 2088 1647 2125 antiquo
1666 2086 1786 2115 Pontifi-

996 2129 1047 2157 cali
1058 2131 1097 2156 M.
1106 2130 1130 2157 S.
1142 2130 1312 2157 Cinc‘z‘orium
1322 2127 1712 2168 appellatur.C0nteniplative
1723 2126 1786 2155 cha-

995 2171 1105 2197 ritatem
1115 2168 1221 2198 Christi
1232 2169 1367 2207 fignificat
1378 2190 1385 2197 .
1410 2170 1555 2196 Innocent.
1567 2170 1637 2205 Papa
1655 2167 1689 2196 de
1700 2168 1784 2202 Mysi.

996 2208 1067 2238 Mifi‘.
1085 2219 1141 2248 cap.
1163 2220 1199 2247 37
1207 2229 1214 2236 .
1232 2208 1425 2248 hujusdemque
1445 2208 1552 2236 Christi
1570 2208 1766 2246 Virginitatem
1776 2226 1786 2234 .

995 2253 1150 2280 Bonavent.
1160 2251 1232 2278 Item
1243 2250 1351 2288 flagella
1361 2251 1391 2278 in
1402 2248 1521 2287 paffione
1530 2247 1784 2284 ejusdem-Durand.

997 2292 1070 2319 Item
1081 2290 1158 2318 funes
1167 2311 1176 2323 ,
1198 2290 1293 2329 quibus
1304 2291 1376 2319 idem
1386 2291 1416 2318 in
1425 2290 1544 2328 paffione
1567 2289 1664 2328 ligitus
1682 2287 1764 2315 fuerat
1774 2306 1785 2314 .

995 2331 1033 2359 D.
1043 2330 1163 2359 Thomas
1174 2351 1181 2358 .
1204 2334 1297 2369 Atque
1308 2332 1449 2359 moraliter
1468 2329 1617 2358 custodiam
1635 2327 1725 2356 cordis
1741 2325 1783 2355 se-

997 2371 1116 2402 cundum
1136 2371 1280 2401 Rabanum
1296 2371 1411 2402 denotat
1422 2391 1429 2399 .
1449 2369 1671 2437 continentiam}
1682 2376 1783 2404 repra:-

1667 2416 1743 2438 enta·
