1866 2526
464 83 581 125 AD

110 141 155 173 fla
164 139 341 175 Catholicae,
362 150 445 181 quam
462 142 687 170 Nwaetianorum
707 135 830 168 usitatis.
851 139 905 167 Ta-

111 183 190 213 metfi
200 182 277 212 enim
293 180 375 211 sensu
391 182 576 222 quorumdam
593 179 773 209 articulorum
795 178 905 208 differe-

112 225 196 257 bant,
217 223 313 253 eadem
332 233 427 253 tamen
447 221 705 262 interrogationum
726 219 814 249 forma
833 230 902 249 con-

115 264 286 298 veniebant,
309 265 464 303 eodemque
487 263 621 299 Symbolo
646 271 756 292 utentes
774 261 899 301 baptiza-

112 307 197 339 bant,
220 306 418 335 Tertullianus
429 314 539 344 quoque
551 326 558 337 ,
579 308 611 332 de
630 304 762 341 baptism.
779 313 802 332 c.
817 309 844 332 6.
866 312 900 331 ex
918 330 921 331 γ

111 346 229 376 articulo
259 346 293 375 de
312 348 393 375 Patre
406 368 414 379 ,
439 347 511 375 Filio
524 366 532 378 ‚
554 349 582 374 δε
604 344 709 383 Spiritu
730 344 850 376 saneto,
871 354 901 372 ac

111 387 148 417 de
160 387 277 418 Ecclesia
297 386 328 415 in
343 386 482 425 baptismo
498 385 736 424 interrogationes
757 385 837 414 saetas
859 383 900 413 es-

110 426 140 458 se'
149 429 271 458 affirmat
283 449 291 456 .
310 430 347 457 Et
356 428 491 466 Eusebius
501 448 508 460 ‚
527 432 576 465 Ep.
587 428 625 455 ad
636 428 735 464 Cesar.
745 435 787 462 ap.
797 430 899 454 Socrat.

112 469 131 498 l.
143 477 171 499 6.
182 475 246 499 c.⁷8.
255 469 368 508 quando
379 469 460 497 verba
472 468 598 503 Symboli
610 467 736 496 Ecclefiae
747 467 900 502 Casareen-

97 518 100 520 '
104 509 146 548 fis
162 511 261 539 recitat
272 532 281 544 ,
305 509 469 544 Symbolum
478 509 550 537 illud
568 506 620 537 ess'e
639 508 726 540 dicit,
749 507 825 545 quod
842 506 899 545 ipse

109 551 242 580 didicerit
254 573 262 584 ,
284 560 367 590 quum
379 550 475 589 primis
484 548 548 577 fidei
559 547 725 577 rudimentis
734 547 878 576 insti-umis
890 570 898 580 ,

109 591 260 621 &salutari
280 592 391 619 lavacro
408 591 510 619 tinctus
531 590 568 619 est
581 610 588 617 .
612 589 747 619 Eumdem
768 587 845 616 usum
867 588 898 617 in

111 632 252 671 plerisque
263 632 389 662 Ecclefiis
397 630 589 661 Orientalibus
600 630 724 659 obtinuit
734 629 898 665 Symbolum

109 676 251 702 Muniam
265 695 273 707 ‚
295 672 498 711 quamprimum
525 672 708 710 compositum
731 670 783 699 suit
792 682 800 702 ‚-
826 669 897 698 hanc

109 713 185 742 enim
205 714 270 743 fidei
291 713 437 742 formulam
457 713 487 741 in
507 712 636 751 baptismi
655 710 897 741 administratione

109 754 251 783 ordinarie
272 754 416 782 recitatam
428 775 437 787 ,
461 754 582 792 pluribus
602 752 770 781 testimoniis
789 751 897 780 evinci-

105 803 164 825 tur5
177 795 282 823 concil.
293 796 498 833 constantinop.
509 793 556 823 suh
567 800 672 823 Menna
680 794 731 822 ast.
746 803 771 827 5.
784 796 896 828 Tom.5.

107 835 222 864 Concil.
233 839 315 865 Cone.
334 836 430 873 Ephel‘.
450 836 503 864 act.
515 841 549 864 .6.
569 837 650 864 Tom.
662 845 689 872 3.
705 835 798 863 Conc-
813 838 895 862 Conc-

107 875 236 905 chalced.
262 877 312 904 ad·
334 887 361 904 2.
378 878 459 905 Tom.
480 888 507 912 4.
529 877 620 905 Conc.
641 875 814 913 Evagr.l.3.
832 885 856 902 c.
867 885 894 910 4.

106 916 241 954 Epiphan.
263 926 388 945 ancorat.
399 927 475 945 num.
493 928 555 946 120.
581 918 597 951 Η
610 920 695 945 Erant
706 916 832 953 quaedam
842 915 895 942 cir-

104 957 274 985 cumstantiae
294 958 496 987 &ceremoniae
517 956 596 992 hujus
614 956 791 986 confeffioms
803 977 810 988 ,
833 966 893 995 quae

104 1007 166 1025 cum
184 998 218 1026 ad
227 997 342 1027 :taionis
350 997 559 1028 solemnitatem
570 997 703 1027 nonnihil
714 997 873 1026 conferrent
886 1018 893 1029 ,

107 1048 166 1065 non
181 1038 225 1065 abs
244 1048 272 1065 re
293 1038 376 1067 luerit
386 1049 428 1067 eas
447 1038 603 1067 recensere.
623 1038 717 1066 Primo
730 1060 736 1070 ,
759 1037 834 1076 quod
846 1047 894 1075 pu-

105 1077 176 1105 blice
187 1088 278 1106 coram
289 1079 383 1107 multis
402 1080 514 1108 testibus
531 1079 630 1108 fiebam
655 1082 682 1107 δε
694 1079 722 1107 id
733 1078 846 1116 quidem
858 1088 891 1106 ex

105 1118 254 1155 apostolica
265 1119 361 1156 praxi,
384 1130 460 1159 aqua
480 1119 629 1149 recedendi
649 1129 710 1147 nro
728 1119 890 1161 iqiulgeba-

106 1167 152 1186 tur
172 1159 268 1187 venia.
287 1160 404 1196 Ephrem
420 1166 501 1200 Syrus
514 1180 523 1192 ,
545 1161 577 1187 de
594 1163 726 1197 pot-nme.
740 1169 764 1194 ς.
785 1169 845 1187 eam
863 1159 894 1187 ab

103 1199 235 1236 exemplo
261 1199 374 1227 deducit
401 1201 539 1229 Timothei
552 1221 560 1233 ‚
582 1200 629 1238 qui
659 1199 787 1238 confieffus
813 1208 875 1228 erat
885 1221 892 1231 ,

109 1251 133 1267 ι.
145 1242 219 1267 Tim.
231 1246 258 1267 6.
275 1249 284 1266 1
293 1251 318 1267 2.
337 1241 435 1268 bonam
448 1240 630 1279 confessionem
639 1251 729 1268 coram
741 1240 840 1268 multis
851 1250 892 1268 te-

94 1280 185 1316 stibus
197 1292 206 1307 :
227 1279 302 1318 quod
313 1280 361 1308 ille
372 1280 406 1309 de
418 1280 587 1319 professione
608 1280 693 1314 fidei,
717 1290 797 1319 quam
810 1281 892 1309 inba-

102 1319 207 1358 ptismo
237 1321 353 1353 fecerat,
375 1322 574 1361 interpretatur
594 1341 602 1349 .
634 1325 669 1350 Et
700 1326 750 1350 Lito
770 1326 891 1359 Magnus

101 1361 226 1389 Summus
236 1362 368 1390 Pontifex
381 1384 388 1394 ‚
410 1368 494 1392 Serm.
506 1374 533 1398 4.
551 1363 584 1391 de
605 1368 670 1391 Nat.
682 1364 798 1390 Domini
811 1384 820 1395 ‚
842 1373 890 1390 eo-

100 1402 165 1430 dem
176 1401 313 1440 respicere
324 1403 436 1432 videtur
446 1425 454 1436 ‚
476 1403 588 1443 quando
598 1402 724 1431 homines
733 1403 889 1440 baptizatos

101 1442 136 1471 ad
144 1443 326 1472 constantiam
338 1443 403 1472 fidei
413 1444 563 1473 adhortans
575 1466 582 1476 ,
593 1450 754 1472 Permanere
765 1465 772 1476 ‚
785 1444 887 1482 inquit,

94 1484 209 1519 stabiles
230 1487 261 1513 in
270 1485 330 1521 fide
341 1506 349 1518 ‚
371 1496 456 1523 quam
475 1484 578 1523 confeffi
597 1485 657 1521 rstis
676 1495 767 1512 coram
787 1485 887 1513 multis

101 1525 214 1559 testibus
226 1545 234 1557 ‚
257 1525 292 1557 ό»
301 1529 332 1554 in
343 1536 399 1563 qua
409 1530 501 1554 renati
519 1533 568 1563 per
577 1535 682 1564 aquam
700 1524 735 1557 ὁ»
751 1528 856 1562 Spiritu
867 1536 887 1553 n

101 1567 243 1595 Sanctum,
255 1567 394 1603 accepistis
406 1567 505 1602 charis
501 1577 550 1594 ma
554 1566 661 1602 salutis
671 1564 886 1602 &stgnaeculum

101 1612 167 1631 ’ωτι
180 1613 277 1633 aterna
290 1625 298 1632 .
309 1607 396 1634 Moris
406 1606 482 1635 fuifle
491 1612 578 1636 Roma
591 1614 681 1633 narrat
692 1607 866 1643 Augustinus
878 1628 885 1638 ‚

102 1643 224 1681 Confess.
236 1644 254 1671 l.
268 1649 293 1673 8.
303 1656 327 1673 c.
339 1658 365 1674 ι.
378 1656 408 1674 ut
427 1646 486 1675 haec
495 1645 633 1675 confeffio
653 1646 760 1684 publice
777 1646 812 1675 de
822 1647 885 1674 loco

103 1685 331 1713 emincnnorein
343 1685 489 1724 conspeetu
508 1687 605 1725 populi
624 1687 769 1715 ederetur:
792 1688 886 1715 Inter-

101 1724 167 1753 dum
178 1735 247 1754 vero
269 1727 299 1754 in
311 1727 532 1756 verecundorum
541 1727 688 1755 hominum
698 1728 827 1766 gratiam,
837 1727 885 1766 qni

101 1765 132 1793 in
141 1773 218 1794 tanta
231 1766 384 1805 frequentia
394 1778 452 1796 non
470 1768 527 1797 sine
547 1768 736 1806 trepidatione
753 1769 834 1797 verba
847 1768 886 1796 fa-

99 1815 162 1834 cere
170 1808 503 1846 potuerint,presbyteros
511 1808 712 1837 confeffionem
720 1818 816 1838 eorum
827 1809 886 1847 pri-

101 1847 189 1875 vatim
208 1847 326 1877 audiffe:
354 1852 448 1888 Atque
467 1849 520 1878 hoc
539 1860 585 1878 eos
607 1852 737 1878 Victorino
749 1871 756 1882 ,
784 1850 884 1878 celebri

100 1885 222 1929 Rhetori
233 1910 241 1921 ,
263 1899 348 1927 quum
358 1890 393 1918 ad
405 1890 506 1928 Christi
517 1892 600 1920 castra
619 1889 763 1919 transiisset
774 1912 783 1924 ‚
804 1891 883 1920 obtu—

102 1926 178 1957 hsse5
201 1929 279 1957 illum
298 1940 390 1959 autem
410 1930 530 1960 maluifle
549 1931 665 1960 salutem
682 1930 756 1960 suam
777 1931 806 1960 in
816 1943 883 1960 con-

102 1965 196 2006 spe-stu
207 1970 394 1999 multitudinis
404 1972 530 2010 profiteri
540 1994 549 2006 ‚
571 1972 713 2001 dicentem
726 1995 734 2006 ,
747 1983 804 2000 non
817 1971 883 2001 fuis-

100 2006 129 2035 se
139 2005 254 2037 salutem
265 2031 273 2042 ι
294 2021 375 2050 quam
386 2012 517 2042 docuiss'et
527 2013 558 2042 in
569 2012 722 2042 Rhetorica
733 2035 739 2046 ,
750 2018 778 2042 δε
789 2023 881 2043 tamen

101 2057 161 2076 eam
178 2048 207 2077 se
218 2051 322 2087 publice
333 2052 478 2091 professiim
487 2053 556 2082 esse:
579 2055 668 2083 multo
688 2054 777 2082 minus
795 2054 882 2093 igitur

100 2088 274 2134 mansuetum
285 2103 399 2132 gregem
408 2095 510 2132 Christi
522 2095 613 2123 vereri
631 2093 659 2123 se
677 2095 775 2123 debere
786 2117 794 2128 ‚
817 2106 881 2134 pro-

100 2139 278 2173 nuntiantem
296 2135 545 2164 verbumdivinum
555 2156 563 2169 ‚
582 2134 629 2174 qui
651 2146 708 2164 non
725 2137 830 2164 veritus
849 2137 881 2166 lit

100 2179 132 2213 in
150 2172 239 2200 verbis
263 2171 317 2201 suis
343 2175 431 2203 turbas
453 2174 559 2204 insanas
577 2177 737 2205 Gentilium
747 2196 754 2204 .
778 2178 794 2211 ΙΙ
818 2178 883 2206 Alia

100 2213 303 2242 circumstantia
315 2235 323 2247 ‚
341 2225 400 2253 quae
410 2219 482 2245 actus
500 2217 575 2245 istius
584 2213 756 2246 solemnitati
775 2218 881 2257 aliquid

99 2251 236 2287 addebat,
258 2254 341 2283 status
359 2255 503 2296 gestusque
519 2267 644 2296 corporis
671 2268 747 2291 emt,
770 2259 881 2298 quando

100 2302 160 2321 non
169 2304 278 2323 tantum
288 2296 437 2326 vultum‘in
445 2298 597 2327 Orientem
607 2300 751 2328 vertebant
761 2321 770 2332 ‚
794 2298 843 2328 scd
853 2304 880 2329 ὃς

99 2341 194 2362 manus
203 2335 352 2375 oculosque
370 2337 401 2365 in
411 2338 523 2367 Coelum
542 2340 709 2368 attollebant
723 2362 729 2373 ,
751 2340 824 2379 quali
847 2341 881 2370 ad

99 2374 259 2414 Christum,
281 2387 400 2416 quocum
419 2388 449 2406 ut
459 2389 534 2408 novo
544 2381 670 2409 Domino
678 2378 726 2409 suo
739 2401 747 2414 ‚
769 2381 800 2409 in
809 2380 880 2409 solio

97 2413 197 2453 gloriae
207 2415 260 2448 suae
270 2416 384 2449 sedente
393 2439 403 2455 ‚
425 2418 515 2452 foedus
530 2424 586 2457 jam
595 2420 704 2452 inibant
713 2443 724 2458 ,
745 2422 874 2461 protinus

1294 79 1412 120 AD
1642 90 1693 132 23

958 134 1098 167 evolaturi
1108 156 1116 165 .
1138 136 1380 176 Quemadmodum
1390 134 1467 164 enim
1476 133 1586 165 diabolo
1605 134 1746 166 renuntia-

959 177 1024 207 bant
1036 187 1131 207 manus
1140 178 1170 206 in
1178 188 1242 207 eum
1253 177 1450 216 protrudentes
1461 176 1505 206 vel
1515 177 1681 207 collidentes
1691 199 1699 211 ‚
1711 176 1747 205 ad

957 218 1047 257 ipsum
1069 219 1280 258 provocandum
1290 231 1298 251 ,-
1323 218 1362 247 ita
1381 229 1396 248 e
1414 217 1557 248 contrario
1578 217 1649 247 hanc
1668 218 1746 247 suam

955 259 1159 290 confeffionem
1168 258 1311 299 foedusque
1328 269 1391 288 cum
1403 260 1510 296 Christo
1522 259 1658 288 faciebant
1669 281 1677 293 ‚
1696 259 1746 286 de-

956 299 1031 330 miss'e
1042 300 1257 340 supplicantium
1267 300 1432 330 adhibentes
1441 301 1565 329 habitum
1575 322 1584 334 ‚
1607 297 1745 329 manibus-

955 352 1008 381 que
1019 343 1053 371 ad
1065 343 1157 372 Solem
1165 342 1278 380 justiti-e
1288 341 1401 371 sublatis
1411 362 1420 375 ,
1441 341 1531 380 ipsum
1548 340 1678 379 excipere
1697 350 1746 378 pa-

955 382 1008 412 rati
1019 403 1026 410 -
1047 385 1092 413 Ita
1101 385 1208 413 Auftor
1226 382 1274 412 sub
1293 383 1407 412 nomine
1424 381 1559 424 Dionyfiii
1570 403 1579 416 ‚
1601 383 1634 411 de
1653 381 1746 418 eccles-

955 424 1090 453 hIerarch.
1101 435 1125 453 c.
1138 437 1166 455 2.
1180 435 1239 454 rem
1248 423 1399 456 describit5
1421 425 1548 453 Sacerdos
1567 423 1743 452 catechum·
1763 427 1765 430 ’

954 475 1024 493 num
1032 466 1289 495 abrenuntiationis
1299 467 1392 494 verbis
1405 467 1533 494 recitatis
1550 465 1589 493 ad
1597 466 1742 492 Orientem

954 505 1103 543 transfert,
1116 506 1150 540 ό-
1159 510 1191 535 in
1203 508 1312 536 Coelum
1325 511 1483 536 intuentem
1493 526 1502 538 ‚
1520 505 1676 543 manusque
1696 511 1744 531 at-

954 547 1087 576 talentem
1095 548 1202 584 christo
1212 570 1220 581 ,
1241 549 1399 587 cunc'hsque
1413 547 1506 583 sacris
1526 558 1544 575 a
1553 551 1611 575 Deo
1621 545 1742 574 traditis

957 587 1073 626 eloquiis
1083 589 1163 624 Jubet
1171 589 1300 625 affentire
1311 609 1317 615 .
1342 591 1357 623 ΙΙ
1370 589 1439 617 Haec
1449 585 1583 616 confeffio
1594 608 1603 619 ,
1625 584 1738 622 majoris

951 626 1138 658 solemnitatis
1147 627 1224 657 causa
1233 650 1242 662 ‚
1265 638 1308 657 ter
1318 629 1437 668 repetita
1449 627 1500 657 elle
1510 627 1633 657 creditur
1644 648 1652 660 ,
1674 636 1741 665 que-

954 669 1131 700 madmodum
1139 670 1412 699 abrenuntiationem
1420 670 1527 698 Satanae
1539 679 1582 697 ter
1593 668 1690 697 fastam
1700 664 1741 695 es-

928 727 931 729 .
953 708 982 737 se
991 731 1000 743 ,
1010 720 1090 738 antea
1099 711 1204 739 diftum
1215 711 1252 739 cst
1263 731 1270 738 .
1282 712 1405 750 Cyrillus
1415 710 1632 739 Alexandrinus
1642 730 1651 743 ,
1662 709 1682 737 l.
1696 718 1705 735 ι
1714 718 1741 736 2.

952 753 983 778 in
1000 754 1100 785 Ioann.
1122 763 1168 780 ιι.
1189 752 1338 784 docentur,
1361 751 1472 789 inquit,
1496 750 1634 788 Ecclesia,
1656 751 1741 778 tertio

953 793 1123 829 querendam
1132 793 1180 829 effe
1190 791 1371 830 confessionem
1381 796 1412 820 in
1424 792 1567 828 Christum
1575 791 1610 819 ab
1619 793 1655 819 iis
1667 811 1675 823 ,
1687 790 1739 827 qui

950 842 1013 860 eum
1025 833 1138 870 diligere
1139 833 1195 870 fibi
1201 834 1388 870 proposuerint
1397 853 1405 865 ‚
1427 833 1496 861 dum
1505 832 1544 861 ad
1547 832 1680 869 faustum
1693 830 1741 857 ba-

947 874 1086 910 ptismum
1097 874 1234 902 accedunt
1245 894 1252 901 .
1276 877 1311 902 Et
1321 873 1375 902 hoc
1387 872 1447 901 fieri
1457 871 1528 901 dicit
1537 872 1571 901 ad
1581 871 1741 909 exemplum

951 918 1047 948 Petri,
1071 924 1153 952 qucm
1165 915 1289 950 Christus
1307 923 1350 942 ter
1359 914 1490 953 rogavit:
1512 917 1623 946 Simon,
1638 912 1740 950 filiJo-

950 965 986 984 na
999 976 1007 988 ,
1025 956 1121 992 diligis
1139 958 1201 984 me?
1224 958 1260 983 Et
1280 959 1379 983 Petrus
1391 964 1435 983 ter
1455 953 1615 992 respondit:
1639 955 1740 983 Etiam

950 999 1070 1026 Domine
1078 1018 1086 1030 ,
1109 1005 1143 1024 tu
1153 997 1220 1032 nosti
1230 1017 1239 1028 ‚
1261 996 1334 1034 quod
1341 1007 1435 1024 amem
1443 1004 1471 1024 te
1481 1015 1488 1022 -
1510 999 1546 1024 Et
1555 993 1716 1031 Ambrosius
1725 1012 1737 1024 ι

949 1036 983 1064 de
1003 1040 1070 1073 spir.
1090 1039 1186 1066 ,tando
1204 1036 1221 1063 l.
1235 1047 1261 1064 ι.
1279 1046 1303 1063 c.
1328 1047 1370 1064 ιι.
1391 1035 1447 1064 ait:
1470 1036 1531 1064 Ideo
1551 1039 1581 1064 in
1602 1035 1738 1076 mysteriis

950 1075 1025 1110 (hoc
1047 1078 1086 1106 est
1106 1077 1136 1105 in
1156 1076 1315 1114 baptismo)
1337 1079 1515 1114 interrogatio
1542 1079 1623 1104 trina
1647 1073 1738 1113 defer-

948 1125 998 1144 tur
1021 1138 1031 1150 ‚
1063 1122 1091 1147 δε
1121 1117 1300 1146 confirmatio
1321 1117 1394 1145 trina
1415 1116 1567 1145 celebratur
1583 1137 1593 1149 ‚
1614 1126 1663 1145 nec
1690 1122 1737 1152 po-

948 1158 999 1193 test
1027 1161 1090 1196 quis
1112 1157 1168 1194 nisi
1202 1162 1282 1186 trina
1311 1156 1463 1195 confeffione
1496 1159 1612 1195 purgari
1631 1177 1640 1184 .
1677 1160 1735 1185 Un-

947 1197 979 1225 de
1000 1197 1035 1231 (9.
1053 1199 1107 1235 ipse
1126 1203 1225 1226 Petrus
1257 1201 1288 1226 in
1306 1199 1459 1236 Evangelio
1480 1199 1564 1226 tertio
1580 1200 1736 1234 interroga-

948 1246 996 1266 tur
1006 1260 1014 1271 ,
1033 1247 1131 1267 utrum
1141 1238 1246 1276 diligat
1255 1242 1410 1267 Dominum
1421 1250 1429 1270 5
1442 1247 1477 1267 ut
1486 1242 1566 1266 trina
1576 1237 1737 1275 responsione

948 1279 1067 1307 vincula
1078 1301 1087 1312 ‚
1109 1290 1164 1317 qua
1176 1282 1329 1308 Dominum
1339 1280 1461 1317 negando
1469 1279 1575 1316 ligavit
1583 1300 1592 1311 ,
1613 1278 1738 1315 absolve—

948 1328 1008 1346 ret.
1032 1321 1138 1348 Verum
1160 1329 1208 1358 per
1228 1318 1300 1348 hanc
1321 1320 1425 1348 trinam
1450 1316 1653 1348 conscilionem
1677 1328 1738 1347 non

944 1357 1053 1398 semper
1064 1360 1138 1388 trina
1150 1360 1274 1396 Symboli
1285 1361 1415 1389 recitatio
1434 1360 1639 1399 intelligenda.
1661 1363 1736 1389 Am-

943 1400 1044 1437 brosius
1065 1401 1141 1429 enim
1150 1402 1207 1429 alio
1218 1401 1248 1430 in
1259 1401 1338 1432 loc05
1359 1403 1392 1430 de
1412 1408 1538 1431 Sacram.
1562 1401 1618 1430 l-z.
1637 1410 1695 1438 cap.
1706 1410 1735 1433 7.

943 1440 1015 1469 hanc
1035 1441 1136 1470 trinam
1153 1440 1356 1471 conseffionem
1377 1444 1470 1481 potius
1486 1443 1521 1471 de
1534 1441 1608 1470 trina
1617 1440 1733 1480 respon-

943 1482 1020 1512 sione
1030 1484 1134 1516 Credo,
1157 1483 1191 1512 ad
1203 1482 1460 1519 diversas-symboli
1470 1492 1558 1522 partes
1580 1482 1666 1515 saeta,
1688 1482 1734 1510 in-

944 1532 1131 1562 terpretatur.
1155 1529 1349 1562 Interrogatus
1375 1537 1420 1558 es,
1445 1524 1557 1564 inquit,
1581 1524 1678 1553 Credis
1701 1527 1732 1551 in

941 1569 1034 1592 Deum
1045 1569 1158 1594 Patrem
1170 1568 1412 1602 omnipotentem?
1435 1566 1543 1602 Dixisti
1554 1586 1561 1597 ,
1583 1564 1677 1596 credo,
1697 1562 1733 1596 &-

940 1605 1052 1641 mersisti
1062 1626 1071 1638 ,
1093 1606 1141 1634 hoc
1151 1607 1187 1642 est
1196 1627 1204 1638 ,
1223 1606 1348 1643 sepultus
1359 1617 1385 1634 es
1396 1626 1402 1633 .
1425 1612 1536 1635 Iterum
1543 1609 1730 1641 interrogatus

943 1657 970 1674 es
980 1659 988 1674 .·
1011 1646 1109 1674 Credis
1120 1650 1151 1674 in
1160 1650 1318 1674 Dominum
1328 1647 1551 1682 nostrumsesum
1565 1646 1707 1680 Christum
1719 1664 1729 1676 ‚

942 1685 977 1719 (θ’
987 1689 1018 1714 in
1029 1690 1147 1714 Crucem
1164 1697 1222 1721 ejus
1236 1692 1247 1714 ,³
1269 1688 1377 1722 Dixisti
1388 1700 1396 1714 .·
1419 1687 1496 1715 credo
1508 1707 1516 1718 ,
1539 1685 1574 1718 ὁ·
1593 1684 1705 1722 merfisti
1716 1703 1726 1712 .

940 1730 1036 1755 Tertio
1055 1730 1242 1763 interrogatus
1254 1738 1280 1754 es
1292 1740 1301 1754 .·
1325 1727 1423 1755 Credis
1434 1726 1469 1760 ό,
1477 1730 1506 1754 in
1515 1729 1652 1763 Spiritum
1660 1731 1730 1754 San-

941 1768 1035 1796 Ham?
1057 1769 1166 1804 Dixisti
1177 1781 1186 1796 .·
1210 1767 1307 1800 cred05
1330 1771 1413 1795 tertio
1422 1766 1535 1803 mersisti
1549 1787 1556 1798 ‚
1576 1774 1610 1794 ut
1627 1766 1729 1793 multi-

936 1808 1037 1845 plicem
1058 1807 1166 1846 lapsum
1178 1809 1328 1845 superioris
1346 1811 1437 1836 atatis
1470 1807 1623 1841 absolveret
1649 1810 1732 1834 trina

939 1847 1074 1886 confeffio.
1098 1852 1138 1876 Ex
1149 1849 1242 1887 quibus
1263 1848 1352 1876 verbis
1373 1848 1487 1886 planum
1505 1848 1562 1880 est,
1585 1846 1728 1885 triplicem

940 1888 1140 1918 confeffionem
1160 1889 1233 1917 nihil
1254 1889 1388 1926 amplius,
1412 1898 1493 1928 quam
1512 1888 1653 1927 triplicem
1674 1886 1728 1915 res-

939 1930 1103 1968 ponfionem
1114 1931 1200 1958 Credo
1218 1930 1252 1958 ad
1271 1928 1391 1957 diversas
1402 1929 1526 1964 Symboli
1544 1938 1634 1967 partes
1653 1929 1728 1957 indi-

939 1980 1018 1999 care.
1041 1971 1095 1999 Sed
1105 1971 1178 1999 forte
1186 1969 1303 2000 diversae
1323 1969 1352 1998 in
1361 1970 1474 1999 diverlis
1494 1970 1563 1998 locis
1578 1968 1727 1998 consuetu-

941 2012 1021 2040 dines
1038 2011 1236 2043 obtinuerunt3
1262 2015 1358 2039 namC
1376 2011 1458 2039 rillus
1477 2010 1584 2049 aliquid
1602 2011 1663 2049 plus·
1682 2020 1727 2038 ιιι-

939 2052 1068 2091 telligere
1079 2053 1208 2084 videtur,
1229 2052 1340 2090 quando
1349 2022 1428 2079 gasce
1437 2050 1628 2090 responliones
1640 2072 1647 2084 ,
1667 2061 1727 2081 nort

938 2093 1026 2122 solam
1035 2092 1234 2122 conl'effionem
1254 2102 1338 2120 trium
1347 2090 1528 2121 Personarum
1547 2093 1726 2126 divinarum,

937 2132 984 2162 sed
994 2134 1136 2172 triplicem
1146 2132 1346 2161 confcllionem
1355 2133 1457 2170 Christi
1471 2143 1506 2162 nu
1511 2143 1626 2171 ncupau
1637 2132 1725 2171 quod,

939 2185 1073 2214 quantum
1083 2172 1190 2202 sensum
1199 2176 1254 2209 ejus
1265 2173 1364 2213 assequi
1376 2174 1442 2202 licet
1453 2196 1461 2207 ,
1484 2175 1587 2203 trinam
1597 2173 1727 2209 Symboli

937 2216 1132 2245 recitationem
1152 2214 1253 2243 inferre
1274 2215 1400 2244 videtur.
1426 2216 1442 2249 ΙΙ
1467 2215 1532 2244 Alia
1554 2214 1642 2243 adhuc
1668 2214 1723 2241 cir-

937 2257 1098 2286 cumstantia
1110 2265 1167 2283 erat
1178 2277 1186 2288 ‚
1209 2265 1270 2294 quat
1280 2277 1288 2289 ,
1312 2256 1330 2285 fi
1342 2265 1405 2284 vera
1416 2277 1423 2288 ‚
1447 2257 1565 2284 multum
1584 2254 1723 2283 momenti

936 2298 971 2326 ad
987 2296 1143 2326 universam
1171 2296 1309 2326 astionem
1339 2295 1514 2325 conferebat.
1540 2295 1724 2334 Baptizandus

937 2339 1071 2367 videlicet
1082 2336 1317 2376 fideiprosessioni
1337 2347 1351 2365 a
1367 2335 1395 2365 se
1416 2336 1490 2366 1⁴2&ae
1512 2346 1593 2365 manu
1612 2334 1677 2367 sua,
1700 2336 1721 2367 fi

936 2379 966 2408 id
976 2379 1095 2408 faciendi
1114 2378 1270 2406 facultatem
1286 2378 1398 2406 haberet
1408 2399 1416 2411 ,
1439 2388 1469 2405 1n
1482 2378 1558 2406 libris
1567 2375 1613 2406 seu
1622 2386 1723 2407 monu-

935 2421 1037 2450 mentis
1046 2419 1172 2451 Ecclesiae
1190 2417 1371 2448 subscribebat
1383 2438 1392 2446 .
1415 2417 1505 2448 Fuisse
1522 2418 1594 2447 hanc
1615 2427 1722 2447 certam

1318 2460 1342 2490 B
1384 2469 1404 2494 4
1583 2458 1684 2489 &uni-
1708 2486 1727 2491 vt
