1866 2526
165 37 239 79 134
496 22 534 64 C
565 23 604 64 A

150 81 253 110 codion
263 77 336 109 Plin.
348 80 397 109 lib.
411 92 456 109 20.
466 91 524 119 cap.
539 86 581 109 18.
593 77 733 118 papaveris
753 78 934 107 medicamen-

148 132 208 151 tum
218 120 335 160 appellat
347 142 353 149 .
376 123 450 150 Item
461 121 562 150 dicitur
575 122 671 149 clocca
682 142 689 149 .
712 119 785 149 Vide
797 120 846 148 suo
855 119 915 146 loto
926 139 932 145 .

149 164 224 193 Item
235 162 398 200 Cymbalum
410 183 418 195 ,
441 166 468 191 ὃς
478 162 625 191 Crotalttm
636 183 642 190 .
657 162 755 198 [Quos
769 170 855 198 neque
875 158 935 187 her-

148 204 210 232 cule
221 213 274 241 ego
283 223 291 235 ‚
315 212 403 241 neque
413 202 587 241 supercilium
599 212 675 236 tuum
686 223 694 234 ,
717 212 805 239 neque
821 200 934 237 collega:

150 244 191 273 tui
200 243 322 280 cymbala
335 265 342 276 ,
365 254 395 272 :tc
407 243 509 271 crotala
522 243 578 282 fugi
590 264 596 271 .
606 243 668 272 Cic.
679 243 708 270 in
718 242 846 270 Pisonem
859 261 864 267 .
877 243 888 270 ]
903 243 935 268 Et

150 285 258 315 Plinius
268 284 298 312 in
308 284 385 322 praef.
398 284 431 312 ad
443 286 514 321 Imp.
535 283 728 321 Vespasianum
747 282 830 311 refert
849 281 936 318 Apio-

150 336 214 354 nem
225 328 320 355 Gram.
332 335 346 352 a
355 324 477 360 Tyberio
486 326 589 353 Mundi
601 325 755 364 cymbalum
768 322 858 351 vocari
871 332 937 349 con-

150 364 283 399 suevifl'e,
305 365 369 404 quia
387 369 442 401 ejus
461 365 530 394 fama
547 365 691 403 divulgata
711 374 758 402 per
776 361 935 396 uniret-sum

151 416 208 436 erat
219 427 226 434 .
250 407 288 441 τΙΙ;
299 406 351 435 Sed
363 407 572 444 Crepitaculum
582 427 590 438 ‚
612 409 639 434 δε
650 406 794 434 Crotalum
814 404 936 442 ligneum

151 447 242 486 potius
253 447 465 476 instrumentum
483 446 521 475 est
539 446 573 474 ad
592 445 787 484 strepitandum
799 467 806 477 ,
829 455 842 472 a
855 445 938 472 verbo

149 499 242 527 graeco
256 486 384 525 κρόταλον
397 509 403 519 ,
412 488 532 516 cxverbo
543 482 609 523 κρέω
624 508 631 519 ,
645 486 717 524 quod
730 486 873 523 strepitare
884 506 891 517 ‚
910 488 936 513 ὅ(

149 528 255 568 pulsare
264 527 400 566 fignificat
410 548 416 555 .
427 529 463 556 In
473 527 569 558 Misshli
580 536 669 555 antem
682 525 863 555 Ambrosiam
875 530 938 554 Cro-

151 570 208 598 tola
217 569 255 598 est
265 568 335 596 illud
350 568 475 606 ligneum
485 568 695 596 instrumentum
708 589 716 600 ‚
739 577 794 605 quo
807 566 836 594 in
855 566 936 594 tribus

123 628 129 632 -
150 610 243 638 diebus
254 609 361 644 majoris
373 609 551 637 hebdomadae
563 629 571 641 ‚
594 608 703 646 quando
724 619 782 636 non
799 606 937 646 pulsantur

151 660 286 688 campanae
301 670 308 681 ,
320 650 423 677 utimur
432 649 461 678 in
473 649 590 678 Ecclesia
601 671 608 681 ,
619 649 651 676 ad
659 648 871 677 convocandum
881 651 935 683 ejus

150 690 268 729 strepitu
288 690 421 728 populum
434 710 441 717 .
465 692 604 728 Campana
623 690 706 717 etiam
726 690 795 718 Nola
817 689 918 716 dieitur
928 710 935 720 ,

151 731 214 769 quia
225 730 254 759 in
261 730 391 765 Civitate
402 731 483 760 Nolae
495 742 508 759 a
517 731 595 759 Divo
605 730 722 758 Paulino
734 733 788 765 ejus
801 728 937 767 Episcopo

151 771 264 800 inventa
274 770 359 799 fuerat
371 793 379 804 ‚
391 781 420 800 ut
433 771 556 809 plerique
566 771 740 801 existitiiant5
756 771 820 799 inde
831 781 843 798 :i
854 771 934 798 Cam—

150 822 221 851 pana
240 812 385 850 provincia
403 813 544 850 Campana
562 811 745 840 communiter
763 810 935 840 denominari

149 852 318 881 existimatur
331 872 337 879 .
360 851 553 881 Nihilominus
574 852 763 887 Quintilianus
774 874 782 885 ‚
805 852 851 890 qui
873 861 936 879 :tute

151 893 260 922 Divum
269 892 413 922 Paulinum
426 894 532 921 vixerat
543 914 549 926 ,
567 892 672 928 ‘iisdem
682 893 819 921 vocabulis
829 893 915 921 utitur
930 912 935 918 .

151 937 186 962 Et
199 943 280 971 penes
291 933 418 962 Gentiles
427 943 484 962 erat
494 934 638 971 antiquum
650 934 776 972 adagium
789 955 796 965 ,
818 940 849 961 ln
861 933 935 961 cubi-

151 974 210 1003 culo
220 974 282 1004 nola
293 995 301 1007 ‚
323 974 576 1013 adbfignifieandum
587 975 705 1012 aliquem
716 975 866 1003 delatorem
878 994 885 1005 ,
908 983 935 1001 ac

149 1014 356 1053 divulgatorem
367 1015 438 1043 intra
446 1014 609 1043 domesticos
620 1014 735 1052 parietes
746 1015 860 1052 reperiri
872 1035 880 1046 ‚
890 1013 935 1053 qui

150 1054 254 1083 secreta
266 1055 377 1094 negotia
387 1055 531 1094 divulgare
543 1054 669 1093 potuisset
679 1077 686 1089 ‚
710 1056 784 1094 quod
802 1056 858 1084 alio
877 1066 935 1083 mo-

151 1095 188 1124 do
199 1117 206 1128 ,
228 1101 328 1124 Mutus
339 1097 420 1125 habet
431 1107 511 1125 aures
521 1118 530 1128 ‚
554 1096 693 1124 dicebatur
703 1118 709 1124 .
733 1099 934 1134 Preeterquam,

149 1136 225 1174 quod
234 1137 366 1164 Batonius
377 1147 420 1165 an.
434 1142 479 1172 58.
492 1148 517 1164 n.
533 1148 541 1164 ι
549 1148 595 1170 04.
605 1137 676 1164 clare
687 1136 855 1165 demonstrat
865 1137 937 1164 limi-

151 1177 190 1205 Ji:
201 1176 386 1205 tintinnabula
397 1177 468 1215 apud
485 1175 595 1205 eosdem
606 1177 732 1206 Gentiles
751 1176 936 1215 antiqu1ffima

153 1216 227 1245 suifl'c
241 1229 246 1245 :
271 1228 319 1245 nec
331 1218 401 1246 valet
411 1218 629 1250 dicereeundem
642 1217 806 1256 Episcopum
816 1219 845 1246 in
855 1227 935 1257 gran-

151 1257 225 1287 diori
248 1258 334 1286 forma
353 1259 417 1287 talia
432 1258 613 1286 instrumenta
631 1257 748 1289 auxiffe3
770 1269 831 1287 nam
849 1270 880 1288 ex
892 1270 936 1287 eo-

152 1299 214 1327 dem
225 1299 345 1328 Baronio
356 1299 461 1327 constat
471 1299 571 1327 ibidem
581 1300 665 1327 etiam
677 1310 706 1327 ea.
716 1299 746 1327 in
765 1309 863 1338 magna
884 1300 935 1328 sor-

152 1349 195 1367 um
205 1349 286 1377 penes
296 1340 425 1368 Gentiles
434 1338 551 1368 extitisse
563 1360 570 1367 .
594 1343 693 1369 Errant
705 1339 816 1379 insuper
825 1340 937 1370 Polido-

153 1390 196 1407 rus
208 1380 344 1418 Virgilius
365 1380 411 1408 lib.
424 1387 450 1409 6.
461 1390 521 1418 cap.
546 1392 588 1409 12.
599 1384 625 1408 δ(
645 1380 827 1418 Honuphrius
837 1382 937 1410 Panvi-

152 1431 200 1448 nus
219 1420 248 1448 iu
267 1421 333 1448 vitis
353 1421 519 1450 Pontificum
540 1419 878 1460 afferentescampanarum
896 1422 938 1450 in-

153 1471 299 1489 ventorem
319 1460 393 1491 fuifl'e
414 1462 588 1490 Sabinianum
607 1464 721 1500 Papam:
746 1473 808 1490 nam
819 1464 856 1490 D.
871 1464 938 1491 Hic-

152 1512 287 1536 ronymus
296 1524 304 1535 ,
321 1502 368 1540 qui
379 1512 425 1541 per
435 1502 497 1531 bina
508 1501 602 1531 secula
612 1512 676 1531 ante
685 1501 758 1531 hunc
771 1503 938 1532 Pontificem

152 1544 288 1575 floruerat,
300 1542 333 1571 de
342 1542 479 1580 campanis
489 1543 660 1572 mentionem
672 1543 768 1572 fecerat
780 1544 810 1571 in
822 1554 880 1582 cap.
891 1556 936 1582 33.

151 1583 185 1611 de
195 1584 281 1622 regul.
292 1583 420 1611 Monach.
433 1583 477 1612 ubi
490 1584 523 1612 sic
533 1584 571 1612 :iit
585 1595 592 1612 ε
617 1590 628 1619 [
643 1584 687 1612 Ad
699 1585 846 1612 matutinas
857 1596 935 1613 excu-

151 1624 206 1652 bias
216 1623 306 1653 media
316 1634 372 1652 nox
385 1634 434 1652 vos
443 1634 577 1662 praeparet
590 1644 596 1652 .
616 1625 732 1653 Nullum
743 1636 776 1653 ex
789 1625 864 1653 vobis
875 1626 938 1654 dor-

152 1664 289 1693 mientem
309 1665 426 1704 reperiat
439 1665 599 1703 campanilis
617 1664 723 1693 sonitus
735 1686 742 1692 .
767 1668 846 1701 [PR.
866 1668 938 1696 Ado.-

152 1705 230 1744 gium
239 1706 273 1734 de
283 1706 347 1733 nola
359 1706 387 1733 in
398 1706 521 1734 cubiculo
531 1716 544 1733 a
555 1705 733 1738 Quintiliano
743 1706 790 1737 lib.
803 1711 827 1734 8.
839 1717 896 1745 cap.
910 1716 936 1737 6.

151 1746 267 1775 refertur
277 1768 284 1779 ,
308 1746 354 1784 qui
365 1755 457 1774 tamen
469 1746 567 1775 fatetur
578 1746 688 1785 enigma
707 1745 773 1779 effe,
796 1757 851 1774 nec
870 1749 939 1776 illud

153 1786 204 1815 nisi
215 1788 382 1824 interpretur
393 1808 401 1819 ‚
423 1787 565 1826 intelligas
577 1808 583 1813 .
594 1787 638 1815 Dc
649 1787 840 1815 tintinnabulis
850 1810 857 1820 ‚
871 1799 938 1826 prx-

153 1836 195 1854 ter
206 1827 284 1865 supra
296 1828 400 1860 allatos,
410 1828 583 1856 mentionem
594 1827 697 1855 faciunt
710 1827 830 1856 Martial.
843 1828 888 1857 lib.
897 1841 904 1857 i
913 1842 939 1865 4.

151 1868 238 1906 epigr.
254 1876 316 1905 163.
329 1868 473 1907 inquiens:

192 1909 288 1937 Redde
302 1909 396 1946 pilam:
408 1908 486 1938 sonat
497 1919 533 1937 aes
545 1908 723 1941 thei-marum,
736 1908 830 1937 ludere
840 1910 938 1949 pergis.

152 1949 295 1985 Juvenalis
307 1951 393 1984 Satyr.
405 1957 430 1979 (2.

193 1991 247 2016 Tot
257 1990 355 2025 pariter
369 1991 462 2028 pelves
472 2012 480 2023 ‚
494 1994 521 2019 ὅ(
530 1989 715 2019 tintinnabulo.
726 1990 798 2020 dicas

195 2028 298 2056 Pulsari
309 2050 314 2055 .
328 2031 463 2059 Lucilius:

192 2069 420 2098 Tintinnabulum
432 2072 501 2100 abest
512 2071 589 2105 hinc,
599 2071 787 2109 sirpiculoeque
796 2072 938 2100 oletarum⁴

154 2108 227 2137 Vide
240 2110 410 2139 Hadrianum
420 2113 532 2149 Junium
542 2113 588 2141 lib.
599 2111 820 2150 3.Aniniadvcrs.
831 2123 903 2150 capa
915 2124 938 2148 5.

151 2151 187 2178 In
209 2150 330 2178 vaticana
341 2151 450 2180 Basilica
471 2163 588 2190 primum
609 2153 745 2182 nolanum
756 2173 764 2184 ,
787 2154 890 2181 constat
908 2154 938 2182 ab

151 2190 282 2218 Heraclio
291 2192 363 2228 Imp.
377 2193 495 2221 erectum
509 2193 583 2222 fuiss'e
596 2205 601 2223 ;
616 2193 700 2222 refert
710 2193 786 2221 enim
794 2194 936 2232 Torrigius

149 2230 184 2257 de
196 2231 300 2268 Crypt.
314 2231 465 2265 Vaticanis,
478 2235 551 2272 quod
562 2234 672 2272 quando
684 2235 718 2263 de
729 2244 802 2262 anno
812 2235 934 2262 MDCx'.

149 2270 313 2300 demolitum
331 2272 417 2300 suerat
438 2276 574 2302 nolarium
587 2296 595 2307 ,
618 2275 649 2303 in
667 2278 722 2312 ejus
750 2274 934 2303 funda-meniis

150 2312 354 2355 Heracliilmp.
367 2313 497 2342 numisma
509 2325 645 2353 repertum
657 2315 708 2344 suit
717 2337 724 2348 ‚
746 2318 773 2343 &
791 2325 852 2343 cum
862 2315 933 2344 Sabi-

148 2361 244 2382 nianus
253 2354 380 2382 ultimum
393 2354 466 2384 dio-m
477 2354 553 2385 suum
562 2355 685 2385 clauserit
697 2357 730 2385 de
751 2366 824 2384 anno
837 2357 932 2386 DCV.

1278 21 1387 62 CA

991 75 1134 106 Heraclius
1144 87 1233 107 autem
1243 83 1255 113 (
1265 82 1343 117 juxta
1354 77 1636 117 Batoniicomputum
1647 83 1661 114 )
1675 80 1713 110 -de
1731 90 1780 109 an·

992 128 1028 145 no
1047 119 1140 147 DCX.
1157 130 1279 158 coeperat
1298 119 1454 158 imperare5
1477 130 1544 159 ergo
1567 119 1621 149 hoc
1641 121 1779 160 postremo

992 167 1116 196 tempore
1127 170 1178 198 pro
1189 160 1328 200 erigendis
1347 161 1485 199 campanis
1504 161 1676 199 campanaria
1697 162 1779 193 nuris

993 199 1024 227 in
1037 199 1317 232 Vaticanoaedificata
1328 200 1398 229 fuit:
1422 201 1512 239 potest
1522 210 1614 230 tamen
1625 203 1676 231 efle
1686 203 1779 242 ,quod

995 239 1071 277 praef.
1082 241 1151 278 Papa
1160 252 1352 280 campanarum
1363 239 1440 270 usum
1459 242 1488 271 in
1499 242 1616 273 Ecclesia
1635 242 1760 273 finxisset
1771 265 1778 275 ,

987 284 1019 312 ><Sc
1042 281 1183 310 Heraclius
1193 282 1254 320 post
1270 282 1384 312 lustrum
1403 292 1452 321 pro
1471 284 1620 327 Campanis
1637 295 1781 326 campana-

995 321 1067 349 rium
1079 322 1200 351 construi
1219 322 1329 352 curasset
1338 344 1345 350 .
1369 325 1512 353 Caeterum
1530 333 1561 352 in
1580 332 1648 352 tom.
1666 326 1780 354 Concil.

993 361 1037 390 ubi
1047 362 1081 390 de
1091 363 1148 391 vita
1156 362 1235 397 hujus
1244 363 1387 392 Pontificis
1398 364 1498 402 agitur,
1508 364 1544 394 ide
1553 375 1587 392 eo
1596 364 1656 393 haec
1665 365 1779 394 afferun-

995 412 1039 431 tur
1051 415 1057 431 :
1083 408 1095 437 [
1108 403 1266 432 Sabinianus
1277 406 1349 442 Papa
1357 414 1548 442 campanarum
1558 404 1637 434 usum
1648 406 1758 434 invenit
1771 428 1779 439 ‚

993 442 1122 482 jussitque
1135 465 1142 476 ,
1165 455 1195 473 ut
1214 444 1248 472 ad
1268 443 1348 473 horas
1367 445 1511 476 canonicas
1520 467 1528 478 ,
1551 450 1578 475 δε
1592 446 1622 474 in
1642 445 1779 475 Miss'arum

994 484 1134 513 Sacrificio
1147 485 1316 523 pulsarentur
1325 485 1355 513 in
1366 485 1482 514 Ecclesia
1493 506 1500 512 .
1521 489 1534 518 ]
1548 487 1615 515 Sunt
1625 487 1670 526 qui
1682 497 1779 525 putant

994 525 1079 553 etiam
1088 528 1220 563 Petasum
1230 525 1304 554 fuiss'c
1315 536 1454 564 campanae
1466 536 1568 555 nomen
1577 548 1586 560 ‚
1608 526 1657 557 scd
1672 539 1708 557 ex
1719 538 1780 557 vei·-

993 566 1032 594 bis
1042 567 1222 596 Varronianis
1241 578 1254 595 a
1264 567 1357 596 Plinio
1370 568 1414 596 lib.
1428 573 1474 604 3⁶·
1485 577 1541 606 cap.
1557 577 1599 605 13,
1611 569 1701 597 allatis
1714 590 1722 602 ‚
1733 579 1778 597 eos

994 605 1088 636 errasse
1099 608 1243 647 colligitur
1254 619 1261 638 5
1273 608 1317 636 ubi
1329 609 1362 636 de
1373 607 1493 636 fabuloso
1503 606 1628 637 Porsenae
1641 609 1779 638 Hetruriae

993 648 1080 686 Regis
1091 648 1268 684 Labyrintho
1279 659 1325 687 per
1336 649 1452 677 eundem
1464 651 1617 678 Varronem
1628 648 1778 682 somniate,

993 688 1027 716 sic
1036 688 1141 717 Plinius
1150 690 1188 717 ait
1198 701 1204 717 :
1227 695 1237 723 [
1250 690 1301 718 Sed
1312 700 1373 718 cum
1383 690 1496 718 excedat
1506 689 1600 718 omnia
1612 688 1761 719 fabulositas
1772 711 1781 724 ‚

993 738 1100 757 utemur
1110 729 1190 768 ipsius
1200 732 1238 758 M.
1251 730 1385 761 Varronis
1395 730 1423 758 in
1433 730 1605 768 expositione
1615 733 1670 766 ejus
1682 730 1779 759 verbis:

993 768 1111 807 sepultus
1123 770 1160 798 cst
1172 792 1179 804 ‚
1203 771 1295 809 inquit
1306 793 1313 803 ,
1335 771 1452 799 suburbe
1464 771 1559 801 Clusio
1570 782 1579 802 5
1602 771 1633 799 in
1645 782 1699 809 quo
1718 772 1780 800 loco

993 820 1202 839 monumentum
1212 812 1328 850 reliquit
1338 812 1427 850 lapide
1446 812 1597 850 quadrato:
1620 812 1726 851 singula
1744 813 1781 840 la-

992 861 1048 879 tera
1059 852 1158 889 pedum
1171 852 1224 880 lata
1235 852 1370 881 tricenum
1381 874 1389 885 ,
1412 852 1466 880 alta
1475 853 1698 891 quinquagenum
1712 865 1718 880 .-
1738 853 1782 880 in-

993 902 1045 930 que
1063 892 1114 921 basi
1132 892 1263 931 quadrata
1282 893 1355 922 intus
1376 892 1579 928 Labyrinthum
1600 893 1779 921 inextricabi-

994 933 1059 966 lem,
1083 943 1138 971 quo
1148 933 1167 961 si
1178 935 1239 972 quis
1248 933 1417 973 improperet
1428 934 1484 962 sine
1493 934 1617 972 glomere
1627 933 1679 962 lini
1690 955 1698 967 ,
1721 934 1779 961 cxi-

993 983 1051 1001 turn
1076 973 1204 1002 invenire
1216 985 1332 1012 nequeat
1342 995 1348 1002 .
1372 975 1456 1011 Supra
1477 974 1506 1001 id
1516 975 1677 1012 quadratum
1699 984 1779 1011 pym-

993 1014 1079 1042 mides
1091 1015 1159 1043 stant
1168 1016 1294 1053 quinque
1307 1036 1314 1048 ‚
1336 1024 1455 1053 quatuor
1472 1013 1501 1041 in
1518 1013 1631 1052 angulis
1644 1035 1654 1047 ‚
1675 1013 1781 1042 inane-

992 1055 1040 1083 dio
1050 1065 1104 1083 una
1116 1077 1123 1087 ‚
1147 1055 1177 1083 in
1187 1066 1244 1084 imo
1256 1056 1314 1084 latae
1326 1055 1425 1094 pedum
1437 1053 1633 1093 septuagenum
1644 1055 1759 1093 quinum
1772 1076 1778 1087 ,

992 1097 1053 1124 altae
1067 1105 1178 1124 centurn
1190 1097 1413 1135 quinquagenum
1426 1110 1434 1124 .·
1458 1096 1496 1124 ita
1514 1094 1655 1134 fastigiatae
1665 1117 1673 1129 ,
1698 1105 1727 1124 ut
1749 1095 1780 1123 in

992 1135 1097 1164 summo
1108 1137 1178 1164 orbis
1188 1147 1278 1164 aeneus
1289 1158 1296 1168 ‚
1307 1141 1333 1165 ὅ(
1348 1136 1453 1175 petasus
1463 1146 1530 1165 unus
1541 1137 1668 1165 omnibus
1685 1136 1718 1165 sit
1728 1136 1778 1164 im-

992 1176 1092 1214 positus
1102 1197 1110 1209 ,
1133 1187 1166 1204 ex
1179 1187 1233 1215 quo
1245 1178 1382 1215 pendeant
1393 1187 1505 1215 excepta
1525 1177 1626 1205 catenis
1644 1177 1779 1205 tintinna-

993 1217 1072 1249 bula,
1095 1227 1153 1255 quae
1169 1226 1256 1246 vento
1267 1227 1367 1255 agitata
1379 1239 1386 1250 ,
1409 1218 1494 1256 longe
1514 1218 1619 1246 sonitus
1639 1218 1759 1247 referant
1770 1240 1777 1250 ,

993 1266 1022 1286 ut
1034 1258 1155 1286 Dodone
1165 1257 1233 1286 olim
1246 1257 1343 1286 suffitum
1356 1278 1363 1290 ‚
1374 1262 1425 1286 &c-
1438 1260 1448 1288 ]
1461 1261 1500 1286 Ex
1512 1258 1606 1295 quibus
1619 1259 1706 1287 verbis
1717 1258 1779 1286 satis

992 1298 1179 1327 manifestatur
1190 1320 1197 1331 ‚
1208 1299 1283 1337 quod
1294 1298 1415 1337 quinque
1425 1299 1519 1335 Betasi
1527 1298 1638 1326 nonnisi
1647 1297 1780 1327 sustenta—

994 1340 1054 1367 cula
1063 1339 1316 1368 tintinnabulorum
1326 1349 1404 1368 erant
1415 1361 1423 1371 ‚
1446 1349 1505 1377 quae
1518 1348 1603 1367 vento
1615 1338 1718 1377 agitata
1737 1350 1779 1368 re<

991 1378 1123 1408 sonabant
1134 1401 1141 1412 ‚
1155 1379 1282 1418 fuisseque
1291 1380 1411 1419 ingentis
1421 1378 1622 1418 magnitudinis
1633 1400 1640 1411 ‚
1661 1379 1726 1408 dum
1736 1391 1779 1408 ca-

995 1422 1065 1449 tenis
1076 1430 1188 1459 excepm
1198 1431 1275 1449 erant
1285 1443 1292 1453 ‚
1304 1425 1331 1449 ὅ(
1342 1421 1427 1459 longe
1439 1419 1544 1448 sonitus
1554 1419 1706 1448 referebant
1719 1440 1726 1448 .
1739 1423 1777 1454 511:

995 1461 1087 1499 Igitur
1108 1461 1138 1488 in
1146 1461 1326 1490 Occidentali
1338 1461 1455 1490 Ecclesia
1473 1458 1532 1489 usus
1552 1460 1725 1488 instrumenti
1746 1460 1779 1488 ad

993 1502 1187 1531 convocandos
1197 1502 1290 1531 fideles
1299 1503 1372 1540 prius
1382 1511 1520 1539 coeperat5
1544 1511 1606 1528 nam
1617 1501 1778 1529 Orientales

993 1543 1058 1570 ficut
1069 1543 1098 1570 in
1110 1541 1238 1580 praesenti
1252 1565 1259 1576 ‚
1270 1544 1354 1571 etiam
1365 1547 1392 1571 δε
1402 1541 1553 1580 antiquitus
1564 1541 1662 1581 ligneis
1672 1541 1756 1570 insti-u
1768 1559 1779 1563 -

994 1583 1092 1612 mentis
1101 1583 1138 1612 usi
1147 1583 1228 1614 sunt5
1252 1584 1366 1622 legimus
1377 1584 1452 1611 enim
1472 1583 1501 1611 in
1519 1581 1634 1620 sePtima
1644 1582 1760 1617 Synodo
1770 1604 1778 1615 ‚

991 1624 1065 1662 quod
1075 1624 1185 1662 quando
1195 1624 1349 1653 Caesaream
1359 1624 1495 1652 translatae
1520 1623 1626 1651 fuerant
1646 1624 1684 1652 D.
1699 1626 1779 1652 Ana-

993 1665 1062 1693 staiii
1074 1665 1204 1700 Martyris
1215 1665 1339 1703 reliquiae
1352 1687 1359 1698 ,
1378 1675 1438 1694 cum
1449 1663 1604 1700 hujusmodi
1614 1664 1779 1692 instrumen-

996 1706 1031 1733 tis
1043 1706 1152 1734 obviam
1166 1705 1314 1744 procelliun
1326 1706 1410 1734 suerat
1421 1727 1428 1738 ‚
1439 1705 1483 1733 ubi
1494 1705 1528 1733 fic
1539 1704 1650 1732 habetur
1661 1715 1667 1731 :
1679 1706 1691 1735 ]
1705 1706 1778 1733 Cum

994 1747 1098 1775 Sanfcae
1110 1747 1231 1775 Civitati
1241 1747 1365 1784 reliquiae
1385 1744 1662 1783 appropinquafl'ent‚
1685 1755 1776 1773 omni-

994 1788 1039 1815 bus
1050 1798 1078 1814 ea
1089 1797 1128 1814 res
1139 1786 1189 1814 suit
1198 1787 1332 1815 declarata
1341 1808 1349 1818 ,
1373 1790 1400 1814 δε
1411 1785 1560 1824 significata
1571 1806 1578 1812 .
1602 1786 1698 1823 Itaque
1708 1786 1778 1814 laeti-

994 1828 1032 1856 tia
1043 1837 1142 1866 magna
1151 1827 1251 1865 profusi
1262 1837 1355 1855 omnes
1363 1825 1504 1864 surgentes
1514 1825 1604 1853 subito
1614 1847 1622 1858 ‚
1633 1826 1778 1864 ligneaque

995 1868 1067 1897 sacra
1077 1867 1212 1906 pulsantes
1224 1867 1347 1895 invicem
1356 1867 1467 1895 obviam
1477 1865 1540 1894 fasti
1548 1865 1611 1894 sunt
1622 1887 1629 1895 .
1653 1869 1664 1897 ]
1680 1868 1724 1895 De
1735 1867 1777 1894 his

996 1910 1080 1938 etiam
1096 1908 1195 1947 ligneis
1213 1907 1401 1936 instrumentis
1411 1906 1546 1936 Caesarius
1565 1907 1612 1935 lib.
1630 1918 1651 1934 1.
1672 1918 1729 1945 cap.
1750 1919 1776 1942 4.

997 1949 1166 1978 mentionem
1178 1948 1242 1976 facit
1253 1970 1259 1980 ‚
1283 1949 1357 1986 quod
1366 1948 1451 1985 aliqui
1461 1957 1558 1985 putant
1567 1947 1598 1976 in
1616 1947 1779 1976 funeralibus

997 1999 1103 2018 tantum
1117 1988 1190 2018 suiss'e
1198 1988 1312 2017 solitum
1322 1988 1463 2021 adhiberi,
1486 1998 1515 2016 ut
1526 1999 1559 2016 ex
1578 1988 1674 2016 eodem
1685 1986 1778 2022 Caesa>

993 2031 1033 2066 ,ru
1045 2040 1121 2058 textu
1133 2030 1242 2059 videtur
1260 2029 1376 2068 colligi,
1399 2029 1444 2057 ubi
1456 2029 1491 2058 fic
1501 2028 1555 2057 ait:
1579 2027 1778 2066 ].Pcrcuss{1que

997 2071 1086 2099 tabula
1096 2093 1104 2104 ,
1126 2080 1187 2098 cum
1198 2079 1252 2098 tam
1267 2070 1353 2099 Abbas
1365 2092 1370 2102 .
1383 2080 1463 2108 quam
1472 2069 1565 2097 caeteri
1577 2069 1670 2097 lintres
1681 2069 1713 2096 ad
1724 2072 1778 2105 ejus

996 2111 1123 2151 exequias
1133 2110 1318 2140 convolassent
1328 2132 1334 2138 .
1359 2113 1370 2142 ]
1384 2110 1477 2139 Graeci
1496 2109 1662 2138 recentiores
1674 2130 1681 2141 ,
1705 2110 1779 2137 alix-

994 2163 1047 2191 que
1060 2152 1228 2186 Christiana·
1240 2152 1366 2180 nationes
1375 2150 1421 2179 sub
1439 2150 1588 2186 tyrannide
1599 2150 1713 2179 Turcica
1731 2150 1778 2178 de-

993 2203 1090 2232 gentes
1100 2193 1189 2221 fimilc
1199 2192 1411 2221 instrumentum
1423 2192 1483 2220 loco
1492 2201 1629 2229 campana:
1650 2190 1779 2219 adhibere

993 2243 1128 2273 coguntur
1137 2254 1145 2266 ‚
1168 2234 1242 2271 quod
1253 2235 1438 2270 Symandrum
1449 2254 1458 2265 ,
1481 2236 1508 2261 ὃ(
1526 2232 1777 2272 Agiosymana'rum

991 2278 1068 2313 graja
1087 2285 1155 2302 voce
1163 2269 1304 2312 appellzint
1315 2295 1322 2302 .
1344 2273 1499 2311 AEtliiopes
1521 2274 1550 2301 in
1569 2282 1662 2300 eorum
1683 2271 1775 2299 Eccle-

992 2316 1035 2343 iiis
1044 2314 1158 2353 lapideis
1167 2315 1305 2353 campanis
1316 2314 1389 2343 haud
1399 2313 1470 2342 sono
1480 2314 1595 2342 inaerato
1605 2321 1729 2342 utuntur,
1741 2311 1775 2339 sic

992 2355 1060 2386 mihi
1074 2355 1194 2393 ejusdem
1206 2356 1328 2385 nationis
1346 2356 1375 2384 in
1388 2354 1562 2394 Propaganda
1582 2353 1647 2382 Fide
1658 2351 1775 2382 Alumni

1693 2401 1735 2421 rc-
