1866 2526
165 84 243 134 564
502 80 534 124 P
567 82 606 125 Y

101 141 313 170 Pyruissoiucx
323 158 331 166 .
343 137 417 168 Vide
428 141 625 181 Metempsychi
634 161 641 169 .
654 142 756 170 Eorum
764 137 864 180 opinio
872 158 880 167 .
892 137 943 168 vi-

140 181 175 210 de
186 179 305 209 Fabulia
316 199 323 207 .
333 180 486 218 suffocatus
495 203 503 215 ‚
515 182 660 210 Thamnus
672 201 680 209 ·

99 222 216 254 Ρῖτκο,
232 223 260 248 8(
271 221 374 258 Python
387 234 396 249 .-
400 221 523 258 serpens,
535 223 616 250 draco
625 241 632 249 .
644 224 702 252 FR.
714 221 811 254 πύθων,
825 231 837 249 a
847 217 925 251 m'om
934 241 941 253 ‚

143 260 294 300 putrefacio
306 272 316 292 5
327 261 402 299 quod
414 261 509 290 habitu
520 262 649 301 pestifero
661 262 710 291 ille
718 262 812 290 omnia,
823 260 941 300 putrefa-

142 302 197 330 ciat
206 321 213 329 .
228 307 240 336 [
252 303 312 330 Nec
325 301 371 339 qui
380 301 519 339 pythones
529 301 663 331 consulat.
672 303 786 330 Deuter.
799 311 856 340 cap.
871 306 916 329 18.
928 304 940 333 ]

140 342 289 380 Accipitur
297 341 381 370 etiam
391 352 442 380 pro
452 342 621 381 pythonicis.
632 348 645 377 [
658 343 733 370 Fecit
743 341 883 380 pythones
894 364 901 374 ,
912 345 939 370 ὅ(

143 381 276 420 aruspices
285 403 293 415 ‚
303 394 330 418 4.
342 385 413 421 Reg.
423 393 447 411 c.
460 394 506 412 21.
518 383 569 411 Sed
581 387 609 411 ὅ(
621 381 758 421 pythones
769 405 776 416 ,
786 387 814 412 ὅ(
822 382 923 411 ariolos
933 403 940 410 .

143 423 215 451 Ibid.
226 433 249 451 c.
261 433 307 460 23.
319 425 331 454 ]
341 423 411 451 idest
421 444 429 455 ,
441 423 486 461 qui
496 423 595 451 liabent
606 422 732 461 spiritum
742 423 939 452 divinatorem.

147 463 328 499 [Habentcm
335 463 464 503 spiritum
473 463 630 501 pythonem
641 483 650 491 .
660 464 754 493 After.
768 474 791 491 c.
806 465 874 495 16.]
892 464 941 492 Vi-

144 503 178 533 de
187 503 258 533 infra
268 523 276 532 .

104 543 295 574 Prnmmssi
307 562 313 571 .
336 545 394 573 PR.
404 542 558 574 divinati-ix
569 564 576 573 .
592 544 667 580 [Sed
677 544 789 584 insuper
798 545 881 574 etiam
890 546 941 580 Py-

144 584 293 614 thonissiim
308 583 477 613 consuluerit
487 605 494 614 .
519 596 542 614 1.
553 587 669 625 Paralip.
679 595 736 624 cap.
752 596 795 615 io.
811 595 854 622 15.
868 585 942 614 Vide

145 625 216 655 infra
224 647 232 654 .

103 665 161 696 ΡΠ
170 676 297 695 Ηοκκυς
309 687 317 698 ,
337 664 463 704 spiritum
475 667 696 697 cacodxmonein
706 689 713 700 ,
732 678 745 695 a
766 665 942 696 divinatione

146 707 183 735 ita
193 708 296 735 dietum
306 727 314 738 ,
337 705 454 736 habens.
474 709 601 744 [Scimus
611 710 687 737 enim
707 708 825 746 magiam
844 707 944 736 elicere

146 746 324 785 explorandis
336 748 449 776 occultis
457 749 618 777 catabolicos
629 770 637 781 ‚
649 752 675 777 δ(
687 749 813 786 paredros
824 769 831 779 ‚
855 752 882 776 ὅ(
894 758 943 785 py-

147 787 277 816 thonicos
288 786 399 824 spiritus
409 808 415 815 .
427 790 545 818 Tertull.
556 790 602 818 lib.
614 789 648 817 de
657 791 748 818 anima
763 811 770 821 ,
781 800 804 816 c.
818 790 862 820 8.]
877 789 942 818 Un1

146 828 181 857 de
191 829 277 857 distus
303 826 355 856 fuit
365 829 479 862 Pythius
499 830 594 867 Apollo
603 840 636 858 ex
647 840 680 857 eo
702 830 762 868 quia
773 832 828 865 ejus
838 830 942 858 Oracu-

146 869 204 897 lum
215 867 340 897 divinare
351 879 365 896 :i
376 869 534 898 Gentilibus
545 870 705 899 credebatur
717 892 723 903 ‚
736 874 763 899 δε
775 868 943 908 pythonifl‘a,

146 909 177 937 in
188 919 267 938 textu
277 907 402 937 hebraice
411 911 516 939 Baalas
526 911 576 940 Pob
587 920 699 939 vocatur
711 932 718 943 ,
738 910 806 939 idest
817 931 823 941 ‚
844 910 945 938 Domi—

147 960 183 978 na
192 950 258 978 utris
270 971 277 982 ,
287 949 359 987 quia,
371 959 401 978 ut
413 951 529 979 Rabbini
538 950 662 985 asserunt,
675 949 843 989 pythonissa.
859 961 944 988 quan-

147 990 185 1020 do
196 990 377 1022 divinabat‚os
390 991 492 1020 mortui
504 1001 618 1020 vacuum
627 990 757 1023 sumebat]
769 994 797 1019 δε
808 1001 945 1029 tamquam

147 1040 180 1059 ex
191 1030 278 1059 fistula
287 1039 375 1058 uti-ein
386 1031 494 1059 inflabat
505 1054 512 1065 ,
523 1032 675 1070 loquendo,
685 1043 711 1060 ric
725 1032 924 1070 interrogando
938 1044 943 1062 5

146 1080 207 1099 uter
228 1081 295 1099 vero
308 1070 443 1099 diabolico
455 1082 538 1109 opere
549 1073 669 1110 qiiaelitis
686 1073 815 1100 reddebat
835 1070 946 1111 respon—

148 1112 248 1144 (iones,
261 1111 326 1140 dum
336 1111 500 1140 incantatrix
512 1113 540 1140 in
551 1123 580 1140 ea
594 1113 736 1141 inflatione
748 1122 838 1140 aurem
849 1124 945 1152 appro-

148 1152 268 1180 ximabat
280 1172 289 1179 .
309 1153 365 1180 FR.
377 1151 444 1181 hinc
454 1155 533 1181 LXX.
545 1153 734 1188 Pythoniflhm
745 1154 946 1191 Ventriloqimm

150 1202 293 1221 verterunt
306 1203 313 1222 5
324 1201 405 1230 :itque
417 1194 592 1230 Sci-ipturales
604 1205 659 1222 non
671 1195 748 1232 pauci
757 1192 826 1221 hanc
836 1194 947 1222 divina—

149 1233 244 1261 tricem
264 1233 293 1261 in
305 1242 400 1261 venti-e
410 1232 537 1271 spiritum
559 1234 744 1272 pythonicum
761 1232 879 1262 habuiss‘e
900 1245 945 1272 pu-

151 1282 212 1301 tant
221 1294 229 1306 ‚
243 1284 276 1302 ex
287 1282 341 1311 quo
353 1273 440 1301 exibat
450 1275 575 1313 ambigua
585 1274 733 1313 responsio,
745 1273 947 1314 mendaciisque

149 1323 281 1342 contexta
293 1335 299 1341 .
313 1313 385 1341 Vide
398 1316 636 1351 Engastnmythus
648 1336 655 1343 .

110 1355 199 1384 Prius
212 1376 219 1387 ‚
230 1351 310 1390 πυξίς
324 1377 331 1389 ,
342 1353 420 1386 idest,
434 1365 478 1383 vas
489 1375 496 1382 .
508 1351 702 1384 Communiter
710 1365 799 1383 autem
810 1354 882 1383 inter
892 1357 947 1385 Ca-

153 1393 274 1423 tholicos
284 1404 329 1422 vas
339 1393 407 1422 illud
418 1395 588 1433 intelligitur
597 1418 605 1428 ‚
615 1396 644 1424 in
655 1406 710 1434 quo
720 1395 894 1424 Eucharistiae
904 1397 945 1424 Sa—

150 1444 317 1464 cramentum
338 1434 498 1463 reconditur
510 1455 517 1463 .
543 1437 641 1474 Aliqui
662 1435 801 1474 Tlieologi
823 1436 925 1465 docent
939 1459 944 1469 ,

147 1474 363 1504 confeci-andum
379 1474 429 1503 este
447 1474 500 1503 hoc
519 1486 564 1504 vas
574 1475 645 1504 sacra
664 1477 794 1505 unctione
816 1476 880 1505 ficut
892 1478 946 1505 Ca-

152 1516 190 1544 lix
203 1514 265 1545 ssed
277 1516 451 1543 communior
462 1516 560 1553 opinio
570 1526 646 1545 tenet
658 1516 782 1545 sufficere
794 1516 944 1555 simplicem

150 1555 372 1585 benedictionem
388 1557 419 1584 ab
431 1555 546 1584 habente
564 1557 719 1586 facultatem
738 1556 891 1595 corporalia
900 1558 944 1586 bc-

154 1596 321 1626 nedicendi5
342 1596 469 1634 quinimo
479 1607 537 1625 non
556 1597 608 1626 elle
628 1596 802 1626 necefl'ariuni
813 1598 944 1635 pyxidem

150 1637 278 1665 deaurare
288 1636 416 1665 adinstar
425 1637 530 1666 Calicis
540 1658 547 1669 ,
571 1639 642 1667 51131·-
653 1638 682 1666 in
693 1648 720 1676 3.
731 1648 790 1676 part
813 1637 884 1677 disp.
900 1650 944 1671 ¹7-

154 1676 217 1705 se&-
228 1687 255 1709 7.
267 1678 384 1705 affirmat
394 1698 401 1709 ,
420 1677 467 1716 qui
478 1679 561 1706 etiam
572 1680 648 1707 addit
660 1700 668 1711 ,
690 1678 764 1717 quod
781 1678 799 1707 si
811 1679 892 1717 pyxis
911 1690 943 1708 ex

151 1727 220 1755 puro
232 1718 330 1746 stanno
339 1718 402 1750 erit,
413 1718 523 1747 deberet
533 1719 640 1756 imponi
651 1718 798 1747 frustillum
810 1720 870 1747 telae
883 1730 944 1748 cum

153 1758 247 1793 :imylo
265 1758 472 1786 accomodatum
483 1781 490 1791 ,
514 1758 579 1788 ficut
596 1759 628 1787 fit
648 1760 678 1787 in
698 1760 881 1797 corporalibus
892 1780 899 1787 .
919 1763 942 1788 Α

153 1798 257 1827 Graecis
271 1800 351 1836 pyxis
374 1799 464 1827 vocari
475 1798 545 1827 solet
563 1795 718 1838 A‘pwpc'piov
726 1820 736 1836 ,
754 1800 822 1828 idest
833 1820 840 1832 ‚
859 1800 944 1828 ferens

152 1849 250 1877 panem
260 1859 266 1866 .
280 1845 292 1874 [
307 1843 340 1867 Et
348 1841 458 1877 reponit
469 1850 531 1868 eum
542 1841 572 1868 in
582 1839 745 1877 armphorio
755 1860 762 1868 .
775 1839 942 1879 Eucholog.]

153 1881 226 1909 Item
244 1880 344 1908 dicitur
353 1880 437 1908 etiam
447 1891 536 1919 graece
546 1876 709 1917 ’πυξόμιλον
723 1905 728 1913 ,
746 1880 814 1908 idest
827 1902 834 1912 ,
856 1891 944 1918 pyxo-

153 1920 273 1952 rnelum‚
293 1920 355 1957 quiri
367 1920 400 1948 rid
421 1923 534 1949 formam
545 1921 620 1959 pomi
640 1920 775 1949 efficitur.
795 1919 950 1955 Hesychius

152 1964 263 1989 Arcam
273 1961 473 1996 illustrationis
487 1971 568 1990 vocat
577 1981 585 1988 .
595 1961 685 1998 Capsa
693 1971 706 1988 a
716 1961 850 1990 Durando
860 1963 949 2000 appel·

155 2000 227 2028 latur
238 2021 246 2027 .
255 2000 344 2038 Capsa
354 2023 361 2033 ,
381 2001 412 2029 in
423 2012 473 2040 qua
483 2001 579 2031 hostie
593 2000 755 2030 consecratae
764 2001 923 2030 sei-vantur:
938 2004 949 2032 ]

154 2041 265 2069 Caetera
277 2051 333 2077 qus
344 2040 502 2078 synonyma
511 2063 518 2071 .
532 2042 604 2071 Vide
615 2046 707 2071 Atera
717 2063 723 2070 .
737 2043 843 2070 Canola
853 2062 860 2069 .
871 2044 953 2071 Cibo*

156 2084 232 2108 rium
245 2101 253 2109 .
271 2083 454 2111 Hierotheca.
476 2087 576 2112 Turris
587 2104 594 2110 .
613 2084 684 2110 Item
706 2092 786 2121 pyxis
805 2082 952 2121 aliquando

159 2129 209 2157 pro
222 2121 324 2150 incensi
333 2122 459 2151 navicula
469 2123 610 2161 usurpatur
619 2143 626 2150 .
638 2129 649 2158 [
659 2123 796 2157 Pyxidem
808 2145 815 2154 ,
827 2133 877 2161 qua
890 2122 951 2151 thus

156 2159 270 2188 habetur
281 2183 289 2194 ,
310 2162 340 2190 in
351 2162 528 2192 manuferens
537 2184 545 2191 .
563 2163 646 2193 Ordo
656 2165 760 2194 Rom]
774 2165 830 2192 PR.
843 2164 952 2201 pyxidis

156 2209 272 2234 etymon
284 2203 415 2230 nonnulli
425 2213 457 2231 ex
468 2200 555 2240 πύξος
564 2225 572 2236 ,
592 2204 661 2232 idest
672 2225 680 2236 ‚
700 2204 786 2232 buxus
795 2204 933 2231 deducunt
945 2226 951 2236 ‚

153 2250 187 2268 ex
207 2251 260 2278 quo
280 2242 360 2280 ligno
378 2252 437 2271 eam
455 2243 569 2272 formare
588 2243 711 2272 solebant
728 2244 847 2282 Antiqui
859 2255 866 2271 z
888 2244 952 2272 licet

158 2280 346 2315 Quintilianus
357 2303 365 2314 ,
382 2283 428 2310 lib.
445 2288 469 2311 8.
480 2295 503 2311 c.
514 2291 541 2313 6.
552 2295 585 2313 ex
595 2294 762 2322 quacumque
772 2283 884 2312 materia
897 2283 952 2312 for-

157 2322 224 2349 mari
238 2322 356 2359 pyxides
366 2322 465 2350 afferat.
477 2325 562 2358 Pyxis
572 2335 698 2353 ventrem
709 2323 873 2363 virginalem
885 2325 951 2353 Dei-

159 2370 229 2399 parae
241 2361 392 2397 symbolice
401 2363 537 2402 delignat5
549 2375 610 2393 nam
620 2365 648 2394 in
657 2365 742 2394 Cant.
754 2375 780 2397 7.
794 2376 820 2393 ι..
832 2364 950 2393 dicitur:

160 2403 285 2436 [Venter
295 2412 355 2434 tuus
363 2403 430 2434 ficut
442 2414 552 2435 acervus
562 2405 777 2440 tritici,vallati³s
788 2404 952 2438 illusione-

996 150 1026 169 ca
1035 139 1118 169 1εὲὶίο
1128 140 1208 170 habet
1218 152 1224 170 :
1245 142 1384 171 cumulus
1395 142 1489 170 tritici
1497 153 1509 175 ,·
1530 139 1576 169 sed
1586 149 1633 179 per
1645 143 1769 171 acci-vum
1778 148 1790 175 3

996 180 1053 210 five
1062 182 1200 210 cui-nulum
1211 181 1298 210 tritici
1307 182 1419 211 nonnisi
1429 181 1555 210 Christus
1576 183 1790 211 Sui-amentatus

997 221 1170 260 intelligitur
1179 221 1225 250 sub
1235 221 1371 260 speciebus
1380 223 1455 260 panis
1464 242 1472 250 .
1496 224 1567 251 Item
1576 221 1620 251 ubi
1631 223 1661 251 in
1672 222 1791 261 Vulgata

994 260 1115 298 ejusdem
1133 262 1258 291 Canticae
1279 262 1394 301 legitur:
1420 265 1551 297 [Venter
1571 266 1627 298 ejus
1639 263 1770 291 eburneus
1780 282 1790 295 ‚

996 313 1019 330 c.
1036 311 1061 338 ς.
1077 313 1119 338 14.
1132 305 1145 335 ]
1156 313 1245 341 graece
1254 301 1385 331 habetur:
1408 300 1512 332 Κοιλὶα
1521 303 1577 333 aii?
1585 301 1616 337 ω’ς·
1627 303 1712 340 νύξιον
1730 301 1791 333 ἕλε·

994 339 1106 380 φοίνπνον
1117 367 1125 380 ,
1147 343 1215 372 idest
1225 363 1233 370 .
1255 345 1362 372 Venter
1371 345 1425 378 ejus
1437 343 1522 371 veluti
1533 344 1615 381 pyxis
1634 344 1789 373 eburnea-l

995 382 1085 418 Quare
1105 384 1143 412 D.
1155 383 1309 413 Ambrosius
1319 383 1353 411 de
1375 381 1451 410 obitu
1461 383 1652 412 Valentiniani
1664 383 1736 412 hunc
1749 383 1791 410 lo-

995 433 1055 451 cum
1065 426 1141 459 juxta
1150 433 1265 462 graecam
1277 423 1456 452 traditionem
1467 423 1614 452 adduxerat
1625 446 1632 457 ,
1644 424 1771 462 inquiens
1783 434 1792 451 ι

996 470 1008 499 [
1021 465 1127 492 Venter
1138 466 1193 500 ejus
1203 464 1285 502 pyxis
1296 464 1412 493 eburnea
1420 482 1430 498 ,
1440 462 1487 500 qui
1497 463 1616 501 recipere
1627 464 1715 502 potest
1724 474 1786 492 ora-

993 505 1051 532 cula
1061 504 1257 542 Scripturarum
1268 525 1275 532 .
1295 504 1375 534 Dicit
1383 513 1458 533 enim
1467 503 1524 531 haec
1534 524 1542 536 ‚
1561 505 1608 542 qui
1618 505 1738 533 imitator
1749 504 1788 533 est

994 544 1102 574 Christi
1114 547 1143 576 .]
1163 546 1234 573 Item
1245 549 1327 584 Pyxis
1340 566 1348 578 ‚
1369 543 1415 573 seu
1425 548 1524 572 fluxus
1534 565 1542 576 ‚
1563 545 1637 582 quod
1646 545 1720 573 idem
1729 545 1767 574 est
1779 567 1787 579 ‚

996 585 1129 623 fignificat
1140 586 1303 624 pugillarem
1314 586 1440 614 tabullam
1451 605 1459 617 ,
1472 594 1569 622 nempe
1582 606 1588 617 ‚
1601 595 1727 619 ceratam,
1738 595 1792 624 qua

998 626 1106 664 antiqui
1126 626 1159 654 :id
1177 625 1349 655 scribendum
1368 625 1511 656 utebantur
1523 636 1529 652 :
1549 624 1586 652 ita.
1596 625 1671 653 enim
1690 627 1791 664 piandi-

997 667 1070 694 ctum
1081 667 1207 695 Caiiticae
1227 668 1318 696 locum
1328 675 1474 704 exponunt
1493 674 1545 694 tres
1556 667 1609 694 ΡΙ).
1620 666 1691 703 apud
1701 666 1794 696 Theo—

997 707 1126 736 doretum
1139 719 1145 735 ι
1161 713 1172 742 [
1185 709 1292 736 Venter
1302 710 1357 744 ejus
1368 707 1451 745 pyxis
1463 706 1569 744 exigua,
1579 706 1694 735 eburnea
1707 718 1712 733 :
1727 709 1794 743 ejus,

999 748 1137 781 nimirum,
1149 747 1291 785 sapientia,
1302 759 1361 787 quae
1371 757 1420 785 per
1429 747 1565 775 actionem
1574 745 1708 786 descripta
1718 748 1755 776 est
1765 747 1798 774 iit

999 788 1073 817 rebus
1085 788 1231 826 procreatis
1244 810 1251 821 ,
1262 799 1310 826 per
1321 798 1383 832 quas
1392 788 1431 815 uti
1442 787 1510 815 liber
1519 787 1628 824 quidam
1640 789 1769 816 eburneus
1783 808 1793 819 ,

1000 829 1102 866 politus
1113 850 1120 860 ‚
1130 832 1157 856 δι
1169 838 1248 865 purus
1261 850 1268 861 ‚
1279 829 1405 857 divinam
1417 837 1473 855 tum
1483 827 1611 865 gloriam,
1624 837 1680 855 tum
1689 826 1798 866 magni-

999 869 1137 897 ficentiam
1150 878 1224 901 vere,
1237 867 1429 907 perspicueque
1441 866 1614 906 repinesentat
1626 870 1654 899 ·]
1669 872 1710 898 Ac
1721 865 1799 902 Nys-

1000 908 1078 937 senus
1092 931 1098 941 ,
1118 908 1194 936 hom.
1210 919 1252 944 ¹4·
1273 910 1340 944 [Ita
1350 908 1594 946 namquetabella,
1616 910 1643 937 in
1655 919 1706 947 qua
1724 909 1798 936 olim

1000 948 1162 978 scribebatur
1173 971 1180 981 ,
1193 959 1226 977 eo
1236 949 1309 987 quod
1319 959 1333 977 e
1347 949 1418 977 buxo
1428 949 1498 977 foret
1508 969 1515 980 ,
1526 950 1708 986 appellabatur
1718 971 1726 982 ‚
1740 946 1796 979 πιῖ-

1001 990 1128 1027 ξος-8111111
1147 990 1249 1018 buxum
1260 989 1394 1028 fignificat
1405 1009 1412 1022 ,
1435 993 1461 1017 ὃ(
1475 989 1538 1016 ideo
1556 990 1702 1028 pugillares
1715 989 1795 1017 buxei

1000 1028 1091 1067 πυξῖοι
1102 1032 1259 1059 dicebantur
1270 1050 1276 1057 .
1289 1032 1300 1061 ]
1326 1030 1429 1063 Quibus
1441 1029 1637 1067 adstipulantur
1658 1030 1748 1058 Suidas
1757 1031 1801 1058 in-

1002 1081 1113 1109 quiens:
1138 1072 1244 1106 [I’yxis
1257 1070 1389 1109 pugillare
1400 1070 1437 1098 est
1448 1091 1454 1097 .
1470 1072 1481 1101 ]
1507 1069 1675 1104 Hesychius:
1689 1076 1701 1105 [
1714 1070 1800 1105 Pyxi-

1003 1113 1048 1139 des
1060 1110 1123 1139 sunt
1143 1112 1316 1149 diptycha.]
1342 1110 1497 1139 Eustacliius
1516 1111 1597 1140 Iliad.
1612 1123 1647 1148 y,
1673 1109 1795 1145 [Priscis

1002 1153 1169 1191 temporibus
1181 1153 1209 1180 in
1224 1152 1318 1180 tabulis
1330 1173 1336 1183 ,
1347 1151 1402 1181 five
1412 1150 1536 1179 alieribus
1548 1172 1555 1182 ,
1567 1154 1594 1179 ὅ(
1605 1151 1636 1178 iis
1648 1149 1801 1189 praesertim

1006 1203 1020 1220 e
1032 1193 1103 1221 buxo
1112 1193 1288 1221 exarabantur
1300 1193 1386 1220 literae
1398 1212 1404 1219 .
1415 1193 1524 1229 Mtque
1533 1190 1632 1226 Odyssl
1643 1203 1661 1221 0-
1672 1212 1678 1218 .
1691 1191 1805 1227 [Libris

1004 1243 1105 1261 nomen
1116 1233 1226 1271 pyxidis
1238 1233 1410 1270 praestitit‚eo
1421 1231 1496 1270 quod
1507 1242 1520 1260 e
1533 1232 1604 1260 buxo
1614 1232 1683 1260 olim
1695 1233 1800 1262 erctum]

1003 1274 1090 1302 Unde
1100 1274 1263 1302 Prudentius
1275 1295 1282 1305 ,
1304 1273 1381 1308 hym.
1399 1283 1441 1300 12.
1451 1272 1636 1310 peristephan.
1651 1272 1685 1300 de
1695 1270 1804 1300 Cnffia·

1001 1323 1039 1341 no
1051 1336 1058 1346 ‚
1082 1323 1129 1351 qui
1140 1313 1225 1342 fuerat
1235 1324 1248 1341 a.
1261 1323 1382 1348 tyranno
1392 1312 1510 1349 parvulis
1519 1333 1528 1346 ‚
1551 1322 1618 1351 quos
1631 1313 1679 1341 ille
1691 1312 1800 1341 ’311ῑᾶ113

1001 1354 1141 1382 erudiebat
1149 1373 1160 1389 ,
1171 1353 1284 1381 traditus
1296 1374 1303 1385 ‚
1316 1353 1408 1391 iuquit
1420 1364 1426 1379 ι

1042 1398 1081 1424 At
1091 1394 1133 1421 illi
1143 1414 1150 1426 ,
1162 1393 1224 1432 quia
1236 1404 1283 1422 nec
1295 1393 1381 1421 dulcis
1392 1392 1440 1421 ulli
1452 1391 1596 1431 disciplina
1606 1392 1731 1421 infantiae
1743 1392 1780 1421 est
1790 1413 1802 1425 ,

1042 1434 1211 1469 conjiciunt
1220 1434 1267 1461 alii
1279 1433 1385 1471 fragiles
1395 1455 1403 1465 ,
1415 1433 1499 1471 inque
1510 1443 1557 1461 ore
1567 1434 1677 1461 tabellas

1042 1477 1182 1513 Frangunt
1192 1496 1199 1506 ,
1210 1468 1392 1501 relisa‘fmme
1402 1474 1509 1511 lignum
1520 1473 1620 1501 dissilit
1632 1494 1640 1501 .

1041 1518 1113 1544 Buxa
1122 1523 1231 1552 crepant
1240 1524 1329 1542 cerata
1342 1535 1349 1546 ‚
1359 1514 1437 1552 genis
1447 1514 1559 1551 impacta
1569 1514 1688 1541 cruentis
1701 1524 1708 1541 ε

1041 1555 1186 1592 Rubetque
1197 1555 1228 1582 ab
1239 1554 1290 1582 ina
1299 1565 1381 1582 curva
1395 1563 1501 1582 tumens
1513 1563 1613 1592 pagina
1624 1573 1633 1580 .

1002 1597 1035 1623 Et
1046 1593 1133 1623 rursus
1143 1597 1169 1624 S.
1182 1593 1306 1623 Ambros.
1318 1594 1363 1622 lib.
1377 1605 1403 1632 3.
1414 1593 1551 1622 hexamer.
1561 1604 1619 1632 cap.
1634 1604 1675 1631 ¹3·
1689 1595 1804 1628 [Buxus

1002 1646 1111 1674 quoquc
1125 1636 1325 1664 elementorum
1335 1635 1452 1673 apicibus
1462 1635 1538 1662 utilis
1548 1634 1736 1672 exprimendis
1748 1655 1755 1665 ‚
1766 1634 1806 1661 le-

1001 1687 1030 1705 vi
1043 1676 1153 1705 materiei
1164 1675 1241 1704 usum
1252 1685 1344 1703 manus
1356 1674 1468 1713 puerilis
1480 1674 1607 1703 informat
1621 1694 1628 1701 .
1640 1676 1654 1705 ]
1667 1674 1701 1702 Id
1712 1681 1805 1702 tamen·

1000 1718 1098 1745 clarius
1109 1727 1143 1744 eit
1154 1715 1206 1744 sac.
1218 1716 1305 1744 literis
1316 1715 1429 1744 constat:
1446 1715 1555 1749 [Scribe
1565 1716 1590 1743 ei
1600 1713 1680 1752 super
1689 1715 1804 1746 buxum,

1000 1762 1028 1786 Sc
1038 1758 1068 1786 in
1078 1757 1148 1785 libro
1159 1757 1310 1796 diligenter
1321 1767 1399 1784 exara
1410 1755 1487 1784 illud.
1499 1754 1568 1784 Esai.
1580 1755 1749 1792 30.8.Scribe
1763 1754 1807 1781 vi·-

1001 1797 1059 1826 suin
1070 1819 1077 1830 ,
1090 1802 1117 1827 ὅ(
1129 1799 1242 1836 explana
1252 1807 1313 1826 eum
1322 1795 1400 1835 super
1409 1796 1521 1824 tabulas.
1530 1795 1706 1827 Habac.:..z..]
1719 1795 1801 1823 Lxx.

1002 1839 1102 1866 liabent
1112 1839 1142 1867 in
1154 1837 1225 1866 hunc
1238 1839 1360 1866 Habacuc
1372 1838 1461 1865 locum
1472 1847 1477 1864 ε
1493 1842 1505 1872 [
1516 1837 1607 1865 Scribe
1619 1835 1765 1867 visionem,
1776 1837 1804 1862 ὃς

1005 1878 1143 1918 perspicue
1157 1879 1186 1906 in
1198 1880 1269 1907 buxo
1280 1898 1287 1906 .
1298 1880 1309 1909 ]
1321 1877 1381 1906 Ubi
1400 1880 1468 1906 Ant.
1490 1877 1618 1915 Agellius
1635 1884 1807 1904 commenta-

1004 1930 1064 1947 tur:
1085 1923 1146 1954 [Ex
1156 1919 1228 1947 buxo
1240 1920 1315 1947 enim
1325 1919 1421 1947 tabulae
1434 1917 1494 1945 fieri
1505 1916 1628 1945 solebant
1638 1938 1647 1949 ,
1666 1917 1697 1944 iri
1706 1914 1806 1954 quibus

1003 1959 1165 1988 scriberetur
1174 1981 1181 1992 ,
1193 1971 1249 1988 non
1261 1961 1290 1988 in
1300 1958 1389 1987 charta
1401 1979 1409 1990 ‚
1419 1967 1449 1985 ut
1459 1957 1571 1990 diutius,
1585 1957 1662 1995 quod
1673 1955 1809 1994 scriptum

1007 2000 1090 2028 fuerat
1102 2022 1110 2033 ,
1120 1999 1243 2029 servetur
1255 2021 1263 2027 .
1281 2003 1293 2032 ]
1307 1999 1389 2034 Quod
1403 1999 1563 2027 vocabulum
1572 1997 1716 2036 usurpatur
1725 1995 1809 2025 etiam

1007 2051 1057 2080 pto
1069 2051 1236 2079 quacumque
1248 2040 1357 2069 materia
1368 2048 1429 2077 apta
1451 2038 1483 2067 :id
1492 2037 1678 2067 sustentandas
1696 2038 1788 2066 literas
1799 2056 1809 2065 .

1010 2087 1022 2116 [
1034 2081 1157 2110 Densum
1168 2082 1346 2120 quoddam&
1356 2079 1492 2108 subalbum
1503 2080 1610 2118 ligiiuin
1620 2079 1657 2107 est
1667 2079 1761 2110 buxus,
1773 2077 1809 2105 de

1007 2132 1062 2160 quo
1073 2123 1184 2150 tabellas
1193 2122 1240 2150 libi
1249 2122 1401 2151 conficiunt
1412 2119 1459 2159 qui
1470 2118 1585 2149 sci-ibere
1595 2116 1812 2153 voluntJ-Iujuss

1007 2163 1083 2190 modi
1101 2173 1167 2201 ergo
1187 2163 1284 2192 tabella
1303 2161 1468 2200 scriptionis-
1481 2161 1513 2189 :id
1531 2159 1608 2189 usum
1636 2168 1787 2197 comparata
1797 2177 1806 2189 ,

1007 2203 1111 2232 etiamst
1122 2203 1194 2231 foi-te
1205 2204 1258 2232 alia
1267 2204 1312 2232 fiat
1324 2214 1357 2232 cx
1368 2202 1491 2234 materia,
1502 2201 1623 2237 Pyxium
1635 2222 1642 2233 ‚
1655 2199 1727 2239 quasi
1736 2198 1809 2226 dicas·

1008 2244 1123 2272 buxeum
1135 2265 1142 2276 ,
1163 2243 1311 2282 appellatur
1322 2266 1331 2277 ,
1350 2241 1524 2280 usurpatione
1534 2241 1647 2280 quadam
1668 2239 1740 2269 vocis
1751 2246 1808 2264 non

1009 2285 1118 2322 propria
1129 2295 1136 2314 ς
1148 2294 1230 2322 quai-e
1238 2295 1299 2313 cum
1310 2292 1408 2314 vocem
1416 2283 1488 2312 lianc
1497 2283 1630 2314 audimus,
1643 2281 1810 2321 instrumen-¹

1007 2334 1064 2352 tum
1075 2325 1213 2363 quoddam
1225 2326 1304 2358 leve,
1324 2328 1352 2354 δι
1370 2333 1464 2362 aptum
1474 2323 1508 2353 ad
1530 2320 1697 2360 recipiendas
1714 2318 1808 2362 literas

1009 2364 1202 2403 intelligimuS.
1213 2365 1328 2401 Nyss‘cn.
1338 2364 1436 2393 homil.
1454 2363 1528 2398 14.iii
1539 2360 1647 2390 Cantic.
1659 2361 1671 2390 ]
1684 2361 1722 2386 At
1734 2361 1754 2386 11
1766 2356 1810 2384 dr·

1007 2415 1049 2433 cas
1062 2406 1160 2444 πυξιον
1170 2427 1179 2440 ,
1189 2406 1254 2436 dum
1265 2406 1380 2434 tabulam
1391 2405 1503 2432 buxeam
1513 2400 1657 2440 fignificat,
1669 2397 1810 2438 quomodo

1707 2437 1765 2468 sub-
