1866 2526
124 103 308 134 nihilominus
328 115 422 134 omncs
435 103 490 134 fere
505 102 595 132 saneti
605 106 696 134 Patres
714 105 744 135 id
761 106 899 134 affirmant
910 114 917 134 ς

125 146 162 174 ita
174 146 256 175 Hier.
269 147 364 176 Ambr.
375 148 447 185 Aug.
458 149 485 174 ὅ(
496 146 661 174 recentiores
670 147 805 175 Doctores
813 167 821 175 .

86 184 155 224 Cap.
170 198 217 223 29·
227 197 255 217 v.
265 198 293 226 3.
317 188 419 223 [Num
439 185 592 225 ignorantis
601 186 714 224 David,
734 188 782 226 qui
796 186 847 215 fuit
864 184 919 214 ser-

122 236 172 256 vus
183 228 245 257 Saul
263 229 336 267 regis
346 227 427 257 Israel
439 249 447 259 ,
470 230 498 255 &
507 225 546 254 est
562 226 633 265 apud
643 237 687 256 me
707 228 799 256 multis
809 227 902 256 diebus
911 247 918 258 ‚

123 269 169 297 vel
179 268 278 299 annis?
290 271 303 300 ]
327 269 395 297 Siint
407 267 486 297 verba
495 266 582 305 Regis
592 267 677 296 Achis
689 289 697 302 ,
707 268 778 306 apud
789 278 869 307 quem
880 277 920 297 ta-

120 318 186 338 men
194 309 288 338 stid
298 318 415 348 quatuor
424 316 529 337 tantum
541 307 674 337 mensibus
685 308 781 337 manfit
792 329 800 341 ,
822 319 853 336 ut
863 309 920 338 col*

119 350 221 389 ligitur
232 359 264 378 ex
276 359 334 388 cap.
348 360 395 383 27·
405 347 483 385 hujus
493 348 556 377 libri
567 368 574 375 .
598 348 767 387 Respondeo
777 368 784 376 .
806 351 868 378 Rex
882 351 919 378 Α·

120 389 179 419 eliis
188 390 320 419 mentitus
331 389 381 418 fuit
391 411 399 422 ,
413 400 443 417 ut
454 387 539 427 magis
550 390 718 426 exploratam
728 389 855 418 redderet
864 390 919 418 Da-

121 430 194 460 vidis
205 431 288 460 fidem
298 452 306 464 ‚
331 430 369 458 ita
381 430 468 458 San&-
490 432 531 457 At
542 429 660 457 Salianus
678 430 715 458 ait
725 452 733 463 ‚
754 432 862 468 Regem
873 441 921 458 ne-

121 482 255 511 quaquam
264 469 471 503 mentitum,sed
478 468 524 498 sub
532 468 716 504 disjunftione
725 471 848 499 locutum
857 469 921 499 fuis-

118 512 163 542 se.
182 513 235 542 Vel
247 512 365 550 denique
376 509 483 550 possunt
494 509 554 538 haec
568 512 648 541 verba.
672 510 795 550 intelligi
806 511 840 539 de
852 521 920 539 tem—

121 564 199 593 pore,
211 553 322 592 quando
335 552 430 581 David
441 551 473 579 in
483 549 572 589 prima
583 552 644 591 fuga
655 562 768 582 venerat
777 552 812 581 de
821 551 917 584 Aeliis,

118 599 147 624 ὃ(
157 594 275 624 simulata
287 592 400 622 stultitia
411 590 560 620 disceflerat
569 611 577 619 .

605 45 978 89 Contradie'tiones
1010 56 1259 102 apparentes

981 116 1021 142 to,
1031 107 1182 136 &indutus
1193 105 1230 138 est
1241 104 1342 144 Ephod
1350 104 1427 137 lineo
1437 107 1470 139 ad
1480 110 1591 141 modum
1602 110 1774 143 Levitamm*

939 149 1009 187 Cap.
1023 153 1049 177 8.
1073 158 1101 176 v.
1117 152 1160 176 18.
1185 155 1197 184 [
1212 147 1276 176 Filii
1287 156 1379 176 autem
1388 149 1480 179 David
1490 151 1639 184 sacerdotes
1648 158 1768 189 erant‚]
1804 182 1807 184 .

979 188 1054 228 quod
1064 198 1122 217 non
1139 188 1289 218 concordat
1297 198 1359 217 cum
1380 199 1440 228 cap.
1455 195 1494 219 ¹8.
1504 193 1551 222 lib.
1568 205 1590 222 r.
1601 197 1659 224 Par.
1669 195 1714 225 ubi
1728 197 1772 225 di-

978 231 1049 259 citur
1061 241 1067 257 :
1080 234 1092 265 [
1104 229 1168 258 Filii
1180 228 1276 260 David
1288 229 1371 268 primi
1379 230 1412 259 ad
1423 240 1531 261 manum
1539 235 1610 274 regis
1620 238 1649 267 .]
1670 237 1771 267 Obstat

977 271 1059 299 etiam
1071 292 1079 303 ,
1102 271 1176 308 quod
1186 281 1219 299 ex
1233 270 1316 299 Tribu
1325 271 1395 309 Juda
1406 281 1463 299 non
1473 274 1600 310 porei-ant
1609 277 1674 316 eligi
1686 277 1770 306 sacer-

977 311 1054 340 dotes
1064 330 1070 338 .
1083 309 1262 349 Respondeo,
1273 321 1377 339 nomen
1387 310 1533 341 sacerdotis
1543 314 1686 353 aliquando
1697 318 1771 347 usur-

979 361 1057 390 patur
1067 361 1117 390 pro
1129 351 1267 390 Principe,
1278 352 1326 390 qui
1338 352 1408 390 apud
1420 354 1527 391 Regem
1538 354 1569 383 sit
1580 355 1648 383 adeo
1657 357 1770 388 familia-

977 392 1012 421 ris
1025 414 1032 425 ‚
1051 392 1117 421 sicut
1128 393 1254 422 Sacerdos
1265 393 1336 430 apud
1346 393 1437 421 Deum
1448 405 1456 424 ς
1476 395 1550 423 unde
1560 395 1701 426 familiares
1712 420 1719 432 ,
1741 403 1769 428 &

978 434 1061 471 primi
1072 433 1103 462 in
1123 434 1182 462 aula
1195 434 1324 462 dicuntur
1335 443 1383 471 per
1393 434 1581 464 Catachreflm
1600 437 1753 469 Sacerdotes
1763 463 1770 475 ,

979 477 1007 503 ὃς
1017 474 1052 503 fic
1063 476 1161 503 Graeca
1170 474 1253 502 lestio
1265 474 1352 502 vertit
1361 493 1368 501 .
1393 474 1541 515 Αὕλέρχαι
1553 499 1561 510 ,
1584 477 1670 510 idest,
1695 481 1769 510 Aula

975 518 1114 552 principer
1155 515 1198 543 Sic
1208 514 1290 543 etiam
1300 515 1383 543 Deut.
1395 525 1452 553 cap.
1470 527 1513 552 ¹9·
1524 527 1550 545 v.
1563 529 1609 547 22.
1628 519 1772 558 primoge-

978 555 1030 583 niti
1044 555 1208 584 familiarum
1229 564 1360 584 vocantur
1377 555 1530 586 sacerdotes
1540 579 1547 590 ‚
1570 561 1598 587 ὃ(
1608 569 1698 589 tamen
1709 569 1772 589 tune

978 596 1110 634 temporis
1119 596 1243 625 nond-„m
1252 605 1328 624 eran:
1339 595 1488 625 conscerati
1500 597 1551 626 filii
1563 602 1657 628 Aaron
1666 621 1673 628 .

79 636 151 674 Cap.
168 645 210 673 ¹3·
221 644 247 663 v.
260 640 286 662 6.
311 635 461 668 [Mortuus
471 632 508 660 est
519 641 586 670 ergo
598 634 657 662 Saul
667 656 675 667 ,
688 637 715 662 ὃ(
728 643 780 662 tres
790 633 842 662 filii
852 636 918 670 ejus,
937 636 1007 675 Cap.
1021 648 1062 665 10.
1073 647 1100 664 ν.
1115 641 1157 665 18.
1180 640 1237 672 [Et
1246 636 1349 664 occidit
1360 637 1454 665 David
1476 638 1509 665 de
1519 639 1594 674 Syris
1608 639 1770 680 septingen-

121 680 150 705 &
163 675 283 713 armiger
294 673 367 702 illius
378 695 384 706 ,
408 677 435 702 δι
445 672 566 701 univerfi
578 673 631 702 viri
642 678 697 710 ejus
720 674 748 702 in
758 674 802 702 die
814 673 859 702 illa
871 684 914 712 pa-

118 717 230 747 riter-J
255 716 317 744 Hoc
337 714 447 743 videtur
466 711 578 742 falsum:
603 724 665 743 nam
676 714 746 743 infra
769 716 877 753 2.Reg.
895 726 917 743 ι,

120 767 149 786 ν.
162 768 189 792 4.
201 756 270 785 dicit
281 764 388 784 textus:
403 754 509 792 [Fugit
518 755 633 793 populus
643 765 676 783 ex
688 755 785 793 praelio
795 776 801 787 ,
813 757 841 783 δε
850 755 919 783 mul—

120 797 143 826 ti
154 806 311 826 corruentes
332 806 346 824 e
365 795 470 834 populo
480 795 582 824 mortui
601 794 706 827 sunm]
731 799 805 834 Ergo
818 796 917 830 multi,

119 848 179 868 non
192 847 283 865 tamen
292 835 413 865 universi
431 835 490 864 caefi
501 835 562 864 sunt
572 856 579 864 .
603 835 771 874 Respondeo
781 856 788 864 .
814 837 916 865 Verum

116 878 156 907 est
168 889 225 907 non
245 874 498 911 omnescorruiffe,
523 886 584 904 nam
605 876 855 905 multievaserunt.
878 881 917 907 At

119 922 222 949 Textus
230 917 277 946 hic
297 918 421 956 loquitur
434 916 468 945 de
480 916 545 944 viris
563 917 648 945 Saulis
662 917 834 946 familiaribus
844 939 852 950 ,
874 919 918 947 ni—

121 959 223 988 mirum
232 981 239 992 ‚
258 959 292 987 de
302 957 394 987 aulicis
405 980 413 991 ‚
434 967 463 985 ac
473 956 508 984 de
518 957 649 986 militibus
660 958 764 997 regiam
775 957 918 996 personam

118 999 333 1029 custodientibus
344 1020 352 1031 ‚
375 998 421 1037 qui
429 1006 525 1026 omncs
536 1004 697 1028 corruerunt
707 1019 715 1027 .

171 1082 238 1110 EX
279 1079 484 1112 LIBRO
527 1081 551 1111 Ι.
594 1080 834 1110 REGUM.

82 1164 170 1193 CAP.
193 1175 219 1192 ε..
242 1174 268 1192 v.
284 1174 326 1192 10.
351 1164 485 1199 [Duobus
503 1164 581 1192 annis
601 1163 771 1203 regnavitz]
796 1163 917 1203 loquitur

119 1203 251 1242 scriptura
261 1204 294 1232 de
304 1203 449 1242 Jesboseth
460 1227 467 1237 ‚
478 1205 524 1243 qui
536 1215 636 1238 tamen,
646 1215 675 1234 ut
687 1205 763 1235 versu
773 1204 829 1243 seq.
840 1204 918 1233 colli-

975 686 1019 706 tos
1031 687 1122 706 currus
1132 699 1140 709 ,
1162 681 1189 706 ὅ(
1200 677 1374 715 quadraginta
1386 678 1472 706 millia
1482 680 1604 717 equitum
1614 701 1621 709 .
1633 684 1644 713 ]
1664 683 1772 711 Contra

977 728 1045 746 vero
1069 720 1220 753 i.Par.19.
1237 728 1265 755 Ὶν.
1285 722 1327 745 18.
1353 718 1522 752 [Inter-fecit
1541 721 1634 750 David
1653 723 1686 751 de
1696 723 1771 757 Syris

974 757 1081 796 septem
1091 757 1178 786 millia
1194 767 1320 786 curruum
1332 779 1340 790 ‚
1361 762 1390 786 δι
1401 759 1578 797 quadraginta
1598 763 1684 791 millia
1695 763 1773 801 pedi-

976 808 1052 827 tum·
1066 801 1078 830 ]
1103 796 1288 836 Respondeo,
1311 807 1401 826 textus
1421 799 1544 837 loquitur
1565 803 1752 838 metonymice
1763 825 1771 836 ,

975 839 1086 878 quaudo
1097 847 1220 867 numerat
1231 837 1335 877 septem
1345 837 1432 868 millia
1444 850 1579 872 curruum5
1591 844 1688 881 accipit
1698 845 1772 872 enim

975 889 1032 909 tem
1041 879 1233 908 continentem
1244 889 1295 917 pro
1305 887 1436 909 contenta
1447 891 1455 912 ς
1479 891 1541 909 nam
1552 891 1585 910 ex
1596 882 1649 910 illis
1661 885 1772 921 quadra-

974 921 1053 960 ginta
1063 920 1182 949 millibus
1192 921 1315 958 equitum
1328 941 1336 953 ‚
1356 930 1423 958 quos
1433 931 1556 950 numerat
1566 922 1634 951 liber
1646 926 1753 962 Regum
1764 948 1772 958 ,

975 962 1054 990 multi
1065 960 1184 989 curribus
1205 960 1306 989 inve-sti
1319 961 1476 999 pugnabant
1490 982 1497 990 .
1519 963 1647 1001 Denique
1666 964 1771 1001 pedites

975 1002 1100 1031 recensiti
1110 1001 1139 1029 in
1148 1000 1193 1028 lib.
1204 1000 1320 1038 Paralip.
1332 1001 1491 1040 supplentur
1501 1024 1508 1035 ,
1532 1014 1564 1031 eo
1575 1004 1650 1042 quod
1659 1005 1772 1034 deerant

976 1043 1006 1071 in
1016 1042 1060 1071 lib.
1072 1045 1145 1081 Reg.
1164 1041 1255 1078 itaque
1266 1043 1296 1070 in
1317 1041 1369 1070 hoc
1382 1043 1455 1071 bello
1474 1043 1534 1072 eaesi
1552 1043 1615 1072 sunt
1625 1045 1769 1084 ostoginta

977 1083 1064 1111 millia
1075 1090 1239 1124 armatorum
1249 1104 1256 1114 ‚
1281 1092 1381 1119 praeter
1390 1083 1540 1112 nobiliores
1550 1084 1613 1113 illos
1623 1106 1631 1118 ‚
1655 1087 1701 1124 qui
1711 1085 1773 1124 sep-

975 1124 1111 1162 tingentis
1120 1121 1238 1152 curribus
1248 1122 1425 1152 vehebantur.
1436 1128 1475 1153 Ex
1486 1134 1602 1163 uti-oque
1613 1127 1688 1154 enim
1699 1129 1771 1155 Tex-

975 1175 1005 1194 τυ.
1025 1164 1197 1204 colligendus
1208 1162 1246 1192 cst
1255 1163 1388 1194 caesor'um
1396 1175 1523 1195 numerus
1534 1188 1542 1200 ,
1565 1176 1594 1195 ut
1604 1166 1639 1195 nit
1651 1167 1768 1196 Marian.

974 1210 1003 1236 ὃ(
1013 1206 1060 1236 alii
1071 1226 1079 1234 .

118 1244 195 1283 gitur
206 1266 213 1277 ,
236 1246 364 1283 regnavit
384 1245 488 1284 septem
518 1246 594 1274 :mnis
612 1257 672 1274 cum
690 1246 810 1274 dimidio
820 1266 828 1273 .
850 1244 916 1275 Res2
935 1246 1002 1287 Cap.
1017 1259 1059 1286 ¹3·
1071 1257 1097 1276 v.
1116 1258 1158 1286 ¹3·
1173 1255 1185 1284 [
1198 1248 1272 1286 Quin
1285 1249 1374 1287 potius
1384 1249 1496 1288 loquere
1506 1249 1538 1278 ad
1547 1259 1640 1288 regem
1652 1271 1658 1281 ‚
1670 1252 1695 1277 ὃ(
1710 1260 1768 1277 uon

119 1285 206 1324 pond.
217 1284 259 1312 illi
270 1286 324 1314 duo
333 1286 399 1314 anni
409 1287 608 1325 intelliguntur
619 1287 652 1314 de
663 1298 694 1315 eo
704 1296 827 1325 tempore
839 1309 847 1320 ‚
869 1297 917 1314 an-

120 1334 228 1364 tequam
247 1325 315 1353 bella
336 1326 408 1355 inter
429 1325 517 1364 ipsum
530 1348 537 1359 ‚
560 1331 587 1355 ἃ
608 1327 703 1356 David
724 1328 898 1356 exorirentur
909 1338 916 1358 5

119 1375 182 1394 nam
191 1365 282 1404 postea
292 1366 379 1394 adhuc
391 1366 513 1405 quinquo
523 1368 600 1395 annis
612 1377 670 1395 cum
682 1367 802 1396 dimidio
821 1378 915 1406 regna-

124 1406 168 1435 vit
179 1427 186 1439 ,
209 1416 239 1434 ut
250 1406 351 1434 docent
362 1408 480 1436 Genneb
489 1427 496 1435 .
511 1407 592 1436 Abul.
606 1409 691 1436 Serar.
701 1411 767 1436 Tor.
777 1412 803 1437 δι
816 1410 914 1437 Saliari.

120 1446 195 1475 unde
204 1449 306 1475 Textus
317 1447 440 1485 loquitur
457 1447 491 1476 de
500 1448 577 1476 annis
590 1449 722 1486 pacifici55
748 1459 809 1477 nam
818 1450 916 1488 reliqui

118 1487 240 1526 quinque
250 1497 311 1515 cum
321 1487 440 1516 dimidio
449 1488 557 1516 fuerunt
569 1489 667 1517 turbati
679 1510 685 1516 .

81 1529 151 1567 Cap.
163 1539 190 1563 4.
203 1538 230 1556 v.
242 1539 265 1556 2.
283 1528 371 1562 [Duo
380 1538 469 1557 :tutem
483 1528 536 1558 viri
546 1529 681 1567 principes
693 1531 828 1559 latronum
839 1540 917 1559 crant

123 1568 183 1598 filio
193 1569 269 1596 Saul.
282 1570 293 1599 ]
319 1569 430 1598 Curisti
442 1569 497 1598 duo
511 1579 642 1599 vocantur
655 1571 775 1599 latrones
788 1593 794 1603 ‚
819 1571 837 1600 si
851 1571 915 1609 legi.

118 1609 218 1638 timum
230 1618 323 1647 regem
333 1610 553 1639 comitabantur?
564 1609 730 1649 Respondeo
742 1633 749 1644 ‚
760 1611 862 1640 milites
872 1622 918 1650 ap-

139 1649 234 1678 ellatos
246 1649 320 1678 fuiss‘e
331 1650 483 1688 antiquitus
492 1651 620 1683 latrones,
631 1651 697 1679 teste
708 1652 916 1690 Vz=1·r0sse,qllsssl

118 1660 258 1720 iizterones
270 1711 278 1723 ,
302 1700 335 1718 eo
362 1692 437 1729 quod
454 1691 538 1720 latera
557 1691 694 1729 Principis
715 1693 866 1730 stiparent3
889 1696 915 1720 ὃς

120 1731 202 1769 Virg.
217 1742 260 1759 12.
271 1731 392 1760 AEneid.
404 1732 492 1760 Plaut.
502 1732 532 1760 in
542 1732 601 1760 mil.
610 1733 682 1770 glor.
695 1734 757 1761 Ast.
775 1744 796 1760 i.
808 1732 879 1761 scen.
895 1743 916 1759 1.

124 1772 154 1800 in
163 1771 218 1800 fine
227 1792 236 1804 ‚
260 1772 373 1800 nomine
384 1773 520 1801 latronum
530 1773 633 1800 milites
645 1773 809 1811 intelligunt
819 1793 826 1800 .
839 1775 917 1802 Con-

119 1812 243 1840 firmatur
251 1821 284 1840 ex
296 1813 419 1841 versione
430 1812 621 1852 septuaginta:
643 1811 790 1850 H'yu'pasvoi
805 1825 917 1852 συςρεμ-

117 1852 206 1887 „adm
217 1873 223 1880 .
246 1852 378 1882 Ninirum
395 1857 525 1883 Duffores
544 1859 732 1883 Turmarum.
754 1853 859 1883 Similia
869 1852 914 1882 ha-

121 1894 165 1921 bet
175 1892 324 1922 Chaldaeus
334 1913 342 1921 .

79 1933 148 1971 Cap.
160 1940 186 1962 6.
199 1944 224 1962 v.
246 1945 287 1962 ιο.
303 1934 377 1969 [Sed
388 1934 506 1963 divertit
517 1946 574 1964 eam
585 1935 614 1964 in
625 1936 738 1966 domum
751 1935 915 1971 Obededom

120 1973 231 2001 Getliaei
242 1995 249 2001 .
263 1976 275 2006 ]
300 1974 354 2003 Iste
363 1976 529 2004 Obcdedom
541 1976 593 2004 suit
603 1976 708 2008 Levita,
718 1976 858 2014 quomodo
870 1986 911 2003 er—

119 2024 157 2052 go
168 2024 225 2042 erat
235 2025 267 2042 ex
279 2015 356 2051 Geth
364 2015 568 2045 Philistaeorum
579 2017 713 2045 civitate?
736 2016 913 2054 Respondeo‚

120 2064 233 2082 vocatur
252 2055 384 2084 Gethaeus
394 2066 407 2084 a
417 2057 480 2085 loco
499 2056 677 2086 habitationis
688 2078 696 2089 ,
719 2057 783 2095 quia
801 2059 858 2093 ejus
868 2066 914 2095 pa—

121 2104 164 2122 ter
175 2116 183 2128 ‚
204 2105 233 2123 ut
245 2097 303 2123 vult
315 2097 408 2125 Vatab.
420 2100 446 2125 ὅ(
460 2099 544 2126 Serar.
556 2099 601 2126 vel
620 2097 734 2135 ipsemet
744 2097 864 2125 exulavit
885 2097 913 2124 in

120 2135 199 2164 Geth
218 2145 279 2163 cum
290 2137 419 2170 Davide,
440 2141 467 2166 ὃς
479 2137 634 2175 Abjatharo
654 2138 806 2171 pontifice,
830 2138 866 2166 ita
879 2139 914 2166 A·

119 2176 173 2204 bul.
183 2180 210 2205 ὃ(
220 2175 317 2204 Saliam.

77 2216 150 2245 Ibid.
161 2228 187 2246 v.
199 2227 244 2245 ιο.
269 2217 416 2252 [Nudatus
428 2217 464 2245 est
475 2219 547 2257 quali
558 2219 576 2248 fi
587 2219 705 2247 nudetur
716 2229 783 2249 unus
795 2219 828 2247 de
840 2217 911 2246 scur-

118 2259 153 2285 ris
165 2260 195 2289 .]
221 2256 308 2286 Versu
329 2268 395 2287 veto
421 2259 576 2294 14.d1citur
588 2271 594 2287 :
612 2262 722 2295 [Porro
742 2259 837 2288 David
855 2269 910 2286 erar

117 2298 250 2326 zccinftus
263 2299 363 2336 Epliod
375 2299 452 2327 lineo
462 2321 469 2331 ,
493 2299 537 2330 seu
550 2300 616 2328 stola
626 2299 731 2335 byffina
743 2322 750 2333 ,
761 2310 790 2328 ut
800 2299 912 2328 habetur

974 1288 1083 1327 negabit
1093 1298 1136 1316 me
1149 1290 1197 1318 tibi
1209 1292 1240 1323 ‚]
1265 1288 1328 1318 sunt
1340 1291 1418 1318 verba
1428 1289 1545 1318 Thamar
1564 1293 1597 1318 ad
1608 1290 1718 1318 fratrem
1732 1292 1769 1318 Α-

973 1339 1068 1358 mnon.
1080 1330 1131 1357 Sed
1142 1329 1195 1358 hoc
1207 1339 1262 1358 erat
1275 1340 1371 1358 contra
1381 1329 1437 1358 Dei
1447 1330 1545 1367 legem5
1556 1340 1619 1358 nam
1628 1330 1734 1359 Levim
1744 1335 1768 1358 8.

974 1380 1000 1398 ν.
1012 1381 1040 1405 9.
1052 1369 1210 1407 prohibetur
1219 1371 1387 1398 connubium
1397 1369 1486 1397 fratris
1497 1379 1557 1397 cum
1568 1369 1661 1398 sorore
1672 1391 1680 1403 ‚
1703 1370 1768 1399 licet

973 1409 1026 1438 sint
1036 1420 1067 1437 ex
1089 1410 1196 1438 diversa
1215 1419 1317 1438 matre.
1344 1410 1578 1447 [Turpitudinem
1597 1409 1698 1438 sororis
1714 1420 1767 1438 tux

976 1461 1009 1479 ex
1020 1460 1096 1489 patre
1108 1471 1115 1482 ,
1135 1450 1191 1479 five
1208 1461 1240 1479 ex
1259 1460 1344 1478 matre
1355 1472 1362 1482 ,
1385 1460 1445 1488 quae
1458 1449 1551 1482 domi,
1574 1451 1619 1478 vel
1641 1450 1704 1478 foris
1724 1461 1770 1489 ge-

974 1491 1033 1519 nita
1046 1491 1083 1519 est
1092 1512 1100 1524 ‚
1113 1501 1169 1519 non
1181 1491 1312 1520 revelabis
1324 1493 1353 1522 .]
1368 1489 1543 1528 (Respondet)
1555 1510 1561 1517 .
1584 1489 1702 1519 Thamar
1723 1502 1769 1519 na-

975 1541 1001 1560 ta
1014 1531 1097 1559 fuerat
1115 1541 1148 1559 ex
1159 1541 1244 1560 mitre
1255 1532 1372 1570 gentili,
1394 1531 1526 1559 nimirum
1536 1552 1544 1563 ,
1567 1541 1599 1558 cx
1620 1531 1676 1559 filia
1695 1532 1767 1569 regis

976 1572 1073 1601 Gefl'ur
1085 1594 1091 1605 ,
1103 1572 1147 1600 ubi
1159 1571 1318 1608 hujusmodi
1328 1571 1494 1600 connubium
1505 1570 1610 1600 licitum
1621 1580 1677 1600 erat
1689 1593 1696 1604 ‚
1716 1582 1768 1601 un-

975 1613 1008 1641 de
1018 1612 1087 1651 legis
1107 1612 1212 1641 divinae
1224 1612 1315 1651 ignara
1328 1613 1435 1650 putabat
1447 1612 1475 1640 id
1485 1612 1565 1641 etiam
1577 1612 1700 1641 Hebraeis
1711 1612 1769 1641 liei<

972 1663 1030 1681 tum
1040 1652 1090 1682 ess’e
1100 1674 1107 1685 ,
1120 1652 1158 1681 ita
1171 1654 1251 1682 Abul.
1264 1658 1290 1682 ὅ(
1303 1655 1391 1689 Cajet.
1404 1653 1456 1682 Vel
1467 1652 1521 1681 dici
1532 1653 1619 1690 potest
1632 1674 1639 1685 ,
1650 1653 1769 1690 puellam

976 1693 1126 1732 quaesivifle
1143 1693 1301 1729 hujusmodi
1323 1693 1450 1732 effugium
1463 1715 1470 1725 ,
1490 1702 1519 1721 ut
1538 1693 1693 1731 nuptiarum
1706 1703 1769 1731 pro-

975 1733 1102 1762 missione
1113 1734 1222 1763 eludere
1231 1756 1241 1768 ,
1263 1734 1306 1763 vel
1316 1733 1411 1763 saltem
1429 1733 1563 1762 retardare
1581 1733 1710 1772 potuii'let
1722 1733 1770 1761 fra-

976 1774 1026 1803 tris
1036 1773 1167 1803 insaniam
1179 1796 1187 1807 ,
1198 1775 1235 1803 ita
1247 1775 1334 1804 Sanet-

936 1816 1004 1853 Cap.
1020 1826 1026 1842 i
1038 1824 1061 1849 5.
1085 1825 1110 1843 v.
1123 1827 1149 1847 7.
1174 1816 1261 1850 [Post
1271 1814 1451 1854 quadraginta
1459 1825 1543 1844 annos
1554 1815 1625 1843 dixit
1637 1813 1768 1844 Absalom

975 1855 1007 1884 ad
1016 1865 1107 1894 regem
1118 1856 1212 1884 David
1223 1876 1230 1884 .
1245 1859 1257 1888 ]
1280 1856 1305 1884 Si
1316 1857 1410 1885 David
1420 1855 1547 1894 regnavit
1557 1855 1645 1884 solum
1657 1855 1768 1893 quadra-

975 1897 1054 1935 ginta
1064 1906 1147 1924 annos
1158 1917 1165 1928 ,
1189 1897 1329 1934 quomodo
1338 1896 1397 1924 h-ec
1408 1896 1561 1934 propositio
1583 1906 1647 1925 vera
1658 1894 1708 1923 effe
1719 1906 1769 1934 po-

977 1937 1047 1966 test?
1060 1936 1227 1975 Respondet)
1241 1938 1327 1975 igitur
1335 1937 1428 1966 oinissa
1438 1936 1604 1975 opinionum
1615 1937 1748 1965 varietate
1758 1956 1766 1968 ,

974 1981 1002 2006 ὃ(
1011 1977 1074 2005 dico
1086 1976 1136 2005 hos
1147 1988 1232 2006 annos
1240 1977 1375 2016 sumpfisse
1384 1977 1552 2016 principium
1563 1988 1576 2005 a
1588 1977 1673 2016 prima
1682 1976 1768 2005 Davi-

972 2018 1015 2045 dis
1024 2018 1155 2046 unctione
1166 2039 1174 2051 ,
1185 2028 1245 2056 quae
1255 2018 1354 2047 incidit
1365 2019 1394 2047 in
1405 2028 1507 2047 annum
1517 2028 1621 2046 nonum
1632 2026 1694 2046 ante
1704 2018 1769 2046 Sau-

971 2058 1004 2086 lis
1016 2067 1133 2086 mortem
1143 2079 1153 2096 ‚
1175 2058 1248 2087 unde
1257 2058 1315 2087 haec
1325 2059 1440 2088 rebellio
1449 2058 1514 2087 theta
1526 2058 1576 2087 fuit
1585 2068 1656 2086 anno
1668 2069 1680 2096 3
1693 2069 1714 2086 1.
1727 2067 1769 2086 re-

976 2098 1028 2137 gni
1037 2099 1153 2128 Davidis
1165 2120 1172 2131 ,
1196 2099 1234 2127 ita
1245 2100 1343 2128 Saliari.
1356 2100 1411 2134 Qui
1422 2109 1489 2129 vcro
1503 2099 1660 2128 existimant
1673 2119 1680 2130 ,
1703 2099 1766 2127 Sau-

976 2139 1031 2167 lem
1042 2139 1162 2177 regnasse
1172 2149 1224 2168 tres
1235 2149 1340 2168 tantum
1353 2150 1440 2169 annos
1450 2161 1457 2172 ‚
1477 2142 1552 2175 ajunt
1563 2139 1612 2168 hos
1623 2149 1708 2167 annos
1726 2137 1768 2166 su-

972 2189 1045 2208 mere
1057 2180 1225 2219 prineipium
1242 2181 1272 2209 ab
1286 2180 1342 2218 ipsa
1351 2181 1436 2209 Saulis
1447 2181 1583 2208 elestione
1594 2202 1601 2212 ,
1626 2188 1723 2217 utpote
1733 2189 1768 2207 ae—

970 2231 997 2248 ra
1009 2220 1134 2259 vulgari,
1156 2224 1183 2250 6:
1194 2220 1254 2249 secu
1260 2221 1342 2250 ndum
1360 2221 1413 2250 hoc
1427 2222 1560 2249 Austores
1580 2220 1690 2248 rebellio
1702 2219 1767 2247 faeta

972 2261 1023 2289 fuit
1032 2272 1105 2290 anno
1116 2272 1163 2300 37.
1179 2261 1259 2300 regni
1268 2262 1386 2291 Davidis
1397 2284 1405 2296 ,
1417 2262 1510 2300 quibus
1521 2261 1539 2291 si
1551 2261 1631 2290 addas
1641 2268 1695 2289 tres
1704 2260 1765 2288 Sau-

972 2302 1005 2329 lis
1015 2323 1023 2333 ,
1047 2311 1127 2330 erunt
1138 2301 1317 2341 quadraginta
1327 2323 1334 2330 .

122 2347 144 2365 ι.
157 2338 214 2366 Par.
230 2349 237 2364 1
249 2349 272 2372 5.
290 2349 357 2377 ergo
369 2350 426 2368 non
444 2350 499 2369 erat
521 2342 606 2369 nudus
618 2361 624 2367 .
649 2340 817 2378 Rcspondco
828 2361 835 2368 .
855 2341 911 2369 Da·
930 2342 1000 2379 Cap.
1016 2347 1058 2370 18.
1073 2353 1100 2371 v.
1113 2349 1139 2371 6.
1152 2348 1165 2378 [
1179 2343 1288 2372 Pastum
1300 2343 1337 2372 cst
1347 2343 1474 2380 praelium
1484 2342 1512 2371 in
1522 2341 1591 2370 saltu
1603 2339 1739 2380 Ephraim·
1751 2339 1765 2369 1

119 2377 166 2407 rid
178 2378 290 2409 nudatus
308 2380 346 2412 est
365 2380 438 2412 veste
452 2380 574 2419 extima,
593 2382 714 2420 &regali
735 2381 908 2420 paludamen-

967 2383 1086 2420 Certum
1106 2383 1144 2421 est
1163 2393 1252 2421 auteur
1272 2382 1431 2421 hujusmodi
1452 2383 1579 2422 praelium
1598 2377 1765 2449 εοιῃῗιῇῗὶιπι

1670 2429 1695 2448 ui
1714 2435 1723 2441 -

1860 1459 1866 1583 ..vana—..2
1859 1244 1866 1447 Q—-h
