1866 2526
436 18 553 61 OR

86 80 146 113 Alii
155 93 223 112 vero
233 87 356 120 putantes
365 71 418 106 hoc
431 85 532 105 nomen
543 74 572 103 ab
584 84 641 106 ora,
649 71 695 102 seu
707 69 792 101 limbo
802 69 887 101 dedu-

87 126 123 158 ci,
136 124 251 153 ass'erunt
259 119 394 152 Oratium
403 115 455 146 effe
466 115 540 156 quasi
553 114 696 147 inllitae‚&
707 122 761 141 0¹*ae
771 122 887 152 partem,

87 176 115 194 ac
127 171 328 194 ornamentum,
341 157 417 198 quod
425 168 440 186 a
449 156 546 196 graecis
557 152 642 194 Πέζα
653 153 755 183 dicitur
766 174 773 181 .
786 154 828 183 Sic
841 155 876 191 Jo

87 204 185 245 scphus
196 205 283 234 Hebr.
293 209 368 231 oram
387 198 489 227 tunicx
507 195 597 225 talaris
611 198 705 224 Aaron
718 215 726 227 ,
746 194 791 223 lib.
803 205 830 233 3.
842 204 892 222 an-

89 248 140 285 tiq.
152 256 175 274 c.
188 251 212 275 8.
223 241 350 273 describit
361 240 403 269 his
415 238 502 267 verbis
515 235 585 267 κκτυὶ
605 232 699 275 πέζαν
710 233 820 273 (5*ἀότῷ
832 257 839 268 ,
850 234 890 262 id-

89 288 127 316 est
139 308 146 319 ‚
157 286 210 314 ima
221 287 278 321 ejus
289 282 370 312 vestis
382 280 526 308 ornabatur
539 277 624 305 limbo
636 296 643 303 .
664 273 788 311 Hesych.
808 281 819 311 [
831 273 890 304 Ubi

89 331 117 356 ἃ·
128 337 196 365 peza
208 325 289 354 vestis
299 323 400 352 dicitur
414 317 577 350 fimbria,seu
588 316 691 345 infima:
704 324 793 353 partes
803 316 833 343 ad
846 325 892 353 pe-

91 369 137 397 des
148 388 154 395 .
165 370 178 399 ]
191 368 263 397 Item
273 364 366 395 Suidas
379 384 385 390 .
402 367 414 397 [
426 363 461 389 Pe
469 370 500 388 υ
511 357 671 387 extremitas
682 378 688 388 ,
706 357 748 384 vel
760 355 788 384 id
799 356 827 384 in
837 365 892 394 quo

92 408 257 438 terminatur
268 405 359 434 tunica
371 425 377 436 ,
390 402 464 440 quod
479 410 529 428 nos
538 398 653 428 limbum
663 397 778 425 dicimus
789 398 819 428 .]
841 399 892 425 At-

91 460 144 488 que
155 448 256 478 Eustat.
268 445 349 476 Iliad.
361 456 378 473 α
389 441 489 481 inquit:
503 446 515 475 [
529 441 627 468 Pezam
639 435 688 466 essi:
699 446 891 465 ornamentum

91 490 166 529 quod
185 489 218 518 ad
235 485 444 516 extremitatem
464 481 546 510 vestis
565 479 685 507 existens
698 479 728 508 .]
759 476 891 505 consoli-

94 532 161 559 dant
173 529 242 558 hanc
253 527 418 567 opinionem
429 533 462 552 ex
474 519 598 559 Liturgia
618 520 644 548 S.
664 519 708 556 Jo.
720 516 891 561 Chrys01}0,

93 572 149 604 mi,
165 571 208 599 ubi
220 579 280 598 cum
294 565 422 596 Sacerdos
435 562 530 592 stolam
543 560 644 597 accipit
654 579 662 591 ‚
674 558 760 586 dieit:
781 560 891 593 [Bene-

92 612 179 640 diftus
190 612 265 639 Deus
275 631 282 642 ‚
301 607 346 646 qui
358 603 475 635 effundit
485 601 603 640 gratiam
616 598 690 627 suam
710 597 789 636 super
799 599 890 627 Sacer-

92 652 170 681 dotes
179 654 236 687 ejus
247 673 255 684 ,
266 659 295 677 ut
304 653 476 686 unguentum
485 641 564 680 super
573 650 653 678 caput
665 661 673 671 ,
696 638 769 676 quod
780 638 891 667 descen-

93 692 136 721 dit
147 692 175 720 in
186 689 410 721 barbam,barbam
423 687 525 714 Aaron,
536 681 610 720 quod
620 678 765 708 descendit
776 681 806 708 in
814 690 890 708 oram

95 732 249 761 vestimenti
271 732 327 765 ejus
337 748 344 755 .
357 729 367 758 ]
392 724 450 754 Ubi
465 732 600 762 pei-oram
614 720 775 751 vestimenti
797 721 890 749 stolam

93 772 231 810 intelligit
243 793 250 804 ,
270 781 302 799 cx
313 778 365 807 qua
376 765 524 794 deductum
540 762 579 791 cst
590 771 691 790 nomeu
702 761 802 789 orarii:
826 771 889 797 ety-

93 813 216 851 mologia
226 807 413 840 autemOmrii
422 817 435 834 a
446 803 564 834 Blesenfi
574 802 650 841 supra
660 802 773 830 adducta
783 801 888 830 desum-

94 864 138 893 pta
151 852 202 881 suit
215 863 248 881 ex
259 862 317 880 can.
330 858 414 878 unum
432 845 552 874 orarium
563 865 572 877 ,
593 843 656 872 dist.
669 852 715 877 25.
735 842 779 870 ubi
790 843 821 871 lic
833 844 886 872 ait:

93 900 108 930 f,
119 895 218 924 Unum
229 892 350 921 orarium
359 896 471 928 oportet
483 885 610 914 Levitam
624 884 729 924 gestare
738 883 769 911 in
782 883 888 912 sinistro

94 944 206 973 propter
218 934 291 972 quod
304 941 374 963 orat,
386 928 464 960 idest,
476 926 606 964 pra-dicat
619 946 625 953 .
636 926 788 954 Dextcram
799 935 888 953 autem

94 985 198 1013 partem
207 982 321 1012 oportet
334 971 430 999 habere
444 968 553 996 liberam
565 987 572 998 ,
587 976 616 994 ut
629 964 784 1004 expeditius
795 965 828 993 ad
840 967 889 994 mi—

95 1016 238 1044 nisterium
251 1012 417 1042 sacerdotale
429 1009 567 1038 recurrat]
591 1011 617 1036 δ(
630 1007 666 1035 ibi
676 1004 768 1035 Gloffi
781 1017 786 1033 :
799 1010 826 1034 ἃ
835 1007 888 1034 hoc

92 1067 148 1095 quo
159 1056 192 1084 ad
201 1065 318 1090 etymon
329 1074 335 1081 .
357 1049 448 1081 Graeci
459 1058 551 1077 tamen
574 1048 705 1076 videntur
722 1046 889 1085 distinguere

95 1098 192 1126 stolam
203 1096 233 1125 ab
244 1096 363 1125 Orarioi
376 1093 451 1121 illam
463 1089 538 1118 enim
548 1084 749 1127 Ὠπνραχῆλων,
759 1086 811 1115 hoc
822 1098 889 1117 vero

93 1134 195 1175 αἴροι’ριον
207 1147 213 1167 3
227 1146 288 1165 nam
300 1134 370 1173 apud
379 1143 424 1162 eos
434 1130 567 1160 orarium
585 1130 623 1158 est
632 1130 820 1157 Diaconorum
833 1150 840 1162 ,
863 1132 890 1157 δε

93 1179 162 1206 stola
172 1177 346 1207 Sacerdotuni
358 1186 364 1202 s
387 1172 459 1201 unde
472 1170 641 1209 Cwopalata
650 1169 684 1197 de
693 1167 738 1197 off-
751 1169 889 1198 Constaw

94 1219 185 1257 tinop.
195 1228 275 1257 agens
286 1217 319 1245 de
332 1215 399 1244 festo
408 1212 579 1242 adorationis
590 1211 615 1238 S.
630 1210 730 1239 Crucis
738 1230 746 1240 ‚
767 1210 805 1239 ait
816 1211 890 1249 quod

96 1259 282 1287 Archidiacon
288 1267 316 1285 us
334 1255 409 1285 affert
428 1262 534 1282 crucem
553 1253 583 1280 ab
594 1250 709 1279 Ecclesia
720 1272 727 1283 ,
753 1249 890 1286 [Gestans

95 1309 152 1327 tum
164 1298 320 1328 consuetam
332 1297 404 1325 suam
414 1294 537 1323 tunicam
550 1313 557 1325 ‚
577 1301 636 1319 tum
649 1290 759 1329 insuper
779 1295 807 1320 δ(
817 1291 888 1320 casu-

95 1340 166 1371 lanu
181 1350 237 1368 non
246 1349 337 1367 tamen
351 1337 446 1366 stolam
458 1357 464 1368 ,
477 1333 523 1362 sed
532 1332 648 1362 orarium
661 1334 672 1363 ]
696 1336 723 1360 ὃ(
741 1333 765 1361 S.
776 1335 890 1362 Germa-

94 1391 143 1409 nus
155 1380 231 1419 supra
243 1380 370 1408 adduftus
381 1377 410 1405 in
421 1376 466 1405 sua
478 1373 597 1403 Theoria
609 1374 681 1402 Eccl.
692 1374 785 1411 inquit
794 1386 801 1400 .·
822 1375 888 1409 [O-

97 1421 197 1450 rarium
208 1430 297 1449 autem
309 1420 360 1448 fert
373 1418 512 1446 Diaconus
527 1415 555 1443 in
567 1414 675 1443 sinistro
685 1414 801 1443 humero
810 1414 890 1453 super

95 1462 268 1490 dalmaticam
279 1482 286 1488 .
299 1463 310 1491 ]
323 1462 394 1488 Item
406 1459 435 1486 in
448 1455 570 1494 Liturgia
582 1457 607 1484 S.
619 1457 662 1492 Jo.
672 1455 820 1490 Chrysost.
832 1459 890 1485 Ro-

97 1511 147 1529 mae
172 1501 288 1538 impress'.
308 1499 436 1528 habetur:
463 1503 475 1532 [
492 1497 633 1524 Diaconus
653 1495 778 1523 induitur
799 1497 891 1525 tunica

96 1551 176 1569 orans
188 1542 224 1569 ita
236 1545 288 1569 &a
299 1544 325 1568 δ(
335 1539 456 1568 orarium
467 1537 577 1576 quidem
587 1534 708 1564 osculans
718 1536 840 1574 imponit
858 1537 891 1565 si<

98 1581 184 1609 nistro
196 1580 311 1609 humero
325 1582 336 1611 ]
357 1590 390 1608 eo
400 1587 488 1606 autem
498 1575 595 1614 [epuli
601 1586 643 1604 mc
657 1577 743 1604 uritur
752 1577 891 1606 Diaconus

99 1622 131 1650 ad
143 1621 328 1650 venerationis
339 1620 445 1659 signum
454 1640 462 1651 ,
485 1618 638 1656 ibidemque
659 1617 754 1646 crebro
772 1618 872 1646 dicitur
884 1629 889 1646 :

98 1663 258 1699 [Diaconus
270 1660 361 1689 versus
371 1660 544 1689 Sicerdorcm
555 1658 623 1686 dicit
633 1680 640 1690 ‚
663 1658 800 1686 inclinans
813 1667 890 1697 caput

102 1703 189 1736 suum,
203 1707 230 1732 ὅ(
242 1702 361 1731 orarium
373 1702 401 1728 in
413 1710 492 1728 manu
502 1701 614 1730 tenens]
627 1702 653 1727 ἀ
662 1708 724 1727 :inte
735 1698 890 1734 symbolum

99 1743 162 1771 fidei
177 1744 337 1779 [Diaconus
349 1741 486 1770 osculatur
495 1740 614 1768 orarium
626 1738 702 1767 suum
712 1762 720 1772 ,
739 1744 766 1768 &
777 1750 890 1768 venera-

99 1783 188 1812 bunde
198 1785 332 1812 inclinans
352 1781 378 1810 sc
389 1792 431 1809 ter
441 1780 509 1810 dicit
520 1785 571 1809 ἃς.
584 1782 596 1811 ]
618 1780 667 1808 Sed
688 1780 760 1809 inter
779 1782 891 1809 Latinos

99 1824 165 1851 stola
178 1845 185 1856 ‚
197 1828 224 1852 ἃ
235 1824 355 1852 orarium
367 1821 517 1860 promiscue
526 1820 698 1858 accipiuntur
707 1842 714 1848 .
733 1822 890 1856 [Quintum

99 1874 209 1902 quoque
219 1864 256 1892 est
269 1864 463 1892 indumentum
474 1861 689 1900 quod-<Orarium
700 1862 814 1895 dicitur,
827 1863 891 1891 licet

98 1904 150 1933 hoc
164 1905 274 1942 quidam
286 1904 381 1932 stol-un
393 1903 609 1931 vocant.Raban.
621 1902 667 1930 lib.
684 1913 706 1930 i.
716 1903 751 1931 de
762 1903 890 1932 inst-(fle.

99 1945 146 1973 ric.
156 1955 213 1982 cap.
231 1955 273 1981 ¹4·
286 1947 298 1976 ]
312 1943 346 1972 lic
358 1944 451 1972 stolam
461 1943 579 1972 orarium
588 1943 738 1981 appellavit
746 1944 890 1972 &Ambro-

100 1985 149 2014 iius
159 1986 192 2013 de
205 1986 280 2013 obitu
293 1985 317 2013 S.
329 1984 418 2019 Satyri
430 1988 485 2016 ejus
496 1984 584 2012 fratris
595 2005 602 2016 ‚
615 1984 759 2022 inquiens:
773 1990 784 2019 [
798 1985 889 2024 Ligari

97 2026 163 2054 fecit
174 2026 203 2054 in
214 2028 305 2054 orario
316 2046 323 2057 ‚
345 2028 372 2053 δε
382 2025 500 2052 orarium
515 2024 639 2053 involvit
650 2025 724 2053 collo
735 2046 741 2056 ,
764 2035 844 2064 atque
853 2027 891 2054 ita

98 2066 126 2094 sc
136 2067 240 2102 dejecit
250 2068 279 2095 in
291 2075 362 2094 mare
372 2066 538 2094 Sacramenti
548 2065 682 2093 tutamine
693 2064 774 2094 fretus
784 2087 790 2093 .
804 2068 816 2096 ]
840 2069 888 2095 At-

98 2117 150 2145 que
161 2108 282 2136 orarium
293 2117 343 2145 pro
354 2106 419 2134 stola
431 2128 439 2139 ‚
457 2117 516 2144 quae
527 2105 564 2134 est
577 2116 685 2144 propria
701 2105 869 2135 sacerdotum
883 2129 888 2138 ,

104 2159 135 2176 in
145 2158 263 2186 iitroque
273 2148 388 2176 humero
400 2169 408 2179 ‚
426 2147 538 2175 Concil.
556 2148 630 2175 Brac.
642 2147 698 2174 111.
709 2157 767 2174 can.
777 2158 804 2185 3.
824 2150 888 2182 [Sa·

97 2189 235 2216 cerdotem
246 2198 361 2227 utroque
372 2188 486 2216 humero
495 2188 588 2216 orario
596 2186 693 2214 ambiri
711 2189 866 2226 prsccipitur
878 2190 888 2219 ]

97 2232 125 2257 ὃ(
136 2229 224 2257 infra:
238 2231 460 2265 [Sacramentum
471 2228 607 2266 Corporis
617 2250 625 2260 ,
637 2231 665 2256 δε
676 2228 821 2266 Sanguinis
831 2230 891 2258 Do-

97 2269 166 2298 mini
179 2270 264 2298 nostri
275 2269 340 2308 Jesu
349 2268 456 2298 Christi
467 2267 620 2307 sumpturus
631 2279 688 2296 non
697 2269 776 2297 aliter
786 2270 891 2298 accedat

100 2309 227 2339 sacerdos
240 2320 319 2349 quam
328 2310 421 2338 orario
430 2318 546 2349 utroque
557 2309 672 2338 humero
683 2309 874 2349 circumseptus
885 2323 891 2339 ε

99 2350 135 2380 ita
153 2361 182 2381 ut
202 2352 235 2381 de
255 2362 312 2381 uno
320 2373 329 2386 ,
353 2351 503 2390 eodemque
525 2350 616 2380 orario
636 2360 742 2379 crucem
751 2351 851 2391 pariter
867 2355 892 2380 δ(

1234 10 1278 52 0
1308 9 1353 51 R
1609 21 1689 62 477

941 77 1087 108 utrumque
1098 67 1244 97 humerum
1255 74 1381 106 premens
1393 86 1399 96 ,
1411 63 1518 103 signum
1530 62 1561 94 in
1570 64 1618 95 suo
1630 67 1742 105 pec'tore

941 119 1078 151 praeparet
1086 109 1171 138 crucis
1181 129 1188 136 .
1199 111 1212 141 ]
1225 109 1296 138 Item
1311 106 1424 136 Concu.
1435 106 1554 135 Tol.1V.
1567 117 1624 145 cap.
1637 119 1650 136 2
1655 119 1682 140 7.
1691 107 1740 136 ait:

945 150 998 188 [Si
1008 149 1158 189 Episcopus
1167 149 1206 178 est
1219 171 1226 182 ‚
1248 148 1368 177 orarium
1379 167 1387 180 ,
1410 146 1522 175 anulum
1533 167 1540 178 ,
1561 150 1588 175 ὅ(
1599 148 1720 176 baculum
1733 158 1739 175 :

945 193 964 222 fi
975 193 1118 230 presbyter
1128 213 1134 224 ‚
1145 189 1277 222 orarium,
1290 192 1317 217 δι
1329 196 1467 227 patenam.-
1480 187 1499 216 ss
1508 187 1649 215 Diaconus
1660 209 1668 220 ‚
1678 199 1742 217 ora-

924 250 926 253 ·
950 235 1020 262 rium
1030 254 1038 265 ,
1048 235 1076 260 &
1088 232 1174 260 albam
1187 233 1199 262 ]
1213 230 1286 269 quod
1296 229 1381 258 etiam
1391 239 1423 257 ex
1435 227 1505 256 infra
1513 227 1678 257 adducendis
1689 228 1742 256 sto-

948 274 1002 302 lam
1013 295 1020 307 ‚
1029 276 1057 302 ὅ(
1066 273 1187 301 orarium
1199 272 1272 300 idem
1283 269 1334 299 ess‘c
1344 279 1426 308 penes
1438 269 1540 298 latinos
1549 271 1654 302 Patres,
1665 270 1743 308 quod

947 314 1081 344 Orarium
1091 313 1124 342 ad
1134 312 1247 341 modum
1258 309 1342 340 fasciae
1363 308 1541 349 longiuscula:
1557 309 1638 338 suerit
1648 332 1656 343 ,
1680 320 1744 348 pro-

949 357 1024 384 batur
1034 366 1066 384 ex
1079 356 1117 384 D.
1132 352 1278 392 Augustini
1291 350 1452 380 testimonio
1465 372 1472 383 ,
1490 350 1537 379 lib.
1550 362 1595 380 22.
1605 351 1640 380 dc
1651 351 1746 380 Civit-

950 396 1023 429 Dei,
1034 407 1056 423 c.
1071 400 1095 425 8.
1106 395 1180 424 Sicut
1190 394 1305 422 enimin
1316 392 1381 420 dict.
1393 397 1487 421 Fanon
1497 391 1554 420 dixi
1567 413 1573 424 ,
1592 391 1666 430 quod
1675 391 1746 420 illud

948 436 1102 475 promiscue
1113 436 1142 464 in
1151 433 1229 463 sensu
1241 433 1316 462 stole
1330 455 1337 466 ,
1351 435 1379 462 &
1391 432 1588 473 veli'accipitur
1598 454 1607 466 ‚
1628 433 1662 462 sic
1672 433 1743 462 Ora.

946 487 1016 505 rium
1029 499 1034 509 ,
1045 479 1188 506 Garat-ltus
1199 475 1266 503 item
1277 474 1315 503 :iit
1328 496 1335 506 ‚
1346 474 1421 512 quod
1431 478 1577 511 Orqrtum,
1587 477 1614 502 ὃς
1626 476 1743 502 Orariux

947 518 1002 546 dici
1014 517 1111 557 potest.
1127 519 1162 545 In
1174 516 1259 546 Rubr.
1270 514 1367 543 Miss‘al.
1379 524 1432 552 par.
1446 521 1471 545 i·
1483 514 1529 542 tit.
1547 525 1568 542 i.
1579 514 1612 543 de
1623 523 1742 553 praepar.

947 559 1051 587 Sacerd.
1064 559 1190 586 celebrat.
1210 557 1237 588 ξ.
1249 555 1373 593 Imponit
1393 555 1504 584 brachio
1515 555 1623 584 linistro
1634 575 1641 582 .
1653 556 1746 583 Maro-

948 601 1012 628 nitce
1023 600 1149 628 Lcstores
1162 620 1170 630 ‚
1180 608 1208 626 ac
1220 596 1381 626 Suhdmconi
1392 606 1509 625 utuntur
1518 597 1611 625 orario
1622 617 1628 623 .
1653 595 1745 624 Variis

945 640 1112 678 temporibus
1133 639 1274 666 variantur
1292 637 1375 666 etiam
1394 638 1558 675 opinionon
1582 637 1647 665 ficut
1668 635 1746 665 enim

947 679 1163 710 intumescebant
1176 679 1315 707 Diacones
1326 688 1451 716 tempore
1461 680 1513 707 IV.
1524 677 1650 707 Concilii
1660 677 1745 707 Tole-

947 721 1003 750 tani
1020 724 1059 756 ,δε
1070 721 1124 749 duo
1136 720 1224 748 oraria
1235 719 1337 758 gestare
1348 719 1498 747 ambiebant
1508 740 1516 751 ‚
1537 729 1551 747 e
1568 727 1665 747 contra
1674 727 1744 746 tem-

946 774 1012 802 pore
1032 762 1115 800 primi
1134 759 1301 790 Bracarenlis
1320 759 1447 787 Concilii
1465 759 1582 797 pudebat
1601 760 1744 788 Diaconos

946 813 1074 843 patenter
1084 803 1203 831 orarium
1213 800 1320 829 deferre
1331 821 1340 833 ‚
1359 804 1387 828 δε
1410 799 1473 828 ideo
1493 798 1539 828 sub
1560 799 1681 828 tunicam
1689 800 1747 827 :ibs-

944 845 1097 874 condebant
1109 865 1116 877 ,
1138 853 1219 881 quare
1237 841 1264 870 d.
1285 841 1400 870 Concil.
1410 851 1468 869 can.
1483 852 1529 873 27·
1541 851 1598 878 cap.
1614 851 1636 868 1.
1657 840 1694 868 eis
1705 849 1747 869 ta-

945 887 969 915 lc
993 894 1161 925 praeceptum
1184 881 1349 920 imposuerat
1367 903 1376 915 ,
1401 881 1546 910 videlicet:
1572 888 1582 917 [
1595 883 1666 910 Item
1684 883 1744 920 pla-

945 928 1001 955 cuit
1022 948 1033 965 ,
1074 927 1136 965 quia
1167 923 1302 962 aliquanti
1331 922 1409 959 hujus
1441 923 1592 961 provinciae
1617 921 1742 951 Ecclelite

944 968 1082 996 Diacones
1094 965 1225 995 absconlis
1238 963 1309 992 infra
1319 964 1439 992 tunicam
1449 973 1560 992 utantur
1569 963 1665 992 orariis
1676 984 1683 995 ,
1707 962 1746 992 ita

946 1008 1018 1037 nihil
1030 1007 1140 1036 differre
1158 1017 1171 1034 a
1182 1004 1350 1034 Subdiacono
1371 1004 1517 1033 videantur
1529 1026 1536 1037 ‚
1547 1002 1586 1032 *ut
1598 1004 1632 1032 de
1642 1013 1745 1032 caetero

944 1049 1116 1088 superposito
1133 1047 1247 1086 scapulae
1267 1050 1279 1079 (
1291 1045 1356 1073 licut
1368 1045 1446 1073 decet
1458 1049 1470 1077 )
1489 1055 1598 1073 utantur
1609 1045 1717 1073 orario.
1731 1047 1746 1076 ]

947 1092 1020 1119 Item
1032 1089 1104 1118 idem
1116 1088 1278 1118 Concilium
1289 1096 1322 1114 ex
1333 1096 1442 1124 antiqua
1454 1086 1630 1114 institutione
1645 1095 1746 1123 praece-

948 1141 1025 1169 ptum
1037 1129 1225 1159 Sacerdotibus
1235 1136 1416 1156 renovaverat
1426 1148 1433 1159 ,
1443 1136 1472 1154 ut
1480 1125 1586 1165 semper
1596 1148 1604 1159 ,
1615 1129 1642 1154 δε
1655 1126 1728 1154 inter
1736 1141 1746 1147 ·

946 1170 1015 1200 missi
1021 1182 1054 1200 ve
1075 1170 1195 1200 orarium
1207 1177 1349 1208 portarent
1359 1189 1368 1200 ,
1385 1178 1414 1195 ac
1425 1166 1471 1195 sub
1481 1166 1746 1196 excommunicatio-

946 1214 987 1241 nis
997 1223 1078 1250 poena
1091 1234 1097 1244 ,
1113 1210 1187 1250 quod
1195 1208 1228 1237 in
1240 1209 1352 1238 modum
1362 1209 1448 1237 crucis
1458 1208 1528 1237 illud
1544 1207 1652 1237 deferre
1664 1207 1745 1236 debe-

946 1263 1019 1285 rent,
1030 1254 1101 1282 Can.
1113 1250 1292 1280 Ecclefiastica
1301 1249 1478 1278 institutione
1486 1249 1600 1287 dist-23.
1611 1248 1746 1287 Idemque

947 1294 977 1322 in
988 1293 1122 1323 Concilio
1145 1291 1313 1330 Moguntino
1323 1300 1446 1329 tempore
1457 1290 1553 1319 Caroli
1571 1290 1667 1329 Magni
1682 1300 1746 1317 cau-

947 1344 1006 1363 tum
1017 1334 1101 1362 fuerat
1114 1355 1122 1366 ‚
1139 1331 1240 1361 scilicet
1252 1354 1258 1364 ,
1281 1330 1459 1366 [Presbyteri
1478 1330 1533 1360 fine
1544 1329 1746 1359 intermistione

945 1385 1057 1404 utantur
1066 1373 1161 1403 orariis
1172 1383 1282 1411 propter
1293 1371 1477 1401 differentiam
1487 1372 1638 1401 Sacerdotii
1650 1371 1747 1410 digni-

945 1417 1009 1444 tatis
1021 1438 1028 1449 ,
1040 1426 1097 1454 cap.
1111 1418 1157 1444 ιε.
1168 1416 1180 1444 ]
1192 1414 1259 1451 Qua:
1270 1412 1443 1442 observantia
1454 1414 1484 1442 in
1494 1413 1600 1441 summo
1612 1434 1619 1445 ,
1630 1411 1748 1450 soloque

945 1457 1081 1485 Pontifice
1101 1455 1229 1484 remanlit
1240 1477 1248 1488 ‚
1272 1455 1310 1482 ita
1329 1464 1358 1482 ut
1381 1454 1466 1482 hodie
1478 1465 1528 1493 pro
1550 1452 1679 1492 singulari
1689 1455 1747 1488 ejus

945 1497 1127 1536 praerogativa
1138 1505 1282 1534 reputetur
1292 1516 1299 1522 .
1323 1499 1406 1524 Erant
1417 1505 1506 1523 autem
1525 1505 1604 1522 antea
1615 1492 1746 1531 Episcopi

947 1539 1062 1567 dedecus
1081 1537 1171 1566 oratio
1181 1536 1285 1575 privari
1300 1558 1306 1568 ,
1326 1546 1408 1574 quare
1430 1535 1555 1564 Anastas.
1570 1533 1702 1563 Bibliotli.
1715 1534 1745 1561 in

949 1579 1098 1617 Agathone
1107 1578 1144 1606 ait
1154 1599 1162 1610 ‚
1185 1577 1259 1616 quod
1269 1587 1329 1604 cum
1339 1575 1402 1605 esset
1412 1575 1572 1605 Patriarcha
1584 1573 1745 1604 Antioche-

946 1629 995 1647 nus
1005 1619 1138 1649 Macarius
1150 1618 1180 1646 in
1188 1618 1264 1646 sexta
1275 1617 1390 1652 Synodo
1401 1627 1528 1655 tanquam
1546 1615 1690 1644 haereticus
1699 1615 1746 1643 d2-

946 1670 1052 1688 innatus
1064 1683 1070 1692 ‚
1085 1659 1120 1688 ibi
1133 1659 1243 1687 Balilius
1254 1658 1393 1687 Cretensis
1403 1657 1500 1698 Epist-¹
1510 1658 1588 1686 illum
1601 1656 1706 1695 publice
1715 1666 1748 1684 o-

948 1701 1020 1728 rario
1039 1700 1205 1738 despoliavit
1216 1721 1223 1731 ‚
1247 1699 1322 1737 quod
1333 1698 1539 1737 degradationis
1557 1698 1662 1736 signum
1672 1707 1745 1725 erat:

951 1742 1116 1776 [Accedcns
1130 1740 1278 1768 'Mauritius
1299 1740 1481 1768 Subdiaconus
1502 1739 1622 1768 orarium
1643 1738 1677 1766 de
1687 1740 1746 1773 ejus

946 1782 1020 1810 collo
1030 1781 1137 1810 abstulit
1151 1807 1156 1810 ,
1178 1784 1206 1809 &
1217 1780 1333 1818 projecit
1343 1789 1406 1810 ante
1428 1780 1508 1819 pedes
1519 1783 1574 1815 ejus
1587 1800 1593 1806 .
1613 1779 1690 1808 Idem
1700 1781 1748 1808 Βι-

947 1822 1046 1851 blioth.
1055 1824 1085 1851 in
1095 1820 1236 1859 Stephano
1247 1823 1315 1853 IV.]
1327 1821 1382 1858 Qui
1393 1820 1599 1860 degradationis
1611 1820 1707 1848 modus
1718 1820 1748 1848 in

947 1864 1072 1891 omnibus
1081 1862 1224 1891 ordinibus
1237 1863 1378 1900 quomodo
1389 1862 1447 1890 ficri
1458 1860 1560 1890 soleb:t
1572 1883 1580 1894 ,
1591 1871 1624 1889 ex
1636 1861 1746 1889 restitu-

947 1904 1026 1932 tione
1035 1904 1164 1937 ordinum
1174 1903 1323 1938 conjcstari
1336 1903 1398 1930 licet
1409 1913 1437 1930 in
1446 1913 1504 1931 can.
1518 1900 1664 1940 Episcopus
1675 1923 1683 1935 ‚
1700 1913 1709 1929 1
1721 1913 1745 1930 1.

945 1945 1039 1983 quest.
1052 1955 1079 1982 3.
1098 1945 1172 1972 Nam
1182 1944 1220 1971 eis
1230 1943 1418 1971 restituebatur
1429 1965 1436 1976 ‚
1456 1943 1529 1983 quod
1541 1953 1620 1971 antea
1629 1942 1746 1971 ablatum

946 1994 1003 2013 erat
1014 1996 1020 2015 5
1032 1985 1070 2013 ibi
1079 1985 1154 2012 enim
1165 1983 1199 2012 lic
1209 1984 1263 2011 ait:
1277 1990 1287 2019 [
1301 1984 1409 2012 Gradus
1420 1982 1555 2012 ammillos
1567 1983 1684 2021 recipiat
1697 2005 1704 2016 ‚
1716 1987 1746 2012 ὁ(

946 2036 1037 2054 coram
1051 2025 1142 2054 Altari
1151 2024 1185 2052 dc
1198 2024 1318 2052 manibus
1331 2024 1529 2063 Episcoporum
1541 2046 1547 2056 ,
1567 2024 1585 2053 fi
1598 2023 1746 2062 Episcopus

947 2066 985 2094 est
994 2089 1001 2099 ,
1014 2067 1145 2096 Orat-ium
1156 2087 1163 2098 ‚
1186 2069 1212 2093 ὃ(
1224 2065 1346 2093 baculum
1357 2087 1364 2098 ,
1383 2069 1410 2094 S<
1420 2065 1551 2094 anulum?
1572 2065 1591 2094 fi
1601 2066 1745 2101 Presbyter

945 2106 982 2134 est
993 2128 1001 2140 ‚
1013 2106 1145 2136 Orat-ium
1157 2127 1164 2138 ‚
1175 2110 1201 2134 ὃ(
1213 2106 1345 2143 planetam
1357 2116 1364 2136 ς
1387 2107 1406 2135 st
1418 2107 1560 2135 Diaconus
1570 2127 1579 2139 ‚
1591 2106 1725 2135 Oratium
1737 2127 1746 2139 ‚

946 2151 973 2176 δε
983 2148 1068 2175 albam
1079 2169 1085 2175 .
1098 2149 1109 2177 ]
1122 2148 1185 2183 Quo
1194 2157 1283 2175 autem
1294 2147 1326 2175 ad
1336 2147 1568 2185 lignificationem
1578 2147 1630 2175 Veh
1645 2169 1651 2178 ‚
1664 2146 1744 2175 liabe-

947 2189 1028 2216 turin
1040 2199 1099 2216 can.
1111 2187 1249 2216 monacho
1263 2199 1306 2220 27.
1326 2198 1353 2225 q.
1369 2199 1390 2216 1.
1403 2188 1439 2216 ibi
1450 2189 1525 2216 enim
1536 2188 1570 2217 sic
1581 2197 1638 2216 ait:
1657 2190 1744 2222 [Mo-

950 2229 1039 2257 nacho
1048 2229 1168 2257 orarium
1179 2239 1208 2256 in
1221 2229 1390 2257 Monaileno
1399 2251 1408 2262 ‚
1428 2230 1473 2257 vel
1484 2240 1566 2257 zonas
1577 2228 1676 2256 habere
1686 2239 1744 2257 non

950 2270 1028 2298 liceat
1038 2291 1045 2302 ,
1065 2273 1092 2297 ὃ(
1116 2268 1134 2296 li
1145 2269 1235 2306 postea
1257 2270 1338 2298 uxori
1358 2268 1443 2298 suerat
1458 2268 1573 2298 sociatus
1591 2270 1666 2299 δία]
1687 2269 1748 2298 U'oi

951 2309 1044 2339 Gloss‘a
1064 2310 1100 2337 ita
1109 2320 1224 2348 exponit
1238 2322 1243 2336 :
1265 2311 1418 2344 [Orat-ium
1429 2312 1543 2348 ponitur
1564 2320 1613 2348 pro
1625 2310 1750 2347 quolibet

951 2361 1116 2380 ornamento
1129 2352 1273 2379 mulierum
1283 2372 1293 2384 ‚
1309 2355 1337 2380 ὃς
1346 2352 1461 2390 ponitur
1474 2362 1532 2390 pars
1543 2362 1593 2390 pro
1605 2360 1685 2381 totos
1709 2351 1750 2379 est

1639 2401 1716 2420 euim
