1866 2526
158 66 235 109 682
495 71 534 113 T
565 72 610 114 R

1285 71 1400 114 TR

143 126 239 160 Deus,
248 129 275 155 ὅ(
285 137 346 158 cum
358 127 455 163 Moyse
465 139 514 166 pro
524 128 627 167 populo
639 127 791 156 Israelitico
804 125 906 155 trastav
913 135 942 153 e·
958 128 1084 155 Time-ro
1096 146 1103 154 .
1115 129 1173 156 FR.
1190 128 1310 157 Verbum
1323 129 1409 159 .idest
1418 150 1427 162 ‚
1440 130 1607 160 concionem
1618 141 1688 171 ago:
1702 129 1796 166 [He-

145 176 195 197 rat.
209 167 298 196 Exod.
314 179 356 205 ¹9-
372 180 381 197 1
392 180 414 196 1.
427 171 477 205 [In
488 170 534 198 die
542 169 618 197 enim
631 169 712 196 tertia
723 166 870 195 descendet
882 166 943 194 Do-

145 208 234 237 minus
245 219 336 237 coram
345 210 423 237 omni
436 210 513 247 plebe
523 208 602 246 super
612 218 709 236 monte
719 207 794 242 Sinai
805 211 858 235 &c.

106 252 271 279 TRACTANS
283 270 290 277 .
304 252 361 278 PR.
371 249 570 278 Contionator:
585 255 598 283 [
610 247 746 286 Episcopo
756 246 888 276 tractante
899 256 945 274 co-

1001 166 1082 194 retici
1092 176 1126 195 ex
1135 166 1306 196 conscicntia
1317 169 1486 199 Infit-mittitis
1496 182 1637 211 nunquam
1653 171 1794 201 ordinarie

1000 208 1116 235 tractant
1127 228 1135 235 .
1153 209 1269 237 Tertull.
1280 208 1313 236 dc
1324 208 1462 238 resur-ne&-
1472 212 1560 241 carnis
1571 234 1578 245 ,
1590 223 1648 251 cap.
1662 225 1687 243 ι..
1699 213 1712 244 ]
1736 211 1797 241 Ubi

1003 256 1051 284 per
1063 248 1222 276 vocabulum
1232 249 1382 277 Ordinarie
1394 250 1528 290 intelligit
1537 254 1644 291 publice
1654 274 1662 281 .

148 300 297 327 gnoveram
316 301 373 318 non
395 289 601 317 sacrificandum
621 289 726 318 Idolis.
749 289 786 317 D.
803 286 944 325 Cyprian.
961 288 1155 322 Tmemm,
1173 289 1312 317 dicebatur
1323 289 1437 326 epistola
1448 311 1457 323 ‚
1475 301 1525 329 qua
1537 293 1664 332 Episcopi
1676 293 1708 322 ad
1718 294 1797 322 (⁶011.

146 330 227 359 serm.
241 342 284 365 52·
298 333 310 361 ]
325 329 398 358 Vide
409 333 555 358 Trac‘bator
567 349 574 356 .

107 373 297 400 TRACTATou
309 393 314 403 2
327 380 417 408 gruere
429 366 563 407 Iepoxo'yo‘g
573 391 580 402 ,
593 369 662 398 idest
673 391 680 402 ,
700 368 771 397 sacer
780 366 947 397 sermocina-

152 422 197 440 tor
209 433 215 439 .
236 418 247 447 [
261 413 317 449 Jam
330 421 398 438 vero
407 410 565 449 quibusdam
582 420 615 438 ex
631 410 728 438 nostris
745 409 882 438 sacrorum
893 417 947 435 tra-

145 453 291 480 {tatoribus
303 449 391 480 visum
401 451 438 479 est
449 450 547 478 amoris
559 461 662 478 nomen
672 473 680 484 ‚
701 461 781 488 quem
792 449 947 478 dilectionis

149 492 201 522 effe
210 493 349 522 divinius.
371 490 490 519 Michael
501 492 586 529 Syng.
597 491 626 519 in
646 492 703 519 vita
714 493 790 527 Fron.
804 493 815 521 ]
829 490 946 518 Eodem-

148 545 201 573 que
212 534 343 562 vocabulo
355 531 414 560 usus
433 531 470 559 est
481 532 650 560 Sccundinus
663 531 691 560 in
702 531 778 569 epist.
790 531 823 559 ad
840 531 878 559 D.
891 533 946 559 Au-

1002 327 1066 356 cilia
1076 330 1308 358 convocabantur.-
1322 332 1363 365 [A
1375 330 1497 359 Primate
1508 340 1556 369 per
1566 335 1721 363 tractoriam
1732 332 1796 361 sunt

1004 370 1093 397 vocati
1106 389 1113 396 .
1126 370 1240 408 August.
1252 379 1347 398 contra
1358 372 1514 403 Donatist.]
1528 375 1579 401 Hae
1592 374 1705 403 diveriae
1717 383 1795 403 erant

1003 419 1016 437 a
1025 410 1209 443 Trastatoriu„
1220 411 1312 448 quibus
1321 410 1450 449 Episcopi
1460 412 1518 441 aliis
1528 415 1700 451 exponebant
1711 436 1720 448 ‚
1730 414 1795 453 quid

1002 449 1031 477 in
1041 450 1134 488 aliquo
1146 452 1263 489 negotio
1280 452 1368 479 astum
1380 451 1467 480 fuiss'et
1478 472 1485 480 .
1504 454 1559 482 FR.
1571 454 1693 483 Latinius
1704 465 1796 484 tamen

1003 500 1055 528 pro
1064 494 1245 520 Traei‘atorc‘a
1256 513 1263 524 ‚
1284 491 1426 521 interdum
1432 495 1605 523 Trastoriam
1615 494 1684 533 legit
1694 514 1701 522 .
1721 496 1795 525 Vide

1002 535 1180 559 Traa‘iatoria
1190 552 1197 559 .
1210 532 1284 560 Vide
1293 532 1373 561 etiam
1381 537 1488 562 Littera
1502 553 1509 561 .

149 574 305 614 gustinum:
328 572 484 608 [Quamvis
495 573 625 600 trastator
644 573 728 600 multa
738 572 841 600 dixerit
854 592 861 603 ,
886 581 945 609 qua:
961 578 1101 604 TRAcTus
1115 593 1122 604 ,
1134 571 1236 600 dicitur
1247 572 1295 601 ille
1310 574 1419 603 moestus
1428 584 1522 603 cantus
1533 596 1541 608 ,
1551 574 1597 613 qui
1608 575 1637 603 in
1648 574 1725 603 Missa
1733 583 1796 612 pro·

149 625 241 644 teneat
252 614 323 652 apud
334 612 362 641 se
373 614 482 641 auditor
492 635 498 645 ,
514 622 604 640 tamen
615 623 628 640 n
639 614 782 640 traclatore
796 622 851 639 non
863 611 947 640 reces-

148 655 242 684 serunt
252 657 281 685 .]
306 658 340 683 Et
349 653 445 682 clarius
456 655 492 682 D.
504 653 716 692 Chrysologus:
733 659 744 688 [
758 655 841 681 Vacat
852 651 947 680 huma-

147 707 196 725 nus
207 696 296 724 sermo
308 717 315 727 ‚
336 695 394 723 silet
407 694 571 733 prsedicatio
592 695 744 722 tractatoris
754 714 762 726 ,
781 692 860 722 serm.
873 704 921 729 9¹·
934 696 945 724 ]

150 740 207 766 FR.
218 736 383 765 Vincentius
395 736 481 764 Lirin.
494 734 523 762 in
535 734 629 762 libello
641 733 767 762 adversus
780 733 878 771 proph.
890 733 947 762 hae-

147 787 198 806 ret.
211 786 304 805 novat.
317 786 339 803 c.
352 787 398 811 40.
409 776 462 804 ait:
478 781 490 810 [
503 778 599 804 Tertio
608 776 751 806 Doctores,
763 775 809 812 qui
824 775 947 802 tractato.

146 829 187 847 res
199 829 269 846 nuuc
282 817 471 855 appellantur,
491 826 558 853 quos
569 816 613 843 hic
625 816 698 844 idem
710 815 858 853 Apostolus
868 815 948 842 etiam

151 858 298 897 prophetas
310 858 449 885 interdum
461 866 599 894 nuncupat
611 878 618 888 ,
638 867 670 884 eo
682 856 755 895 quod
768 865 814 892 per
827 865 871 882 cos
881 857 948 883 Pro-

148 899 291 937 phetarum
304 898 430 932 mysteria
442 897 550 936 populis
561 897 727 934 aperiuntur.
742 898 753 927 ]
768 897 930 931 Synonyma
940 915 947 923 .

149 940 223 969 Vide
233 939 262 967 in
273 940 337 968 dist.
350 942 531 967 Contio-nator
543 958 550 964 .
571 938 695 965 Homzlia
707 958 713 968 ,
735 947 762 964 ac
773 936 858 964 etiam
870 938 947 964 Con-

149 981 325 1009 tionatorum
347 978 438 1008 abusus
449 1000 455 1007 .
475 978 549 1006 Vide
566 980 734 1006 Tradatum
747 997 755 1005 .
775 976 848 1005 Vide
865 977 948 1004 ctiam

152 1024 290 1050 Trac‘hms
300 1040 308 1048 .

107 1064 330 1091 Tit-Acrmoum
343 1082 350 1093 ,
361 1059 473 1099 epistola
484 1079 491 1086 .
512 1058 585 1087 Vide
594 1061 704 1087 Littera
717 1080 723 1084 .
737 1061 794 1088 PR.
804 1059 946 1088 Trac‘z‘ato-

149 1107 224 1131 riam
235 1102 383 1140 legendum
395 1111 471 1139 putat
482 1100 605 1128 Latinius
616 1099 645 1127 in
659 1099 948 1128 Corre&.C0ncilior.

151 1143 196 1171 tit.
206 1143 319 1172 Concil.
329 1141 444 1170 Telense
453 1163 462 1175 ,
482 1139 527 1168 seu
537 1139 701 1177 Teleptense
712 1162 719 1172 ,
739 1144 765 1168 &c
779 1141 823 1168 tit.
835 1140 947 1168 Concil.

150 1184 366 1220 Constantinop.
380 1185 414 1210 V.
431 1193 488 1221 cap.
504 1192 545 1209 ιο.
558 1192 585 1208 ac
595 1180 660 1208 alibi
671 1201 679 1207 .
703 1180 777 1208 Vide
787 1184 930 1209 Trac‘t'oria
941 1201 947 1207 .

109 1228 310 1256 'funerarem
322 1227 348 1251 ἃ
361 1227 522 1254 Trafz‘atus,
533 1220 646 1259 ipsamet
656 1219 727 1249 sacra
738 1221 846 1249 concio.
860 1222 947 1256 [Cum

150 1263 378 1302 Archisynagogi
390 1285 397 1295 ,
409 1265 454 1292 vel
467 1260 683 1291 Hemorrhoisslc
695 1262 815 1290 mulieris
825 1271 949 1290 connexa

150 1306 198 1334 fibi
211 1327 225 1338 ‚
242 1309 269 1334 ὃ(
282 1304 412 1342 producta
424 1303 544 1332 narratio
555 1314 569 1330 a
578 1301 704 1330 consueta
716 1302 849 1331 sermonis
863 1302 949 1330 nostri

148 1347 283 1374 brevitate
295 1343 448 1373 discederet
459 1366 466 1377 ,
480 1342 624 1371 maluimus
634 1343 779 1371 dimidiare
788 1344 930 1371 trac'tatum
941 1363 948 1369 .

150 1387 188 1415 D.
199 1384 372 1423 Chrysolog‘.
384 1384 463 1413 serm.
475 1391 521 1421 36.
535 1386 546 1414 ]
569 1382 686 1420 Optima
698 1384 810 1421 quidem
824 1383 949 1412 Concio-

153 1426 293 1455 natoribus
305 1425 435 1457 monitio,
446 1425 491 1463 qui
502 1434 595 1452 corum
607 1422 806 1460 superfluitates
816 1424 845 1451 in
855 1424 949 1452 dicen-

149 1467 186 1496 do
205 1466 365 1495 detruncare
378 1465 546 1496 nescientes,
567 1463 692 1502 seips05‚
711 1468 739 1493 &
759 1465 847 1493 multo
865 1465 949 1503 magis

147 1508 300 1537 Auditor-es
312 1506 463 1545 defatigant
474 1517 481 1536 ς
494 1504 599 1533 discere
609 1504 638 1532 hi
650 1505 780 1533 deberent
788 1515 820 1533 ex
833 1504 886 1532 hoc
898 1509 948 1533 Ec-

148 1548 235 1577 clefiae
256 1548 379 1576 Dostore
390 1546 495 1575 eximio
507 1567 514 1578 ‚
538 1546 611 1583 quod
623 1544 751 1583 pulchior
768 1545 875 1584 semper
885 1556 951 1573 con-

151 1597 242 1627 ceptus
263 1588 296 1617 fit
316 1588 363 1616 ille
377 1609 384 1620 ‚
415 1587 462 1626 qui
483 1586 628 1614 brevitatis
645 1585 734 1623 gratia
762 1586 929 1623 relinquitur
942 1598 948 1616 ς

151 1629 315 1668 quandoque
335 1628 408 1656 enim
421 1628 534 1666 legimus
545 1627 704 1654 Sanctorum
722 1629 829 1655 Parrum
841 1629 948 1656 Sermo-

150 1680 198 1698 nes
208 1689 216 1704 ³
227 1673 254 1698 ὃ(
265 1668 404 1698 Homilius
415 1666 601 1696 recentiorum
611 1666 781 1695 sermonibus
791 1667 930 1696 breviores
943 1688 950 1694 .

1004 612 1089 639 fertur
1098 612 1156 650 post
1170 613 1311 650 epistolam
1323 635 1330 646 ,
1344 615 1461 653 'quando
1474 625 1530 643 non
1542 616 1643 644 dicitur
1654 615 1779 651 Alleluja
1789 637 1797 648 ,

1003 651 1139 690 &incipit
1157 653 1296 682 observari
1307 665 1320 682 a
1332 655 1530 694 Septuagefima
1539 655 1620 694 usque
1638 657 1672 684 ad
1682 653 1779 684 Pascha
1789 675 1798 687 ,

1006 693 1071 721 licet
1086 703 1144 721 non
1156 693 1262 721 dicatur
1272 695 1396 732 quotidie
1406 717 1414 729 ‚
1426 695 1473 723 sed
1485 705 1590 725 tantum
1601 697 1631 724 in
1641 695 1798 725 Dominicis

1003 733 1085 771 usque
1095 734 1127 761 ad
1137 734 1368 772 quadragesimam
1379 758 1386 769 ‚
1398 747 1453 774 quo
1465 746 1590 775 tempore
1599 737 1701 765 dicitur
1713 735 1796 764 etiam

1004 773 1032 801 in
1044 773 1118 801 feriis
1127 773 1252 802 secundis
1261 797 1268 808 ‚
1278 776 1379 814 quartis
1390 798 1399 809 ,
1410 780 1437 804 δ(
1447 775 1529 805 sextis
1541 799 1548 809 ‚
1572 778 1636 815 quia
1648 777 1678 804 in
1689 775 1732 804 his
1741 776 1800 804 die-

1003 815 1049 842 bus
1060 813 1204 842 concursus
1213 816 1309 854 populi
1320 826 1375 844 erat
1386 819 1475 852 major
1485 818 1519 845 ad
1530 818 1626 846 divina
1636 817 1737 845 officia.
1746 816 1800 845 Di-

1004 854 1077 882 citur
1089 855 1196 886 tractus,
1206 856 1269 892 quia
1279 855 1396 885 trahitur
1407 866 1511 896 tempus
1522 868 1572 896 pro
1583 858 1801 895 intervallo,quo

1004 895 1145 923 Diaconus
1165 894 1245 932 possit
1258 907 1357 925 exuere
1376 898 1511 935 planetam
1524 920 1531 930 ,
1551 902 1578 927 ὃ(
1598 898 1742 936 imponere
1753 898 1801 925 fibi

1005 934 1223 964 transversaliter
1233 937 1335 968 velum5
1351 938 1416 966 sicut
1426 938 1671 967 Gradualedicitur
1680 949 1730 976 pro
1741 937 1802 975 spa-

1004 976 1045 1004 tio
1057 976 1199 1015 temporis,
1211 987 1267 1015 quo
1276 978 1419 1006 Diaconus
1431 977 1591 1007 ascendebat
1600 979 1697 1017 gradus
1707 979 1797 1007 ambo-

1004 1017 1056 1044 nis.
1066 1017 1226 1052 Symbolum
1236 1028 1326 1046 autem
1335 1020 1474 1047 Tracta-tus
1485 1030 1498 1047 a
1508 1022 1634 1057 Ruperto
1644 1019 1678 1047 de
1690 1018 1798 1047 divinis

1005 1057 1104 1085 officiis
1116 1058 1150 1086 fic
1169 1059 1319 1095 exponitur
1333 1071 1339 1087 :
1365 1065 1376 1095 [
1390 1060 1472 1096 Quod
1483 1070 1573 1088 autem
1594 1061 1692 1088 tractus
1705 1059 1801 1097 lugen-

1004 1098 1073 1126 tium
1084 1098 1116 1126 sit
1128 1120 1135 1131 ,
1148 1098 1287 1137 magisque
1297 1100 1379 1128 luctui
1391 1111 1525 1139 congruat
1536 1123 1544 1134 ,
1564 1111 1643 1139 quam
1654 1099 1782 1139 graduale
1792 1121 1801 1132 ,

1006 1139 1080 1177 quod
1090 1139 1127 1167 est
1139 1139 1336 1176 poenitentiurn
1348 1141 1498 1169 lamentum
1508 1163 1515 1174 ,
1541 1141 1611 1170 illud
1622 1141 1783 1178 comprobat
1795 1162 1804 1173 ,

1005 1179 1079 1217 quod
1089 1190 1146 1207 non
1156 1190 1217 1207 cum
1232 1181 1350 1216 Alleluja
1363 1203 1370 1214 ‚
1384 1192 1412 1209 ut
1423 1182 1552 1220 graduale
1561 1204 1569 1215 ,
1579 1181 1625 1209 sed
1636 1192 1686 1220 pro
1699 1181 1804 1209 Allelu-

1005 1223 1030 1254 ᾖα
1041 1220 1146 1248 canitur
1157 1219 1198 1247 his
1209 1221 1299 1249 dicbus
1309 1244 1316 1254 ‚
1336 1222 1430 1260 quibus
1439 1232 1558 1250 mortem
1570 1244 1577 1255 ,
1598 1233 1657 1261 quae
1668 1221 1803 1249 subintra-

1005 1260 1046 1289 vit
1058 1261 1085 1288 in
1096 1260 1227 1288 mundum
1239 1271 1287 1299 per
1297 1262 1435 1290 invidiam
1444 1263 1558 1298 diaboli,
1570 1263 1637 1291 idest
1648 1284 1654 1295 ‚
1666 1273 1679 1290 a
1691 1262 1802 1299 Septua-

1004 1301 1102 1339 gefima
1114 1300 1199 1339 usque
1208 1302 1241 1329 :id
1252 1301 1351 1330 Pascha
1362 1324 1370 1334 ,
1382 1303 1515 1341 lugemus¹
1525 1303 1601 1338 lib.5.
1613 1314 1636 1330 c.
1652 1304 1709 1337 14.]
1723 1302 1802 1329 Ideo.

1004 1351 1055 1379 que
1064 1351 1078 1369 a
1098 1350 1223 1378 tempore
1236 1343 1333 1370 trac'tus
1343 1342 1439 1370 stolam
1460 1343 1677 1371 immortalitatis
1695 1341 1804 1376 symbo-

1004 1382 1060 1410 lum
1073 1403 1080 1414 ,
1100 1382 1221 1419 quamin
1232 1382 1459 1420 praevaricatione
1470 1383 1553 1421 primi
1574 1383 1691 1421 parentis
1711 1382 1802 1420 perdi-

1004 1422 1092 1450 dimus
1103 1443 1110 1454 ,
1122 1423 1186 1450 velo
1200 1422 1323 1451 violaceo
1333 1424 1460 1461 cooperit
1468 1423 1620 1452 Diaconus.
1631 1423 1678 1451 Ob
1688 1422 1802 1450 eandem

1005 1463 1142 1491 rationem
1153 1461 1322 1491 sacrosan&
1332 1465 1419 1491 Mater
1429 1465 1545 1492 Ecclesia
1555 1464 1583 1491 in
1592 1463 1662 1491 dieta
1671 1462 1803 1491 Domini-

1005 1514 1034 1531 ca
1045 1502 1148 1535 flebili,
1169 1513 1197 1531 ac
1209 1503 1316 1531 dolenti
1327 1514 1396 1531 voce
1415 1504 1516 1542 incipit
1529 1503 1676 1531 introitum
1687 1513 1695 1528 .-
1716 1503 1804 1537 [Cir-

1005 1544 1204 1572 cumdederunt
1222 1553 1263 1572 me
1274 1544 1384 1572 dolores
1397 1545 1495 1572 mortis
1507 1549 1559 1573 &a
1571 1546 1584 1575 ]
1604 1542 1694 1572 'Irasti
1705 1543 1805 1572 Aufto⁵

1007 1595 1064 1612 reni
1076 1585 1159 1622 aliqui
1172 1584 1358 1613 Coelestinum
1369 1606 1377 1617 ‚
1389 1585 1581 1614 aliiGelasium
1593 1605 1601 1617 ,
1617 1587 1645 1612 ὅ(
1654 1583 1701 1611 alii
1711 1582 1806 1612 Teles-

1007 1624 1124 1663 phorum
1145 1626 1270 1652 Summos
1288 1624 1438 1653 Pontifices
1457 1625 1558 1654 faciunt
1570 1644 1576 1651 .
1597 1625 1689 1660 Quare
1698 1623 1804 1653 dicitur

1006 1668 1104 1694 tractus
1118 1666 1147 1693 in
1160 1665 1265 1703 Vigilia
1275 1666 1464 1694 Pente-costes.
1481 1665 1553 1694 Vide
1566 1665 1679 1702 nglia.

151 1711 228 1739 Hinc
238 1710 422 1739 Tertullianus
432 1709 503 1737 recle
514 1708 644 1735 admonet
659 1729 665 1739 ,
677 1707 822 1746 inquiens:
838 1709 947 1743 [Com—
966 1709 1132 1738 Tmou-ox,
1143 1706 1181 1734 ita
1189 1716 1202 1733 a
1211 1704 1289 1733 sacris
1300 1706 1481 1743 Scriptoribus
1493 1705 1675 1743 appellab2³tur
1685 1704 1746 1737 ille,
1757 1703 1805 1742 qui

154 1751 284 1789 pendium
301 1749 436 1778 sermonis
449 1771 455 1781 ,
476 1752 502 1777 ὃ(
515 1758 622 1786 gratum
635 1748 672 1775 est
686 1770 692 1780 ‚
712 1752 739 1776 ἃ
760 1748 949 1779 neccssirrium5

152 1791 281 1829 quoniam
295 1789 384 1819 sermo
394 1786 539 1818 laciniosus
548 1810 555 1821 ‚
567 1791 593 1816 ὅ(
605 1787 732 1816 onerosus
743 1810 750 1821 ,
761 1793 788 1817 ὃ(
799 1799 880 1817 vanus
892 1789 929 1817 est
941 1810 947 1816 .

152 1837 165 1866 [
178 1833 235 1862 FR.
246 1831 344 1859 eodem
356 1831 486 1859 vocabulo
495 1828 554 1858 usus
565 1828 602 1857 est
613 1830 736 1866 Opmtus
757 1828 933 1858 Milevitanus
944 1851 951 1862 ‚

151 1871 198 1900 lib.
211 1883 238 1906 4.
259 1873 304 1909 qui
315 1871 472 1899 Donatistas
483 1870 573 1908 arguit
584 1890 593 1902 ‚
612 1880 645 1897 eo
657 1870 731 1908 quod
751 1868 854 1909 semper
866 1870 895 1897 in
906 1880 952 1898 eo-

153 1922 213 1940 rum
223 1912 403 1940 concionibus
421 1909 689 1941 contrttCatholiqos
698 1910 842 1939 calumnias
866 1910 958 1945 inter-A

156 1952 304 1981 miscebant
315 1974 322 1984 ,
335 1952 369 1980 fic
382 1952 526 1990 inquiens:
542 1952 709 1985 [Lectiones
718 1951 879 1979 Dominicas
890 1972 898 1984 ‚
922 1954 950 1979 ὃς

153 1994 282 2023 ῐιτιᾶηως
294 1992 398 2021 vestros
416 1993 449 2021 ad
460 1992 561 2021 nostras
574 1991 684 2025 injurias
705 1991 846 2029 explicatis
857 2012 864 2018 .
886 1993 952 2019 Pro-

150 2033 228 2061 fertis
248 2033 454 2071 Evangelunn,
483 2035 511 2061 δ(
532 2032 621 2060 facitis
636 2031 740 2060 absenti
761 2031 836 2061 fratri
854 2032 951 2059 convi-

147 2074 223 2102 tium
235 2094 243 2101 .
257 2077 271 2105 ]
284 2075 370 2109 Quam
381 2074 460 2111 plane
471 2072 599 2102 vitiosam
611 2072 798 2101 concionandi
808 2071 949 2100 consuetu<

154 2114 249 2142 dinem
272 2114 357 2142 nostri
368 2114 500 2152 temporis
521 2113 881 2145 Haereticihaereditarunt,
905 2114 950 2150 qui

151 2152 298 2192 pharisaica
321 2155 472 2192 petulantia
490 2153 517 2181 se
536 2152 609 2192 ipsos
627 2152 774 2182 secundum
795 2154 885 2192 legem
896 2154 950 2181 Dei

1008 1757 1061 1784 proe
1073 1747 1172 1774 timore
1183 1756 1385 1774 tormentorum
1397 1747 1461 1775 fidei
1483 1744 1698 1785 persecutoribus
1715 1745 1805 1773 trade-

1007 1788 1050 1815 bat
1066 1786 1153 1815 sacros
1165 1788 1285 1815 Codices
1303 1787 1336 1816 ad
1347 1797 1392 1815 cos
1402 1787 1597 1815 comburendos
1608 1806 1616 1812 .
1636 1790 1649 1819 [
1664 1787 1698 1814 In
1710 1786 1804 1814 Africa

1008 1828 1142 1856 duomrtla
1153 1849 1160 1860 ‚
1181 1831 1207 1856 ὅ(
1220 1827 1328 1865 peslima
1338 1827 1446 1856 admista
1464 1826 1514 1855 effe
1526 1827 1632 1854 constat
1643 1847 1650 1859 ‚
1670 1835 1755 1854 unum
1775 1825 1806 1854 in

1007 1869 1168 1899 traditione,
1181 1869 1295 1896 alterum
1308 1867 1462 1896 schismate.
1473 1869 1574 1905 Optat.
1584 1866 1724 1897 Milevit]
1738 1868 1806 1895 Pro—

1008 1919 1069 1947 pter
1079 1909 1151 1947 quod
1165 1908 1228 1937 ibid.
1240 1909 1319 1937 multi
1331 1919 1476 1938 renuentes
1487 1907 1575 1936 sacros
1587 1907 1668 1934 libros
1679 1907 1785 1935 tradere
1796 1927 1805 1939 ,

1010 1950 1172 1985 martyrium
1183 1948 1244 1987 pasl]
1256 1948 1319 1977 sunt
1330 1960 1338 1979 ς
1351 1950 1425 1978 inter
1437 1959 1503 1987 quos
1513 1949 1546 1976 de
1557 1949 1581 1976 S.
1593 1947 1741 1975 Saturnino
1751 1945 1805 1974 hoc

1008 1990 1164 2018 encomium
1176 1990 1205 2017 in
1216 1992 1273 2024 ejus
1284 1989 1346 2017 affis
1356 1990 1458 2028 legitur
1470 2000 1476 2016 :
1500 1989 1554 2024 [O
1565 1990 1717 2023 Martyrem
1736 1987 1806 2025 legis

1015 2030 1093 2059 sacrae
1107 2030 1237 2058 idoneum
1247 2051 1254 2062 ‚
1266 2030 1488 2068 diligentemque
1499 2028 1636 2057 custodem
1648 2050 1655 2061 ,
1668 2028 1714 2065 qui
1723 2027 1807 2055 tradi-

1006 2072 1109 2100 tor-ium
1121 2071 1220 2099 fite-inus
1232 2069 1439 2109 perhorrescens
1452 2092 1459 2103 ,
1479 2069 1622 2107 scripturas
1642 2067 1805 2098 Dominicas

1006 2123 1041 2141 ne
1052 2112 1177 2150 perderet
1187 2133 1195 2144 ‚
1207 2112 1282 2140 intra
1293 2110 1394 2140 secreta
1404 2110 1445 2139 sui
1457 2110 1574 2150 pectoris
1582 2109 1736 2138 collocavit
1744 2127 1751 2134 .
1764 2109 1804 2135 A·

1006 2154 1061 2192 pud
1071 2153 1178 2181 Surium
1188 2174 1197 2185 ‚
1211 2163 1220 2180 1
1232 2163 1254 2180 1.
1267 2153 1345 2180 Febr.

151 2195 227 2223 reste
237 2194 417 2231 morigeratos
426 2194 594 2227 existimant,
607 2193 710 2233 nosque
721 2203 849 2233 tanquam
859 2193 949 2222 ethni·
965 2196 1110 2223 TRADuco
1122 2214 1130 2226 ‚
1151 2192 1205 2221 hoc
1214 2193 1328 2221 verbum
1336 2192 1406 2230 apud
1416 2191 1616 2221 Tertullianum
1626 2213 1634 2224 ‚
1647 2190 1715 2218 sicut
1724 2187 1806 2216 etiam

152 2245 197 2263 cos
207 2256 215 2268 ‚
225 2238 252 2263 δε
265 2235 420 2272 publicanos
432 2235 653 2267 conviciant,1ta
663 2246 690 2263 ut
702 2245 731 2262 1n
743 2235 805 2272 ipris
816 2234 891 2262 nulla
903 2245 951 2262 no-

150 2284 179 2303 ta
190 2285 314 2303 errorum
325 2275 356 2303 fit
369 2296 375 2302 .
387 2278 425 2303 At
438 2287 486 2303 nos
498 2297 504 2307 ,
516 2276 561 2313 qui
572 2285 724 2313 peccatores
734 2297 742 2308 ,
752 2280 779 2303 ὃ(
790 2274 884 2313 grariae
895 2275 951 2303 Dei

150 2315 261 2354 indigni
281 2315 467 2344 existimamur
482 2337 490 2348 ‚
512 2326 570 2343 non
590 2316 810 2355 alienigenarum
827 2326 931 2344 errores
942 2337 949 2348 ,

1005 2234 1065 2262 haec
1077 2234 1128 2262 alia
1142 2235 1327 2262 Circumduco
1337 2255 1344 2266 ‚
1357 2233 1482 2266 obduco,
1502 2231 1572 2270 saepe
1590 2229 1743 2269 significant
1764 2239 1811 2256 re·—

1007 2274 1190 2313 prehendere,
1203 2274 1383 2307 convincere,
1394 2272 1558 2305 convenire,
1568 2272 1679 2307 rejicere
1690 2291 1697 2301 ‚
1711 2272 1739 2297 &
1750 2279 1811 2297 ¹1¹3·

1006 2315 1133 2344 nifestare
1144 2335 1151 2342 .

150 2354 201 2383 sed
216 2356 321 2383 nostros
332 2356 365 2384 ad
379 2356 517 2394 propriam
527 2356 727 2384 correstionem
736 2367 752 2384 a
760 2355 951 2386 Concionato-
966 2358 1006 2385 Ti<
1013 2365 1163 2388 Anucrio,
1176 2366 1226 2395 pro
1236 2353 1450 2394 reprehensione
1459 2364 1471 2382 a
1480 2351 1654 2382 Tertulliano
1665 2348 1809 2387 usurpatur

158 2394 228 2424 tibus
239 2396 357 2425 libenter
366 2397 488 2428 audimus
498 2417 504 2425 .
529 2396 602 2426 Vide
612 2398 737 2425 Homilai
749 2416 760 2427 .

1009 2406 1068 2424 non
1090 2406 1150 2424 ἵζ’-ΥΟ
1164 2416 1173 2424 .

1691 2432 1770 2461 Tm·
