1866 2526
469 58 568 102 ST

123 126 213 161 Quare
222 121 288 152 stola
296 118 455 158 cooperitur
466 118 530 149 velo
541 115 687 146 violaceoa
700 114 829 148 Diacono
840 134 847 142 .
866 114 918 143 Vi-

1275 54 1305 97 S
1336 54 1375 96 T
1629 63 1709 122 635⁸

972 110 1082 150 pultura
1091 110 1168 150 agit,
1187 119 1221 140 ex
1231 110 1306 147 cujus
1325 113 1470 141 verborum
1480 111 1557 145 sensu
1574 112 1766 155 spoliainimi-

121 166 156 194 dc
165 165 281 197 Tum,
290 181 298 190 ‚
306 161 468 196 Synonyma
481 159 555 189 stol-1:
568 178 575 184 .
585 156 660 186 Vide
672 162 748 192 Baja.
759 155 917 194 Epitrache—
928 180 931 183 ,
972 161 1083 186 corum,
1092 148 1139 181 scu
1150 152 1292 181 culcitram
1300 151 1451 192 significare
1462 153 1573 184 videtur
1582 176 1589 183 .

121 207 180 234 lton.
188 225 196 232 .
207 203 358 239 Linostima
366 222 373 229 .
394 204 527 230 orarium
537 220 544 228 .
554 197 706 234 Psachm'ati
716 218 723 226 .
742 197 918 236 Superbume-
930 192 1083 223 StnAur’us
1092 212 1100 221 .
1121 193 1196 222 Vide
1212 198 1332 231 Staupus
1341 212 1356 238 ,ι
1562 235 1578 241 η
1643 237 1647 241 .

123 247 180 275 ralc
190 265 197 272 .
207 243 280 273 Stola
291 242 319 270 in
329 241 564 271 benediCtionibus
573 259 580 265 .
596 237 670 267 Vide
680 239 844 267 Benediffio.
857 239 916 268 Sto·
930 234 1048 264 Srttznn
1061 254 1069 262 .
1080 234 1137 263 FR.
1148 243 1269 268 munera,
1280 242 1339 272 quae
1349 243 1380 263 m
1389 234 1747 273 Kal.Januar11d21-11010m
1760 252 1766 267 z

120 286 146 314 la
154 283 300 323 aliquando
310 283 426 312 Pallium
438 279 595 321 Episcopnle
606 277 741 317 fignificat
751 299 759 307 .
772 278 846 307 Vide
853 279 918 308 Pal-

119 327 207 355 liusn.
217 325 324 354 C-etera
334 345 341 351 .
354 323 427 352 Vide
438 323 566 352 Cancello
575 339 582 347 ·
592 324 687 348 Fanon
698 340 706 348 .

79 362 226 395 δῖοιιυυς
238 385 245 392 .
257 364 331 393 Vide
342 364 450 392 Stultus
461 385 467 392 .

77 403 191 436 Simus
207 428 214 439 ,
226 405 378 434 multitudo
389 425 396 436 ,
405 415 513 433 caterva
523 425 531 437 ,
541 414 621 444 quam
633 401 697 434 Itali
709 400 800 432 Stuolo
810 399 917 430 dicunt.

122 451 135 482 [
148 446 287 476 Constans
297 447 458 484 Imperator,
469 454 548 483 atque
558 443 712 474 romanicus
723 441 805 469 stolus
815 451 877 485 curn
886 450 919 484 eo

119 487 254 516 navaliter
267 485 414 525 pugnaturi
428 506 435 514 .
453 486 528 515 Paul.
538 486 616 515 Diac.
637 484 683 513 lib.
699 483 764 518 19-]
785 482 840 510 FR.
851 481 918 524 dxci—

120 537 164 556 :ur
175 526 256 555 etiam
265 527 411 561 stolium.[
421 523 538 556 Stolium
549 527 635 565 Regis
645 525 699 553 ivit
710 521 916 565 Alexandriam.

121 571 288 602 Anonymus
301 566 432 596 Cafinen.
443 567 470 595 in
483 567 591 596 Clu-on.
601 578 645 594 an.
662 573 744 596 1174·
756 562 917 599 Supradicto

120 608 202 636 stolio
211 608 298 647 Regis
308 607 400 636 fraude
409 629 417 640 ,
426 611 454 635 ὃ(
465 607 493 635 νι
504 610 665 636 Οι-πεοιηιιη
676 603 852 644 postmodum
862 602 915 631 for-

121 659 186 678 tuna
195 648 232 677 est
241 646 381 677 adversata
392 667 399 675 .
409 647 480 676 Ibid.
489 658 532 675 an.
546 658 555 675 ι
567 658 576 674 ι
585 652 598 675 8
606 657 632 682 5.

80 687 182 718 S‘foiia
191 711 199 722 ‚
212 684 291 725 ςόμα
301 709 309 721 ‚
318 697 349 716 os
359 708 368 720 ‚
378 687 433 716 five
442 687 598 716 concavitas
609 707 615 714 .
627 693 640 722 [
653 690 738 715 Erant
747 694 838 713 autern
848 687 916 714 Ara-

119 731 181 759 bum
190 732 264 765 juxta
273 728 423 766 politorum
432 727 542 766 quidam
554 749 563 760 ,
584 728 630 766 qui
640 726 808 765 accipiebant
818 726 850 754 ab
860 727 917 754 Im-

118 769 284 808 petitoribus
300 777 378 806 rogas
404 768 521 806 puxillas
539 768 573 797 ad
602 767 812 796 custodiendum
830 767 915 795 stoma

117 809 207 838 Eremi
216 829 224 836 .
236 808 310 838 Paul.
321 808 399 837 Diac.
410 808 457 837 lib.
473 813 514 837 18.
524 811 538 841 ]
549 809 593 838 ubi
606 807 753 848 ingressum
762 806 864 836 deserti
874 807 916 835 in-

117 849 176 878 telli
200 849 220 877 it
230 869 237 876 .

76 887 93 915 S
101 899 109 916 1
117 860 208 918 omnig.
220 889 293 917 Vide
303 895 395 918 Natta
403 910 410 918 .
420 889 575 927 Pfiathium
585 909 595 918 .

75 930 191 959 Sturum
204 950 210 957 .
224 930 298 958 Vide
309 935 430 958 Strava.
733 940 749 958 s

75 971 246 1000 Suam-(2221
257 991 264 1003 ,
277 979 364 1008 geniis
373 970 532 999 charaReris
541 969 698 1000 Chaldaici.
708 969 783 1000 Vide
793 974 915 1008 Oxyryn-

117 1012 182 1039 chus
193 1031 200 1038 .

71 1052 198 1087 braama
209 1071 217 1079 .
227 1052 285 1080 FR.
296 1050 352 1079 via.
375 1057 387 1086 [
401 1051 461 1081 Nifi
474 1051 592 1090 publicus
603 1051 674 1080 latro
686 1051 768 1080 fuerit
781 1072 788 1084 ‚
808 1052 854 1080 vel
866 1061 915 1079 no-

117 1092 226 1120 &turnus
243 1091 426 1130 depopulator
445 1102 573 1130 agrorum
583 1113 590 1124 ,
608 1091 656 1130 qui
667 1092 732 1120 dum
743 1091 844 1120 itinera
862 1091 914 1119 fre—

116 1142 228 1170 quentat
242 1154 249 1165 ,
272 1132 316 1160 vel
326 1132 443 1170 publicas
455 1133 547 1161 stratas
555 1133 656 1162 obsidet
667 1136 718 1161 &c.
730 1133 776 1161 lib.
787 1143 814 1170 3.
824 1133 915 1162 decre-

117 1174 162 1200 tal.
173 1182 217 1200 tit.
228 1184 276 1209 49.
285 1183 342 1211 cap.
355 1180 381 1202 6.

75 1215 352 1243 διιιΑτιιεετιωυΜ
363 1235 370 1241 .
384 1216 440 1243 PR.
452 1213 514 1242 lefti
524 1213 632 1242 stratum
644 1235 652 1248 ,
665 1213 721 1242 five
729 1213 850 1243 culcitra.
862 1214 916 1249 [Il-

117 1255 136 1281 11
148 1253 283 1292 praecipue
293 1275 301 1286 ,
312 1255 357 1291 qui
369 1264 452 1293 equos
463 1277 469 1287 ‚
482 1258 509 1283 ἀ
521 1264 593 1283 arma
603 1276 611 1287 ‚
621 1258 647 1283 δι
659 1255 839 1292 pecuniaim&
850 1254 913 1283 stra—

118 1294 244 1322 tileffllia
266 1304 329 1322 cum
341 1294 447 1323 viaticis
465 1294 617 1323 amiserant.
629 1294 728 1323 Matth.
746 1294 828 1323 Paris.
848 1306 910 1323 ann.

123 1345 172 1372 ¹23
181 1346 205 1363 τ..
216 1335 228 1366 J
241 1334 316 1363 Vide
324 1337 479 1364 Lec‘rarium
491 1355 498 1362 .

75 1377 105 1404 S'i
115 1384 214 1404 κΛτοιι
225 1396 234 1407 ,
244 1375 371 1403 officialis
383 1375 411 1404 in
423 1375 493 1404 Aula
503 1386 589 1414 graeca
600 1397 607 1409 ‚
618 1375 692 1414 quod
702 1375 826 1404 officium
837 1376 915 1404 Con-

115 1415 247 1444 stantinus
268 1417 422 1454 Imperator
442 1417 543 1453 primus
552 1416 684 1445 Silvestre
694 1419 773 1454 Papae
792 1418 816 1445 Ι.
837 1427 913 1445 exer-

115 1456 170 1483 cuit
181 1476 187 1482 .
201 1458 361 1490 [Tenentcs
372 1459 486 1484 lrxnum
496 1456 559 1494 equi
571 1456 650 1494 ipsius
662 1467 712 1494 pro
722 1457 876 1486 reverentia
885 1460 914 1487 B.

118 1495 203 1527 Petri,
214 1495 334 1523 stratoris
343 1496 465 1523 officium
481 1496 522 1524 illi
532 1496 702 1525 exhibuimus
713 1517 721 1524 .
734 1498 787 1525 Ivo
796 1498 913 1526 Carnot.

118 1534 151 1562 de
162 1534 266 1573 dignit.
277 1539 305 1564 ὅ(
315 1536 410 1573 privil.
421 1536 494 1564 Eccl.
508 1538 591 1565 Rom.
603 1536 678 1571 lib.4.
693 1538 914 1575 ]Reperiebatur

116 1574 202 1602 etiam
214 1575 374 1613 Collegium
387 1597 393 1607 ‚
413 1576 487 1613 quod
497 1581 513 1603 S
516 1577 591 1605 chola
593 1578 747 1613 stratorum
758 1577 895 1607 dicebatur
906 1600 913 1606 .

116 1615 180 1643 Hoc
191 1615 350 1644 vocabulum
363 1617 498 1654 reperitur
507 1617 577 1655 apud
590 1618 704 1646 Paulum
714 1617 872 1647 Diaconum
883 1619 912 1647 in

117 1665 133 1682 v
146 1656 182 1684 ita
192 1654 292 1684 phocae
305 1657 405 1694 Imp.&
415 1656 445 1684 in
455 1657 530 1686 Affis
541 1658 566 1686 S.
576 1658 734 1696 Cypriani,
745 1659 813 1687 acin
824 1659 911 1688 Codi-

115 1706 144 1724 ce
155 1694 293 1725 Theodos.
312 1696 358 1724 lib.
370 1708 399 1733 9.
411 1696 455 1724 tit.
468 1707 494 1735 3.
504 1708 561 1736 cap.
584 1709 605 1726 1.
625 1698 759 1737 fignificat
778 1709 912 1728 carcerum

116 1735 268 1765 Custodem
280 1758 288 1769 ,
308 1737 363 1765 five
382 1737 501 1775 Justitiae
520 1738 690 1770 ministrunu
709 1738 756 1768 sed
773 1740 803 1768 in
812 1739 854 1768 his
866 1751 912 1779 pu-

79 1795 89 1804 .
116 1785 143 1803 ta
162 1781 298 1806 Statorem
309 1799 317 1810 ‚
344 1781 371 1805 ὃ(
401 1788 456 1806 non
476 1777 619 1807 stratorem
637 1778 808 1808 scribendum
817 1800 825 1808 .
855 1783 912 1810 FR.

116 1816 211 1845 eadem
231 1818 312 1846 verba
322 1818 419 1847 Ivonis
440 1819 616 1857 reperiuntur
633 1819 662 1848 in
681 1821 761 1849 Palea
779 1821 913 1850 Decreto-

116 1865 175 1884 rum
193 1858 319 1886 Gratiani
332 1879 340 1890 ,
368 1869 424 1897 cap.
445 1859 590 1888 Constanti
596 1870 643 1888 nus
652 1882 660 1893 ,
685 1859 805 1889 secundo
832 1861 894 1890 loco
907 1884 912 1895 ,

114 1896 177 1924 dist.
197 1904 246 1933 96.
264 1908 344 1936 quem
369 1899 533 1928 reverentie
559 1901 646 1936 afrum
664 1911 780 1939 egerunt
798 1902 914 1930 Pontifi-

971 272 1269 309 Sicnlissfflelitenses
1279 274 1365 304 adhuc
1374 275 1534 305 vocabulum
1546 277 1678 306 retinent.
1691 280 1770 313 [Hoc

973 315 1003 344 in
1011 315 1198 346 Calendarum
1209 316 1324 345 strenam
1335 337 1343 349 ,
1365 320 1393 345 ὃ(
1403 317 1587 346 Saturnalium
1598 317 1749 357 sportulam
1760 340 1768 352 ‚

965 366 1032 384 ,can-
1043 355 1135 395 legant
1149 379 1156 390 ,
1165 357 1226 386 dist.
1239 367 1286 394 37.
1297 358 1308 388 ]
1321 357 1390 394 Quae
1401 355 1539 396 prohibita
1551 358 1606 387 est:
1621 361 1712 394 [Non
1721 360 1769 388 ob-

974 396 1088 425 servetis
1097 398 1155 426 dies
1165 419 1172 430 ,
1189 397 1236 436 qui
1246 398 1375 427 dicuntur
1385 398 1532 437 aegyptiaci
1542 420 1550 431 ,
1571 410 1616 428 :tut
1638 399 1772 429 Kalendas

974 437 1104 475 januarii,
1115 438 1144 466 in
1156 439 1250 477 quibus
1259 439 1406 468 cantilena:
1417 437 1553 477 quaedam,
1565 443 1593 468 ὃς
1603 440 1771 469 εοηιεΠῖιῑιο-

973 489 1020 506 nes
1028 500 1035 511 ,
1052 482 1078 507 ὃς
1090 479 1123 507 ad
1135 479 1257 508 invicem
1267 480 1339 508 dona
1348 479 1495 512 donantur,
1505 480 1576 518 quali
1588 481 1617 508 in
1629 482 1770 519 principio

973 519 1040 547 anni
1054 541 1060 552 ‚
1081 520 1147 548 boni
1159 519 1205 548 fati
1215 519 1330 559 augurio
1341 541 1349 553 ‚
1372 527 1418 549 26.
1429 530 1473 559 qu.
1485 531 1512 553 7.
1522 531 1580 549 can.
1597 523 1661 552 ιω]
1684 523 1770 558 Cujus

972 569 1090 594 etymon
1102 560 1130 588 in
1141 560 1217 589 dicto
1227 571 1286 590 can.
1297 561 1438 600 legant,fic
1447 561 1565 599 explicat
1576 560 1770 598 Gloffa:[Stre-

974 610 1006 628 na
1017 601 1088 638 quali
1099 601 1154 632 sine
1164 601 1261 630 threna
1272 624 1279 635 ,
1291 601 1360 630 idest
1372 624 1380 635 ,
1392 602 1447 630 fine
1458 602 1657 632 lamentatione
1668 624 1674 630 .
1686 605 1698 635 ]
1718 603 1770 632 Sed

972 639 1057 668 hodic
1068 642 1234 670 contrarium
1245 643 1366 670 efficitur
1380 642 1408 671 in
1420 642 1499 671 Urbe
1510 664 1518 676 ‚
1528 644 1571 672 ubi
1582 653 1671 672 tantus
1681 643 1771 672 inole-

975 681 1016 708 vit
1026 680 1133 710 scrvilis
1144 682 1297 711 insolentis:
1309 683 1400 712 abusus
1409 704 1417 715 ,
1432 693 1461 711 ut
1471 684 1542 722 quali
1554 685 1655 719 dejure
1665 684 1711 713 fibi
1724 685 1772 713 de—

973 721 1060 750 bitum
1070 732 1235 760 proventum
1245 724 1395 762 praetendat
1407 744 1415 756 ,
1435 734 1515 762 quam
1524 728 1641 762 Mangia
1651 735 1749 753 vocant
1761 736 1770 756 ς

972 762 1045 790 unde
1055 762 1242 793 intolerabiles
1253 765 1410 796 Monristis,
1433 764 1541 793 Aulicis
1552 787 1559 797 ,
1577 769 1605 793 ὃ(
1617 765 1770 804 Litiganti—

972 803 1017 831 bus
1035 801 1098 831 sunt
1109 803 1217 842 prorsus
1236 806 1299 833 tales
1316 805 1413 834 Minist
1419 815 1511 833 rorum
1531 805 1753 843 importunitates
1763 826 1771 834 .

973 843 1184 881 Superstitiones
1203 845 1335 884 siquidem
1343 845 1385 874 hae
1393 845 1456 874 sunt
1466 867 1473 879 ‚
1494 856 1554 884 quae
1575 846 1604 874 in
1615 846 1659 874 his
1677 847 1771 875 diebus

973 885 1072 913 Romae
1085 884 1167 923 usque
1181 886 1213 914 ad
1226 885 1368 916 Zachariae
1380 889 1455 925 Papae
1469 896 1592 925 tempora
1601 887 1718 920 fiebant,
1740 897 1771 915 ut

970 924 1002 952 in
1012 925 1089 963 epist.
1100 925 1233 962 Bonifatii
1246 927 1376 966 Episcopi
1386 927 1418 956 ad
1428 927 1544 956 cundem
1553 927 1719 957 Pontificem
1727 927 1773 956 di-

971 965 1059 999 refta,
1073 965 1102 994 in
1111 975 1178 995 tom.
1188 978 1215 1006 3.
1227 969 1385 998 Concilior.
1399 978 1459 1008 pag.
1471 980 1540 1005 429.
1558 969 1610 997 col.
1626 981 1651 997 2.
1663 968 1771 998 Editio-

970 1005 1013 1034 nis
1025 1007 1140 1035 Venetae
1152 1007 1187 1036 de
1195 1019 1268 1037 anno
1284 1020 1291 1036 1
1303 1019 1315 1044 5
1325 1015 1369 1045 85.
1381 1009 1414 1038 fic
1425 1008 1580 1038 referuntur
1592 1021 1598 1037 ;
1624 1015 1636 1044 [
1649 1009 1723 1038 Sicut
1732 1009 1771 1038 af-

972 1045 1083 1075 firmant
1095 1068 1103 1079 ,
1115 1052 1126 1081 (
1138 1049 1206 1085 idest
1216 1070 1224 1082 ‚
1235 1050 1447 1078 Ultramontani
1457 1053 1469 1082 )
1480 1049 1506 1078 se
1516 1049 1611 1078 vidisse
1620 1050 1697 1078 annis
1714 1050 1769 1079 sin-

971 1087 1041 1125 gulis
1053 1087 1084 1116 in
1095 1090 1220 1118 Romana
1230 1090 1308 1119 Urbe
1317 1112 1325 1123 ,
1336 1092 1450 1126 &juxta
1461 1090 1605 1119 Ecclesiam
1616 1091 1641 1119 S.
1652 1091 1729 1119 Petri
1738 1090 1769 1120 in

971 1127 1026 1160 die,
1039 1129 1082 1157 vel
1093 1130 1174 1158 noste
1183 1152 1190 1162 ‚
1203 1131 1312 1169 quando
1321 1130 1450 1159 Kalendae
1461 1131 1585 1169 Januarii
1595 1132 1713 1164 intrant,
1725 1142 1772 1170 pa-

971 1178 1104 1207 ganorum
1115 1169 1315 1200 consuetudine
1325 1171 1438 1201 Choros
1447 1173 1545 1201 ducere
1557 1182 1603 1210 per
1613 1172 1712 1210 plateas
1722 1193 1731 1205 ,
1741 1176 1770 1201 δε

971 1210 1178 1239 acclamationes
1189 1211 1245 1240 ritu
1255 1213 1402 1251 gentilium
1412 1233 1419 1242 .
1438 1217 1467 1242 δε
1475 1214 1646 1241 cantationes
1659 1212 1769 1242 sacrile-

970 1260 1014 1287 gas
1025 1251 1158 1280 celebrare
1168 1274 1177 1285 ,
1187 1255 1214 1280 ὅ(
1227 1252 1330 1281 mensas
1341 1253 1387 1281 illa
1396 1253 1441 1282 die
1450 1275 1457 1287 ,
1469 1254 1513 1282 vel
1524 1254 1605 1282 noffke
1616 1253 1728 1291 dapibus
1737 1266 1767 1283 ο·

971 1301 1066 1319 nerare
1078 1314 1085 1325 ,
1097 1296 1125 1322 δ(
1136 1293 1239 1321 nullum
1249 1293 1282 1323 de
1292 1295 1377 1322 domo
1387 1293 1432 1323 sua
1441 1295 1538 1333 ignem
1547 1316 1554 1327 ,
1566 1296 1611 1323 vel
1622 1296 1768 1324 letramen-

971 1340 1029 1359 tum
1040 1353 1047 1365 ‚
1058 1334 1100 1361 vel
1111 1333 1216 1371 aliquid
1227 1335 1365 1363 commodi
1377 1335 1471 1364 vicino
1481 1334 1529 1364 suo
1539 1335 1665 1373 praestare
1676 1336 1749 1364 velle
1760 1357 1768 1363 .

969 1372 1073 1401 Dicunt
1092 1384 1200 1412 quoque
1221 1374 1248 1403 se
1269 1374 1366 1404 vidisse
1385 1376 1422 1404 ibi
1440 1377 1569 1404 Mulieres
1590 1386 1696 1415 pagano
1713 1376 1768 1405 ritu

970 1411 1141 1449 pliylasteria
1152 1435 1161 1447 ‚
1179 1419 1207 1444 δ(
1219 1415 1347 1454 ligaturas
1364 1417 1395 1444 in
1405 1415 1521 1445 brachiis
1534 1438 1542 1449 ‚
1559 1418 1629 1444 &in
1648 1416 1768 1445 cruribus

970 1453 1064 1491 ligatas
1074 1454 1170 1483 habere
1180 1477 1188 1488 ‚
1205 1459 1233 1484 ὅ(
1245 1457 1352 1494 publice
1363 1456 1396 1484 ad
1417 1457 1596 1485 vendendum
1615 1457 1725 1486 venales
1734 1457 1768 1485 ad

969 1496 1182 1532 comparandum
1193 1496 1252 1524 aliis
1263 1496 1361 1525 offerre
1370 1498 1401 1527 .]
1421 1496 1480 1525 Ubi
1489 1499 1567 1533 juxta
1576 1497 1720 1526 Ecclesiam
1729 1498 1769 1526 D-

969 1535 1042 1563 Petri
1055 1535 1114 1564 haec
1127 1536 1154 1565 se
1165 1535 1265 1566 vidifl'e
1275 1537 1415 1570 testantur,
1428 1548 1486 1566 non
1496 1537 1559 1576 quia
1569 1537 1605 1566 ibi
1615 1538 1667 1566 hoc
1676 1537 1766 1567 solum

969 1574 1059 1609 fiebat,
1069 1576 1116 1605 sed
1125 1587 1187 1616 quia
1196 1588 1252 1605 eam
1264 1578 1335 1606 urbis
1346 1587 1450 1616 patrem
1462 1579 1674 1607 Ultramontani
1686 1578 1766 1607 inco-

969 1615 1059 1644 lebant
1070 1638 1077 1650 ,
1088 1627 1117 1645 ut
1129 1619 1159 1646 in
1168 1617 1234 1646 diet.
1247 1622 1390 1648 Porticani
1402 1640 1408 1647 .
1417 1619 1543 1656 Sportula
1553 1629 1641 1647 tamen
1651 1629 1664 1647 a
1674 1619 1762 1647 strena

968 1655 1060 1686 differt
1069 1679 1077 1690 ‚
1097 1658 1159 1696 quia
1171 1657 1231 1686 haec
1241 1659 1270 1687 in
1279 1658 1458 1688 saturnalibus
1466 1659 1577 1688 dabatur
1588 1680 1595 1687 .
1615 1660 1703 1689 Gloss.
1716 1659 1766 1688 ibi-

969 1697 1030 1725 dem
1040 1718 1047 1724 .
1058 1699 1126 1726 Sunt
1139 1698 1191 1727 alia
1200 1699 1332 1728 donativa
1342 1711 1355 1729 a
1374 1710 1498 1738 tempore
1510 1700 1626 1739 Augusti
1638 1702 1710 1738 Imp.
1721 1700 1763 1729 in-

965 1738 1088 1767 trodufta
1099 1760 1107 1771 ‚
1119 1750 1178 1778 quae
1190 1739 1276 1769 hodie
1287 1746 1369 1769 Ferm
1379 1742 1506 1778 Augusti,
1518 1744 1545 1769 Sc
1556 1741 1707 1780 vulgariter
1717 1747 1767 1770 Fe-

966 1780 1064 1815 ragosto
1073 1779 1175 1809 dicitur
1186 1802 1194 1813 ,
1212 1781 1246 1810 de
1255 1792 1328 1817 cums
1349 1780 1542 1818 superstitione
1565 1782 1668 1810 diss’um
1688 1782 1768 1810 estin

968 1818 1033 1846 dict.
1053 1821 1126 1849 Gula
1136 1823 1254 1858 Augusta
1266 1842 1273 1849 .
1291 1822 1354 1850 Alia
1365 1820 1522 1857 synonyma
1533 1844 1541 1855 ‚
1560 1826 1587 1851 ὅ(
1599 1822 1767 1860 pertinentia

970 1859 1003 1887 ad
1013 1859 1071 1887 haec
1082 1861 1223 1890 donativa.
1236 1861 1308 1891 Vide
1318 1862 1496 1900 Circumcifio
1505 1866 1629 1891 Domini.
1644 1866 1767 1901 Epicom-

968 1900 1016 1928 bia
1025 1920 1032 1927 .
1046 1906 1116 1938 Roga
1125 1921 1132 1928 .

115 1937 187 1965 cibus
208 1939 341 1967 Romanis
368 1941 550 1977 Imperatores
578 1940 720 1970 Federicus
737 1943 914 1972 Oenobarbus
926 1938 1040 1969 STRH’A
1051 1961 1058 1972 ‚
1069 1941 1160 1979 stupis„
1171 1942 1203 1970 ad
1214 1942 1364 1980 equitantis
1377 1942 1621 1972 commoditatem:
1637 1949 1649 1978 [
1661 1945 1769 1983 Appre-

115 1977 278 2006 Alexandro
287 1980 344 2007 111.
366 1981 519 2009 Vincislaus
538 1982 678 2020 Gregorio
696 1983 748 2011 XI.
766 1983 912 2012 Conradus

115 2017 232 2046 Urbano
242 2019 282 2046 ΙΙ.
302 2020 474 2059 Palaeologus
494 2021 648 2050 orientalis
660 2044 667 2055 ,
687 2026 715 2052 δε
733 2024 851 2052 Carolus
860 2025 911 2053 1v.

114 2058 305 2087 Occidentalis
326 2061 397 2098 Imp.
407 2061 524 2090 Urbano
537 2062 572 2090 V.
595 2062 735 2092 Federicus
746 2065 803 2092 111.
823 2064 911 2092 Nico-

967 1980 1147 2020 hendensque
1158 1982 1270 2021 strepant
1282 1983 1342 2021 equi
1355 1984 1410 2018 ejus
1420 2007 1427 2017 ‚
1439 1994 1468 2012 ut
1479 1981 1633 2013 ascenderet
1646 2005 1653 2017 ,
1665 1994 1766 2022 praece-

968 2021 1010 2059 pit
1021 2041 1031 2057 ‚
1042 2025 1116 2057 cujus
1125 2023 1285 2051 auc'toritatc
1298 2024 1376 2052 miles
1388 2025 1486 2062 pressus
1498 2023 1624 2053 obedivit
1634 2045 1641 2052 .
1664 2024 1766 2055 Caesar.

969 2062 1016 2090 lib.
1027 2073 1053 2095 7.
1066 2073 1123 2101 cap.
1134 2074 1180 2100 33.
1193 2066 1205 2094 ]
1220 2064 1290 2093 Vide
1304 2067 1482 2102 stapedium.

115 2099 158 2126 lao
171 2100 206 2127 V.
216 2098 381 2137 Sigismund.
393 2102 520 2140 Eugenio
530 2103 583 2131 IV.
604 2106 631 2131 δ(
641 2102 754 2132 osculati
765 2102 826 2132 sunt
836 2107 911 2134 Pon·
926 2102 1017 2131 STR1A
1028 2125 1036 2136 ‚
1056 2103 1122 2132 strix
1132 2125 1140 2137 ‚
1152 2104 1274 2133 venefica
1284 2126 1291 2137 ,
1314 2114 1390 2143 maga
1401 2125 1408 2133 -
1428 2107 1464 2134 In
1474 2106 1535 2149 lege
1544 2104 1622 2134 salita
1634 2127 1642 2139 ι
1661 2106 1706 2135 tit.
1720 2114 1767 2139 67·

116 2138 219 2167 tificnm
231 2140 310 2177 pedes
321 2162 328 2173 ‚
342 2151 370 2169 ut
382 2143 451 2179 apud
462 2142 618 2172 odoricum
628 2144 806 2179 Raynaldum
815 2144 846 2172 in
856 2147 911 2181 ejus

115 2179 265 2208 Eccleliast.
290 2182 394 2210 Annal.
404 2181 517 2211 habetur
528 2204 536 2210 .
554 2184 598 2212 De
615 2182 707 2212 osculo
726 2187 804 2222 Papae
817 2186 894 2222 pedis
904 2207 910 2214 .

114 2219 187 2248 Vide
207 2222 342 2250 Sandalm
353 2242 360 2249 .
378 2223 508 2251 Stratoris
519 2222 675 2260 synonyma
685 2244 693 2251 .
713 2224 789 2254 Vide
797 2229 912 2264 Marpa-

110 2260 153 2289 his
165 2280 172 2288 .
182 2263 358 2298 Protaestrator
366 2282 374 2290 .

70 2298 187 2329 STRAVA
198 2322 206 2332 ‚
218 2301 274 2330 five
284 2303 386 2332 Straba
394 2325 402 2337 ‚
414 2314 468 2333 vox
478 2304 591 2343 gothica
601 2324 608 2331 .
621 2306 768 2341 [stravam
775 2304 854 2344 super
865 2316 908 2336 tu-

968 2143 1012 2171 ubi
1030 2144 1182 2181 appellatur
1193 2149 1264 2173 strio
1272 2153 1367 2181 portus
1378 2147 1452 2174 locus
1462 2168 1469 2179 ,
1493 2156 1522 2174 ιιι
1533 2156 1588 2185 quo
1597 2147 1691 2185 striges
1700 2158 1767 2175 con-

968 2184 1086 2212 veniunt
1095 2204 1102 2211 .
1112 2185 1167 2214 PR.
1180 2189 1259 2214 strix
1271 2185 1383 2223 proprie
1392 2196 1470 2214 avem
1479 2187 1661 2218 nosturnanu
1685 2197 1766 2226 quam

966 2224 1051 2262 aliqui
1061 2226 1198 2254 Bubonem
1216 2224 1265 2254 ess'e
1275 2225 1371 2254 dicunt
1380 2247 1388 2260 ,
1403 2226 1538 2266 fignificat
1551 2238 1558 2258 ς
1577 2227 1641 2255 inde
1653 2227 1767 2256 transla-

966 2265 1024 2292 tive
1036 2265 1130 2304 striges
1140 2265 1268 2294 dicuntur
1280 2266 1409 2296 veneficae
1420 2267 1558 2300 mulieres,
1572 2277 1630 2306 qux
1641 2267 1675 2295 de
1685 2268 1766 2297 nocte

965 2306 1034 2334 male
1043 2315 1191 2344 operantur
1200 2327 1207 2334 .

109 2341 212 2368 mulum
222 2344 288 2378 ejus,
298 2354 378 2382 quam
389 2346 529 2384 appellant
539 2345 589 2383 ipfi
598 2366 607 2378 ‚
618 2346 729 2386 ingenti
737 2346 906 2378 comessssttio-
923 2346 1120 2375 STRIGOSITAs
1131 2368 1140 2380 ‚
1157 2346 1285 2386 rigiditas
1295 2368 1304 2381 ‚
1326 2347 1383 2377 five
1392 2347 1510 2377 durities
1522 2369 1529 2377 .
1553 2348 1620 2385 [Ut
1631 2348 1706 2377 enini
1717 2359 1765 2381 au-

109 2390 144 2410 ne
153 2383 347 2413 concelebrant
360 2405 366 2413 .
376 2385 508 2424 jordanes
519 2387 550 2421 ,J
561 2386 606 2417 ubi
615 2386 650 2416 de
660 2387 758 2418 Attilae
769 2388 855 2428 Regis
865 2388 906 2419 se-

964 2396 1024 2417 rum
1034 2387 1209 2426 exploratum
1226 2387 1287 2428 igni
1299 2410 1311 2423 ,
1321 2391 1348 2418 ὅ(
1358 2399 1571 2430 perpurgatuuu
1591 2389 1610 2419 fi
1621 2390 1711 2418 minus
1721 2401 1749 2420 ac
1764 2410 1776 2416 -

1677 2440 1724 2459 cu-
