1866 2526
464 9 579 53 CR

114 81 208 114 graecq
215 67 332 111 κρεάγροι
342 91 351 104 ,
361 65 670 108 apprenfionemcarnis
679 65 776 96 sonans
789 86 794 93 .
808 64 912 103 [Fecit'

109 110 204 143 'autem
215 113 312 142 Hiram
322 111 422 140 lebetes
431 130 440 143 ‚
448 113 477 139 δε
485 119 605 149 creagras
616 130 624 142 ,
637 108 684 137 lib.
697 120 723 136 2.
737 108 904 147 paralipom.

115 164 173 193 cap.
182 166 209 189 4.
887 189 890 193 .

75 196 220 225 camus
233 214 242 226 ,
260 191 297 222 ira
306 203 321 222 a
332 192 462 222 Fulberto
484 189 659 220 Carnotense
668 190 832 228 appellatum
855 188 905 217 suit

115 235 245 265 divinum
257 234 380 263 Verbum
392 255 399 266 ,
421 243 479 262 non
489 232 553 270 quia
576 241 636 260 cum
651 230 761 260 Arianis
769 229 885 259 sentiret
898 251 904 262 ,

114 276 164 315 qui
172 274 242 303 illud
251 284 370 304 creatum
383 272 459 303 fuisse
469 273 592 309 ajebant÷
617 271 663 301 sed
675 281 756 310 prout
775 271 902 300 humana-

113 326 172 346 tum
182 337 190 349 ‚
213 315 260 344 vel
270 315 304 344 de
315 325 413 344 natura
422 313 543 342 humana
560 313 656 342 codem
666 313 760 341 Verbo
779 312 856 341 unita
865 312 905 339 lo-

1245 5 1284 47 C
1317 5 1359 46 R
1618 14 1700 54 219

959 75 1054 99 unum,
1066 63 1237 102 eundemque
1246 63 1400 92 Dominum
1413 61 1533 90 nostrum
1546 80 1553 94 ,
1564 63 1591 90 8(
1605 60 1698 92 Deum
1709 62 1754 98 J:-

957 105 1017 135 sum
1036 104 1182 134 Christum
1193 108 1246 133 ἃς.
1257 103 1377 132 eundem
1395 101 1572 130 inconditum
1584 122 1592 134 ‚
1609 105 1638 132 ὃς
1655 101 1754 130 condi-

958 157 1018 176 tum
1028 169 1035 181 ,
1057 145 1252 174 condemnatus
1262 144 1294 176 fit
1306 165 1313 172 .
1331 145 1344 175 ]
1364 141 1596 173 Concludcndum
1615 152 1681 180 ergo
1700 141 1738 170 cst
1751 152 1757 169 ε

957 189 1031 227 quod
1042 185 1266 226 quotiescumque
1289 185 1361 214 adest
1373 183 1515 222 oppositio
1525 185 1642 215 creati,
1664 185 1692 210 ὅ(
1711 187 1755 210 ln-

960 231 1058 262 creati,
1068 227 1180 256 tollitur
1190 237 1280 256 omnis
1290 224 1410 264 suspicio
1418 222 1539 252 scandali
1550 244 1557 255 ,
1567 225 1594 251 &
1605 233 1661 261 quo
1671 220 1756 249 seclu-

959 269 990 299 so
1009 270 1093 300 etiam
1104 272 1246 297 ereatura
1265 266 1396 296 Christus
1414 263 1470 294 dici
1480 262 1568 303 pollet
1578 284 1586 297 ,
1605 263 1757 292 dummodo

959 311 1032 340 haud
1043 319 1116 339 mera
1128 309 1303 347 intelligatur
1314 328 1321 335 .

111 366 212 396 qutitus
223 355 272 387 ests
286 366 347 384 nam
359 366 392 384 ex
403 358 459 391 ejus
471 354 559 383 verbis
569 354 604 382 de
614 353 759 382 nativitate
771 375 777 386 ‚
788 352 832 381 scu
842 363 903 381 con.
919 354 1098 382 Camerini
1111 372 1118 379 .
1141 351 1214 379 Vide
1235 350 1413 393 Parqtorium
1425 367 1430 374 .
1441 345 1566 391 'Protests
1576 366 1584 374 .
1638 386 1642 390 .

113 397 243 436 ceptione
253 396 362 425 Christi
374 397 518 434 loquutum
530 393 618 433 ipsum
628 392 701 423 fuiss'e
710 394 783 422 clare
792 394 903 432 colligi·
919 394 1077 422 Citemi'us
1090 414 1098 425 ‚
1121 391 1207 420 fidens
1221 413 1228 424 .
1250 399 1349 419 amicus
1372 388 1458 417 fidelis
1470 408 1476 416 .
1494 385 1685 421 (Transmitte
1703 388 1757 417 Ab.

118 448 164 466 tur
173 459 181 470 ‚
191 437 382 476 dumlinquit:
397 436 486 472 [Alia
497 458 504 468 ,
515 446 566 474 qua
576 445 634 463 erat
645 436 674 462 in
683 434 822 472 principio
832 433 901 471 apud

115 479 208 507 Deum
219 489 228 509 ,-
239 478 301 511 alia,
312 488 364 516 qua
375 486 477 506 creatus
487 487 519 505 ex
532 476 652 515 Virgine
663 474 751 503 Maria
760 495 768 507 ‚
778 474 856 512 epist.
865 475 901 505 i.]

113 520 170 549 PR.
182 519 228 548 Est
251 529 343 547 tamen
353 518 468 557 quaestio
480 518 551 546 inter
561 516 721 554 Theologos
729 515 831 553 agitata
843 535 851 547 ,
873 524 901 541 u-

113 569 188 589 trum
204 559 265 588 haec
277 559 448 599 propositio:
467 559 592 594 Christus
604 558 639 594 est
649 565 780 599 creatiara
792 577 799 589 ,
820 553 902 593 possit

112 600 278 639 fimplicitcr
289 599 407 639 proferri
418 610 428 630 5
451 608 552 637 negant
564 598 589 626 S.
599 596 719 626 Thomas
730 606 759 624 in
772 607 799 631 4.
810 605 900 624 contr.

113 651 191 680 gent.
214 652 271 680 cap.
282 646 330 676 48.
339 641 433 669 Canus
450 649 492 667 ii.
503 638 536 667 de
545 638 612 666 locis
622 659 630 670 ‚
651 647 708 675 cap.
726 647 768 665 ii.
780 640 807 665 δ(
818 637 865 664 alii
877 647 902 665 a-

114 683 170 719 pud
180 683 253 710 Suar.
264 692 332 710 tom.
350 691 372 709 1.
384 680 413 708 in
437 690 464 717 3.
477 689 533 716 par.
545 678 639 717 quaest.
653 689 662 705 i
671 685 697 706 6.
707 687 757 706 att.
771 682 796 706 8.
818 676 900 716 Vasq.

112 721 182 760 disp.
194 729 241 758 65.
252 732 314 760 cap.
325 732 349 749 i.
366 722 478 750 Cabrer.
489 720 520 747 in
538 729 587 748 art.
603 723 626 747 8.
640 719 790 747 Affirmant
809 727 902 747 tamen

112 764 138 792 S.
149 765 252 792 Bonav.
264 763 295 790 in
304 773 332 800 3.
343 761 406 790 dist.
421 771 464 788 11.
482 770 532 788 art.
545 772 571 789 z.
583 759 676 798 quaest.
688 759 719 787 ad
731 771 757 794 4.
769 761 859 796 anet.
874 760 902 787 in

113 813 140 840 3.
154 813 211 840 par.
229 803 380 841 quaestfio.
393 811 442 831 art.
458 804 520 829 8.&
536 809 578 829 io.
600 800 781 833 Vvaldensis,
792 810 860 828 tom.
878 811 900 828 i.

112 843 158 871 lib.
171 855 196 872 2.
207 853 287 881 art.3.
301 854 379 881 (αμα,
388 854 394 871 i
403 864 409 870 .
420 841 573 870 dummodo
585 841 617 870 lit
629 852 660 869 ex
673 841 840 879 proprietate
849 840 902 869 ser.

958 435 1032 463 bates
1044 455 1052 466 ,
1075 437 1103 462 δε
1115 433 1236 461 creditos
1247 441 1307 459 tuos
1318 451 1327 464 ‚
1337 439 1368 458 ut
1377 428 1437 457 ltaec
1450 451 1457 463 ‚
1468 439 1528 467 quae
1540 429 1640 467 loquor
1652 451 1660 462 ,
1671 439 1756 466 expo-

962 484 1027 503 nant
1037 494 1044 502 .
1069 476 1157 513 Greg.
1170 476 1274 502 Turon.
1286 472 1330 500 lib.
1344 482 1373 506 9.
1385 480 1442 508 cap.
1459 481 1501 498 10.
1516 471 1572 498 FR.
1593 470 1758 506 adjessivum

961 516 1094 544 Creditus
1107 536 1115 547 ‚
1137 519 1165 544 ὃς
1175 514 1276 542 Credor
1287 523 1337 551 pro
1346 510 1488 540 commisso
1501 532 1508 543 ,
1519 513 1547 539 δ(
1556 511 1718 539 comminor
1730 511 1759 539 in

959 558 1015 585 sac.
1026 556 1126 594 Script.
1138 566 1196 584 non
1207 565 1269 583 raro
1280 552 1424 590 usurpatur
1434 574 1440 580 .
1450 557 1465 587 ἶ
1475 551 1615 580 Gtibcrnat
1626 552 1759 581 creditam

959 597 1005 625 libi
1017 597 1130 625 domum
1140 617 1147 624 .
1170 594 1274 625 Genes.
1289 605 1336 632 39.
1359 592 1476 622 Cunctis
1494 592 1519 620 ci
1537 593 1649 621 creditis
1659 614 1665 620 .
1686 593 1757 622 Ibid.

959 638 1013 673 Qui
1025 637 1130 666 credita
1140 636 1276 665 habebant
1286 633 1412 664 utensilia
1421 655 1435 666 .⁴
1447 644 1468 662 i.
1480 633 1626 672 Paralip.9.
1639 633 1761 672 Dispen-

958 677 1029 707 satio
1039 676 1108 707 mihi
1119 677 1221 706 credita
1231 677 1269 705 est
1281 697 1288 704 .
1304 687 1327 704 i.
1340 672 1678 710 Corinth-‚90Ercditiim
1689 674 1759 703 mihi

959 719 997 747 est
1008 718 1190 758 Evangelium
1201 739 1208 745 .
1221 718 1346 746 Galata.
1357 716 1403 745 Ut
1413 715 1570 743 crederetur
1581 716 1657 744 nobis
1668 719 1758 744 Evan-

959 760 1065 799 geliuin
1077 780 1083 786 .
1101 771 1123 787 i.
1134 758 1251 788 Thess'al.
1267 769 1292 786 2.
1306 755 1490 795 Evangelium
1501 755 1598 794 gloriae
1610 756 1680 785 beati
1691 757 1758 788 Dei,

958 800 1033 840 quod
1044 800 1180 828 creditum
1196 799 1232 828 est
1244 797 1315 826 iiiilii
1338 800 1477 825 1.Timoi.
1492 808 1514 824 i.
1538 797 1738 826 l‘raedicationc
1751 819 1758 829 ‚

959 852 1019 881 quae
1031 841 1133 870 credita
1141 840 1179 869 est
1191 861 1198 868 .
1213 839 1258 868 Ad
1266 839 1321 868 Tit.
1336 849 1359 866 i.

112 883 203 912 monis
213 905 221 916 ,
235 888 262 913 &
273 884 338 913 abiit
348 882 503 912 scandalum
514 891 627 920 propter
638 882 766 911 Arianos:
782 886 808 911 ἃ
819 882 906 919 colli-¹
918 884 1024 912 CREDO
1037 903 1044 914 ,
1067 881 1177 920 quando
1189 881 1219 908 in
1230 878 1317 907 Miffis
1328 878 1433 907 votivis
1442 877 1548 907 dicatur
1556 899 1564 905 .
1589 879 1662 907 Vide
1674 878 1759 916 Mifflt

109 924 187 963 gitur
197 924 280 952 etiam
291 935 323 953 ex
336 924 374 953 D.
385 923 492 953 Thoma
501 923 530 951 in
541 933 568 960 3.
578 933 634 961 par.
647 933 675 961 q.
692 929 734 951 16.
745 933 795 950 art.
810 927 834 950 S.
857 923 899 950 tibi

110 975 170 993 non
189 975 272 1003 negat
285 976 317 994 cx
338 962 508 1003 proprietate
518 962 652 992 sermonis
669 974 727 992 non
747 963 798 991 effe
809 964 902 991 diccu-

954 926 1080 951 ‘votivas
1104 922 1242 959 Reliqua.
1266 919 1340 948 Vide
1360 920 1532 958 Symbolum.
1556 921 1604 948 An
1625 918 1763 948 sufficeret

957 962 1082 997 sensum,
1105 967 1132 992 ὃς
1153 972 1212 990 non
1233 961 1316 990 verb:⁴
1337 961 1499 989 memoriter
1522 960 1660 990 retinere.
1686 961 1759 989 Vide

111 1005 175 1032 dum
189 1016 194 1032 :
206 1006 330 1042 Christus
344 1007 378 1042 ιβ
389 1014 522 1033 creatura
533 1025 542 1036 ‚
551 1004 625 1042 quod
635 1003 802 1036 subauditur,
812 1014 902 1042 quate.
946 1004 1153 1042 ,spiritualiter
1164 1023 1172 1030 .

110 1055 161 1073 nus
173 1044 257 1073 homo
269 1057 274 1072 :
285 1044 446 1084 sedinquit;
469 1051 481 1080 [
493 1047 539 1074 Ne
549 1044 635 1073 errori
649 1045 816 1073 Arianorum
829 1043 902 1072 fave·
921 1045 1087 1073 Citintviuiu
1101 1065 1108 1075 ,
1131 1041 1254 1071 securum
1264 1063 1272 1075 ‚
1297 1041 1421 1079 periculo
1447 1052 1561 1071 vacuum
1573 1064 1580 1076 ,
1603 1041 1759 1081 epithetum

112 1095 141 1114 re
152 1085 302 1115 videamur.
316 1088 327 1118 ]
342 1086 420 1114 ubis.
429 1086 537 1115 Dostor
548 1095 607 1114 non
618 1085 673 1116 aits
685 1091 724 1114 Ne
731 1084 888 1123 faveamus
890 1097 901 1118 ,-

107 1124 158 1154 scd
167 1131 206 1155 Ne
216 1127 366 1155 videamur
376 1125 485 1164 favere,
497 1126 563 1164 quia
571 1135 666 1155 revera
678 1136 735 1154 non
747 1125 840 1153 [irent
851 1124 901 1152 hii-

960 1085 1097 1112 convivio
1117 1094 1131 1112 a
1151 1083 1281 1121 justino,
1304 1082 1383 1120 epist.
1404 1094 1430 1111 2.
1451 1084 1610 1112 attributum
1623 1105 1630 1116 ‚
1657 1084 1688 1112 in
1705 1094 1761 1122 quo

959 1124 1057 1162 absque
1079 1125 1134 1153 ulla
1146 1124 1248 1152 veneni
1259 1122 1417 1161 suspicione
1427 1125 1618 1153 comedebatur
1631 1145 1637 1152 .

108 1165 228 1201 jusmodi
239 1167 336 1200 verba,
345 1167 411 1194 dum
423 1166 559 1205 implicite
569 1166 662 1199 taleni,
674 1175 805 1204 quatenus
815 1164 900 1193 homo
917 1166 1110 1194 (ῙκεΜεΝτυΜ
1121 1186 1129 1197 ,
1152 1174 1331 1203 augmentum
1342 1184 1349 1191 .
1362 1170 1374 1199 [
1390 1165 1446 1201 Qui
1459 1175 1516 1193 non
1527 1165 1612 1194 modo
1624 1165 1711 1194 fautor
1724 1166 1762 1194 est

109 1207 147 1235 est
156 1227 165 1240 ,
177 1207 365 1246 intelligamus
377 1227 383 1234 .
395 1208 470 1235 Cum
480 1207 576 1235 addito
588 1216 680 1236 tamen
691 1207 826 1244 explicito
838 1227 845 1238 ‚
855 1205 900 1234 seu

109 1257 170 1275 cuni
181 1247 353 1276 restrictione
365 1247 454 1286 aliqua
466 1269 474 1281 ,
498 1247 582 1286 pleno
592 1258 640 1276 ore
649 1248 693 1275 SS.
713 1248 765 1275 1³1³.
777 1247 900 1283 protule-

108 1297 186 1318 rums·
200 1298 282 1326 quare
295 1289 320 1317 S.
331 1290 387 1317 Leo
399 1290 470 1327 Papa
480 1290 503 1317 1.
514 1287 595 1316 serm.
609 1299 634 1326 3.
646 1289 757 1316 Pentec.
769 1287 807 1315 ait
819 1308 826 1314 .
849 1288 898 1323 [Si

957 1215 1099 1234 cremento
1109 1205 1316 1244 proficientium
1327 1226 1334 1233 .
1358 1207 1394 1234 In
1417 1205 1474 1233 vita
1494 1206 1520 1235 S.
1540 1206 1674 1235 Adelardi
1695 1206 1764 1235 Abb.

959 1249 1036 1275 Luna
1044 1256 1228 1279 crementum,
1240 1250 1267 1274 ὃς
1277 1245 1484 1275 decrementum
1496 1245 1560 1276 facit
1571 1268 1577 1274 .
1592 1247 1628 1275 D.
1643 1248 1761 1276 Ambro-

957 1288 1007 1316 sius
1017 1307 1024 1314 .
1048 1289 1084 1316 In
1095 1287 1174 1326 epist.
1185 1287 1217 1315 ad
1227 1290 1313 1316 Rom.
1324 1296 1382 1325 cap.
1397 1298 1424 1321 4.

108 1329 183 1356 enim
194 1327 280 1357 homo
290 1329 324 1356 ad
334 1327 483 1367 imaginem
493 1329 548 1357 Dei
560 1328 641 1357 faetus
653 1350 661 1362 ,
673 1329 712 1357 ‘in
723 1328 776 1356 Γιητ
790 1327 899 1357 honore
915 1331 1118 1358 Citrpmumvii
1129 1349 1137 1361 ,
1160 1327 1300 1356 muliebris
1322 1328 1353 1356 in
1371 1328 1460 1366 capite
1469 1328 1627 1357 ornamenti
1648 1339 1736 1367 genus
1754 1351 1761 1362 ,

108 1378 212 1397 naturae
223 1367 355 1398 manlisset
366 1373 419 1397 ἃς.
428 1379 537 1398 creator
547 1368 644 1397 mundi
654 1368 777 1397 creatura
788 1380 846 1397 non
856 1369 900 1397 fic.

109 1419 150 1437 ret
161 1430 169 1437 .
188 1411 200 1440 ]
214 1412 256 1439 Ac
266 1409 428 1438 &Hilarius
449 1411 618 1439 Arianorum
640 1409 787 1438 i'n'seftator
800 1410 900 1438 acerri-

110 1459 167 1477 mus
177 1471 185 1483 ‚
208 1450 254 1479 lib.
272 1461 315 1478 iz.
328 1450 361 1478 de
371 1450 474 1479 Trinit.
495 1450 524 1479 in
534 1451 582 1479 fin.
595 1461 654 1478 non
673 1450 779 1479 veritus
789 1451 828 1479 cst
836 1450 901 1479 talia

110 1489 232 1527 proserre
244 1512 252 1523 ,
265 1500 364 1528 nempe
374 1510 381 1517 .
395 1491 497 1525 [Filius
509 1491 601 1530 itaque
611 1490 671 1519 suus
680 1491 718 1518 est
732 1512 739 1523 ,
763 1491 810 1529 qui
820 1491 858 1520 est
871 1491 901 1519 in

111 1529 224 1558 homine
237 1552 243 1562 ‚
254 1534 281 1558 ἃ
293 1541 325 1558 ex
339 1529 454 1560 homine
465 1530 564 1560 (astura
575 1543 581 1559 :
601 1542 689 1570 neque
700 1540 807 1560 tantum
820 1531 901 1560 fastu-

111 1581 138 1597 i‘a
152 1592 157 1601 ,
177 1569 222 1597 sed
233 1571 316 1598 etiam
327 1581 448 1599 creatura
458 1592 465 1599 .
488 1574 500 1603 ]
514 1574 608 1610 Atque
617 1571 754 1601 Gentium
775 1572 883 1601 Doc‘ior
893 1593 901 1600 .

958 1379 996 1397 ita
1005 1380 1019 1397 a
1031 1369 1193 1407 crepitando
1203 1369 1371 1406 appellatum
1382 1389 1388 1395 .
1408 1374 1427 1403 ’[
1440 1372 1474 1397 Et
1487 1369 1582 1398 stolam
1594 1390 1602 1402 ,
1625 1373 1652 1398 &
1661 1369 1759 1407 suppi-

958 1419 1019 1438 runi
1031 1431 1040 1442 ‚
1063 1413 1089 1438 ἃ
1113 1409 1286 1447 crepidulum
1296 1430 1303 1441 ,
1329 1412 1356 1437 ὃς
1376 1409 1544 1438 caliendrum
1559 1431 1566 1442 ,
1589 1413 1606 1438 Ἰ
1614 1411 1705 1438 ertull.
1725 1411 1759 1439 de

958 1449 1044 1488 pallio
1054 1471 1062 1483 ,
1085 1460 1143 1488 cap.
1154 1451 1204 1485 4.]
1217 1450 1357 1478 'Iumebus
1369 1459 1460 1477 tamen
1472 1451 1653 1488 Crepidulam
1670 1452 1741 1490 legit
1751 1472 1758 1479 .

959 1491 1046 1529 Viget
1057 1490 1145 1519 adhuc
1155 1489 1216 1518 usus
1226 1500 1307 1528 penes
1317 1490 1464 1519 orientales
1477 1491 1603 1519 mulieres
1615 1492 1644 1520 in
1655 1493 1759 1530 capitio

959 1531 1114 1569 appendere
1127 1541 1251 1560 monetas
1262 1542 1351 1560 aureas
1363 1553 1371 1564 ,
1395 1535 1421 1559 δι’
1434 1542 1574 1570 argenteas
1585 1554 1592 1564 ,
1605 1543 1664 1571 quae
1676 1543 1705 1561 in
1715 1544 1759 1561 ca-

957 1572 1022 1611 pitis
1034 1582 1112 1601 motu
1122 1572 1322 1611 aliquantulum
1337 1571 1433 1600 sonum
1446 1572 1566 1601 reddunt
1575 1593 1583 1600 .

113 1617 125 1645 [
137 1610 192 1647 Qui
206 1610 353 1639 secundum
367 1612 458 1640 Deum
467 1622 572 1641 creatus
582 1613 630 1646 est,
642 1613 674 1641 ad
684 1611 784 1650 Ephes.
792 1625 822 1648 4.
836 1614 847 1644 ]
861 1613 1161 1653 AintiiuTAcuuiii
1173 1633 1180 1641 .
1203 1613 1277 1641 Vide
1289 1617 1432 1650 Campana
1443 1633 1450 1641 .

108 1651 192 1680 etiam
214 1652 252 1680 D.
265 1652 426 1680 Hieron->in
447 1654 531 1682 Com.
542 1663 634 1692 magn.
646 1663 705 1691 cap.
718 1665 743 1682 2.
758 1653 792 1682 ad
802 1652 1071 1692 EphessC—unvuws
1084 1676 1091 1687 ,
1115 1664 1236 1683 murmur
1255 1652 1382 1682 resonans
1403 1664 1436 1681 ex
1458 1653 1537 1681 venti
1567 1654 1663 1683 effectu
1685 1653 1758 1684 inter

112 1697 125 1727 [
139 1693 198 1719 Nos
210 1692 293 1720 libere
302 1694 498 1731 proclamamus
510 1715 516 1726 ‚
528 1704 585 1722 non
597 1693 648 1722 esse
659 1694 811 1732 periculum
822 1716 829 1727 ,
839 1705 901 1723 cum

108 1733 200 1761 dicere
212 1742 362 1762 creaturam
373 1755 380 1766 ,
404 1745 490 1772 quein
496 1744 616 1763 vermem
628 1756 636 1767 ,
647 1739 675 1763 δ(
686 1734 831 1763 hominem
842 1757 850 1768 ,
873 1740 899 1765 &

110 1773 270 1802 crucifixum
280 1795 288 1806 ,
311 1778 338 1803 δ(
351 1775 573 1803 maledictionem
583 1785 641 1803 tota
651 1774 709 1814 spei
721 1776 820 1804 nostra:
832 1775 901 1804 fidu-

958 1695 1072 1722 frondes
1083 1716 1089 1726 ‚
1100 1693 1163 1723 saxa
1175 1716 1183 1725 ,
1195 1694 1239 1722 vel
1249 1694 1280 1721 in
1289 1694 1363 1732 aquis
1374 1694 1588 1723 redundantibus
1597 1716 1604 1722 .
1627 1700 1639 1730 [
1653 1698 1687 1724 Et
1700 1696 1758 1724 via-

959 1745 1050 1764 torum
1071 1734 1202 1764 sollicitas
1221 1744 1296 1763 aures
1307 1734 1381 1763 foliis
1401 1744 1464 1763 toto
1473 1745 1586 1764 nemore
1605 1736 1757 1765 labentibus

957 1777 1068 1815 crepulo
1083 1776 1191 1815 fragore
1201 1775 1404 1814 circumstrepit
1416 1796 1422 1803 .
1434 1775 1528 1804 Sidon.
1539 1776 1616 1812 lib.4.
1628 1777 1720 1814 epist.i
1731 1787 1755 1813 5.

108 1814 149 1841 cia
158 1813 321 1843 confitemur
331 1835 338 1842 .
352 1818 365 1847 ]
389 1816 414 1844 S.
428 1818 502 1855 Aug.
524 1815 605 1844 serm.
617 1827 643 1854 3.
665 1817 699 1845 dc
709 1819 806 1855 Temp.
818 1827 900 1855 quem
915 1818 1203 1846 Crepuscuiiscexs
1216 1837 1222 1849 ,
1245 1815 1395 1855 crepusculi
1415 1826 1520 1854 tempus
1532 1838 1540 1849 ,
1560 1817 1626 1845 licut
1638 1819 1757 1855 Ves'pera-

112 1853 227 1882 Ecclesia
238 1854 268 1882 in
279 1854 346 1884 sesto
356 1855 467 1885 Puriflc.
477 1857 556 1896 legit.
568 1858 664 1892 [Deus
677 1879 684 1890 ‚
697 1858 744 1896 qui
754 1858 802 1890 est,
814 1861 841 1886 ὃ(
854 1858 899 1896 qui

112 1904 169 1922 crat
180 1915 187 1926 ‚
200 1894 346 1924 fit'creator
357 1905 486 1925 creatura.
497 1899 510 1928 ]
521 1896 661 1936 Sophron.
674 1899 705 1926 in
713 1897 824 1926 consess.
836 1898 899 1927 fidei

112 1945 126 1963 a
138 1937 190 1963 VI.
203 1936 317 1970 synodo
326 1946 446 1976 recepta,
455 1939 505 1965 aft.
520 1946 530 1966 ἰ
539 1949 566 1976 3.
578 1939 608 1966 in
617 1939 668 1966 afr.
688 1950 695 1966 i
708 1949 730 1967 i.
740 1945 756 1975 ’[
766 1941 899 1968 Creatum

112 1974 186 2004 liuiic
198 1974 285 2013 ipsum
295 1998 303 2010 ‚
312 1986 343 2005 ut
352 1981 379 2006 ὅ(
392 1978 586 2010 increatum..]
599 1979 624 2007 S.
634 1979 742 2014 Cyrill.
756 1981 838 2008 Alex.
851 1981 898 2009 lib.

953 1859 1034 1895 scens
1054 1857 1228 1896 vesperarum
1239 1867 1346 1895 tempus
1356 1857 1457 1885 dicitur
1468 1878 1476 1885 .
1502 1863 1513 1891 [
1527 1857 1572 1886 Ad
1591 1856 1645 1887 hoc
1655 1861 1682 1886 ὅ(
1693 1868 1755 1886 eum

957 1909 1000 1926 me
1011 1897 1193 1938 defatigatum
1203 1899 1234 1926 ab
1245 1899 1363 1926 excubiis
1373 1898 1405 1926 ad
1418 1897 1604 1926 diversorium
1616 1897 1759 1936 crepuscu-

955 1938 1057 1967 lascens
1068 1938 1135 1967 hora
1147 1939 1286 1967 revocabit
1298 1960 1304 1966 .
1323 1938 1418 1966 Sidon.
1439 1938 1483 1967 lib.
1497 1943 1522 1967 8.
1541 1939 1622 1977 epist.
1634 1949 1660 1977 3.
1682 1939 1757 1969 Vide

955 1985 1032 2008 Inter
1043 1991 1138 2009 canem
1151 2001 1159 2012 ‚
1183 1980 1217 2012 &v
1227 1981 1324 2017 lupum
1334 1999 1342 2006 .

116 2027 157 2045 io.
169 2015 238 2044 thes.
260 2027 318 2055 cap·
327 2029 354 2053 4.
367 2023 380 2053 [
393 2019 466 2047 Cum
477 2018 532 2058 ipsa
549 2030 643 2049 natura
652 2020 785 2049 increatus
797 2021 828 2049 sit
841 2043 848 2053 ,
872 2024 900 2050 δε
915 2022 1032 2050 Canio
1042 2042 1049 2048 .
1073 2022 1131 2050 FR.
1153 2018 1266 2048 accessio
1275 2041 1283 2052 ,
1305 2023 1331 2047 ὅ(
1342 2019 1455 2057 proprie
1465 2019 1599 2059 fignificat
1611 2020 1755 2059 praefixum

111 2057 237 2086 omnium
247 2058 396 2091 Dominus,
406 2063 437 2088 ὅ(
447 2070 554 2088 creator
566 2072 572 2088 τ
583 2071 705 2090 creatura
712 2061 795 2089 etiam
808 2061 898 2095 faffits,

110 2097 211 2135 primus
230 2098 460 2128 inveniturinter
477 2111 573 2129 omnes
582 2101 708 2130 homines
720 2123 727 2129 .
740 2104 752 2133 ]
776 2104 802 2131 S.
813 2105 898 2142 Greg-

111 2139 229 2168 Nuian.
242 2140 325 2168 Orat.
336 2140 435 2169 Nativ.
446 2142 530 2169 Dom.
541 2152 600 2180 quae
613 2142 675 2180 ⁰st3
684 2147 708 2170 8.
721 2147 733 2177 [
745 2143 776 2171 O
796 2153 898 2172 novam

111 2178 288 2213 mixtionem,
297 2184 325 2209 ὃς
335 2179 521 2210 admirabilem
532 2183 760 2221 temperationem
774 2192 778 2210 ε
793 2183 839 2221 qui
849 2185 898 2218 est,

956 2061 1106 2090 terminum
1117 2060 1220 2089 haeredi
1231 2061 1265 2088 ad
1274 2060 1457 2088 accedendum
1467 2060 1624 2091 haereditati
1635 2081 1643 2089 .
1662 2067 1676 2097 [
1688 2061 1756 2090 Ces-

955 2101 996 2130 set
1007 2103 1099 2140 itaque
1112 2102 1141 2129 in
1149 2101 1279 2130 maternis
1289 2101 1432 2132 dumtaxat
1452 2100 1662 2136 succeslionibus
1678 2112 1756 2130 com-

955 2152 1080 2171 mentum
1091 2141 1224 2170 cretionis
1235 2161 1242 2169 .
1253 2142 1290 2170 C.
1301 2139 1439 2171 Theodos.
1450 2142 1498 2171 lib.
1510 2147 1534 2171 8.
1546 2144 1590 2171 tit.
1601 2154 1631 2180 9.
1644 2145 1656 2175 ]
1682 2144 1756 2173 Vide

957 2185 1136 2221 Heredipeda
1147 2203 1154 2210 .

108 2219 140 2247 fit
153 2241 161 2252 ,
174 2220 346 2249 &increatus
356 2230 462 2249 creatur
471 2225 501 2254 .]
516 2226 550 2251 Et
562 2224 673 2252 tandem
685 2223 713 2251 in
725 2224 838 2252 Concil.
848 2227 898 2254 La-
912 2225 1098 2253 Citevfflna
1111 2244 1119 2251 .
1144 2224 1200 2252 FR.
1210 2223 1351 2261 copulatio
1362 2245 1370 2256 ‚
1383 2222 1522 2252 aslbciatio
1533 2244 1540 2252 .
1566 2222 1616 2259 [Si
1626 2233 1697 2253 vero
1707 2234 1756 2264 po-

111 2269 236 2288 teranen.
247 2260 294 2289 sub
304 2262 426 2290 Martino
437 2263 460 2291 1.
472 2262 500 2291 in
510 2273 565 2302 quo
574 2263 829 2292 Monothelitarum
839 2264 897 2294 ha:-

108 2301 168 2329 resis
187 2301 334 2330 damnatur
347 2306 401 2331 An.
423 2304 509 2331 Dom.
522 2310 612 2338 642.a
634 2314 697 2341 105.
708 2304 848 2343 Episcopis
866 2307 897 2335 in

107 2342 227 2372 conlult.
241 2354 265 2380 ς.
276 2354 335 2373 can.
349 2355 375 2379 4.
387 2343 512 2373 statuitur
523 2356 530 2377 5
544 2345 595 2382 [Si
605 2345 670 2385 quis
679 2356 735 2375 non
746 2345 896 2377 confitetur

951 2265 1033 2303 pulus
1053 2264 1190 2303 portionis
1209 2273 1277 2292 meae
1295 2274 1357 2292 cum
1376 2265 1480 2303 populo
1499 2265 1594 2294 vestrae
1608 2266 1691 2303 partis
1719 2266 1758 2294 ie-

953 2306 1011 2334 rint
1031 2315 1082 2344 pro
1100 2305 1244 2333 ci‘eventia
1264 2305 1294 2333 in
1312 2307 1435 2334 exercitu
1455 2316 1620 2345 quocunque
1648 2309 1700 2334 &a
1721 2307 1757 2333 In

952 2346 1102 2386 capitulare
1120 2345 1314 2381 Redelchifis,
1335 2346 1419 2388 capit.
1440 2358 1486 2382 ²7-
1505 2347 1575 2386 apud
1604 2346 1754 2376 Camillum

1630 2387 1711 2415 Pere-
