<?xml version="1.0" encoding="UTF-8"?>
<!DOCTYPE html PUBLIC "-//W3C//DTD XHTML 1.0 Transitional//EN"
    "http://www.w3.org/TR/xhtml1/DTD/xhtml1-transitional.dtd">
<html xmlns="http://www.w3.org/1999/xhtml" xml:lang="en" lang="en">
 <head>
  <title>
</title>
<meta http-equiv="Content-Type" content="text/html;charset=utf-8" />
  <meta name='ocr-system' content='tesseract 3.04.00' />
  <meta name='ocr-capabilities' content='ocr_page ocr_carea ocr_par ocr_line ocrx_word'/>
</head>
<body>
  <div class='ocr_page' id='page_1' title='image "./dominicimacrimel00magr/dominicimacrimel00magr_0674.png"; bbox 0 0 1866 2526; ppageno 0'>
   <div class='ocr_carea' id='block_1_1' title="bbox 130 56 569 111">
    <p class='ocr_par' dir='ltr' id='par_1_1' title="bbox 130 56 569 111">
     <span class='ocr_line' id='line_1_1' title="bbox 130 56 569 111; baseline 0 -11"><span class='ocrx_word' id='word_1_1' title='bbox 130 61 213 111; x_wconf 77' lang='lat'>646</span> <span class='ocrx_word' id='word_1_2' title='bbox 468 56 497 99; x_wconf 89' lang='lat' dir='ltr'><strong><em>S</em></strong></span> <span class='ocrx_word' id='word_1_3' title='bbox 527 56 569 100; x_wconf 94' lang='lat' dir='ltr'>U</span> 
     </span>
    </p>
   </div>
   <div class='ocr_carea' id='block_1_2' title="bbox 119 108 943 2463">
    <p class='ocr_par' dir='ltr' id='par_1_2' title="bbox 119 108 943 2463">
     <span class='ocr_line' id='line_1_2' title="bbox 121 108 915 154; baseline -0.001 -9"><span class='ocrx_word' id='word_1_4' title='bbox 121 125 218 154; x_wconf 82' lang='lat' dir='ltr'>nempe</span> <span class='ocrx_word' id='word_1_5' title='bbox 228 115 394 145; x_wconf 80' lang='lat' dir='ltr'>recentiores</span> <span class='ocrx_word' id='word_1_6' title='bbox 403 115 498 145; x_wconf 84' lang='lat' dir='ltr'>Graeci</span> <span class='ocrx_word' id='word_1_7' title='bbox 509 116 539 144; x_wconf 92' lang='lat' dir='ltr'>in</span> <span class='ocrx_word' id='word_1_8' title='bbox 551 114 666 152; x_wconf 83' lang='lat' dir='ltr'>synodo</span> <span class='ocrx_word' id='word_1_9' title='bbox 676 114 763 145; x_wconf 87' lang='lat' dir='ltr'>Trull.</span> <span class='ocrx_word' id='word_1_10' title='bbox 785 111 855 143; x_wconf 89' lang='lat' dir='ltr'>illud</span> <span class='ocrx_word' id='word_1_11' title='bbox 871 108 915 148; x_wconf 59' lang='lat' dir='ltr'>wi</span> 
     </span>
     <span class='ocr_line' id='line_1_3' title="bbox 121 152 914 195; baseline -0.011 -8"><span class='ocrx_word' id='word_1_12' title='bbox 121 156 222 188; x_wconf 69' lang='grc' dir='ltr'><strong><em>πνικτὲ</em></strong></span> <span class='ocrx_word' id='word_1_13' title='bbox 230 178 239 190; x_wconf 92' lang='grc'><strong><em>,</em></strong></span> <span class='ocrx_word' id='word_1_14' title='bbox 258 165 309 195; x_wconf 86' lang='lat' dir='ltr'>pro</span> <span class='ocrx_word' id='word_1_15' title='bbox 319 157 487 195; x_wconf 80' lang='lat' dir='ltr'>strangulato</span> <span class='ocrx_word' id='word_1_16' title='bbox 496 178 505 190; x_wconf 88' lang='lat'><em>‚</em></span> <span class='ocrx_word' id='word_1_17' title='bbox 527 167 589 186; x_wconf 89' lang='lat' dir='ltr'>curn</span> <span class='ocrx_word' id='word_1_18' title='bbox 599 168 628 185; x_wconf 90' lang='lat' dir='ltr'>re</span> <span class='ocrx_word' id='word_1_19' title='bbox 638 168 700 186; x_wconf 85' lang='lat' dir='ltr'>vera</span> <span class='ocrx_word' id='word_1_20' title='bbox 710 167 760 195; x_wconf 91' lang='lat' dir='ltr'>pro</span> <span class='ocrx_word' id='word_1_21' title='bbox 772 152 914 183; x_wconf 74' lang='lat' dir='ltr'>immolato</span> 
     </span>
     <span class='ocr_line' id='line_1_4' title="bbox 121 193 915 238; baseline -0.011 -10"><span class='ocrx_word' id='word_1_22' title='bbox 121 200 152 228; x_wconf 78' lang='lat' dir='ltr'>ab</span> <span class='ocrx_word' id='word_1_23' title='bbox 170 197 290 236; x_wconf 79' lang='lat' dir='ltr'>antiquis</span> <span class='ocrx_word' id='word_1_24' title='bbox 302 198 482 238; x_wconf 87' lang='lat' dir='ltr'>Scriptoribus</span> <span class='ocrx_word' id='word_1_25' title='bbox 493 219 502 231; x_wconf 91' lang='lat'><em>‚</em></span> <span class='ocrx_word' id='word_1_26' title='bbox 524 198 593 227; x_wconf 87' lang='lat' dir='ltr'>idest</span> <span class='ocrx_word' id='word_1_27' title='bbox 602 219 611 230; x_wconf 88' lang='lat'><em>,</em></span> <span class='ocrx_word' id='word_1_28' title='bbox 633 197 763 237; x_wconf 77' lang='lat' dir='ltr'>sanguine</span> <span class='ocrx_word' id='word_1_29' title='bbox 773 193 915 235; x_wconf 83' lang='lat' dir='ltr'>immolato</span> 
     </span>
     <span class='ocr_line' id='line_1_5' title="bbox 119 238 915 279; baseline -0.008 -10"><span class='ocrx_word' id='word_1_30' title='bbox 119 240 241 279; x_wconf 85' lang='lat' dir='ltr'>pofitum</span> <span class='ocrx_word' id='word_1_31' title='bbox 253 238 337 268; x_wconf 83' lang='lat' dir='ltr'>suerit</span> <span class='ocrx_word' id='word_1_32' title='bbox 345 259 352 267; x_wconf 88' lang='lat'><em>.</em></span> <span class='ocrx_word' id='word_1_33' title='bbox 363 241 436 268; x_wconf 83' lang='lat' dir='ltr'>Item</span> <span class='ocrx_word' id='word_1_34' title='bbox 447 239 496 266; x_wconf 87' lang='lat' dir='ltr'>hac</span> <span class='ocrx_word' id='word_1_35' title='bbox 507 239 601 267; x_wconf 80' lang='lat' dir='ltr'>eadem</span> <span class='ocrx_word' id='word_1_36' title='bbox 612 238 803 278; x_wconf 72' lang='lat' dir='ltr'>intelligentia</span> <span class='ocrx_word' id='word_1_37' title='bbox 813 242 915 264; x_wconf 74' lang='lat' dir='ltr'>corrmt</span> 
     </span>
     <span class='ocr_line' id='line_1_6' title="bbox 122 276 916 317; baseline -0.008 -7"><span class='ocrx_word' id='word_1_38' title='bbox 122 279 218 310; x_wconf 79' lang='lat' dir='ltr'>falsum</span> <span class='ocrx_word' id='word_1_39' title='bbox 230 279 345 308; x_wconf 87' lang='lat' dir='ltr'>Lutheri</span> <span class='ocrx_word' id='word_1_40' title='bbox 355 289 545 317; x_wconf 77' lang='lat' dir='ltr'>argumentum</span> <span class='ocrx_word' id='word_1_41' title='bbox 555 301 563 313; x_wconf 93' lang='lat'><em>‚</em></span> <span class='ocrx_word' id='word_1_42' title='bbox 581 281 612 308; x_wconf 89' lang='lat' dir='ltr'>in</span> <span class='ocrx_word' id='word_1_43' title='bbox 622 283 678 317; x_wconf 85' lang='lat' dir='ltr'>ejus</span> <span class='ocrx_word' id='word_1_44' title='bbox 688 278 777 309; x_wconf 79' lang='lat' dir='ltr'>Assert</span> <span class='ocrx_word' id='word_1_45' title='bbox 785 298 791 305; x_wconf 90' lang='lat'><strong>.</strong></span> <span class='ocrx_word' id='word_1_46' title='bbox 800 276 916 315; x_wconf 67' lang='lat' dir='ltr'>positum</span> 
     </span>
     <span class='ocr_line' id='line_1_7' title="bbox 122 318 915 360; baseline -0.008 -9"><span class='ocrx_word' id='word_1_47' title='bbox 122 331 172 351; x_wconf 86' lang='lat' dir='ltr'>art.</span> <span class='ocrx_word' id='word_1_48' title='bbox 184 332 230 357; x_wconf 84' lang='lat'>²9·</span> <span class='ocrx_word' id='word_1_49' title='bbox 249 320 333 349; x_wconf 88' lang='lat' dir='ltr'>&amp;lib.</span> <span class='ocrx_word' id='word_1_50' title='bbox 341 320 375 348; x_wconf 91' lang='lat' dir='ltr'>de</span> <span class='ocrx_word' id='word_1_51' title='bbox 384 321 543 354; x_wconf 66' lang='lat' dir='ltr'>(buciliis,</span> <span class='ocrx_word' id='word_1_52' title='bbox 563 331 631 360; x_wconf 84' lang='lat' dir='ltr'>part.</span> <span class='ocrx_word' id='word_1_53' title='bbox 646 333 668 349; x_wconf 85' lang='lat'>1.</span> <span class='ocrx_word' id='word_1_54' title='bbox 682 318 837 350; x_wconf 83' lang='lat' dir='ltr'>ubinititur</span> <span class='ocrx_word' id='word_1_55' title='bbox 858 324 915 354; x_wconf 80' lang='lat' dir='ltr'>pro-</span> 
     </span>
     <span class='ocr_line' id='line_1_8' title="bbox 123 357 916 399; baseline -0.009 -7"><span class='ocrx_word' id='word_1_56' title='bbox 123 363 186 392; x_wconf 80' lang='lat' dir='ltr'>bare</span> <span class='ocrx_word' id='word_1_57' title='bbox 195 383 203 395; x_wconf 90' lang='lat'><em>,</em></span> <span class='ocrx_word' id='word_1_58' title='bbox 214 361 288 399; x_wconf 87' lang='lat' dir='ltr'>quod</span> <span class='ocrx_word' id='word_1_59' title='bbox 298 360 404 389; x_wconf 88' lang='lat' dir='ltr'>licitum</span> <span class='ocrx_word' id='word_1_60' title='bbox 414 361 447 390; x_wconf 88' lang='lat' dir='ltr'>fit</span> <span class='ocrx_word' id='word_1_61' title='bbox 458 372 471 390; x_wconf 90' lang='lat' dir='ltr'>a</span> <span class='ocrx_word' id='word_1_62' title='bbox 481 361 595 390; x_wconf 82' lang='lat' dir='ltr'>decretis</span> <span class='ocrx_word' id='word_1_63' title='bbox 606 362 799 390; x_wconf 87' lang='lat' dir='ltr'>Conciliorum</span> <span class='ocrx_word' id='word_1_64' title='bbox 808 357 916 387; x_wconf 81' lang='lat' dir='ltr'>recede-</span> 
     </span>
     <span class='ocr_line' id='line_1_9' title="bbox 122 401 917 440; baseline 0.004 -9"><span class='ocrx_word' id='word_1_65' title='bbox 122 413 152 432; x_wconf 87' lang='lat' dir='ltr'>re</span> <span class='ocrx_word' id='word_1_66' title='bbox 162 425 170 436; x_wconf 87' lang='lat'><em>,</em></span> <span class='ocrx_word' id='word_1_67' title='bbox 191 403 255 440; x_wconf 79' lang='lat' dir='ltr'>quia</span> <span class='ocrx_word' id='word_1_68' title='bbox 264 402 377 440; x_wconf 84' lang='lat' dir='ltr'>Jacobus</span> <span class='ocrx_word' id='word_1_69' title='bbox 397 412 549 432; x_wconf 79' lang='lat' dir='ltr'>mutave1at</span> <span class='ocrx_word' id='word_1_70' title='bbox 559 403 633 431; x_wconf 87' lang='lat' dir='ltr'>Petri</span> <span class='ocrx_word' id='word_1_71' title='bbox 644 401 809 430; x_wconf 78' lang='lat' dir='ltr'>sententiam</span> <span class='ocrx_word' id='word_1_72' title='bbox 820 412 830 433; x_wconf 75' lang='lat'>5</span> <span class='ocrx_word' id='word_1_73' title='bbox 855 405 917 426; x_wconf 64' lang='grc' dir='ltr'>ΜΠ]</span> 
     </span>
     <span class='ocr_line' id='line_1_10' title="bbox 123 441 916 482; baseline -0.005 -10"><span class='ocrx_word' id='word_1_74' title='bbox 123 447 219 475; x_wconf 87' lang='lat' dir='ltr'>Petrus</span> <span class='ocrx_word' id='word_1_75' title='bbox 230 454 287 471; x_wconf 88' lang='lat' dir='ltr'>non</span> <span class='ocrx_word' id='word_1_76' title='bbox 296 442 392 471; x_wconf 85' lang='lat' dir='ltr'>debere</span> <span class='ocrx_word' id='word_1_77' title='bbox 400 447 505 472; x_wconf 81' lang='lat' dir='ltr'><strong>Gentes</strong></span> <span class='ocrx_word' id='word_1_78' title='bbox 514 443 578 481; x_wconf 87' lang='lat' dir='ltr'>cogi</span> <span class='ocrx_word' id='word_1_79' title='bbox 588 444 622 472; x_wconf 84' lang='lat' dir='ltr'>ad</span> <span class='ocrx_word' id='word_1_80' title='bbox 633 443 727 482; x_wconf 74' lang='lat' dir='ltr'>legalia</span> <span class='ocrx_word' id='word_1_81' title='bbox 737 441 916 482; x_wconf 73' lang='lat' dir='ltr'>judicaverat,</span> 
     </span>
     <span class='ocr_line' id='line_1_11' title="bbox 121 481 918 524; baseline -0.006 -11"><span class='ocrx_word' id='word_1_82' title='bbox 121 494 203 524; x_wconf 81' lang='lat' dir='ltr'>quam</span> <span class='ocrx_word' id='word_1_83' title='bbox 213 482 379 513; x_wconf 82' lang='lat' dir='ltr'>sententiam</span> <span class='ocrx_word' id='word_1_84' title='bbox 390 484 532 521; x_wconf 88' lang='lat' dir='ltr'>sequutum</span> <span class='ocrx_word' id='word_1_85' title='bbox 542 482 592 512; x_wconf 82' lang='lat' dir='ltr'>effe</span> <span class='ocrx_word' id='word_1_86' title='bbox 605 483 771 522; x_wconf 85' lang='lat' dir='ltr'>Apostolum</span> <span class='ocrx_word' id='word_1_87' title='bbox 781 487 794 516; x_wconf 87' lang='lat'>(</span> <span class='ocrx_word' id='word_1_88' title='bbox 804 481 918 523; x_wconf 71' lang='lat' dir='ltr'>inquit)</span> 
     </span>
     <span class='ocr_line' id='line_1_12' title="bbox 122 522 917 565; baseline -0.01 -11"><span class='ocrx_word' id='word_1_89' title='bbox 122 536 171 565; x_wconf 87' lang='lat' dir='ltr'>per</span> <span class='ocrx_word' id='word_1_90' title='bbox 180 534 267 553; x_wconf 80' lang='lat' dir='ltr'>totam</span> <span class='ocrx_word' id='word_1_91' title='bbox 278 524 428 562; x_wconf 79' lang='lat' dir='ltr'>Epistolam</span> <span class='ocrx_word' id='word_1_92' title='bbox 439 525 472 553; x_wconf 87' lang='lat' dir='ltr'>ad</span> <span class='ocrx_word' id='word_1_93' title='bbox 482 524 651 556; x_wconf 76' lang='lat' dir='ltr'>Galatas3sed</span> <span class='ocrx_word' id='word_1_94' title='bbox 660 524 773 562; x_wconf 73' lang='lat' dir='ltr'>jacobus</span> <span class='ocrx_word' id='word_1_95' title='bbox 783 533 796 551; x_wconf 83' lang='lat' dir='ltr'>a</span> <span class='ocrx_word' id='word_1_96' title='bbox 808 522 917 559; x_wconf 74' lang='lat' dir='ltr'>sangui-</span> 
     </span>
     <span class='ocr_line' id='line_1_13' title="bbox 123 564 918 603; baseline -0.008 -7"><span class='ocrx_word' id='word_1_97' title='bbox 123 577 174 600; x_wconf 87' lang='lat' dir='ltr'>ne,</span> <span class='ocrx_word' id='word_1_98' title='bbox 184 570 212 594; x_wconf 72' lang='grc' dir='ltr'>δε</span> <span class='ocrx_word' id='word_1_99' title='bbox 221 564 348 593; x_wconf 78' lang='lat' dir='ltr'>suffocato</span> <span class='ocrx_word' id='word_1_100' title='bbox 356 565 547 594; x_wconf 78' lang='lat' dir='ltr'>abstinendum</span> <span class='ocrx_word' id='word_1_101' title='bbox 559 566 617 595; x_wconf 77' lang='lat' dir='ltr'>fore</span> <span class='ocrx_word' id='word_1_102' title='bbox 627 565 787 594; x_wconf 86' lang='lat' dir='ltr'>sustinuerat</span> <span class='ocrx_word' id='word_1_103' title='bbox 798 574 806 594; x_wconf 70' lang='grc' dir='ltr'>ς</span> <span class='ocrx_word' id='word_1_104' title='bbox 817 566 844 591; x_wconf 85' lang='lat'>&amp;</span> <span class='ocrx_word' id='word_1_105' title='bbox 855 571 918 603; x_wconf 70' lang='lat' dir='ltr'>exe·</span> 
     </span>
     <span class='ocr_line' id='line_1_14' title="bbox 123 601 918 647; baseline -0.01 -11"><span class='ocrx_word' id='word_1_106' title='bbox 123 607 263 647; x_wconf 87' lang='lat' dir='ltr'>quendum</span> <span class='ocrx_word' id='word_1_107' title='bbox 273 606 435 634; x_wconf 70' lang='lat' dir='ltr'>mandariin</span> <span class='ocrx_word' id='word_1_108' title='bbox 445 607 581 636; x_wconf 75' lang='lat' dir='ltr'>Concilio</span> <span class='ocrx_word' id='word_1_109' title='bbox 591 607 691 636; x_wconf 84' lang='lat' dir='ltr'>fecerat</span> <span class='ocrx_word' id='word_1_110' title='bbox 702 626 709 634; x_wconf 91' lang='lat'><strong>.</strong></span> <span class='ocrx_word' id='word_1_111' title='bbox 727 607 833 634; x_wconf 86' lang='lat' dir='ltr'>Verum</span> <span class='ocrx_word' id='word_1_112' title='bbox 842 601 918 630; x_wconf 79' lang='lat' dir='ltr'>susti-</span> 
     </span>
     <span class='ocr_line' id='line_1_15' title="bbox 123 642 918 686; baseline -0.009 -9"><span class='ocrx_word' id='word_1_113' title='bbox 123 649 218 678; x_wconf 87' lang='lat' dir='ltr'>nendo</span> <span class='ocrx_word' id='word_1_114' title='bbox 230 669 237 680; x_wconf 85' lang='lat'><em>,</em></span> <span class='ocrx_word' id='word_1_115' title='bbox 257 647 331 686; x_wconf 89' lang='lat' dir='ltr'>quod</span> <span class='ocrx_word' id='word_1_116' title='bbox 340 645 494 676; x_wconf 72' lang='lat' dir='ltr'>suffocatum</span> <span class='ocrx_word' id='word_1_117' title='bbox 505 648 641 686; x_wconf 79' lang='lat' dir='ltr'>significet</span> <span class='ocrx_word' id='word_1_118' title='bbox 661 646 832 676; x_wconf 76' lang='lat' dir='ltr'>immolatum</span> <span class='ocrx_word' id='word_1_119' title='bbox 843 665 851 676; x_wconf 85' lang='lat'><em>,</em></span> <span class='ocrx_word' id='word_1_120' title='bbox 872 642 918 685; x_wconf 53' lang='lat' dir='ltr'>obj</span> 
     </span>
     <span class='ocr_line' id='line_1_16' title="bbox 123 683 917 727; baseline -0.006 -10"><span class='ocrx_word' id='word_1_121' title='bbox 123 689 206 725; x_wconf 65' lang='lat' dir='ltr'>jestio</span> <span class='ocrx_word' id='word_1_122' title='bbox 215 688 330 717; x_wconf 85' lang='lat' dir='ltr'>Lutheri</span> <span class='ocrx_word' id='word_1_123' title='bbox 339 687 401 716; x_wconf 81' lang='lat' dir='ltr'>satis</span> <span class='ocrx_word' id='word_1_124' title='bbox 410 690 562 719; x_wconf 60' lang='lat' dir='ltr'>enodatum</span> <span class='ocrx_word' id='word_1_125' title='bbox 582 689 656 727; x_wconf 87' lang='lat' dir='ltr'>quod</span> <span class='ocrx_word' id='word_1_126' title='bbox 668 711 674 721; x_wconf 92' lang='lat'><em>,</em></span> <span class='ocrx_word' id='word_1_127' title='bbox 687 697 785 724; x_wconf 87' lang='lat' dir='ltr'>nempe</span> <span class='ocrx_word' id='word_1_128' title='bbox 796 708 803 718; x_wconf 93' lang='lat'><em>‚</em></span> <span class='ocrx_word' id='word_1_129' title='bbox 826 683 917 723; x_wconf 70' lang='lat' dir='ltr'>Jacobl</span> 
     </span>
     <span class='ocr_line' id='line_1_17' title="bbox 123 725 916 768; baseline -0.009 -9"><span class='ocrx_word' id='word_1_130' title='bbox 123 729 261 759; x_wconf 82' lang='lat' dir='ltr'>sententia</span> <span class='ocrx_word' id='word_1_131' title='bbox 281 739 342 757; x_wconf 87' lang='lat' dir='ltr'>cuni</span> <span class='ocrx_word' id='word_1_132' title='bbox 360 730 557 767; x_wconf 83' lang='lat' dir='ltr'>Apostolorum</span> <span class='ocrx_word' id='word_1_133' title='bbox 569 730 701 767; x_wconf 77' lang='lat' dir='ltr'>Principe</span> <span class='ocrx_word' id='word_1_134' title='bbox 719 725 899 768; x_wconf 65' lang='lat' dir='ltr'>concordabat</span> <span class='ocrx_word' id='word_1_135' title='bbox 909 744 916 754; x_wconf 82' lang='lat'><em>‚</em></span> 
     </span>
     <span class='ocr_line' id='line_1_18' title="bbox 120 769 918 809; baseline -0.006 -10"><span class='ocrx_word' id='word_1_136' title='bbox 120 771 186 799; x_wconf 87' lang='lat' dir='ltr'>dum</span> <span class='ocrx_word' id='word_1_137' title='bbox 197 771 310 808; x_wconf 79' lang='lat' dir='ltr'>Jacobus</span> <span class='ocrx_word' id='word_1_138' title='bbox 319 770 414 808; x_wconf 86' lang='lat' dir='ltr'>inquit</span> <span class='ocrx_word' id='word_1_139' title='bbox 425 793 432 804; x_wconf 90' lang='lat'>‚</span> <span class='ocrx_word' id='word_1_140' title='bbox 444 771 517 809; x_wconf 86' lang='lat' dir='ltr'>quod</span> <span class='ocrx_word' id='word_1_141' title='bbox 528 771 635 800; x_wconf 88' lang='lat' dir='ltr'>nullum</span> <span class='ocrx_word' id='word_1_142' title='bbox 645 780 712 799; x_wconf 88' lang='lat' dir='ltr'>onus</span> <span class='ocrx_word' id='word_1_143' title='bbox 724 769 865 806; x_wconf 76' lang='lat' dir='ltr'>imponere</span> <span class='ocrx_word' id='word_1_144' title='bbox 876 775 918 792; x_wconf 82' lang='lat' dir='ltr'>m-</span> 
     </span>
     <span class='ocr_line' id='line_1_19' title="bbox 123 805 919 845; baseline -0.006 -5"><span class='ocrx_word' id='word_1_145' title='bbox 123 811 252 841; x_wconf 78' lang='lat' dir='ltr'>tendebat</span> <span class='ocrx_word' id='word_1_146' title='bbox 263 832 271 844; x_wconf 93' lang='lat'><em>‚</em></span> <span class='ocrx_word' id='word_1_147' title='bbox 281 815 309 840; x_wconf 88' lang='lat'>&amp;</span> <span class='ocrx_word' id='word_1_148' title='bbox 319 821 387 839; x_wconf 90' lang='lat' dir='ltr'>onus</span> <span class='ocrx_word' id='word_1_149' title='bbox 397 833 404 843; x_wconf 90' lang='lat'><em>,</em></span> <span class='ocrx_word' id='word_1_150' title='bbox 415 821 444 840; x_wconf 91' lang='lat' dir='ltr'>ut</span> <span class='ocrx_word' id='word_1_151' title='bbox 458 809 545 840; x_wconf 86' lang='lat' dir='ltr'>visum</span> <span class='ocrx_word' id='word_1_152' title='bbox 553 811 591 840; x_wconf 85' lang='lat' dir='ltr'>est</span> <span class='ocrx_word' id='word_1_153' title='bbox 602 822 635 839; x_wconf 85' lang='lat' dir='ltr'>ex</span> <span class='ocrx_word' id='word_1_154' title='bbox 649 808 852 845; x_wconf 83' lang='lat' dir='ltr'>chrysostomo</span> <span class='ocrx_word' id='word_1_155' title='bbox 864 829 871 839; x_wconf 85' lang='lat'><em>,</em></span> <span class='ocrx_word' id='word_1_156' title='bbox 882 805 919 832; x_wconf 83' lang='lat' dir='ltr'>le-</span> 
     </span>
     <span class='ocr_line' id='line_1_20' title="bbox 125 852 920 892; baseline -0.003 -12"><span class='ocrx_word' id='word_1_157' title='bbox 125 853 187 892; x_wconf 83' lang='lat' dir='ltr'>gale</span> <span class='ocrx_word' id='word_1_158' title='bbox 205 862 371 890; x_wconf 72' lang='lat' dir='ltr'>praeceptum</span> <span class='ocrx_word' id='word_1_159' title='bbox 384 852 519 891; x_wconf 75' lang='lat' dir='ltr'>significat</span> <span class='ocrx_word' id='word_1_160' title='bbox 531 875 538 886; x_wconf 93' lang='lat'>,</span> <span class='ocrx_word' id='word_1_161' title='bbox 557 862 624 891; x_wconf 87' lang='lat' dir='ltr'>ergo</span> <span class='ocrx_word' id='word_1_162' title='bbox 632 861 689 880; x_wconf 80' lang='lat' dir='ltr'>tam</span> <span class='ocrx_word' id='word_1_163' title='bbox 709 853 804 880; x_wconf 88' lang='lat' dir='ltr'>Petrus</span> <span class='ocrx_word' id='word_1_164' title='bbox 814 871 822 882; x_wconf 87' lang='lat'><em>,</em></span> <span class='ocrx_word' id='word_1_165' title='bbox 842 855 920 886; x_wconf 73' lang='lat' dir='ltr'>qtmm</span> 
     </span>
     <span class='ocr_line' id='line_1_21' title="bbox 123 890 919 932; baseline -0.008 -10"><span class='ocrx_word' id='word_1_166' title='bbox 123 893 236 932; x_wconf 87' lang='lat' dir='ltr'>Jacobus</span> <span class='ocrx_word' id='word_1_167' title='bbox 245 893 358 922; x_wconf 89' lang='lat' dir='ltr'>eandem</span> <span class='ocrx_word' id='word_1_168' title='bbox 367 891 531 922; x_wconf 84' lang='lat' dir='ltr'>sententiam</span> <span class='ocrx_word' id='word_1_169' title='bbox 541 893 675 922; x_wconf 83' lang='lat' dir='ltr'>habebant</span> <span class='ocrx_word' id='word_1_170' title='bbox 685 914 692 925; x_wconf 93' lang='lat'><em>,</em></span> <span class='ocrx_word' id='word_1_171' title='bbox 716 892 749 920; x_wconf 91' lang='lat' dir='ltr'>de</span> <span class='ocrx_word' id='word_1_172' title='bbox 762 901 820 919; x_wconf 90' lang='lat' dir='ltr'>non</span> <span class='ocrx_word' id='word_1_173' title='bbox 830 890 919 925; x_wconf 89' lang='lat' dir='ltr'>impo-</span> 
     </span>
     <span class='ocr_line' id='line_1_22' title="bbox 124 928 918 972; baseline -0.014 -6"><span class='ocrx_word' id='word_1_174' title='bbox 124 934 214 963; x_wconf 79' lang='lat' dir='ltr'>nenda</span> <span class='ocrx_word' id='word_1_175' title='bbox 224 955 232 967; x_wconf 94' lang='lat'><em>,</em></span> <span class='ocrx_word' id='word_1_176' title='bbox 253 944 352 972; x_wconf 85' lang='lat' dir='ltr'>nempe</span> <span class='ocrx_word' id='word_1_177' title='bbox 364 955 372 966; x_wconf 89' lang='lat'><em>,</em></span> <span class='ocrx_word' id='word_1_178' title='bbox 391 934 446 962; x_wconf 80' lang='lat' dir='ltr'>ulla</span> <span class='ocrx_word' id='word_1_179' title='bbox 455 935 676 963; x_wconf 70' lang='lat' dir='ltr'>caeremoniarum</span> <span class='ocrx_word' id='word_1_180' title='bbox 688 932 818 971; x_wconf 78' lang='lat' dir='ltr'>legalium</span> <span class='ocrx_word' id='word_1_181' title='bbox 828 928 918 958; x_wconf 85' lang='lat' dir='ltr'>obser-</span> 
     </span>
     <span class='ocr_line' id='line_1_23' title="bbox 124 973 917 1014; baseline -0.006 -11"><span class='ocrx_word' id='word_1_182' title='bbox 124 976 218 1004; x_wconf 82' lang='lat' dir='ltr'>vantia</span> <span class='ocrx_word' id='word_1_183' title='bbox 228 987 234 1003; x_wconf 90' lang='lat'>:</span> <span class='ocrx_word' id='word_1_184' title='bbox 246 985 326 1013; x_wconf 76' lang='lat' dir='ltr'>quare</span> <span class='ocrx_word' id='word_1_185' title='bbox 336 975 497 1004; x_wconf 82' lang='lat' dir='ltr'>abstinentia</span> <span class='ocrx_word' id='word_1_186' title='bbox 507 986 521 1004; x_wconf 79' lang='lat' dir='ltr'>a</span> <span class='ocrx_word' id='word_1_187' title='bbox 533 975 664 1014; x_wconf 77' lang='lat' dir='ltr'>sanguine</span> <span class='ocrx_word' id='word_1_188' title='bbox 683 985 696 1002; x_wconf 75' lang='lat' dir='ltr'>a</span> <span class='ocrx_word' id='word_1_189' title='bbox 707 973 809 1011; x_wconf 83' lang='lat' dir='ltr'>Jacobo</span> <span class='ocrx_word' id='word_1_190' title='bbox 819 979 917 1009; x_wconf 61' lang='lat' dir='ltr'>propo&lt;</span> 
     </span>
     <span class='ocr_line' id='line_1_24' title="bbox 124 1012 919 1054; baseline -0.008 -9"><span class='ocrx_word' id='word_1_191' title='bbox 124 1016 173 1045; x_wconf 79' lang='lat' dir='ltr'>fita</span> <span class='ocrx_word' id='word_1_192' title='bbox 185 1025 214 1043; x_wconf 85' lang='lat' dir='ltr'>ln</span> <span class='ocrx_word' id='word_1_193' title='bbox 224 1017 360 1044; x_wconf 83' lang='lat' dir='ltr'>Concilio</span> <span class='ocrx_word' id='word_1_194' title='bbox 371 1038 378 1048; x_wconf 93' lang='lat'><em>,</em></span> <span class='ocrx_word' id='word_1_195' title='bbox 391 1017 487 1045; x_wconf 86' lang='lat' dir='ltr'>nonin</span> <span class='ocrx_word' id='word_1_196' title='bbox 498 1016 765 1054; x_wconf 80' lang='lat' dir='ltr'>contemplationem</span> <span class='ocrx_word' id='word_1_197' title='bbox 776 1012 843 1051; x_wconf 88' lang='lat' dir='ltr'>Iegis</span> <span class='ocrx_word' id='word_1_198' title='bbox 858 1013 919 1053; x_wconf 71' lang='lat' dir='ltr'>Mo-</span> 
     </span>
     <span class='ocr_line' id='line_1_25' title="bbox 125 1055 920 1095; baseline -0.008 -11"><span class='ocrx_word' id='word_1_199' title='bbox 125 1056 203 1085; x_wconf 79' lang='lat' dir='ltr'>saicae</span> <span class='ocrx_word' id='word_1_200' title='bbox 222 1056 283 1084; x_wconf 86' lang='lat' dir='ltr'>fieri</span> <span class='ocrx_word' id='word_1_201' title='bbox 302 1056 439 1086; x_wconf 86' lang='lat' dir='ltr'>indicavit</span> <span class='ocrx_word' id='word_1_202' title='bbox 449 1079 456 1090; x_wconf 91' lang='lat'>‚</span> <span class='ocrx_word' id='word_1_203' title='bbox 477 1056 524 1085; x_wconf 85' lang='lat' dir='ltr'>sed</span> <span class='ocrx_word' id='word_1_204' title='bbox 544 1058 577 1086; x_wconf 92' lang='lat' dir='ltr'>ob</span> <span class='ocrx_word' id='word_1_205' title='bbox 588 1055 809 1095; x_wconf 85' lang='lat' dir='ltr'>superstitionem</span> <span class='ocrx_word' id='word_1_206' title='bbox 819 1055 920 1081; x_wconf 78' lang='lat' dir='ltr'>Genti-</span> 
     </span>
     <span class='ocr_line' id='line_1_26' title="bbox 126 1093 921 1136; baseline -0.01 -10"><span class='ocrx_word' id='word_1_207' title='bbox 126 1098 214 1128; x_wconf 82' lang='lat' dir='ltr'>lium;</span> <span class='ocrx_word' id='word_1_208' title='bbox 234 1107 298 1125; x_wconf 78' lang='lat' dir='ltr'>nam</span> <span class='ocrx_word' id='word_1_209' title='bbox 318 1098 352 1126; x_wconf 89' lang='lat' dir='ltr'>de</span> <span class='ocrx_word' id='word_1_210' title='bbox 362 1097 495 1136; x_wconf 85' lang='lat' dir='ltr'>sanguine</span> <span class='ocrx_word' id='word_1_211' title='bbox 505 1097 635 1127; x_wconf 77' lang='lat' dir='ltr'>suffocato</span> <span class='ocrx_word' id='word_1_212' title='bbox 646 1119 653 1129; x_wconf 89' lang='lat'><em>,</em></span> <span class='ocrx_word' id='word_1_213' title='bbox 671 1096 739 1125; x_wconf 84' lang='lat' dir='ltr'>idest</span> <span class='ocrx_word' id='word_1_214' title='bbox 749 1117 757 1129; x_wconf 94' lang='lat'><strong><em>,</em></strong></span> <span class='ocrx_word' id='word_1_215' title='bbox 776 1093 921 1123; x_wconf 88' lang='lat' dir='ltr'>immolato</span> 
     </span>
     <span class='ocr_line' id='line_1_27' title="bbox 125 1135 921 1178; baseline -0.01 -10"><span class='ocrx_word' id='word_1_216' title='bbox 125 1138 310 1169; x_wconf 65' lang='lat' dir='ltr'>intellexeram</span> <span class='ocrx_word' id='word_1_217' title='bbox 323 1138 357 1166; x_wconf 89' lang='lat' dir='ltr'>de</span> <span class='ocrx_word' id='word_1_218' title='bbox 367 1148 423 1176; x_wconf 90' lang='lat' dir='ltr'>quo</span> <span class='ocrx_word' id='word_1_219' title='bbox 431 1149 523 1178; x_wconf 86' lang='lat' dir='ltr'>aperte</span> <span class='ocrx_word' id='word_1_220' title='bbox 532 1150 564 1168; x_wconf 91' lang='lat' dir='ltr'>ex</span> <span class='ocrx_word' id='word_1_221' title='bbox 577 1137 653 1176; x_wconf 86' lang='lat' dir='ltr'>epist.</span> <span class='ocrx_word' id='word_1_222' title='bbox 665 1137 697 1165; x_wconf 85' lang='lat' dir='ltr'>ad</span> <span class='ocrx_word' id='word_1_223' title='bbox 705 1137 814 1166; x_wconf 75' lang='lat' dir='ltr'>Galatas</span> <span class='ocrx_word' id='word_1_224' title='bbox 825 1135 921 1172; x_wconf 88' lang='lat' dir='ltr'>loquu-</span> 
     </span>
     <span class='ocr_line' id='line_1_28' title="bbox 127 1176 921 1219; baseline -0.009 -11"><span class='ocrx_word' id='word_1_225' title='bbox 127 1188 171 1208; x_wconf 86' lang='lat' dir='ltr'>tus</span> <span class='ocrx_word' id='word_1_226' title='bbox 181 1178 218 1207; x_wconf 89' lang='lat' dir='ltr'>est</span> <span class='ocrx_word' id='word_1_227' title='bbox 228 1179 337 1207; x_wconf 62' lang='lat' dir='ltr'>Doetor</span> <span class='ocrx_word' id='word_1_228' title='bbox 350 1179 496 1211; x_wconf 65' lang='lat' dir='ltr'>Gentiunu</span> <span class='ocrx_word' id='word_1_229' title='bbox 506 1190 585 1218; x_wconf 81' lang='lat' dir='ltr'>quam</span> <span class='ocrx_word' id='word_1_230' title='bbox 596 1178 660 1207; x_wconf 82' lang='lat' dir='ltr'>satis</span> <span class='ocrx_word' id='word_1_231' title='bbox 669 1178 807 1217; x_wconf 78' lang='lat' dir='ltr'>explicans</span> <span class='ocrx_word' id='word_1_232' title='bbox 815 1176 852 1219; x_wconf 95' lang='lat' dir='ltr'>D</span> <span class='ocrx_word' id='word_1_233' title='bbox 866 1176 921 1217; x_wconf 69' lang='lat' dir='ltr'>Au-</span> 
     </span>
     <span class='ocr_line' id='line_1_29' title="bbox 124 1219 920 1260; baseline -0.005 -13"><span class='ocrx_word' id='word_1_234' title='bbox 124 1219 250 1259; x_wconf 79' lang='lat' dir='ltr'>gustinus</span> <span class='ocrx_word' id='word_1_235' title='bbox 260 1241 268 1252; x_wconf 91' lang='lat'><em>,</em></span> <span class='ocrx_word' id='word_1_236' title='bbox 291 1220 336 1248; x_wconf 92' lang='lat' dir='ltr'>lib.</span> <span class='ocrx_word' id='word_1_237' title='bbox 347 1230 443 1248; x_wconf 79' lang='lat' dir='ltr'>contra</span> <span class='ocrx_word' id='word_1_238' title='bbox 455 1221 636 1250; x_wconf 75' lang='lat' dir='ltr'>Adimantum</span> <span class='ocrx_word' id='word_1_239' title='bbox 648 1241 655 1252; x_wconf 92' lang='lat'><em>,</em></span> <span class='ocrx_word' id='word_1_240' title='bbox 677 1229 733 1257; x_wconf 83' lang='lat' dir='ltr'>cap.</span> <span class='ocrx_word' id='word_1_241' title='bbox 750 1229 793 1252; x_wconf 87' lang='lat'>¹4·</span> <span class='ocrx_word' id='word_1_242' title='bbox 813 1225 903 1260; x_wconf 71' lang='lat' dir='ltr'>inquit</span> <span class='ocrx_word' id='word_1_243' title='bbox 916 1225 920 1240; x_wconf 90' lang='lat'>:</span> 
     </span>
     <span class='ocr_line' id='line_1_30' title="bbox 127 1255 919 1300; baseline -0.01 -10"><span class='ocrx_word' id='word_1_244' title='bbox 127 1259 273 1298; x_wconf 83' lang='lat' dir='ltr'>Numquid</span> <span class='ocrx_word' id='word_1_245' title='bbox 282 1271 345 1299; x_wconf 86' lang='lat' dir='ltr'>eget</span> <span class='ocrx_word' id='word_1_246' title='bbox 354 1260 510 1300; x_wconf 69' lang='lat' dir='ltr'>cujusquam</span> <span class='ocrx_word' id='word_1_247' title='bbox 520 1260 761 1298; x_wconf 72' lang='lat' dir='ltr'>interpretatione,</span> <span class='ocrx_word' id='word_1_248' title='bbox 771 1255 919 1300; x_wconf 61' lang='lat' dir='ltr'>”t.¹¹¹telll‘</span> 
     </span>
     <span class='ocr_line' id='line_1_31' title="bbox 127 1296 922 1340; baseline -0.008 -12"><span class='ocrx_word' id='word_1_249' title='bbox 127 1311 206 1340; x_wconf 82' lang='lat' dir='ltr'>gatur</span> <span class='ocrx_word' id='word_1_250' title='bbox 215 1311 261 1328; x_wconf 89' lang='lat' dir='ltr'>cur</span> <span class='ocrx_word' id='word_1_251' title='bbox 270 1300 323 1329; x_wconf 87' lang='lat' dir='ltr'>hoc</span> <span class='ocrx_word' id='word_1_252' title='bbox 334 1302 482 1339; x_wconf 89' lang='lat' dir='ltr'>Apostolus</span> <span class='ocrx_word' id='word_1_253' title='bbox 494 1302 647 1330; x_wconf 85' lang='lat' dir='ltr'>dixerit?Et</span> <span class='ocrx_word' id='word_1_254' title='bbox 657 1309 757 1339; x_wconf 75' lang='lat' dir='ltr'>quanta</span> <span class='ocrx_word' id='word_1_255' title='bbox 768 1298 810 1325; x_wconf 85' lang='lat'><em>&#39;1111</em></span> <span class='ocrx_word' id='word_1_256' title='bbox 820 1296 922 1324; x_wconf 80' lang='lat' dir='ltr'>malitia</span> 
     </span>
     <span class='ocr_line' id='line_1_32' title="bbox 128 1339 921 1381; baseline -0.01 -10"><span class='ocrx_word' id='word_1_257' title='bbox 128 1342 163 1371; x_wconf 89' lang='lat' dir='ltr'>de</span> <span class='ocrx_word' id='word_1_258' title='bbox 172 1341 313 1380; x_wconf 85' lang='lat' dir='ltr'>scripturis</span> <span class='ocrx_word' id='word_1_259' title='bbox 322 1352 394 1370; x_wconf 84' lang='lat' dir='ltr'>certa</span> <span class='ocrx_word' id='word_1_260' title='bbox 404 1353 517 1381; x_wconf 82' lang='lat' dir='ltr'>quaeque</span> <span class='ocrx_word' id='word_1_261' title='bbox 529 1341 685 1380; x_wconf 85' lang='lat' dir='ltr'>discerpunt</span> <span class='ocrx_word' id='word_1_262' title='bbox 695 1339 779 1379; x_wconf 79' lang='lat' dir='ltr'>(quod</span> <span class='ocrx_word' id='word_1_263' title='bbox 789 1339 820 1366; x_wconf 80' lang='lat' dir='ltr'>de</span> <span class='ocrx_word' id='word_1_264' title='bbox 830 1343 921 1380; x_wconf 62' lang='lat' dir='ltr'>Nova-</span> 
     </span>
     <span class='ocr_line' id='line_1_33' title="bbox 130 1379 921 1422; baseline -0.006 -12"><span class='ocrx_word' id='word_1_265' title='bbox 130 1383 234 1411; x_wconf 67' lang='lat' dir='ltr'>toribus</span> <span class='ocrx_word' id='word_1_266' title='bbox 244 1383 410 1421; x_wconf 78' lang='lat' dir='ltr'>dicipotest)</span> <span class='ocrx_word' id='word_1_267' title='bbox 425 1384 518 1422; x_wconf 84' lang='lat' dir='ltr'>quibus</span> <span class='ocrx_word' id='word_1_268' title='bbox 529 1382 747 1411; x_wconf 80' lang='lat' dir='ltr'>circumveniant</span> <span class='ocrx_word' id='word_1_269' title='bbox 759 1379 901 1417; x_wconf 79' lang='lat' dir='ltr'>imperitos</span> <span class='ocrx_word' id='word_1_270' title='bbox 914 1379 921 1405; x_wconf 85' lang='lat'>?</span> 
     </span>
     <span class='ocr_line' id='line_1_34' title="bbox 128 1417 921 1461; baseline -0.01 -10"><span class='ocrx_word' id='word_1_271' title='bbox 128 1425 203 1452; x_wconf 79' lang='lat' dir='ltr'>Nam</span> <span class='ocrx_word' id='word_1_272' title='bbox 221 1427 249 1451; x_wconf 68' lang='grc' dir='ltr'>ὃς</span> <span class='ocrx_word' id='word_1_273' title='bbox 262 1424 361 1451; x_wconf 83' lang='lat' dir='ltr'>munda</span> <span class='ocrx_word' id='word_1_274' title='bbox 370 1423 422 1452; x_wconf 79' lang='lat' dir='ltr'>efl&#39;e</span> <span class='ocrx_word' id='word_1_275' title='bbox 433 1424 526 1453; x_wconf 82' lang='lat' dir='ltr'>omnia</span> <span class='ocrx_word' id='word_1_276' title='bbox 537 1424 610 1452; x_wconf 82' lang='lat' dir='ltr'>dixit</span> <span class='ocrx_word' id='word_1_277' title='bbox 621 1422 768 1461; x_wconf 82' lang='lat' dir='ltr'>Apostolus</span> <span class='ocrx_word' id='word_1_278' title='bbox 776 1417 921 1447; x_wconf 88' lang='lat' dir='ltr'>secundum</span> 
     </span>
     <span class='ocr_line' id='line_1_35' title="bbox 130 1459 922 1505; baseline -0.011 -12"><span class='ocrx_word' id='word_1_279' title='bbox 130 1464 214 1493; x_wconf 82' lang='lat' dir='ltr'>fidem</span> <span class='ocrx_word' id='word_1_280' title='bbox 222 1485 233 1498; x_wconf 81' lang='lat'><em>,</em></span> <span class='ocrx_word' id='word_1_281' title='bbox 251 1468 280 1493; x_wconf 75' lang='grc' dir='ltr'>ὁ(</span> <span class='ocrx_word' id='word_1_282' title='bbox 291 1465 317 1492; x_wconf 92' lang='lat' dir='ltr'>ei</span> <span class='ocrx_word' id='word_1_283' title='bbox 327 1463 375 1493; x_wconf 74' lang='lat' dir='ltr'>ess&#39;e</span> <span class='ocrx_word' id='word_1_284' title='bbox 386 1465 525 1494; x_wconf 88' lang='lat' dir='ltr'>immunda</span> <span class='ocrx_word' id='word_1_285' title='bbox 537 1487 545 1497; x_wconf 88' lang='lat'><em>,</em></span> <span class='ocrx_word' id='word_1_286' title='bbox 562 1465 609 1503; x_wconf 91' lang='lat' dir='ltr'>qui</span> <span class='ocrx_word' id='word_1_287' title='bbox 626 1474 701 1502; x_wconf 80' lang='lat' dir='ltr'>putat</span> <span class='ocrx_word' id='word_1_288' title='bbox 713 1459 871 1505; x_wconf 75' lang='lat' dir='ltr'>immunda:</span> <span class='ocrx_word' id='word_1_289' title='bbox 895 1461 922 1485; x_wconf 72' lang='grc' dir='ltr'>δε</span> 
     </span>
     <span class='ocr_line' id='line_1_36' title="bbox 129 1502 923 1544; baseline -0.01 -11"><span class='ocrx_word' id='word_1_290' title='bbox 129 1514 195 1534; x_wconf 84' lang='lat' dir='ltr'>tunc</span> <span class='ocrx_word' id='word_1_291' title='bbox 205 1503 268 1533; x_wconf 80' lang='lat' dir='ltr'>efl&#39;et</span> <span class='ocrx_word' id='word_1_292' title='bbox 280 1505 310 1533; x_wconf 87' lang='lat' dir='ltr'>ab</span> <span class='ocrx_word' id='word_1_293' title='bbox 319 1505 356 1533; x_wconf 88' lang='lat' dir='ltr'>eis</span> <span class='ocrx_word' id='word_1_294' title='bbox 366 1506 572 1544; x_wconf 87' lang='lat' dir='ltr'>temperandum</span> <span class='ocrx_word' id='word_1_295' title='bbox 585 1527 592 1538; x_wconf 94' lang='lat'><em>,</em></span> <span class='ocrx_word' id='word_1_296' title='bbox 610 1515 673 1532; x_wconf 86' lang='lat' dir='ltr'>cum</span> <span class='ocrx_word' id='word_1_297' title='bbox 689 1513 737 1542; x_wconf 88' lang='lat' dir='ltr'>per</span> <span class='ocrx_word' id='word_1_298' title='bbox 746 1502 923 1540; x_wconf 75' lang='lat' dir='ltr'>ostenlionem</span> 
     </span>
     <span class='ocr_line' id='line_1_37' title="bbox 129 1538 925 1585; baseline -0.008 -11"><span class='ocrx_word' id='word_1_299' title='bbox 129 1546 300 1584; x_wconf 80' lang='lat' dir='ltr'>accipiuntur</span> <span class='ocrx_word' id='word_1_300' title='bbox 311 1567 318 1578; x_wconf 88' lang='lat'><em>,</em></span> <span class='ocrx_word' id='word_1_301' title='bbox 329 1544 397 1575; x_wconf 80' lang='lat' dir='ltr'>idest</span> <span class='ocrx_word' id='word_1_302' title='bbox 409 1568 417 1580; x_wconf 94' lang='lat'><em>‚</em></span> <span class='ocrx_word' id='word_1_303' title='bbox 439 1556 501 1575; x_wconf 89' lang='lat' dir='ltr'>cum</span> <span class='ocrx_word' id='word_1_304' title='bbox 510 1545 606 1584; x_wconf 82' lang='lat' dir='ltr'>aliquis</span> <span class='ocrx_word' id='word_1_305' title='bbox 617 1545 743 1574; x_wconf 79' lang='lat' dir='ltr'>infirmus</span> <span class='ocrx_word' id='word_1_306' title='bbox 753 1550 828 1585; x_wconf 78' lang='lat' dir='ltr'>putat</span> <span class='ocrx_word' id='word_1_307' title='bbox 840 1539 885 1567; x_wconf 76' lang='lat' dir='ltr'>fibi</span> <span class='ocrx_word' id='word_1_308' title='bbox 897 1538 925 1567; x_wconf 80' lang='lat' dir='ltr'>ab</span> 
     </span>
     <span class='ocr_line' id='line_1_38' title="bbox 124 1584 925 1626; baseline -0.006 -10"><span class='ocrx_word' id='word_1_309' title='bbox 124 1587 256 1617; x_wconf 19' lang='lat' dir='ltr'>comnibus</span> <span class='ocrx_word' id='word_1_310' title='bbox 266 1587 388 1616; x_wconf 86' lang='lat' dir='ltr'>carnibus</span> <span class='ocrx_word' id='word_1_311' title='bbox 398 1587 655 1626; x_wconf 71' lang='lat' dir='ltr'>oemperandumme</span> <span class='ocrx_word' id='word_1_312' title='bbox 668 1584 770 1614; x_wconf 83' lang='lat' dir='ltr'>incidat</span> <span class='ocrx_word' id='word_1_313' title='bbox 780 1592 809 1609; x_wconf 77' lang='lat' dir='ltr'>in</span> <span class='ocrx_word' id='word_1_314' title='bbox 818 1588 925 1608; x_wconf 78' lang='lat' dir='ltr'>carnem</span> 
     </span>
     <span class='ocr_line' id='line_1_39' title="bbox 128 1620 925 1665; baseline -0.011 -10"><span class='ocrx_word' id='word_1_315' title='bbox 128 1627 336 1656; x_wconf 73' lang='lat' dir='ltr'>immolatitiam</span> <span class='ocrx_word' id='word_1_316' title='bbox 347 1638 355 1658; x_wconf 75' lang='lat'>5</span> <span class='ocrx_word' id='word_1_317' title='bbox 368 1627 471 1657; x_wconf 85' lang='lat' dir='ltr'>&amp;ideo</span> <span class='ocrx_word' id='word_1_318' title='bbox 480 1638 552 1660; x_wconf 85' lang='lat' dir='ltr'>eum,</span> <span class='ocrx_word' id='word_1_319' title='bbox 563 1628 610 1665; x_wconf 87' lang='lat' dir='ltr'>qui</span> <span class='ocrx_word' id='word_1_320' title='bbox 622 1626 779 1657; x_wconf 81' lang='lat' dir='ltr'>manducat,</span> <span class='ocrx_word' id='word_1_321' title='bbox 789 1620 876 1660; x_wconf 87' lang='lat' dir='ltr'>potest</span> <span class='ocrx_word' id='word_1_322' title='bbox 885 1629 925 1647; x_wconf 79' lang='lat' dir='ltr'>ar-</span> 
     </span>
     <span class='ocr_line' id='line_1_40' title="bbox 131 1666 926 1700; baseline -0.011 -2"><span class='ocrx_word' id='word_1_323' title='bbox 131 1668 227 1698; x_wconf 85' lang='lat' dir='ltr'>bitrari</span> <span class='ocrx_word' id='word_1_324' title='bbox 240 1669 270 1696; x_wconf 87' lang='lat' dir='ltr'>in</span> <span class='ocrx_word' id='word_1_325' title='bbox 281 1668 416 1697; x_wconf 82' lang='lat' dir='ltr'>honorem</span> <span class='ocrx_word' id='word_1_326' title='bbox 426 1669 571 1698; x_wconf 80' lang='lat' dir='ltr'>Idolorum</span> <span class='ocrx_word' id='word_1_327' title='bbox 582 1667 610 1696; x_wconf 85' lang='lat' dir='ltr'>id</span> <span class='ocrx_word' id='word_1_328' title='bbox 622 1666 708 1695; x_wconf 78' lang='lat' dir='ltr'>facere</span> <span class='ocrx_word' id='word_1_329' title='bbox 717 1688 726 1700; x_wconf 91' lang='lat'><em>‚</em></span> <span class='ocrx_word' id='word_1_330' title='bbox 736 1669 808 1695; x_wconf 82' lang='lat' dir='ltr'>&amp;ex</span> <span class='ocrx_word' id='word_1_331' title='bbox 822 1673 855 1690; x_wconf 90' lang='lat' dir='ltr'>eo</span> <span class='ocrx_word' id='word_1_332' title='bbox 866 1670 926 1698; x_wconf 80' lang='lat' dir='ltr'>gra-</span> 
     </span>
     <span class='ocr_line' id='line_1_41' title="bbox 132 1702 923 1748; baseline -0.008 -10"><span class='ocrx_word' id='word_1_333' title='bbox 132 1710 206 1738; x_wconf 78' lang='lat' dir='ltr'>viter</span> <span class='ocrx_word' id='word_1_334' title='bbox 214 1708 317 1738; x_wconf 85' lang='lat' dir='ltr'>offendi</span> <span class='ocrx_word' id='word_1_335' title='bbox 329 1731 336 1742; x_wconf 92' lang='lat'><em>,</em></span> <span class='ocrx_word' id='word_1_336' title='bbox 348 1720 409 1739; x_wconf 86' lang='lat' dir='ltr'>cum</span> <span class='ocrx_word' id='word_1_337' title='bbox 419 1709 474 1748; x_wconf 86' lang='lat' dir='ltr'>ipsa</span> <span class='ocrx_word' id='word_1_338' title='bbox 485 1707 661 1738; x_wconf 78' lang='lat' dir='ltr'>immolatitia</span> <span class='ocrx_word' id='word_1_339' title='bbox 671 1718 733 1736; x_wconf 85' lang='lat' dir='ltr'>caro</span> <span class='ocrx_word' id='word_1_340' title='bbox 744 1728 751 1739; x_wconf 93' lang='lat'>‚</span> <span class='ocrx_word' id='word_1_341' title='bbox 771 1705 790 1733; x_wconf 79' lang='lat' dir='ltr'>si</span> <span class='ocrx_word' id='word_1_342' title='bbox 801 1714 833 1731; x_wconf 85' lang='lat' dir='ltr'>ex</span> <span class='ocrx_word' id='word_1_343' title='bbox 846 1702 923 1745; x_wconf 67' lang='lat' dir='ltr'>fides</span> 
     </span>
     <span class='ocr_line' id='line_1_42' title="bbox 131 1743 928 1790; baseline -0.006 -12"><span class='ocrx_word' id='word_1_344' title='bbox 131 1749 271 1779; x_wconf 87' lang='lat' dir='ltr'>nesciente</span> <span class='ocrx_word' id='word_1_345' title='bbox 288 1750 435 1790; x_wconf 80' lang='lat' dir='ltr'>accipiatur</span> <span class='ocrx_word' id='word_1_346' title='bbox 447 1772 454 1784; x_wconf 93' lang='lat'>‚</span> <span class='ocrx_word' id='word_1_347' title='bbox 473 1749 612 1779; x_wconf 85' lang='lat' dir='ltr'>neminem</span> <span class='ocrx_word' id='word_1_348' title='bbox 623 1749 738 1776; x_wconf 78' lang='lat' dir='ltr'>maculet</span> <span class='ocrx_word' id='word_1_349' title='bbox 748 1766 755 1773; x_wconf 82' lang='lat'><em>.</em></span> <span class='ocrx_word' id='word_1_350' title='bbox 777 1744 866 1786; x_wconf 70' lang='lat' dir='ltr'>Unde</span> <span class='ocrx_word' id='word_1_351' title='bbox 873 1743 928 1770; x_wconf 73' lang='lat'>:²110</span> 
     </span>
     <span class='ocr_line' id='line_1_43' title="bbox 133 1783 927 1829; baseline -0.01 -9"><span class='ocrx_word' id='word_1_352' title='bbox 133 1791 197 1819; x_wconf 86' lang='lat' dir='ltr'>loco</span> <span class='ocrx_word' id='word_1_353' title='bbox 208 1790 280 1819; x_wconf 86' lang='lat' dir='ltr'>idem</span> <span class='ocrx_word' id='word_1_354' title='bbox 294 1792 439 1829; x_wconf 86' lang='lat' dir='ltr'>Apostolus</span> <span class='ocrx_word' id='word_1_355' title='bbox 451 1789 617 1829; x_wconf 78' lang='lat' dir='ltr'>interrogari</span> <span class='ocrx_word' id='word_1_356' title='bbox 629 1798 706 1817; x_wconf 85' lang='lat' dir='ltr'>vetat</span> <span class='ocrx_word' id='word_1_357' title='bbox 718 1810 726 1821; x_wconf 86' lang='lat'><em>‚</em></span> <span class='ocrx_word' id='word_1_358' title='bbox 748 1796 808 1814; x_wconf 89' lang='lat' dir='ltr'>cum</span> <span class='ocrx_word' id='word_1_359' title='bbox 818 1784 886 1823; x_wconf 77' lang='lat' dir='ltr'>quid</span> <span class='ocrx_word' id='word_1_360' title='bbox 895 1783 927 1810; x_wconf 84' lang='lat' dir='ltr'>de</span> 
     </span>
     <span class='ocr_line' id='line_1_44' title="bbox 134 1827 927 1870; baseline -0.014 -9"><span class='ocrx_word' id='word_1_361' title='bbox 134 1831 251 1861; x_wconf 75' lang='lat' dir='ltr'>macello</span> <span class='ocrx_word' id='word_1_362' title='bbox 262 1831 372 1865; x_wconf 73' lang='lat' dir='ltr'>emitur,</span> <span class='ocrx_word' id='word_1_363' title='bbox 384 1833 427 1861; x_wconf 85' lang='lat' dir='ltr'>vel</span> <span class='ocrx_word' id='word_1_364' title='bbox 437 1833 467 1861; x_wconf 81' lang='lat' dir='ltr'>ab</span> <span class='ocrx_word' id='word_1_365' title='bbox 477 1832 568 1870; x_wconf 83' lang='lat' dir='ltr'>aliquo</span> <span class='ocrx_word' id='word_1_366' title='bbox 579 1829 685 1858; x_wconf 84' lang='lat' dir='ltr'>infideli</span> <span class='ocrx_word' id='word_1_367' title='bbox 696 1827 837 1868; x_wconf 82' lang='lat' dir='ltr'>quisquam</span> <span class='ocrx_word' id='word_1_368' title='bbox 848 1834 927 1852; x_wconf 80' lang='lat' dir='ltr'>voca-</span> 
     </span>
     <span class='ocr_line' id='line_1_45' title="bbox 134 1864 927 1910; baseline -0.006 -10"><span class='ocrx_word' id='word_1_369' title='bbox 134 1883 176 1901; x_wconf 82' lang='lat' dir='ltr'>tus</span> <span class='ocrx_word' id='word_1_370' title='bbox 187 1873 216 1900; x_wconf 89' lang='lat' dir='ltr'>in</span> <span class='ocrx_word' id='word_1_371' title='bbox 228 1871 319 1900; x_wconf 80' lang='lat' dir='ltr'>mensa</span> <span class='ocrx_word' id='word_1_372' title='bbox 329 1876 383 1909; x_wconf 86' lang='lat' dir='ltr'>ejus</span> <span class='ocrx_word' id='word_1_373' title='bbox 393 1872 517 1902; x_wconf 88' lang='lat' dir='ltr'>exhiberi</span> <span class='ocrx_word' id='word_1_374' title='bbox 529 1871 576 1901; x_wconf 80' lang='lat' dir='ltr'>fibi</span> <span class='ocrx_word' id='word_1_375' title='bbox 586 1880 678 1899; x_wconf 80' lang='lat' dir='ltr'>carnes</span> <span class='ocrx_word' id='word_1_376' title='bbox 689 1870 766 1898; x_wconf 82' lang='lat' dir='ltr'>videt</span> <span class='ocrx_word' id='word_1_377' title='bbox 779 1889 786 1900; x_wconf 83' lang='lat'><em>‚</em></span> <span class='ocrx_word' id='word_1_378' title='bbox 805 1875 866 1910; x_wconf 63' lang='lat' dir='ltr'>quas</span> <span class='ocrx_word' id='word_1_379' title='bbox 884 1864 927 1892; x_wconf 70' lang='lat' dir='ltr'>1sti</span> 
     </span>
     <span class='ocr_line' id='line_1_46' title="bbox 135 1909 928 1950; baseline -0.005 -9"><span class='ocrx_word' id='word_1_380' title='bbox 135 1913 287 1942; x_wconf 79' lang='lat' dir='ltr'>immundas</span> <span class='ocrx_word' id='word_1_381' title='bbox 297 1914 460 1942; x_wconf 67' lang='lat' dir='ltr'>arbitrantur</span> <span class='ocrx_word' id='word_1_382' title='bbox 470 1935 478 1946; x_wconf 92' lang='lat'><em>,</em></span> <span class='ocrx_word' id='word_1_383' title='bbox 500 1923 555 1941; x_wconf 89' lang='lat' dir='ltr'>non</span> <span class='ocrx_word' id='word_1_384' title='bbox 565 1920 681 1950; x_wconf 85' lang='lat' dir='ltr'>propter</span> <span class='ocrx_word' id='word_1_385' title='bbox 689 1909 913 1947; x_wconf 15' lang='lat' dir='ltr'>immolationem*</span> <span class='ocrx_word' id='word_1_386' title='bbox 921 1926 928 1937; x_wconf 85' lang='lat'><em>‚</em></span> 
     </span>
     <span class='ocr_line' id='line_1_47' title="bbox 132 1951 930 1992; baseline -0.01 -10"><span class='ocrx_word' id='word_1_387' title='bbox 132 1953 183 1983; x_wconf 76' lang='lat' dir='ltr'>sed</span> <span class='ocrx_word' id='word_1_388' title='bbox 201 1954 264 1992; x_wconf 87' lang='lat' dir='ltr'>quia</span> <span class='ocrx_word' id='word_1_389' title='bbox 281 1964 372 1984; x_wconf 82' lang='lat' dir='ltr'>carnes</span> <span class='ocrx_word' id='word_1_390' title='bbox 381 1954 443 1983; x_wconf 88' lang='lat' dir='ltr'>sunt</span> <span class='ocrx_word' id='word_1_391' title='bbox 453 1976 461 1987; x_wconf 94' lang='lat'>‚</span> <span class='ocrx_word' id='word_1_392' title='bbox 480 1963 541 1981; x_wconf 87' lang='lat' dir='ltr'>cum</span> <span class='ocrx_word' id='word_1_393' title='bbox 553 1952 702 1990; x_wconf 87' lang='lat' dir='ltr'>Apostolus</span> <span class='ocrx_word' id='word_1_394' title='bbox 722 1951 819 1979; x_wconf 79' lang='lat' dir='ltr'>clamet</span> <span class='ocrx_word' id='word_1_395' title='bbox 837 1955 930 1991; x_wconf 75' lang='lat' dir='ltr'>omnia</span> 
     </span>
     <span class='ocr_line' id='line_1_48' title="bbox 137 1988 930 2027; baseline -0.013 -4"><span class='ocrx_word' id='word_1_396' title='bbox 137 1995 239 2024; x_wconf 72' lang='lat' dir='ltr'>munda</span> <span class='ocrx_word' id='word_1_397' title='bbox 249 1993 299 2023; x_wconf 81' lang='lat' dir='ltr'>efl’e</span> <span class='ocrx_word' id='word_1_398' title='bbox 311 2015 319 2027; x_wconf 89' lang='lat'>‚</span> <span class='ocrx_word' id='word_1_399' title='bbox 335 1995 366 2026; x_wconf 66' lang='grc' dir='ltr'>ὃς</span> <span class='ocrx_word' id='word_1_400' title='bbox 378 2005 489 2024; x_wconf 87' lang='lat' dir='ltr'>omnem</span> <span class='ocrx_word' id='word_1_401' title='bbox 498 2003 646 2022; x_wconf 75' lang='lat' dir='ltr'>creaturam</span> <span class='ocrx_word' id='word_1_402' title='bbox 656 1992 713 2021; x_wconf 91' lang='lat' dir='ltr'>Dei</span> <span class='ocrx_word' id='word_1_403' title='bbox 723 1992 821 2020; x_wconf 76' lang='lat' dir='ltr'>bonam</span> <span class='ocrx_word' id='word_1_404' title='bbox 833 1988 892 2019; x_wconf 80' lang='lat' dir='ltr'>esse,</span> <span class='ocrx_word' id='word_1_405' title='bbox 904 1989 930 2014; x_wconf 72' lang='grc' dir='ltr'>δι</span> 
     </span>
     <span class='ocr_line' id='line_1_49' title="bbox 136 2034 931 2074; baseline -0.009 -10"><span class='ocrx_word' id='word_1_406' title='bbox 136 2034 399 2065; x_wconf 63' lang='grc' dir='ltr'>οωηίαΐειηξὲίἧεειτί</span> <span class='ocrx_word' id='word_1_407' title='bbox 409 2046 456 2074; x_wconf 82' lang='lat' dir='ltr'>per</span> <span class='ocrx_word' id='word_1_408' title='bbox 470 2035 591 2066; x_wconf 84' lang='lat' dir='ltr'>verbum,</span> <span class='ocrx_word' id='word_1_409' title='bbox 600 2037 628 2062; x_wconf 77' lang='grc' dir='ltr'>ὃ(</span> <span class='ocrx_word' id='word_1_410' title='bbox 639 2034 834 2074; x_wconf 61' lang='lat' dir='ltr'>orationemassf</span> <span class='ocrx_word' id='word_1_411' title='bbox 843 2037 931 2071; x_wconf 80' lang='lat' dir='ltr'>tamen</span> 
     </span>
     <span class='ocr_line' id='line_1_50' title="bbox 137 2069 932 2114; baseline -0.014 -8"><span class='ocrx_word' id='word_1_412' title='bbox 137 2075 347 2114; x_wconf 77' lang='lat' dir='ltr'>temperandum</span> <span class='ocrx_word' id='word_1_413' title='bbox 357 2077 387 2105; x_wconf 84' lang='lat' dir='ltr'>ab</span> <span class='ocrx_word' id='word_1_414' title='bbox 397 2077 436 2104; x_wconf 82' lang='lat' dir='ltr'>eis</span> <span class='ocrx_word' id='word_1_415' title='bbox 447 2099 454 2110; x_wconf 90' lang='lat'>‚</span> <span class='ocrx_word' id='word_1_416' title='bbox 473 2076 493 2104; x_wconf 84' lang='lat' dir='ltr'>fi</span> <span class='ocrx_word' id='word_1_417' title='bbox 504 2076 564 2114; x_wconf 83' lang='lat' dir='ltr'>quis</span> <span class='ocrx_word' id='word_1_418' title='bbox 572 2075 643 2103; x_wconf 68' lang='lat' dir='ltr'>forte</span> <span class='ocrx_word' id='word_1_419' title='bbox 654 2073 775 2102; x_wconf 83' lang='lat' dir='ltr'>infirmus</span> <span class='ocrx_word' id='word_1_420' title='bbox 785 2069 932 2099; x_wconf 80' lang='lat' dir='ltr'>ostenditur</span> 
     </span>
     <span class='ocr_line' id='line_1_51' title="bbox 135 2110 931 2154; baseline -0.011 -9"><span class='ocrx_word' id='word_1_421' title='bbox 135 2117 204 2147; x_wconf 86' lang='lat' dir='ltr'>&amp;c.]</span> <span class='ocrx_word' id='word_1_422' title='bbox 217 2119 309 2154; x_wconf 86' lang='lat' dir='ltr'>Atque</span> <span class='ocrx_word' id='word_1_423' title='bbox 318 2116 508 2146; x_wconf 89' lang='lat' dir='ltr'>Theodoretus</span> <span class='ocrx_word' id='word_1_424' title='bbox 518 2117 548 2144; x_wconf 88' lang='lat' dir='ltr'>in</span> <span class='ocrx_word' id='word_1_425' title='bbox 558 2114 698 2154; x_wconf 78' lang='lat' dir='ltr'>epistolam</span> <span class='ocrx_word' id='word_1_426' title='bbox 710 2113 824 2152; x_wconf 82' lang='lat' dir='ltr'>primam</span> <span class='ocrx_word' id='word_1_427' title='bbox 836 2110 868 2139; x_wconf 78' lang='lat' dir='ltr'>ad</span> <span class='ocrx_word' id='word_1_428' title='bbox 878 2110 931 2137; x_wconf 90' lang='lat' dir='ltr'>Co.</span> 
     </span>
     <span class='ocr_line' id='line_1_52' title="bbox 138 2153 931 2196; baseline -0.006 -11"><span class='ocrx_word' id='word_1_429' title='bbox 138 2156 260 2186; x_wconf 75' lang='lat' dir='ltr'>rint&#39;hios</span> <span class='ocrx_word' id='word_1_430' title='bbox 272 2158 351 2185; x_wconf 81' lang='lat' dir='ltr'>verba</span> <span class='ocrx_word' id='word_1_431' title='bbox 364 2158 494 2196; x_wconf 89' lang='lat' dir='ltr'>Apostoli</span> <span class='ocrx_word' id='word_1_432' title='bbox 506 2157 534 2184; x_wconf 91' lang='lat' dir='ltr'>in</span> <span class='ocrx_word' id='word_1_433' title='bbox 545 2160 601 2188; x_wconf 83' lang='lat' dir='ltr'>ejus</span> <span class='ocrx_word' id='word_1_434' title='bbox 612 2165 668 2193; x_wconf 74' lang='lat' dir='ltr'>cap.</span> <span class='ocrx_word' id='word_1_435' title='bbox 686 2166 728 2183; x_wconf 83' lang='lat'>10.</span> <span class='ocrx_word' id='word_1_436' title='bbox 737 2153 824 2193; x_wconf 80' lang='lat' dir='ltr'>posita</span> <span class='ocrx_word' id='word_1_437' title='bbox 833 2172 843 2188; x_wconf 93' lang='lat'><em>‚</em></span> <span class='ocrx_word' id='word_1_438' title='bbox 858 2160 931 2194; x_wconf 68' lang='lat' dir='ltr'>nem-</span> 
     </span>
     <span class='ocr_line' id='line_1_53' title="bbox 139 2192 931 2236; baseline -0.013 -8"><span class='ocrx_word' id='word_1_439' title='bbox 139 2204 190 2236; x_wconf 74' lang='lat' dir='ltr'>pe:</span> <span class='ocrx_word' id='word_1_440' title='bbox 203 2203 215 2233; x_wconf 85' lang='grc'>[</span> <span class='ocrx_word' id='word_1_441' title='bbox 230 2198 306 2233; x_wconf 82' lang='lat' dir='ltr'>Quid</span> <span class='ocrx_word' id='word_1_442' title='bbox 316 2208 383 2236; x_wconf 85' lang='lat' dir='ltr'>ergo</span> <span class='ocrx_word' id='word_1_443' title='bbox 393 2198 466 2231; x_wconf 86' lang='lat' dir='ltr'>dico,</span> <span class='ocrx_word' id='word_1_444' title='bbox 478 2197 551 2236; x_wconf 88' lang='lat' dir='ltr'>quod</span> <span class='ocrx_word' id='word_1_445' title='bbox 561 2196 648 2225; x_wconf 87' lang='lat' dir='ltr'>Idolis</span> <span class='ocrx_word' id='word_1_446' title='bbox 658 2195 830 2223; x_wconf 87' lang='lat' dir='ltr'>immolatum</span> <span class='ocrx_word' id='word_1_447' title='bbox 839 2192 871 2220; x_wconf 83' lang='lat' dir='ltr'>sit</span> <span class='ocrx_word' id='word_1_448' title='bbox 883 2192 931 2219; x_wconf 84' lang='lat' dir='ltr'>ali-</span> 
     </span>
     <span class='ocr_line' id='line_1_54' title="bbox 139 2232 932 2277; baseline -0.014 -8"><span class='ocrx_word' id='word_1_449' title='bbox 139 2238 207 2277; x_wconf 85' lang='lat' dir='ltr'>quid</span> <span class='ocrx_word' id='word_1_450' title='bbox 218 2240 290 2268; x_wconf 84' lang='lat' dir='ltr'>&amp;c.?</span> <span class='ocrx_word' id='word_1_451' title='bbox 301 2239 314 2269; x_wconf 83' lang='grc'>]</span> <span class='ocrx_word' id='word_1_452' title='bbox 326 2238 362 2268; x_wconf 79' lang='lat' dir='ltr'>fic</span> <span class='ocrx_word' id='word_1_453' title='bbox 372 2239 499 2276; x_wconf 85' lang='lat' dir='ltr'>exponit.-</span> <span class='ocrx_word' id='word_1_454' title='bbox 516 2238 589 2273; x_wconf 82' lang='lat' dir='ltr'>[Sed</span> <span class='ocrx_word' id='word_1_455' title='bbox 599 2246 681 2266; x_wconf 89' lang='lat' dir='ltr'>nemo</span> <span class='ocrx_word' id='word_1_456' title='bbox 691 2235 829 2264; x_wconf 84' lang='lat' dir='ltr'>existimet</span> <span class='ocrx_word' id='word_1_457' title='bbox 839 2255 846 2265; x_wconf 84' lang='lat'><em>,</em></span> <span class='ocrx_word' id='word_1_458' title='bbox 859 2232 932 2270; x_wconf 84' lang='lat' dir='ltr'>quod</span> 
     </span>
     <span class='ocr_line' id='line_1_55' title="bbox 143 2273 932 2317; baseline -0.01 -10"><span class='ocrx_word' id='word_1_459' title='bbox 143 2278 204 2307; x_wconf 90' lang='lat' dir='ltr'>vim</span> <span class='ocrx_word' id='word_1_460' title='bbox 223 2278 341 2317; x_wconf 74' lang='lat' dir='ltr'>aliquam</span> <span class='ocrx_word' id='word_1_461' title='bbox 359 2278 476 2307; x_wconf 80' lang='lat' dir='ltr'>habeant</span> <span class='ocrx_word' id='word_1_462' title='bbox 499 2278 639 2306; x_wconf 79' lang='lat' dir='ltr'>immolata</span> <span class='ocrx_word' id='word_1_463' title='bbox 650 2299 657 2309; x_wconf 90' lang='lat'><em>,</em></span> <span class='ocrx_word' id='word_1_464' title='bbox 673 2280 700 2305; x_wconf 75' lang='grc' dir='ltr'>ὃ(</span> <span class='ocrx_word' id='word_1_465' title='bbox 718 2284 813 2305; x_wconf 85' lang='lat' dir='ltr'>natura</span> <span class='ocrx_word' id='word_1_466' title='bbox 831 2273 932 2312; x_wconf 86' lang='lat' dir='ltr'>poffint</span> 
     </span>
     <span class='ocr_line' id='line_1_56' title="bbox 140 2313 932 2358; baseline -0.009 -10"><span class='ocrx_word' id='word_1_467' title='bbox 140 2319 265 2357; x_wconf 84' lang='lat' dir='ltr'>polluere</span> <span class='ocrx_word' id='word_1_468' title='bbox 275 2328 337 2348; x_wconf 87' lang='lat' dir='ltr'>eum</span> <span class='ocrx_word' id='word_1_469' title='bbox 347 2340 354 2352; x_wconf 86' lang='lat'><em>,</em></span> <span class='ocrx_word' id='word_1_470' title='bbox 365 2319 414 2358; x_wconf 89' lang='lat' dir='ltr'>qui</span> <span class='ocrx_word' id='word_1_471' title='bbox 426 2329 521 2347; x_wconf 88' lang='lat' dir='ltr'>eorum</span> <span class='ocrx_word' id='word_1_472' title='bbox 530 2319 560 2347; x_wconf 81' lang='lat' dir='ltr'>fit</span> <span class='ocrx_word' id='word_1_473' title='bbox 572 2317 714 2358; x_wconf 84' lang='lat' dir='ltr'>particeps:</span> <span class='ocrx_word' id='word_1_474' title='bbox 727 2327 784 2345; x_wconf 89' lang='lat' dir='ltr'>non</span> <span class='ocrx_word' id='word_1_475' title='bbox 794 2324 869 2343; x_wconf 84' lang='lat' dir='ltr'>enim</span> <span class='ocrx_word' id='word_1_476' title='bbox 879 2313 932 2342; x_wconf 88' lang='lat' dir='ltr'>hoc</span> 
     </span>
     <span class='ocr_line' id='line_1_57' title="bbox 140 2353 931 2399; baseline -0.006 -12"><span class='ocrx_word' id='word_1_477' title='bbox 140 2359 204 2388; x_wconf 92' lang='lat' dir='ltr'>dico</span> <span class='ocrx_word' id='word_1_478' title='bbox 215 2371 223 2391; x_wconf 77' lang='lat'>5</span> <span class='ocrx_word' id='word_1_479' title='bbox 235 2358 281 2389; x_wconf 87' lang='lat' dir='ltr'>sed</span> <span class='ocrx_word' id='word_1_480' title='bbox 290 2359 337 2398; x_wconf 89' lang='lat' dir='ltr'>qui</span> <span class='ocrx_word' id='word_1_481' title='bbox 345 2358 532 2399; x_wconf 81' lang='lat' dir='ltr'>superstitioni</span> <span class='ocrx_word' id='word_1_482' title='bbox 542 2359 668 2388; x_wconf 59' lang='lat' dir='ltr'>&gt;serviunt</span> <span class='ocrx_word' id='word_1_483' title='bbox 679 2379 688 2392; x_wconf 92' lang='lat'><em>‚</em></span> <span class='ocrx_word' id='word_1_484' title='bbox 701 2356 884 2386; x_wconf 87' lang='lat' dir='ltr'>Doemonibus</span> <span class='ocrx_word' id='word_1_485' title='bbox 893 2353 931 2398; x_wconf 74' lang='lat' dir='ltr'>sa-v</span> 
     </span>
     <span class='ocr_line' id='line_1_58' title="bbox 139 2395 943 2463; baseline -0.01 -34"><span class='ocrx_word' id='word_1_486' title='bbox 139 2399 242 2438; x_wconf 73' lang='lat' dir='ltr'>crificia</span> <span class='ocrx_word' id='word_1_487' title='bbox 251 2400 368 2432; x_wconf 81' lang='lat' dir='ltr'>offerunt</span> <span class='ocrx_word' id='word_1_488' title='bbox 378 2412 385 2429; x_wconf 86' lang='grc'>.-</span> <span class='ocrx_word' id='word_1_489' title='bbox 397 2403 409 2434; x_wconf 91' lang='grc'>]</span> <span class='ocrx_word' id='word_1_490' title='bbox 423 2404 457 2432; x_wconf 84' lang='lat' dir='ltr'>Et</span> <span class='ocrx_word' id='word_1_491' title='bbox 465 2399 577 2431; x_wconf 78' lang='lat' dir='ltr'>inferius</span> <span class='ocrx_word' id='word_1_492' title='bbox 584 2399 663 2438; x_wconf 77' lang='lat' dir='ltr'>super</span> <span class='ocrx_word' id='word_1_493' title='bbox 673 2397 794 2437; x_wconf 76' lang='lat' dir='ltr'>ejusdem</span> <span class='ocrx_word' id='word_1_494' title='bbox 804 2395 943 2463; x_wconf 72' lang='lat' dir='ltr'>Apostoli¹</span> 
     </span>
    </p>
   </div>
   <div class='ocr_carea' id='block_1_3' title="bbox 923 1361 944 2361">
    <p class='ocr_par' dir='ltr' id='par_1_3' title="bbox 923 1361 944 2361">
     <span class='ocr_line' id='line_1_59' title="bbox 923 1361 944 2361; baseline 0 0"><span class='ocrx_word' id='word_1_495' title='bbox 923 1361 944 2361; x_wconf 95' lang='lat' dir='ltr'>     </span> 
     </span>
    </p>
   </div>
   <div class='ocr_carea' id='block_1_4' title="bbox 1277 54 1379 97">
    <p class='ocr_par' dir='ltr' id='par_1_4' title="bbox 1277 54 1379 97">
     <span class='ocr_line' id='line_1_60' title="bbox 1277 54 1379 97; baseline -0.02 0"><span class='ocrx_word' id='word_1_496' title='bbox 1277 54 1379 97; x_wconf 92' lang='lat' dir='ltr'>SU</span> 
     </span>
    </p>
   </div>
   <div class='ocr_carea' id='block_1_5' title="bbox 973 111 1782 2180">
    <p class='ocr_par' dir='ltr' id='par_1_5' title="bbox 973 111 1782 2180">
     <span class='ocr_line' id='line_1_61' title="bbox 973 111 1762 153; baseline 0 -11"><span class='ocrx_word' id='word_1_497' title='bbox 973 113 1062 143; x_wconf 78' lang='lat' dir='ltr'>verba:</span> <span class='ocrx_word' id='word_1_498' title='bbox 1073 119 1086 150; x_wconf 84' lang='lat'>[</span> <span class='ocrx_word' id='word_1_499' title='bbox 1096 113 1191 143; x_wconf 81' lang='lat' dir='ltr'>Omne</span> <span class='ocrx_word' id='word_1_500' title='bbox 1201 135 1208 147; x_wconf 88' lang='lat'><em>‚</em></span> <span class='ocrx_word' id='word_1_501' title='bbox 1220 116 1295 153; x_wconf 90' lang='lat' dir='ltr'>quod</span> <span class='ocrx_word' id='word_1_502' title='bbox 1305 115 1336 145; x_wconf 87' lang='lat' dir='ltr'>in</span> <span class='ocrx_word' id='word_1_503' title='bbox 1345 112 1462 145; x_wconf 82' lang='lat' dir='ltr'>macello</span> <span class='ocrx_word' id='word_1_504' title='bbox 1472 111 1552 144; x_wconf 88' lang='lat' dir='ltr'>venit</span> <span class='ocrx_word' id='word_1_505' title='bbox 1563 112 1710 147; x_wconf 84' lang='lat' dir='ltr'>comedite,</span> <span class='ocrx_word' id='word_1_506' title='bbox 1721 115 1762 146; x_wconf 72' lang='lat' dir='ltr'>m‘:</span> 
     </span>
     <span class='ocr_line' id='line_1_62' title="bbox 974 153 1767 196; baseline -0.005 -10"><span class='ocrx_word' id='word_1_507' title='bbox 974 157 1016 186; x_wconf 91' lang='lat' dir='ltr'>hil</span> <span class='ocrx_word' id='word_1_508' title='bbox 1026 157 1227 194; x_wconf 83' lang='lat' dir='ltr'>interrogantes</span> <span class='ocrx_word' id='word_1_509' title='bbox 1247 166 1360 196; x_wconf 84' lang='lat' dir='ltr'>propter</span> <span class='ocrx_word' id='word_1_510' title='bbox 1368 158 1565 189; x_wconf 83' lang='lat' dir='ltr'>conscientiam</span> <span class='ocrx_word' id='word_1_511' title='bbox 1576 170 1582 190; x_wconf 64' lang='grc' dir='ltr'><strong><em>ς</em></strong></span> <span class='ocrx_word' id='word_1_512' title='bbox 1600 153 1718 187; x_wconf 87' lang='lat' dir='ltr'>Domini</span> <span class='ocrx_word' id='word_1_513' title='bbox 1727 160 1767 188; x_wconf 86' lang='lat' dir='ltr'>est</span> 
     </span>
     <span class='ocr_line' id='line_1_63' title="bbox 975 196 1767 236; baseline -0.004 -8"><span class='ocrx_word' id='word_1_514' title='bbox 975 209 1044 228; x_wconf 85' lang='lat' dir='ltr'>terra</span> <span class='ocrx_word' id='word_1_515' title='bbox 1055 219 1062 231; x_wconf 94' lang='lat'><em>,</em></span> <span class='ocrx_word' id='word_1_516' title='bbox 1074 201 1101 226; x_wconf 71' lang='grc' dir='ltr'>ὅ(</span> <span class='ocrx_word' id='word_1_517' title='bbox 1111 196 1255 236; x_wconf 86' lang='lat' dir='ltr'>plenitudo</span> <span class='ocrx_word' id='word_1_518' title='bbox 1265 200 1330 236; x_wconf 85' lang='lat' dir='ltr'>ejus:</span> <span class='ocrx_word' id='word_1_519' title='bbox 1340 202 1353 232; x_wconf 91' lang='lat'><em>]</em></span> <span class='ocrx_word' id='word_1_520' title='bbox 1365 199 1402 228; x_wconf 78' lang='lat' dir='ltr'>ita</span> <span class='ocrx_word' id='word_1_521' title='bbox 1412 199 1603 231; x_wconf 75' lang='lat' dir='ltr'>Theodoretus</span> <span class='ocrx_word' id='word_1_522' title='bbox 1612 201 1767 235; x_wconf 78' lang='lat' dir='ltr'>exp1anat:]</span> 
     </span>
     <span class='ocr_line' id='line_1_64' title="bbox 974 239 1764 280; baseline -0.001 -12"><span class='ocrx_word' id='word_1_523' title='bbox 974 242 1083 269; x_wconf 84' lang='lat' dir='ltr'>Omnes</span> <span class='ocrx_word' id='word_1_524' title='bbox 1093 247 1220 266; x_wconf 81' lang='lat' dir='ltr'>creaturae</span> <span class='ocrx_word' id='word_1_525' title='bbox 1231 239 1286 268; x_wconf 87' lang='lat' dir='ltr'>Dei</span> <span class='ocrx_word' id='word_1_526' title='bbox 1297 239 1362 269; x_wconf 86' lang='lat' dir='ltr'>sunt</span> <span class='ocrx_word' id='word_1_527' title='bbox 1370 262 1378 274; x_wconf 92' lang='lat'><em>,</em></span> <span class='ocrx_word' id='word_1_528' title='bbox 1390 240 1448 280; x_wconf 83' lang='lat' dir='ltr'>ipse</span> <span class='ocrx_word' id='word_1_529' title='bbox 1457 242 1549 272; x_wconf 77' lang='lat' dir='ltr'>omnia</span> <span class='ocrx_word' id='word_1_530' title='bbox 1559 243 1591 271; x_wconf 77' lang='lat' dir='ltr'>ad</span> <span class='ocrx_word' id='word_1_531' title='bbox 1600 241 1651 270; x_wconf 78' lang='lat' dir='ltr'>hoc</span> <span class='ocrx_word' id='word_1_532' title='bbox 1663 263 1671 274; x_wconf 85' lang='lat'><em>,</em></span> <span class='ocrx_word' id='word_1_533' title='bbox 1682 250 1712 268; x_wconf 89' lang='lat' dir='ltr'>ut</span> <span class='ocrx_word' id='word_1_534' title='bbox 1722 239 1764 268; x_wconf 85' lang='lat' dir='ltr'>es-</span> 
     </span>
     <span class='ocr_line' id='line_1_65' title="bbox 973 279 1766 320; baseline -0.003 -10"><span class='ocrx_word' id='word_1_535' title='bbox 973 281 1034 310; x_wconf 89' lang='lat' dir='ltr'>sent</span> <span class='ocrx_word' id='word_1_536' title='bbox 1045 302 1053 312; x_wconf 90' lang='lat'><em>‚</em></span> <span class='ocrx_word' id='word_1_537' title='bbox 1063 279 1188 308; x_wconf 84' lang='lat' dir='ltr'>deduxit.</span> <span class='ocrx_word' id='word_1_538' title='bbox 1198 279 1292 309; x_wconf 81' lang='lat' dir='ltr'>Secure</span> <span class='ocrx_word' id='word_1_539' title='bbox 1304 291 1371 320; x_wconf 87' lang='lat' dir='ltr'>ergo</span> <span class='ocrx_word' id='word_1_540' title='bbox 1381 282 1474 316; x_wconf 85' lang='lat' dir='ltr'>emite,</span> <span class='ocrx_word' id='word_1_541' title='bbox 1485 293 1542 312; x_wconf 88' lang='lat' dir='ltr'>non</span> <span class='ocrx_word' id='word_1_542' title='bbox 1553 284 1766 320; x_wconf 83' lang='lat' dir='ltr'>interrogantes,</span> 
     </span>
     <span class='ocr_line' id='line_1_66' title="bbox 974 320 1767 356; baseline -0.003 -5"><span class='ocrx_word' id='word_1_543' title='bbox 974 333 1007 351; x_wconf 79' lang='lat' dir='ltr'>an</span> <span class='ocrx_word' id='word_1_544' title='bbox 1017 322 1048 350; x_wconf 82' lang='lat' dir='ltr'>sit</span> <span class='ocrx_word' id='word_1_545' title='bbox 1059 320 1141 349; x_wconf 88' lang='lat' dir='ltr'>idolis</span> <span class='ocrx_word' id='word_1_546' title='bbox 1152 321 1321 350; x_wconf 81' lang='lat' dir='ltr'>immolatum</span> <span class='ocrx_word' id='word_1_547' title='bbox 1332 343 1341 356; x_wconf 90' lang='lat'><strong><em>,</em></strong></span> <span class='ocrx_word' id='word_1_548' title='bbox 1352 333 1396 351; x_wconf 75' lang='lat' dir='ltr'>an</span> <span class='ocrx_word' id='word_1_549' title='bbox 1404 333 1478 355; x_wconf 76' lang='lat' dir='ltr'>non3</span> <span class='ocrx_word' id='word_1_550' title='bbox 1497 323 1550 353; x_wconf 90' lang='lat' dir='ltr'>hoc</span> <span class='ocrx_word' id='word_1_551' title='bbox 1559 324 1634 353; x_wconf 90' lang='lat' dir='ltr'>enim</span> <span class='ocrx_word' id='word_1_552' title='bbox 1646 322 1693 351; x_wconf 88' lang='lat' dir='ltr'>fibi</span> <span class='ocrx_word' id='word_1_553' title='bbox 1706 321 1767 350; x_wconf 77' lang='lat' dir='ltr'>vult</span> 
     </span>
     <span class='ocr_line' id='line_1_67' title="bbox 976 361 1765 404; baseline 0 -14"><span class='ocrx_word' id='word_1_554' title='bbox 976 362 1045 391; x_wconf 88' lang='lat' dir='ltr'>illud</span> <span class='ocrx_word' id='word_1_555' title='bbox 1055 383 1062 394; x_wconf 98' lang='lat'><em>,</em></span> <span class='ocrx_word' id='word_1_556' title='bbox 1074 361 1276 400; x_wconf 79' lang='lat' dir='ltr'>interrogantes</span> <span class='ocrx_word' id='word_1_557' title='bbox 1288 365 1317 395; x_wconf 90' lang='lat'>.]</span> <span class='ocrx_word' id='word_1_558' title='bbox 1337 364 1397 393; x_wconf 78' lang='lat' dir='ltr'>Ubi</span> <span class='ocrx_word' id='word_1_559' title='bbox 1406 364 1509 392; x_wconf 83' lang='lat' dir='ltr'>constat</span> <span class='ocrx_word' id='word_1_560' title='bbox 1519 385 1527 397; x_wconf 90' lang='lat'>,</span> <span class='ocrx_word' id='word_1_561' title='bbox 1547 364 1621 404; x_wconf 82' lang='lat' dir='ltr'>quod</span> <span class='ocrx_word' id='word_1_562' title='bbox 1633 375 1690 393; x_wconf 85' lang='lat' dir='ltr'>non</span> <span class='ocrx_word' id='word_1_563' title='bbox 1701 372 1765 400; x_wconf 85' lang='lat' dir='ltr'>pro-</span> 
     </span>
     <span class='ocr_line' id='line_1_68' title="bbox 976 401 1766 442; baseline 0 -10"><span class='ocrx_word' id='word_1_564' title='bbox 976 413 1037 442; x_wconf 86' lang='lat' dir='ltr'>pter</span> <span class='ocrx_word' id='word_1_565' title='bbox 1046 401 1204 431; x_wconf 76' lang='lat' dir='ltr'>scandalum</span> <span class='ocrx_word' id='word_1_566' title='bbox 1213 403 1423 433; x_wconf 82' lang='lat' dir='ltr'>inobservantiae</span> <span class='ocrx_word' id='word_1_567' title='bbox 1434 415 1448 433; x_wconf 87' lang='lat' dir='ltr'>a</span> <span class='ocrx_word' id='word_1_568' title='bbox 1457 404 1614 434; x_wconf 83' lang='lat' dir='ltr'>morticinis</span> <span class='ocrx_word' id='word_1_569' title='bbox 1623 407 1698 440; x_wconf 85' lang='lat' dir='ltr'>juxta</span> <span class='ocrx_word' id='word_1_570' title='bbox 1708 413 1766 432; x_wconf 79' lang='lat' dir='ltr'>mo-</span> 
     </span>
     <span class='ocr_line' id='line_1_69' title="bbox 974 444 1766 481; baseline 0 -9"><span class='ocrx_word' id='word_1_571' title='bbox 974 444 1075 473; x_wconf 79' lang='lat' dir='ltr'>saicum</span> <span class='ocrx_word' id='word_1_572' title='bbox 1086 453 1253 481; x_wconf 75' lang='lat' dir='ltr'>praeceptum</span> <span class='ocrx_word' id='word_1_573' title='bbox 1264 445 1361 474; x_wconf 77' lang='lat' dir='ltr'>Paulus</span> <span class='ocrx_word' id='word_1_574' title='bbox 1371 444 1498 474; x_wconf 82' lang='lat' dir='ltr'>abstineri</span> <span class='ocrx_word' id='word_1_575' title='bbox 1509 445 1646 474; x_wconf 83' lang='lat' dir='ltr'>consuluit</span> <span class='ocrx_word' id='word_1_576' title='bbox 1656 456 1665 476; x_wconf 73' lang='grc' dir='ltr'><strong>ς</strong></span> <span class='ocrx_word' id='word_1_577' title='bbox 1675 444 1721 473; x_wconf 89' lang='lat' dir='ltr'>sed</span> <span class='ocrx_word' id='word_1_578' title='bbox 1733 454 1766 472; x_wconf 88' lang='lat' dir='ltr'>ne</span> 
     </span>
     <span class='ocr_line' id='line_1_70' title="bbox 975 484 1767 519; baseline 0 -5"><span class='ocrx_word' id='word_1_579' title='bbox 975 485 1150 514; x_wconf 77' lang='lat' dir='ltr'>offendantur</span> <span class='ocrx_word' id='word_1_580' title='bbox 1167 485 1271 514; x_wconf 80' lang='lat' dir='ltr'>infirmi</span> <span class='ocrx_word' id='word_1_581' title='bbox 1282 486 1409 515; x_wconf 82' lang='lat' dir='ltr'>Gentiles</span> <span class='ocrx_word' id='word_1_582' title='bbox 1421 508 1428 519; x_wconf 90' lang='lat'><em>,</em></span> <span class='ocrx_word' id='word_1_583' title='bbox 1448 485 1576 514; x_wconf 86' lang='lat' dir='ltr'>videntes</span> <span class='ocrx_word' id='word_1_584' title='bbox 1596 484 1767 514; x_wconf 78' lang='lat' dir='ltr'>Christianos</span> 
     </span>
     <span class='ocr_line' id='line_1_71' title="bbox 974 524 1767 566; baseline -0.003 -12"><span class='ocrx_word' id='word_1_585' title='bbox 974 525 1072 554; x_wconf 86' lang='lat' dir='ltr'>eduliis</span> <span class='ocrx_word' id='word_1_586' title='bbox 1083 525 1266 554; x_wconf 87' lang='lat' dir='ltr'>immolatitiis</span> <span class='ocrx_word' id='word_1_587' title='bbox 1278 526 1362 556; x_wconf 87' lang='lat' dir='ltr'>vesci.</span> <span class='ocrx_word' id='word_1_588' title='bbox 1375 531 1447 566; x_wconf 86' lang='lat' dir='ltr'>Ergo</span> <span class='ocrx_word' id='word_1_589' title='bbox 1457 526 1561 564; x_wconf 86' lang='lat' dir='ltr'>triplex</span> <span class='ocrx_word' id='word_1_590' title='bbox 1572 524 1706 554; x_wconf 86' lang='lat' dir='ltr'>sententia</span> <span class='ocrx_word' id='word_1_591' title='bbox 1716 529 1767 555; x_wconf 76' lang='lat' dir='ltr'>Pe.</span> 
     </span>
     <span class='ocr_line' id='line_1_72' title="bbox 975 565 1767 603; baseline -0.009 -3"><span class='ocrx_word' id='word_1_592' title='bbox 975 567 1009 595; x_wconf 76' lang='lat' dir='ltr'>tri</span> <span class='ocrx_word' id='word_1_593' title='bbox 1022 588 1030 599; x_wconf 81' lang='lat'><em>‚</em></span> <span class='ocrx_word' id='word_1_594' title='bbox 1042 566 1134 603; x_wconf 75' lang='lat' dir='ltr'>Jacobi</span> <span class='ocrx_word' id='word_1_595' title='bbox 1145 587 1152 598; x_wconf 93' lang='lat'><em>,</em></span> <span class='ocrx_word' id='word_1_596' title='bbox 1163 571 1190 595; x_wconf 78' lang='grc' dir='ltr'>δι</span> <span class='ocrx_word' id='word_1_597' title='bbox 1199 567 1293 601; x_wconf 82' lang='lat' dir='ltr'>Pauli,</span> <span class='ocrx_word' id='word_1_598' title='bbox 1304 578 1388 597; x_wconf 88' lang='lat' dir='ltr'>unum</span> <span class='ocrx_word' id='word_1_599' title='bbox 1399 589 1408 601; x_wconf 92' lang='lat'>,</span> <span class='ocrx_word' id='word_1_600' title='bbox 1421 578 1449 596; x_wconf 87' lang='lat' dir='ltr'>ac</span> <span class='ocrx_word' id='word_1_601' title='bbox 1459 567 1534 595; x_wconf 86' lang='lat' dir='ltr'>idem</span> <span class='ocrx_word' id='word_1_602' title='bbox 1546 565 1696 595; x_wconf 86' lang='lat' dir='ltr'>funiculum</span> <span class='ocrx_word' id='word_1_603' title='bbox 1706 566 1767 598; x_wconf 69' lang='lat' dir='ltr'>facit</span> 
     </span>
     <span class='ocr_line' id='line_1_73' title="bbox 974 607 1769 639; baseline 0.004 -4"><span class='ocrx_word' id='word_1_604' title='bbox 974 617 1069 636; x_wconf 78' lang='lat' dir='ltr'>contra</span> <span class='ocrx_word' id='word_1_605' title='bbox 1080 607 1252 639; x_wconf 69' lang='lat' dir='ltr'>Hsereticos5</span> <span class='ocrx_word' id='word_1_606' title='bbox 1275 611 1371 638; x_wconf 85' lang='lat' dir='ltr'>Petrus</span> <span class='ocrx_word' id='word_1_607' title='bbox 1381 608 1455 637; x_wconf 84' lang='lat' dir='ltr'>enim</span> <span class='ocrx_word' id='word_1_608' title='bbox 1467 608 1575 636; x_wconf 75' lang='lat' dir='ltr'>nolebat</span> <span class='ocrx_word' id='word_1_609' title='bbox 1584 608 1617 636; x_wconf 82' lang='lat' dir='ltr'>ad</span> <span class='ocrx_word' id='word_1_610' title='bbox 1627 607 1769 638; x_wconf 78' lang='lat' dir='ltr'>mosaicam</span> 
     </span>
     <span class='ocr_line' id='line_1_74' title="bbox 974 647 1770 688; baseline 0.004 -12"><span class='ocrx_word' id='word_1_611' title='bbox 974 649 1064 686; x_wconf 89' lang='lat' dir='ltr'>legem</span> <span class='ocrx_word' id='word_1_612' title='bbox 1073 647 1248 678; x_wconf 76' lang='lat' dir='ltr'>Christianos</span> <span class='ocrx_word' id='word_1_613' title='bbox 1259 649 1458 688; x_wconf 63' lang='lat' dir='ltr'>constringerm</span> <span class='ocrx_word' id='word_1_614' title='bbox 1470 650 1584 687; x_wconf 84' lang='lat' dir='ltr'>Jacobus</span> <span class='ocrx_word' id='word_1_615' title='bbox 1595 648 1730 677; x_wconf 79' lang='lat' dir='ltr'>consuluit</span> <span class='ocrx_word' id='word_1_616' title='bbox 1740 650 1770 679; x_wconf 84' lang='lat' dir='ltr'>in</span> 
     </span>
     <span class='ocr_line' id='line_1_75' title="bbox 975 688 1771 727; baseline 0.001 -10"><span class='ocrx_word' id='word_1_617' title='bbox 975 689 1088 727; x_wconf 76' lang='lat' dir='ltr'>epistola</span> <span class='ocrx_word' id='word_1_618' title='bbox 1099 688 1251 726; x_wconf 83' lang='lat' dir='ltr'>Apostolici</span> <span class='ocrx_word' id='word_1_619' title='bbox 1263 691 1374 719; x_wconf 79' lang='lat' dir='ltr'>Senatus</span> <span class='ocrx_word' id='word_1_620' title='bbox 1383 689 1556 718; x_wconf 80' lang='lat' dir='ltr'>scribendum</span> <span class='ocrx_word' id='word_1_621' title='bbox 1568 690 1672 718; x_wconf 87' lang='lat' dir='ltr'>nullum</span> <span class='ocrx_word' id='word_1_622' title='bbox 1683 699 1749 718; x_wconf 86' lang='lat' dir='ltr'>onus</span> <span class='ocrx_word' id='word_1_623' title='bbox 1762 711 1771 722; x_wconf 87' lang='lat'>‚</span> 
     </span>
     <span class='ocr_line' id='line_1_76' title="bbox 976 729 1771 769; baseline 0 -11"><span class='ocrx_word' id='word_1_624' title='bbox 976 729 1054 762; x_wconf 87' lang='lat' dir='ltr'>idest,</span> <span class='ocrx_word' id='word_1_625' title='bbox 1065 729 1182 768; x_wconf 78' lang='lat' dir='ltr'>antiquae</span> <span class='ocrx_word' id='word_1_626' title='bbox 1193 730 1260 769; x_wconf 85' lang='lat' dir='ltr'>legis</span> <span class='ocrx_word' id='word_1_627' title='bbox 1270 731 1413 769; x_wconf 87' lang='lat' dir='ltr'>imponere</span> <span class='ocrx_word' id='word_1_628' title='bbox 1424 731 1495 759; x_wconf 87' lang='lat' dir='ltr'>velle</span> <span class='ocrx_word' id='word_1_629' title='bbox 1505 731 1667 760; x_wconf 76' lang='lat' dir='ltr'>Concilium</span> <span class='ocrx_word' id='word_1_630' title='bbox 1677 742 1685 761; x_wconf 66' lang='grc' dir='ltr'><strong><em>ς</em></strong></span> <span class='ocrx_word' id='word_1_631' title='bbox 1704 732 1771 759; x_wconf 80' lang='lat' dir='ltr'>Pau-</span> 
     </span>
     <span class='ocr_line' id='line_1_77' title="bbox 975 770 1771 809; baseline 0 -10"><span class='ocrx_word' id='word_1_632' title='bbox 975 771 1016 799; x_wconf 88' lang='lat' dir='ltr'>lus</span> <span class='ocrx_word' id='word_1_633' title='bbox 1026 771 1132 798; x_wconf 88' lang='lat' dir='ltr'>nullum</span> <span class='ocrx_word' id='word_1_634' title='bbox 1141 770 1226 798; x_wconf 87' lang='lat' dir='ltr'>edulii</span> <span class='ocrx_word' id='word_1_635' title='bbox 1237 770 1391 809; x_wconf 86' lang='lat' dir='ltr'>scrupulum</span> <span class='ocrx_word' id='word_1_636' title='bbox 1401 770 1555 800; x_wconf 85' lang='lat' dir='ltr'>habendum</span> <span class='ocrx_word' id='word_1_637' title='bbox 1564 771 1702 804; x_wconf 61' lang='lat' dir='ltr'>docetA&#39;ed</span> <span class='ocrx_word' id='word_1_638' title='bbox 1714 781 1771 799; x_wconf 81' lang='lat' dir='ltr'>tan.</span> 
     </span>
     <span class='ocr_line' id='line_1_78' title="bbox 977 809 1770 849; baseline 0 -11"><span class='ocrx_word' id='word_1_639' title='bbox 977 821 1035 839; x_wconf 90' lang='lat' dir='ltr'>tum</span> <span class='ocrx_word' id='word_1_640' title='bbox 1045 810 1154 839; x_wconf 83' lang='lat' dir='ltr'>ratione</span> <span class='ocrx_word' id='word_1_641' title='bbox 1164 809 1282 839; x_wconf 82' lang='lat' dir='ltr'>scandali</span> <span class='ocrx_word' id='word_1_642' title='bbox 1299 811 1486 849; x_wconf 76' lang='lat' dir='ltr'>insipientium</span> <span class='ocrx_word' id='word_1_643' title='bbox 1505 812 1586 840; x_wconf 85' lang='lat' dir='ltr'>cdere</span> <span class='ocrx_word' id='word_1_644' title='bbox 1609 810 1749 849; x_wconf 85' lang='lat' dir='ltr'>prohibuit</span> <span class='ocrx_word' id='word_1_645' title='bbox 1761 832 1770 843; x_wconf 86' lang='lat'><em>,</em></span> 
     </span>
     <span class='ocr_line' id='line_1_79' title="bbox 977 849 1772 884; baseline -0.001 -4"><span class='ocrx_word' id='word_1_646' title='bbox 977 862 1012 880; x_wconf 91' lang='lat' dir='ltr'>ne</span> <span class='ocrx_word' id='word_1_647' title='bbox 1022 849 1175 879; x_wconf 88' lang='lat' dir='ltr'>immundas</span> <span class='ocrx_word' id='word_1_648' title='bbox 1185 861 1275 879; x_wconf 82' lang='lat' dir='ltr'>carnes</span> <span class='ocrx_word' id='word_1_649' title='bbox 1284 872 1292 884; x_wconf 87' lang='lat'><em>,</em></span> <span class='ocrx_word' id='word_1_650' title='bbox 1304 851 1382 884; x_wconf 88' lang='lat' dir='ltr'>idest,</span> <span class='ocrx_word' id='word_1_651' title='bbox 1393 853 1554 881; x_wconf 80' lang='lat' dir='ltr'>Doemoniis</span> <span class='ocrx_word' id='word_1_652' title='bbox 1565 852 1716 880; x_wconf 74' lang='lat' dir='ltr'>immolatas</span> <span class='ocrx_word' id='word_1_653' title='bbox 1725 861 1772 879; x_wconf 88' lang='lat' dir='ltr'>co-</span> 
     </span>
     <span class='ocr_line' id='line_1_80' title="bbox 976 890 1771 931; baseline 0 -11"><span class='ocrx_word' id='word_1_654' title='bbox 976 892 1086 920; x_wconf 85' lang='lat' dir='ltr'>medere</span> <span class='ocrx_word' id='word_1_655' title='bbox 1096 901 1145 919; x_wconf 87' lang='lat' dir='ltr'>nos</span> <span class='ocrx_word' id='word_1_656' title='bbox 1154 890 1295 920; x_wconf 83' lang='lat' dir='ltr'>videamur</span> <span class='ocrx_word' id='word_1_657' title='bbox 1305 893 1336 920; x_wconf 78' lang='lat' dir='ltr'>ab</span> <span class='ocrx_word' id='word_1_658' title='bbox 1345 893 1532 930; x_wconf 75' lang='lat' dir='ltr'>insipientibus</span> <span class='ocrx_word' id='word_1_659' title='bbox 1542 913 1549 921; x_wconf 93' lang='lat'>.</span> <span class='ocrx_word' id='word_1_660' title='bbox 1572 894 1668 931; x_wconf 83' lang='lat' dir='ltr'>Itaque</span> <span class='ocrx_word' id='word_1_661' title='bbox 1688 902 1771 921; x_wconf 88' lang='lat' dir='ltr'>nemo</span> 
     </span>
     <span class='ocr_line' id='line_1_81' title="bbox 976 931 1772 973; baseline 0.001 -13"><span class='ocrx_word' id='word_1_662' title='bbox 976 933 1176 970; x_wconf 81' lang='lat' dir='ltr'>Apostolorum</span> <span class='ocrx_word' id='word_1_663' title='bbox 1186 932 1220 960; x_wconf 88' lang='lat' dir='ltr'>de</span> <span class='ocrx_word' id='word_1_664' title='bbox 1229 931 1360 973; x_wconf 85' lang='lat' dir='ltr'>sauguine</span> <span class='ocrx_word' id='word_1_665' title='bbox 1370 932 1500 962; x_wconf 82' lang='lat' dir='ltr'>suffocato</span> <span class='ocrx_word' id='word_1_666' title='bbox 1510 954 1517 965; x_wconf 92' lang='lat'><em>,</em></span> <span class='ocrx_word' id='word_1_667' title='bbox 1527 932 1594 962; x_wconf 88' lang='lat' dir='ltr'>idest</span> <span class='ocrx_word' id='word_1_668' title='bbox 1605 954 1613 965; x_wconf 90' lang='lat'><em>,</em></span> <span class='ocrx_word' id='word_1_669' title='bbox 1623 933 1772 972; x_wconf 80' lang='lat' dir='ltr'>strangula-</span> 
     </span>
     <span class='ocr_line' id='line_1_82' title="bbox 976 971 1772 1013; baseline -0.001 -11"><span class='ocrx_word' id='word_1_670' title='bbox 976 983 1005 1002; x_wconf 89' lang='lat' dir='ltr'>to</span> <span class='ocrx_word' id='word_1_671' title='bbox 1023 977 1099 1009; x_wconf 85' lang='lat' dir='ltr'>juxta</span> <span class='ocrx_word' id='word_1_672' title='bbox 1108 982 1276 1011; x_wconf 76' lang='lat' dir='ltr'>praeceptum</span> <span class='ocrx_word' id='word_1_673' title='bbox 1295 972 1440 1002; x_wconf 83' lang='lat' dir='ltr'>mosaicum</span> <span class='ocrx_word' id='word_1_674' title='bbox 1453 974 1581 1013; x_wconf 86' lang='lat' dir='ltr'>loquutus</span> <span class='ocrx_word' id='word_1_675' title='bbox 1591 974 1629 1002; x_wconf 88' lang='lat' dir='ltr'>est</span> <span class='ocrx_word' id='word_1_676' title='bbox 1642 984 1651 1004; x_wconf 68' lang='lat' dir='ltr'>i</span> <span class='ocrx_word' id='word_1_677' title='bbox 1671 971 1716 1002; x_wconf 90' lang='lat' dir='ltr'>sed</span> <span class='ocrx_word' id='word_1_678' title='bbox 1738 974 1772 1002; x_wconf 86' lang='lat' dir='ltr'>de</span> 
     </span>
     <span class='ocr_line' id='line_1_83' title="bbox 975 1013 1773 1052; baseline 0 -10"><span class='ocrx_word' id='word_1_679' title='bbox 975 1013 1108 1052; x_wconf 84' lang='lat' dir='ltr'>sanguine</span> <span class='ocrx_word' id='word_1_680' title='bbox 1119 1035 1125 1045; x_wconf 85' lang='lat'><em>,</em></span> <span class='ocrx_word' id='word_1_681' title='bbox 1138 1017 1164 1041; x_wconf 67' lang='grc' dir='ltr'>ἃ</span> <span class='ocrx_word' id='word_1_682' title='bbox 1175 1014 1268 1042; x_wconf 83' lang='lat' dir='ltr'>edulio</span> <span class='ocrx_word' id='word_1_683' title='bbox 1278 1013 1408 1043; x_wconf 84' lang='lat' dir='ltr'>suffocato</span> <span class='ocrx_word' id='word_1_684' title='bbox 1419 1036 1428 1047; x_wconf 92' lang='lat'><em>,</em></span> <span class='ocrx_word' id='word_1_685' title='bbox 1450 1014 1517 1042; x_wconf 80' lang='lat' dir='ltr'>idest</span> <span class='ocrx_word' id='word_1_686' title='bbox 1528 1036 1535 1045; x_wconf 88' lang='lat'><em>,</em></span> <span class='ocrx_word' id='word_1_687' title='bbox 1548 1014 1636 1043; x_wconf 86' lang='lat' dir='ltr'>Idolis</span> <span class='ocrx_word' id='word_1_688' title='bbox 1647 1014 1773 1042; x_wconf 81' lang='lat' dir='ltr'>immola—</span> 
     </span>
     <span class='ocr_line' id='line_1_84' title="bbox 977 1053 1772 1094; baseline -0.001 -11"><span class='ocrx_word' id='word_1_689' title='bbox 977 1065 1007 1083; x_wconf 85' lang='lat' dir='ltr'>to</span> <span class='ocrx_word' id='word_1_690' title='bbox 1017 1076 1023 1083; x_wconf 90' lang='lat'>.</span> <span class='ocrx_word' id='word_1_691' title='bbox 1043 1053 1192 1083; x_wconf 78' lang='lat' dir='ltr'>Franciscus</span> <span class='ocrx_word' id='word_1_692' title='bbox 1211 1055 1360 1084; x_wconf 83' lang='lat' dir='ltr'>Turrianus</span> <span class='ocrx_word' id='word_1_693' title='bbox 1378 1054 1506 1085; x_wconf 85' lang='lat' dir='ltr'>adversus</span> <span class='ocrx_word' id='word_1_694' title='bbox 1524 1054 1772 1094; x_wconf 80' lang='lat' dir='ltr'>Magdeburgenses</span> 
     </span>
     <span class='ocr_line' id='line_1_85' title="bbox 977 1095 1773 1135; baseline -0.001 -11"><span class='ocrx_word' id='word_1_695' title='bbox 977 1095 1176 1124; x_wconf 81' lang='lat' dir='ltr'>centuriatores</span> <span class='ocrx_word' id='word_1_696' title='bbox 1193 1095 1240 1124; x_wconf 90' lang='lat' dir='ltr'>lib.</span> <span class='ocrx_word' id='word_1_697' title='bbox 1257 1107 1280 1124; x_wconf 90' lang='lat'>1.</span> <span class='ocrx_word' id='word_1_698' title='bbox 1303 1107 1360 1135; x_wconf 72' lang='lat' dir='ltr'>cap.</span> <span class='ocrx_word' id='word_1_699' title='bbox 1374 1106 1399 1132; x_wconf 84' lang='lat'>5.</span> <span class='ocrx_word' id='word_1_700' title='bbox 1418 1097 1484 1126; x_wconf 85' lang='lat' dir='ltr'>bene</span> <span class='ocrx_word' id='word_1_701' title='bbox 1495 1095 1580 1124; x_wconf 85' lang='lat' dir='ltr'>infert</span> <span class='ocrx_word' id='word_1_702' title='bbox 1590 1118 1598 1129; x_wconf 96' lang='lat'><strong><em>,</em></strong></span> <span class='ocrx_word' id='word_1_703' title='bbox 1621 1096 1694 1135; x_wconf 88' lang='lat' dir='ltr'>quod</span> <span class='ocrx_word' id='word_1_704' title='bbox 1708 1095 1773 1124; x_wconf 86' lang='lat' dir='ltr'>ideo</span> 
     </span>
     <span class='ocr_line' id='line_1_86' title="bbox 976 1135 1773 1175; baseline -0.001 -10"><span class='ocrx_word' id='word_1_705' title='bbox 976 1136 1188 1165; x_wconf 74' lang='lat' dir='ltr'>fornicationem</span> <span class='ocrx_word' id='word_1_706' title='bbox 1199 1136 1325 1165; x_wconf 88' lang='lat' dir='ltr'>cumillis</span> <span class='ocrx_word' id='word_1_707' title='bbox 1336 1137 1419 1166; x_wconf 88' lang='lat' dir='ltr'>tribus</span> <span class='ocrx_word' id='word_1_708' title='bbox 1428 1135 1657 1175; x_wconf 82' lang='lat' dir='ltr'>prohibitionibus</span> <span class='ocrx_word' id='word_1_709' title='bbox 1675 1139 1773 1171; x_wconf 77' lang='lat' dir='ltr'>conju-</span> 
     </span>
     <span class='ocr_line' id='line_1_87' title="bbox 978 1176 1773 1216; baseline -0.003 -10"><span class='ocrx_word' id='word_1_710' title='bbox 978 1187 1075 1206; x_wconf 87' lang='lat' dir='ltr'>xerant</span> <span class='ocrx_word' id='word_1_711' title='bbox 1087 1177 1235 1215; x_wconf 83' lang='lat' dir='ltr'>Apostoli,</span> <span class='ocrx_word' id='word_1_712' title='bbox 1247 1188 1380 1216; x_wconf 75' lang='lat' dir='ltr'>quatenus</span> <span class='ocrx_word' id='word_1_713' title='bbox 1391 1200 1398 1211; x_wconf 90' lang='lat'><em>,</em></span> <span class='ocrx_word' id='word_1_714' title='bbox 1414 1177 1519 1206; x_wconf 86' lang='lat' dir='ltr'>scilicet</span> <span class='ocrx_word' id='word_1_715' title='bbox 1531 1199 1538 1210; x_wconf 91' lang='lat'>,</span> <span class='ocrx_word' id='word_1_716' title='bbox 1561 1178 1594 1206; x_wconf 87' lang='lat' dir='ltr'>ad</span> <span class='ocrx_word' id='word_1_717' title='bbox 1605 1176 1773 1206; x_wconf 83' lang='lat' dir='ltr'>contamina-</span> 
     </span>
     <span class='ocr_line' id='line_1_88' title="bbox 978 1216 1775 1257; baseline -0.001 -11"><span class='ocrx_word' id='word_1_718' title='bbox 978 1219 1068 1247; x_wconf 81' lang='lat' dir='ltr'>tiones</span> <span class='ocrx_word' id='word_1_719' title='bbox 1080 1217 1229 1250; x_wconf 81' lang='lat' dir='ltr'>idolorum,</span> <span class='ocrx_word' id='word_1_720' title='bbox 1239 1218 1294 1247; x_wconf 82' lang='lat' dir='ltr'>five</span> <span class='ocrx_word' id='word_1_721' title='bbox 1306 1219 1340 1247; x_wconf 79' lang='lat' dir='ltr'>ad</span> <span class='ocrx_word' id='word_1_722' title='bbox 1348 1218 1535 1247; x_wconf 77' lang='lat' dir='ltr'>idololatriam</span> <span class='ocrx_word' id='word_1_723' title='bbox 1546 1216 1775 1257; x_wconf 79' lang='lat' dir='ltr'>pertinent3quod</span> 
     </span>
     <span class='ocr_line' id='line_1_89' title="bbox 977 1258 1774 1298; baseline 0.001 -12"><span class='ocrx_word' id='word_1_724' title='bbox 977 1258 1043 1287; x_wconf 87' lang='lat' dir='ltr'>licet</span> <span class='ocrx_word' id='word_1_725' title='bbox 1054 1268 1150 1287; x_wconf 87' lang='lat' dir='ltr'>verum</span> <span class='ocrx_word' id='word_1_726' title='bbox 1160 1258 1191 1286; x_wconf 84' lang='lat' dir='ltr'>fit</span> <span class='ocrx_word' id='word_1_727' title='bbox 1201 1279 1209 1291; x_wconf 87' lang='lat'><em>‚</em></span> <span class='ocrx_word' id='word_1_728' title='bbox 1228 1270 1286 1287; x_wconf 88' lang='lat' dir='ltr'>non</span> <span class='ocrx_word' id='word_1_729' title='bbox 1297 1269 1390 1287; x_wconf 77' lang='lat' dir='ltr'>tamen</span> <span class='ocrx_word' id='word_1_730' title='bbox 1411 1268 1466 1287; x_wconf 83' lang='lat' dir='ltr'>tam</span> <span class='ocrx_word' id='word_1_731' title='bbox 1476 1258 1600 1298; x_wconf 80' lang='lat' dir='ltr'>rigorose</span> <span class='ocrx_word' id='word_1_732' title='bbox 1611 1258 1774 1296; x_wconf 42' lang='lat' dir='ltr'>intelligere</span> 
     </span>
     <span class='ocr_line' id='line_1_90' title="bbox 979 1298 1773 1337; baseline -0.004 -9"><span class='ocrx_word' id='word_1_733' title='bbox 979 1299 1043 1328; x_wconf 90' lang='lat' dir='ltr'>dum</span> <span class='ocrx_word' id='word_1_734' title='bbox 1053 1321 1061 1331; x_wconf 91' lang='lat'><em>,</em></span> <span class='ocrx_word' id='word_1_735' title='bbox 1079 1309 1109 1326; x_wconf 90' lang='lat' dir='ltr'>ut</span> <span class='ocrx_word' id='word_1_736' title='bbox 1118 1298 1176 1337; x_wconf 84' lang='lat' dir='ltr'>ipse</span> <span class='ocrx_word' id='word_1_737' title='bbox 1186 1309 1300 1328; x_wconf 82' lang='lat' dir='ltr'>conatur</span> <span class='ocrx_word' id='word_1_738' title='bbox 1312 1300 1424 1337; x_wconf 86' lang='lat' dir='ltr'>probare</span> <span class='ocrx_word' id='word_1_739' title='bbox 1434 1321 1442 1331; x_wconf 88' lang='lat'><em>,</em></span> <span class='ocrx_word' id='word_1_740' title='bbox 1462 1300 1537 1337; x_wconf 89' lang='lat' dir='ltr'>quod</span> <span class='ocrx_word' id='word_1_741' title='bbox 1557 1300 1587 1328; x_wconf 87' lang='lat' dir='ltr'>in</span> <span class='ocrx_word' id='word_1_742' title='bbox 1601 1310 1658 1327; x_wconf 78' lang='lat' dir='ltr'>can.</span> <span class='ocrx_word' id='word_1_743' title='bbox 1676 1298 1773 1326; x_wconf 77' lang='lat' dir='ltr'>ass&#39;erto</span> 
     </span>
     <span class='ocr_line' id='line_1_91' title="bbox 978 1339 1773 1377; baseline -0.001 -9"><span class='ocrx_word' id='word_1_744' title='bbox 978 1339 1106 1377; x_wconf 86' lang='lat' dir='ltr'>Apostol.</span> <span class='ocrx_word' id='word_1_745' title='bbox 1119 1346 1165 1376; x_wconf 82' lang='lat'>63.</span> <span class='ocrx_word' id='word_1_746' title='bbox 1186 1349 1280 1367; x_wconf 89' lang='lat' dir='ltr'>verum</span> <span class='ocrx_word' id='word_1_747' title='bbox 1301 1340 1333 1368; x_wconf 84' lang='lat' dir='ltr'>sit</span> <span class='ocrx_word' id='word_1_748' title='bbox 1344 1340 1492 1377; x_wconf 86' lang='lat' dir='ltr'>Apostolos</span> <span class='ocrx_word' id='word_1_749' title='bbox 1514 1339 1560 1367; x_wconf 88' lang='lat' dir='ltr'>sub</span> <span class='ocrx_word' id='word_1_750' title='bbox 1571 1350 1652 1376; x_wconf 86' lang='lat' dir='ltr'>poena</span> <span class='ocrx_word' id='word_1_751' title='bbox 1662 1349 1773 1367; x_wconf 89' lang='lat' dir='ltr'>excom-</span> 
     </span>
     <span class='ocr_line' id='line_1_92' title="bbox 978 1378 1767 1418; baseline -0.001 -11"><span class='ocrx_word' id='word_1_752' title='bbox 978 1379 1173 1407; x_wconf 81' lang='lat' dir='ltr'>municationis</span> <span class='ocrx_word' id='word_1_753' title='bbox 1184 1378 1237 1407; x_wconf 87' lang='lat' dir='ltr'>hoc</span> <span class='ocrx_word' id='word_1_754' title='bbox 1248 1379 1416 1418; x_wconf 74' lang='lat' dir='ltr'>praecepiffe÷</span> <span class='ocrx_word' id='word_1_755' title='bbox 1440 1390 1503 1408; x_wconf 84' lang='lat' dir='ltr'>nam</span> <span class='ocrx_word' id='word_1_756' title='bbox 1515 1380 1594 1408; x_wconf 88' lang='lat' dir='ltr'>nimis</span> <span class='ocrx_word' id='word_1_757' title='bbox 1611 1378 1767 1408; x_wconf 87' lang='lat' dir='ltr'>inconsulte</span> 
     </span>
     <span class='ocr_line' id='line_1_93' title="bbox 977 1419 1767 1458; baseline -0.003 -9"><span class='ocrx_word' id='word_1_758' title='bbox 977 1420 1106 1449; x_wconf 85' lang='lat' dir='ltr'>discurrit</span> <span class='ocrx_word' id='word_1_759' title='bbox 1115 1441 1122 1452; x_wconf 94' lang='lat'><em>,</em></span> <span class='ocrx_word' id='word_1_760' title='bbox 1132 1419 1195 1458; x_wconf 79' lang='lat' dir='ltr'>quia</span> <span class='ocrx_word' id='word_1_761' title='bbox 1205 1419 1372 1458; x_wconf 85' lang='lat' dir='ltr'>sequeretur,</span> <span class='ocrx_word' id='word_1_762' title='bbox 1381 1421 1456 1458; x_wconf 80' lang='lat' dir='ltr'>quod</span> <span class='ocrx_word' id='word_1_763' title='bbox 1465 1421 1547 1449; x_wconf 78' lang='lat' dir='ltr'>etiam</span> <span class='ocrx_word' id='word_1_764' title='bbox 1557 1431 1605 1449; x_wconf 87' lang='lat' dir='ltr'>nos</span> <span class='ocrx_word' id='word_1_765' title='bbox 1615 1420 1644 1447; x_wconf 89' lang='lat' dir='ltr'>in</span> <span class='ocrx_word' id='word_1_766' title='bbox 1657 1429 1767 1448; x_wconf 88' lang='lat' dir='ltr'>excom-</span> 
     </span>
     <span class='ocr_line' id='line_1_94' title="bbox 979 1459 1773 1498; baseline 0 -10"><span class='ocrx_word' id='word_1_767' title='bbox 979 1459 1194 1489; x_wconf 75' lang='lat' dir='ltr'>municationem</span> <span class='ocrx_word' id='word_1_768' title='bbox 1204 1460 1400 1489; x_wconf 87' lang='lat' dir='ltr'>incurreremus</span> <span class='ocrx_word' id='word_1_769' title='bbox 1412 1482 1419 1492; x_wconf 85' lang='lat'><em>,</em></span> <span class='ocrx_word' id='word_1_770' title='bbox 1440 1460 1503 1498; x_wconf 79' lang='lat' dir='ltr'>quia</span> <span class='ocrx_word' id='word_1_771' title='bbox 1516 1461 1580 1488; x_wconf 82' lang='lat' dir='ltr'>talia</span> <span class='ocrx_word' id='word_1_772' title='bbox 1588 1461 1755 1488; x_wconf 77' lang='lat' dir='ltr'>comedimus</span> <span class='ocrx_word' id='word_1_773' title='bbox 1768 1481 1773 1487; x_wconf 48' lang='grc' dir='ltr'>ι</span> 
     </span>
     <span class='ocr_line' id='line_1_95' title="bbox 980 1499 1769 1539; baseline -0.003 -9"><span class='ocrx_word' id='word_1_774' title='bbox 980 1502 1072 1539; x_wconf 87' lang='lat' dir='ltr'>Igitur</span> <span class='ocrx_word' id='word_1_775' title='bbox 1083 1500 1179 1528; x_wconf 89' lang='lat' dir='ltr'>melius</span> <span class='ocrx_word' id='word_1_776' title='bbox 1198 1511 1259 1528; x_wconf 92' lang='lat' dir='ltr'>cum</span> <span class='ocrx_word' id='word_1_777' title='bbox 1270 1501 1388 1529; x_wconf 78' lang='lat' dir='ltr'>Baronio</span> <span class='ocrx_word' id='word_1_778' title='bbox 1396 1500 1637 1529; x_wconf 76' lang='lat' dir='ltr'>Centuriatoribus</span> <span class='ocrx_word' id='word_1_779' title='bbox 1659 1499 1769 1538; x_wconf 38' lang='lat' dir='ltr'>respon*</span> 
     </span>
     <span class='ocr_line' id='line_1_96' title="bbox 983 1541 1778 1581; baseline -0.003 -11"><span class='ocrx_word' id='word_1_780' title='bbox 983 1541 1118 1577; x_wconf 88' lang='lat' dir='ltr'>dendum,</span> <span class='ocrx_word' id='word_1_781' title='bbox 1127 1541 1202 1579; x_wconf 85' lang='lat' dir='ltr'>quod</span> <span class='ocrx_word' id='word_1_782' title='bbox 1211 1542 1339 1570; x_wconf 85' lang='lat' dir='ltr'>Canones</span> <span class='ocrx_word' id='word_1_783' title='bbox 1351 1541 1507 1581; x_wconf 84' lang='lat' dir='ltr'>Apostolici</span> <span class='ocrx_word' id='word_1_784' title='bbox 1517 1541 1548 1568; x_wconf 81' lang='lat' dir='ltr'>ab</span> <span class='ocrx_word' id='word_1_785' title='bbox 1558 1541 1665 1569; x_wconf 80' lang='lat' dir='ltr'>Ilidoro</span> <span class='ocrx_word' id='word_1_786' title='bbox 1674 1551 1778 1578; x_wconf 89' lang='lat' dir='ltr'>cogno-</span> 
     </span>
     <span class='ocr_line' id='line_1_97' title="bbox 980 1580 1776 1620; baseline -0.004 -9"><span class='ocrx_word' id='word_1_787' title='bbox 980 1592 1075 1611; x_wconf 88' lang='lat' dir='ltr'>mento</span> <span class='ocrx_word' id='word_1_788' title='bbox 1094 1583 1202 1619; x_wconf 82' lang='lat' dir='ltr'>Exiguo</span> <span class='ocrx_word' id='word_1_789' title='bbox 1221 1592 1278 1610; x_wconf 90' lang='lat' dir='ltr'>non</span> <span class='ocrx_word' id='word_1_790' title='bbox 1295 1582 1406 1611; x_wconf 88' lang='lat' dir='ltr'>suerunt</span> <span class='ocrx_word' id='word_1_791' title='bbox 1426 1580 1563 1620; x_wconf 81' lang='lat' dir='ltr'>plusquam</span> <span class='ocrx_word' id='word_1_792' title='bbox 1577 1582 1776 1620; x_wconf 78' lang='lat' dir='ltr'>quinquaginta</span> 
     </span>
     <span class='ocr_line' id='line_1_98' title="bbox 982 1622 1777 1660; baseline -0.004 -8"><span class='ocrx_word' id='word_1_793' title='bbox 982 1622 1092 1652; x_wconf 63' lang='lat' dir='ltr'>collecti</span> <span class='ocrx_word' id='word_1_794' title='bbox 1105 1643 1111 1653; x_wconf 93' lang='lat'><em>,</em></span> <span class='ocrx_word' id='word_1_795' title='bbox 1122 1622 1189 1651; x_wconf 85' lang='lat' dir='ltr'>&amp;in</span> <span class='ocrx_word' id='word_1_796' title='bbox 1198 1623 1278 1651; x_wconf 82' lang='lat' dir='ltr'>Sexta</span> <span class='ocrx_word' id='word_1_797' title='bbox 1287 1623 1401 1659; x_wconf 87' lang='lat' dir='ltr'>Synodo</span> <span class='ocrx_word' id='word_1_798' title='bbox 1411 1633 1424 1650; x_wconf 88' lang='lat' dir='ltr'>a</span> <span class='ocrx_word' id='word_1_799' title='bbox 1434 1622 1539 1651; x_wconf 73' lang='lat' dir='ltr'>Graecis</span> <span class='ocrx_word' id='word_1_800' title='bbox 1551 1631 1692 1660; x_wconf 78' lang='lat' dir='ltr'>perperam</span> <span class='ocrx_word' id='word_1_801' title='bbox 1701 1622 1777 1650; x_wconf 82' lang='lat' dir='ltr'>addi-</span> 
     </span>
     <span class='ocr_line' id='line_1_99' title="bbox 982 1661 1777 1701; baseline -0.003 -10"><span class='ocrx_word' id='word_1_802' title='bbox 982 1664 1004 1695; x_wconf 85' lang='lat' dir='ltr'>1i</span> <span class='ocrx_word' id='word_1_803' title='bbox 1018 1686 1025 1696; x_wconf 89' lang='lat'><em>,</em></span> <span class='ocrx_word' id='word_1_804' title='bbox 1039 1673 1068 1691; x_wconf 87' lang='lat' dir='ltr'>ut</span> <span class='ocrx_word' id='word_1_805' title='bbox 1077 1661 1155 1701; x_wconf 79' lang='lat' dir='ltr'>supra</span> <span class='ocrx_word' id='word_1_806' title='bbox 1165 1662 1295 1695; x_wconf 52' lang='lat' dir='ltr'>diximus</span> <span class='ocrx_word' id='word_1_807' title='bbox 1307 1664 1408 1693; x_wconf 85' lang='lat' dir='ltr'>&amp;ideo</span> <span class='ocrx_word' id='word_1_808' title='bbox 1418 1662 1511 1692; x_wconf 81' lang='lat' dir='ltr'>frustra</span> <span class='ocrx_word' id='word_1_809' title='bbox 1520 1662 1618 1691; x_wconf 88' lang='lat' dir='ltr'>nititur</span> <span class='ocrx_word' id='word_1_810' title='bbox 1629 1663 1777 1691; x_wconf 75' lang='lat' dir='ltr'>Turi-ianus</span> 
     </span>
     <span class='ocr_line' id='line_1_100' title="bbox 983 1701 1777 1742; baseline -0.004 -10"><span class='ocrx_word' id='word_1_811' title='bbox 983 1704 1131 1732; x_wconf 86' lang='lat' dir='ltr'>defendere</span> <span class='ocrx_word' id='word_1_812' title='bbox 1147 1702 1222 1731; x_wconf 87' lang='lat' dir='ltr'>hunc</span> <span class='ocrx_word' id='word_1_813' title='bbox 1232 1715 1366 1732; x_wconf 79' lang='lat' dir='ltr'>canonem</span> <span class='ocrx_word' id='word_1_814' title='bbox 1378 1710 1424 1742; x_wconf 73' lang='lat'>⁶3·</span> <span class='ocrx_word' id='word_1_815' title='bbox 1444 1703 1508 1732; x_wconf 81' lang='lat' dir='ltr'>dum</span> <span class='ocrx_word' id='word_1_816' title='bbox 1526 1702 1583 1741; x_wconf 90' lang='lat' dir='ltr'>ipse</span> <span class='ocrx_word' id='word_1_817' title='bbox 1593 1703 1724 1739; x_wconf 74' lang='lat' dir='ltr'>Batonius</span> <span class='ocrx_word' id='word_1_818' title='bbox 1735 1701 1777 1729; x_wconf 88' lang='lat' dir='ltr'>su-</span> 
     </span>
     <span class='ocr_line' id='line_1_101' title="bbox 980 1743 1778 1783; baseline -0.004 -11"><span class='ocrx_word' id='word_1_819' title='bbox 980 1744 1102 1783; x_wconf 64' lang='lat' dir='ltr'>speSkum</span> <span class='ocrx_word' id='word_1_820' title='bbox 1111 1743 1173 1772; x_wconf 87' lang='lat' dir='ltr'>satis</span> <span class='ocrx_word' id='word_1_821' title='bbox 1183 1744 1282 1773; x_wconf 89' lang='lat' dir='ltr'>reddit.</span> <span class='ocrx_word' id='word_1_822' title='bbox 1294 1747 1329 1774; x_wconf 89' lang='lat' dir='ltr'>In</span> <span class='ocrx_word' id='word_1_823' title='bbox 1341 1747 1396 1774; x_wconf 86' lang='lat' dir='ltr'>Sac.</span> <span class='ocrx_word' id='word_1_824' title='bbox 1408 1744 1490 1772; x_wconf 82' lang='lat' dir='ltr'>etiam</span> <span class='ocrx_word' id='word_1_825' title='bbox 1500 1744 1634 1781; x_wconf 85' lang='lat' dir='ltr'>Scriptura</span> <span class='ocrx_word' id='word_1_826' title='bbox 1644 1743 1778 1780; x_wconf 75' lang='lat' dir='ltr'>Suffbcare</span> 
     </span>
     <span class='ocr_line' id='line_1_102' title="bbox 984 1782 1778 1825; baseline -0.006 -11"><span class='ocrx_word' id='word_1_827' title='bbox 984 1796 1034 1825; x_wconf 89' lang='lat' dir='ltr'>pro</span> <span class='ocrx_word' id='word_1_828' title='bbox 1044 1785 1185 1813; x_wconf 77' lang='lat' dir='ltr'>immolare</span> <span class='ocrx_word' id='word_1_829' title='bbox 1197 1785 1329 1824; x_wconf 80' lang='lat' dir='ltr'>accipitur</span> <span class='ocrx_word' id='word_1_830' title='bbox 1341 1797 1348 1817; x_wconf 78' lang='lat'>5</span> <span class='ocrx_word' id='word_1_831' title='bbox 1369 1785 1404 1814; x_wconf 77' lang='lat' dir='ltr'>sic</span> <span class='ocrx_word' id='word_1_832' title='bbox 1420 1785 1495 1813; x_wconf 88' lang='lat' dir='ltr'>enim</span> <span class='ocrx_word' id='word_1_833' title='bbox 1506 1782 1606 1813; x_wconf 85' lang='lat' dir='ltr'>Ezech.</span> <span class='ocrx_word' id='word_1_834' title='bbox 1619 1789 1665 1820; x_wconf 86' lang='lat'>36.</span> <span class='ocrx_word' id='word_1_835' title='bbox 1684 1782 1717 1810; x_wconf 80' lang='lat' dir='ltr'>ad</span> <span class='ocrx_word' id='word_1_836' title='bbox 1727 1792 1778 1820; x_wconf 83' lang='lat' dir='ltr'>po·</span> 
     </span>
     <span class='ocr_line' id='line_1_103' title="bbox 984 1823 1778 1865; baseline -0.005 -11"><span class='ocrx_word' id='word_1_837' title='bbox 984 1827 1078 1865; x_wconf 90' lang='lat' dir='ltr'>pulum</span> <span class='ocrx_word' id='word_1_838' title='bbox 1088 1826 1236 1854; x_wconf 56' lang='lat' dir='ltr'>Hebraeum</span> <span class='ocrx_word' id='word_1_839' title='bbox 1253 1827 1345 1865; x_wconf 87' lang='lat' dir='ltr'>inquit</span> <span class='ocrx_word' id='word_1_840' title='bbox 1360 1838 1365 1854; x_wconf 88' lang='lat'>:</span> <span class='ocrx_word' id='word_1_841' title='bbox 1385 1827 1463 1861; x_wconf 90' lang='lat' dir='ltr'>[Pro</span> <span class='ocrx_word' id='word_1_842' title='bbox 1472 1835 1504 1853; x_wconf 89' lang='lat' dir='ltr'>eo</span> <span class='ocrx_word' id='word_1_843' title='bbox 1514 1846 1521 1856; x_wconf 92' lang='lat'><em>,</em></span> <span class='ocrx_word' id='word_1_844' title='bbox 1541 1823 1615 1861; x_wconf 88' lang='lat' dir='ltr'>quod</span> <span class='ocrx_word' id='word_1_845' title='bbox 1626 1823 1722 1851; x_wconf 90' lang='lat' dir='ltr'>dicunt</span> <span class='ocrx_word' id='word_1_846' title='bbox 1743 1823 1778 1851; x_wconf 90' lang='lat' dir='ltr'>de</span> 
     </span>
     <span class='ocr_line' id='line_1_104' title="bbox 986 1864 1778 1901; baseline -0.008 -5"><span class='ocrx_word' id='word_1_847' title='bbox 986 1867 1063 1896; x_wconf 86' lang='lat' dir='ltr'>vobis</span> <span class='ocrx_word' id='word_1_848' title='bbox 1073 1888 1080 1899; x_wconf 90' lang='lat'><em>,</em></span> <span class='ocrx_word' id='word_1_849' title='bbox 1092 1867 1249 1895; x_wconf 82' lang='lat' dir='ltr'>devoratrix</span> <span class='ocrx_word' id='word_1_850' title='bbox 1260 1866 1404 1896; x_wconf 86' lang='lat' dir='ltr'>hominum</span> <span class='ocrx_word' id='word_1_851' title='bbox 1415 1876 1441 1894; x_wconf 87' lang='lat' dir='ltr'>es</span> <span class='ocrx_word' id='word_1_852' title='bbox 1452 1888 1460 1899; x_wconf 91' lang='lat'>‚</span> <span class='ocrx_word' id='word_1_853' title='bbox 1481 1868 1509 1893; x_wconf 77' lang='grc' dir='ltr'>δε</span> <span class='ocrx_word' id='word_1_854' title='bbox 1520 1864 1651 1893; x_wconf 53' lang='lat' dir='ltr'>suffocans</span> <span class='ocrx_word' id='word_1_855' title='bbox 1663 1872 1778 1901; x_wconf 84' lang='lat' dir='ltr'>gentem</span> 
     </span>
     <span class='ocr_line' id='line_1_105' title="bbox 987 1904 1779 1943; baseline -0.008 -7"><span class='ocrx_word' id='word_1_856' title='bbox 987 1918 1060 1936; x_wconf 85' lang='lat' dir='ltr'>tuam</span> <span class='ocrx_word' id='word_1_857' title='bbox 1071 1909 1100 1938; x_wconf 86' lang='lat'>.]</span> <span class='ocrx_word' id='word_1_858' title='bbox 1122 1910 1213 1936; x_wconf 77' lang='lat' dir='ltr'>Antea</span> <span class='ocrx_word' id='word_1_859' title='bbox 1222 1908 1297 1936; x_wconf 88' lang='lat' dir='ltr'>enim</span> <span class='ocrx_word' id='word_1_860' title='bbox 1307 1907 1412 1936; x_wconf 82' lang='lat' dir='ltr'>dixerat</span> <span class='ocrx_word' id='word_1_861' title='bbox 1425 1907 1458 1935; x_wconf 91' lang='lat' dir='ltr'>de</span> <span class='ocrx_word' id='word_1_862' title='bbox 1467 1906 1566 1934; x_wconf 86' lang='lat' dir='ltr'>eodem</span> <span class='ocrx_word' id='word_1_863' title='bbox 1579 1904 1681 1943; x_wconf 88' lang='lat' dir='ltr'>populo</span> <span class='ocrx_word' id='word_1_864' title='bbox 1693 1915 1698 1930; x_wconf 90' lang='lat'>:</span> <span class='ocrx_word' id='word_1_865' title='bbox 1721 1909 1733 1938; x_wconf 90' lang='lat'>[</span> <span class='ocrx_word' id='word_1_866' title='bbox 1745 1906 1779 1931; x_wconf 86' lang='lat' dir='ltr'>Et</span> 
     </span>
     <span class='ocr_line' id='line_1_106' title="bbox 984 1943 1781 1985; baseline -0.008 -9"><span class='ocrx_word' id='word_1_867' title='bbox 984 1948 1071 1976; x_wconf 76' lang='lat' dir='ltr'>tulisti</span> <span class='ocrx_word' id='word_1_868' title='bbox 1082 1947 1153 1976; x_wconf 79' lang='lat' dir='ltr'>filios</span> <span class='ocrx_word' id='word_1_869' title='bbox 1171 1957 1230 1976; x_wconf 86' lang='lat' dir='ltr'>tuos</span> <span class='ocrx_word' id='word_1_870' title='bbox 1240 1970 1248 1980; x_wconf 87' lang='lat'><em>,</em></span> <span class='ocrx_word' id='word_1_871' title='bbox 1266 1952 1294 1976; x_wconf 76' lang='grc' dir='ltr'>ὅ(</span> <span class='ocrx_word' id='word_1_872' title='bbox 1304 1948 1370 1976; x_wconf 84' lang='lat' dir='ltr'>filias</span> <span class='ocrx_word' id='word_1_873' title='bbox 1378 1957 1433 1976; x_wconf 78' lang='lat' dir='ltr'>tuas</span> <span class='ocrx_word' id='word_1_874' title='bbox 1444 1968 1451 1979; x_wconf 90' lang='lat'><em>,</em></span> <span class='ocrx_word' id='word_1_875' title='bbox 1473 1956 1531 1984; x_wconf 75' lang='lat' dir='ltr'>quae</span> <span class='ocrx_word' id='word_1_876' title='bbox 1544 1943 1679 1985; x_wconf 83' lang='lat' dir='ltr'>generasti</span> <span class='ocrx_word' id='word_1_877' title='bbox 1689 1943 1758 1972; x_wconf 88' lang='lat' dir='ltr'>mihi</span> <span class='ocrx_word' id='word_1_878' title='bbox 1769 1964 1781 1976; x_wconf 89' lang='lat'><em>,</em></span> 
     </span>
     <span class='ocr_line' id='line_1_107' title="bbox 986 1983 1780 2025; baseline -0.006 -8"><span class='ocrx_word' id='word_1_879' title='bbox 986 1993 1013 2018; x_wconf 71' lang='grc' dir='ltr'>ὅ(</span> <span class='ocrx_word' id='word_1_880' title='bbox 1025 1989 1171 2016; x_wconf 80' lang='lat' dir='ltr'>immolasti</span> <span class='ocrx_word' id='word_1_881' title='bbox 1183 1989 1221 2018; x_wconf 89' lang='lat' dir='ltr'>eis</span> <span class='ocrx_word' id='word_1_882' title='bbox 1231 1989 1263 2016; x_wconf 81' lang='lat' dir='ltr'>ad</span> <span class='ocrx_word' id='word_1_883' title='bbox 1274 1988 1461 2017; x_wconf 76' lang='lat' dir='ltr'>devorandum</span> <span class='ocrx_word' id='word_1_884' title='bbox 1470 2007 1478 2013; x_wconf 86' lang='lat'><em>.</em></span> <span class='ocrx_word' id='word_1_885' title='bbox 1497 1985 1640 2025; x_wconf 89' lang='lat' dir='ltr'>Numquid</span> <span class='ocrx_word' id='word_1_886' title='bbox 1650 1995 1731 2023; x_wconf 76' lang='lat' dir='ltr'>parva</span> <span class='ocrx_word' id='word_1_887' title='bbox 1741 1983 1780 2012; x_wconf 86' lang='lat' dir='ltr'>est</span> 
     </span>
     <span class='ocr_line' id='line_1_108' title="bbox 986 2025 1781 2060; baseline -0.009 -2"><span class='ocrx_word' id='word_1_888' title='bbox 986 2029 1135 2058; x_wconf 79' lang='lat' dir='ltr'>fornicatio</span> <span class='ocrx_word' id='word_1_889' title='bbox 1146 2034 1208 2058; x_wconf 78' lang='lat' dir='ltr'>tua?</span> <span class='ocrx_word' id='word_1_890' title='bbox 1221 2028 1374 2058; x_wconf 80' lang='lat' dir='ltr'>Immolasti</span> <span class='ocrx_word' id='word_1_891' title='bbox 1385 2028 1457 2056; x_wconf 85' lang='lat' dir='ltr'>filios</span> <span class='ocrx_word' id='word_1_892' title='bbox 1466 2037 1540 2056; x_wconf 86' lang='lat' dir='ltr'>meos</span> <span class='ocrx_word' id='word_1_893' title='bbox 1550 2049 1557 2060; x_wconf 90' lang='lat'><em>‚</em></span> <span class='ocrx_word' id='word_1_894' title='bbox 1569 2030 1597 2055; x_wconf 74' lang='grc' dir='ltr'>δε</span> <span class='ocrx_word' id='word_1_895' title='bbox 1606 2025 1705 2054; x_wconf 83' lang='lat' dir='ltr'>dedisti</span> <span class='ocrx_word' id='word_1_896' title='bbox 1716 2025 1781 2052; x_wconf 79' lang='lat' dir='ltr'>illos</span> 
     </span>
     <span class='ocr_line' id='line_1_109' title="bbox 987 2063 1780 2108; baseline -0.008 -10"><span class='ocrx_word' id='word_1_897' title='bbox 987 2069 1147 2098; x_wconf 79' lang='lat' dir='ltr'>consecrans</span> <span class='ocrx_word' id='word_1_898' title='bbox 1156 2069 1208 2097; x_wconf 73' lang='grc' dir='ltr'>εἰς.</span> <span class='ocrx_word' id='word_1_899' title='bbox 1222 2072 1233 2101; x_wconf 92' lang='grc'>]</span> <span class='ocrx_word' id='word_1_900' title='bbox 1255 2069 1333 2097; x_wconf 89' lang='lat' dir='ltr'>Idem</span> <span class='ocrx_word' id='word_1_901' title='bbox 1343 2079 1400 2107; x_wconf 81' lang='lat' dir='ltr'>cap.</span> <span class='ocrx_word' id='word_1_902' title='bbox 1416 2075 1459 2097; x_wconf 87' lang='lat'>16.</span> <span class='ocrx_word' id='word_1_903' title='bbox 1476 2068 1539 2108; x_wconf 81' lang='lat' dir='ltr'>quia</span> <span class='ocrx_word' id='word_1_904' title='bbox 1552 2066 1728 2095; x_wconf 69' lang='lat' dir='ltr'>immolabant</span> <span class='ocrx_word' id='word_1_905' title='bbox 1747 2063 1780 2095; x_wconf 73' lang='lat' dir='ltr'>fi-</span> 
     </span>
     <span class='ocr_line' id='line_1_110' title="bbox 989 2103 1782 2145; baseline -0.006 -6"><span class='ocrx_word' id='word_1_906' title='bbox 989 2112 1039 2139; x_wconf 86' lang='lat' dir='ltr'>lios</span> <span class='ocrx_word' id='word_1_907' title='bbox 1050 2108 1109 2139; x_wconf 85' lang='lat' dir='ltr'>suos</span> <span class='ocrx_word' id='word_1_908' title='bbox 1118 2111 1233 2139; x_wconf 75' lang='lat' dir='ltr'>Saturno</span> <span class='ocrx_word' id='word_1_909' title='bbox 1243 2109 1288 2137; x_wconf 87' lang='lat' dir='ltr'>sub</span> <span class='ocrx_word' id='word_1_910' title='bbox 1299 2110 1410 2138; x_wconf 88' lang='lat' dir='ltr'>nomine</span> <span class='ocrx_word' id='word_1_911' title='bbox 1422 2108 1548 2141; x_wconf 87' lang='lat' dir='ltr'>Moloch,</span> <span class='ocrx_word' id='word_1_912' title='bbox 1559 2107 1593 2136; x_wconf 87' lang='lat' dir='ltr'>de</span> <span class='ocrx_word' id='word_1_913' title='bbox 1604 2117 1658 2145; x_wconf 88' lang='lat' dir='ltr'>quo</span> <span class='ocrx_word' id='word_1_914' title='bbox 1669 2103 1782 2135; x_wconf 69' lang='lat' dir='ltr'>Moioch</span> 
     </span>
     <span class='ocr_line' id='line_1_111' title="bbox 987 2145 1781 2180; baseline -0.008 -1"><span class='ocrx_word' id='word_1_915' title='bbox 987 2150 1119 2180; x_wconf 56' lang='lat' dir='ltr'>ssim-fficio</span> <span class='ocrx_word' id='word_1_916' title='bbox 1138 2151 1168 2179; x_wconf 87' lang='lat' dir='ltr'>in</span> <span class='ocrx_word' id='word_1_917' title='bbox 1180 2151 1246 2179; x_wconf 62' lang='lat' dir='ltr'>dist.</span> <span class='ocrx_word' id='word_1_918' title='bbox 1257 2150 1387 2179; x_wconf 76' lang='lat' dir='ltr'>Cebenna</span> <span class='ocrx_word' id='word_1_919' title='bbox 1398 2150 1501 2178; x_wconf 57' lang='lat' dir='ltr'>dietum</span> <span class='ocrx_word' id='word_1_920' title='bbox 1511 2149 1548 2177; x_wconf 86' lang='lat' dir='ltr'>est</span> <span class='ocrx_word' id='word_1_921' title='bbox 1558 2169 1565 2175; x_wconf 86' lang='lat'><em>.</em></span> <span class='ocrx_word' id='word_1_922' title='bbox 1588 2148 1663 2176; x_wconf 87' lang='lat' dir='ltr'>Hinc</span> <span class='ocrx_word' id='word_1_923' title='bbox 1673 2146 1708 2173; x_wconf 85' lang='lat' dir='ltr'>D·</span> <span class='ocrx_word' id='word_1_924' title='bbox 1719 2145 1781 2179; x_wconf 81' lang='lat' dir='ltr'>Cy·</span> 
     </span>
    </p>
   </div>
   <div class='ocr_carea' id='block_1_6' title="bbox 989 2184 1808 2229">
    <p class='ocr_par' dir='ltr' id='par_1_6' title="bbox 989 2184 1808 2229">
     <span class='ocr_line' id='line_1_112' title="bbox 989 2184 1808 2229; baseline -0.012 -9"><span class='ocrx_word' id='word_1_925' title='bbox 989 2192 1066 2220; x_wconf 87' lang='lat' dir='ltr'>rillus</span> <span class='ocrx_word' id='word_1_926' title='bbox 1075 2192 1213 2220; x_wconf 86' lang='lat' dir='ltr'>Alexand.</span> <span class='ocrx_word' id='word_1_927' title='bbox 1226 2192 1268 2219; x_wconf 91' lang='lat' dir='ltr'>lib.</span> <span class='ocrx_word' id='word_1_928' title='bbox 1281 2202 1307 2225; x_wconf 83' lang='lat'>4.</span> <span class='ocrx_word' id='word_1_929' title='bbox 1320 2191 1349 2218; x_wconf 90' lang='lat' dir='ltr'>in</span> <span class='ocrx_word' id='word_1_930' title='bbox 1358 2201 1414 2229; x_wconf 78' lang='lat' dir='ltr'>cap.</span> <span class='ocrx_word' id='word_1_931' title='bbox 1426 2197 1473 2225; x_wconf 85' lang='lat'>46.</span> <span class='ocrx_word' id='word_1_932' title='bbox 1484 2189 1566 2218; x_wconf 74' lang='lat' dir='ltr'>Esaia:</span> <span class='ocrx_word' id='word_1_933' title='bbox 1577 2188 1708 2219; x_wconf 74' lang='lat' dir='ltr'>exclamat</span> <span class='ocrx_word' id='word_1_934' title='bbox 1721 2206 1727 2217; x_wconf 89' lang='lat'><em>,</em></span> <span class='ocrx_word' id='word_1_935' title='bbox 1738 2184 1781 2212; x_wconf 91' lang='lat' dir='ltr'>in-</span> <span class='ocrx_word' id='word_1_936' title='bbox 1806 2194 1808 2196; x_wconf 51' lang='lat'>&gt;</span> 
     </span>
    </p>
   </div>
   <div class='ocr_carea' id='block_1_7' title="bbox 988 2229 1781 2391">
    <p class='ocr_par' dir='ltr' id='par_1_7' title="bbox 988 2229 1781 2391">
     <span class='ocr_line' id='line_1_113' title="bbox 989 2229 1781 2271; baseline -0.008 -10"><span class='ocrx_word' id='word_1_937' title='bbox 989 2233 1086 2271; x_wconf 89' lang='lat' dir='ltr'>quiens</span> <span class='ocrx_word' id='word_1_938' title='bbox 1098 2244 1103 2260; x_wconf 92' lang='lat'>.·</span> <span class='ocrx_word' id='word_1_939' title='bbox 1117 2233 1171 2267; x_wconf 92' lang='lat' dir='ltr'>[O</span> <span class='ocrx_word' id='word_1_940' title='bbox 1181 2231 1390 2260; x_wconf 79' lang='lat' dir='ltr'>abominandam</span> <span class='ocrx_word' id='word_1_941' title='bbox 1404 2253 1411 2264; x_wconf 95' lang='lat'><em>,</em></span> <span class='ocrx_word' id='word_1_942' title='bbox 1433 2235 1460 2259; x_wconf 80' lang='grc' dir='ltr'>ὅ(</span> <span class='ocrx_word' id='word_1_943' title='bbox 1470 2229 1588 2258; x_wconf 72' lang='lat' dir='ltr'>invisam</span> <span class='ocrx_word' id='word_1_944' title='bbox 1598 2229 1660 2257; x_wconf 78' lang='lat' dir='ltr'>Deo</span> <span class='ocrx_word' id='word_1_945' title='bbox 1671 2247 1678 2257; x_wconf 91' lang='lat'>,</span> <span class='ocrx_word' id='word_1_946' title='bbox 1700 2234 1781 2266; x_wconf 48' lang='lat' dir='ltr'>{itque</span> 
     </span>
     <span class='ocr_line' id='line_1_114' title="bbox 989 2267 1781 2312; baseline -0.013 -11"><span class='ocrx_word' id='word_1_947' title='bbox 989 2273 1145 2301; x_wconf 89' lang='lat' dir='ltr'>hominibus</span> <span class='ocrx_word' id='word_1_948' title='bbox 1154 2273 1315 2301; x_wconf 80' lang='lat' dir='ltr'>celebratam</span> <span class='ocrx_word' id='word_1_949' title='bbox 1324 2272 1498 2311; x_wconf 71' lang='lat' dir='ltr'>panegyrim!</span> <span class='ocrx_word' id='word_1_950' title='bbox 1512 2272 1586 2312; x_wconf 79' lang='lat' dir='ltr'>Deus</span> <span class='ocrx_word' id='word_1_951' title='bbox 1596 2267 1658 2311; x_wconf 72' lang='lat' dir='ltr'>sane</span> <span class='ocrx_word' id='word_1_952' title='bbox 1668 2274 1781 2294; x_wconf 81' lang='lat' dir='ltr'>univer-</span> 
     </span>
     <span class='ocr_line' id='line_1_115' title="bbox 989 2307 1781 2351; baseline -0.013 -9"><span class='ocrx_word' id='word_1_953' title='bbox 989 2313 1081 2342; x_wconf 85' lang='lat' dir='ltr'>sorum</span> <span class='ocrx_word' id='word_1_954' title='bbox 1093 2313 1136 2341; x_wconf 85' lang='lat' dir='ltr'>his</span> <span class='ocrx_word' id='word_1_955' title='bbox 1146 2314 1213 2342; x_wconf 84' lang='lat' dir='ltr'>adeo</span> <span class='ocrx_word' id='word_1_956' title='bbox 1223 2313 1348 2351; x_wconf 81' lang='lat' dir='ltr'>gravibus</span> <span class='ocrx_word' id='word_1_957' title='bbox 1357 2312 1546 2351; x_wconf 78' lang='lat' dir='ltr'>iniquitatibus</span> <span class='ocrx_word' id='word_1_958' title='bbox 1557 2307 1704 2351; x_wconf 75' lang='lat' dir='ltr'>indignans</span> <span class='ocrx_word' id='word_1_959' title='bbox 1715 2326 1722 2338; x_wconf 90' lang='lat'><em>‚</em></span> <span class='ocrx_word' id='word_1_960' title='bbox 1733 2314 1781 2343; x_wconf 81' lang='lat' dir='ltr'>pet·</span> 
     </span>
     <span class='ocr_line' id='line_1_116' title="bbox 988 2343 1781 2391; baseline -0.014 -8"><span class='ocrx_word' id='word_1_961' title='bbox 988 2364 1072 2382; x_wconf 85' lang='lat' dir='ltr'>unum</span> <span class='ocrx_word' id='word_1_962' title='bbox 1083 2365 1098 2383; x_wconf 88' lang='lat' dir='ltr'>e</span> <span class='ocrx_word' id='word_1_963' title='bbox 1109 2355 1211 2383; x_wconf 61' lang='lat' dir='ltr'>Sanctis</span> <span class='ocrx_word' id='word_1_964' title='bbox 1223 2352 1369 2391; x_wconf 80' lang='lat' dir='ltr'>Prophetis</span> <span class='ocrx_word' id='word_1_965' title='bbox 1378 2354 1448 2383; x_wconf 86' lang='lat' dir='ltr'>dicit</span> <span class='ocrx_word' id='word_1_966' title='bbox 1458 2350 1561 2387; x_wconf 85' lang='lat' dir='ltr'>his‚qui</span> <span class='ocrx_word' id='word_1_967' title='bbox 1571 2349 1633 2376; x_wconf 71' lang='lat' dir='ltr'>talia</span> <span class='ocrx_word' id='word_1_968' title='bbox 1644 2351 1729 2375; x_wconf 75' lang='lat' dir='ltr'>tacere</span> <span class='ocrx_word' id='word_1_969' title='bbox 1738 2343 1781 2371; x_wconf 85' lang='lat' dir='ltr'>so-</span> 
     </span>
    </p>
   </div>
   <div class='ocr_carea' id='block_1_8' title="bbox 989 2387 1780 2454">
    <p class='ocr_par' dir='ltr' id='par_1_8' title="bbox 989 2387 1780 2454">
     <span class='ocr_line' id='line_1_117' title="bbox 989 2387 1780 2454; baseline -0.013 -31"><span class='ocrx_word' id='word_1_970' title='bbox 989 2396 1095 2426; x_wconf 83' lang='lat' dir='ltr'>lebant:</span> <span class='ocrx_word' id='word_1_971' title='bbox 1113 2395 1230 2425; x_wconf 74' lang='lat' dir='ltr'>Maftate</span> <span class='ocrx_word' id='word_1_972' title='bbox 1239 2393 1383 2426; x_wconf 70' lang='lat' dir='ltr'>hominess</span> <span class='ocrx_word' id='word_1_973' title='bbox 1409 2390 1499 2422; x_wconf 86' lang='lat' dir='ltr'>Vituli</span> <span class='ocrx_word' id='word_1_974' title='bbox 1518 2389 1593 2420; x_wconf 87' lang='lat' dir='ltr'>enim</span> <span class='ocrx_word' id='word_1_975' title='bbox 1604 2387 1761 2454; x_wconf 45' lang='lat' dir='ltr'>deseceiiiunt</span> <span class='ocrx_word' id='word_1_976' title='bbox 1772 2403 1780 2412; x_wconf 46' lang='lat' dir='ltr'><em>a</em></span> 
     </span>
     <span class='ocr_line' id='line_1_118' title="bbox 1722 2435 1739 2454; baseline 0 0"><span class='ocrx_word' id='word_1_977' title='bbox 1722 2435 1739 2454; x_wconf 87' lang='lat' dir='ltr'>o</span> 
     </span>
    </p>
   </div>
  </div>
 </body>
</html>
