1866 2526
444 35 555 79 CA

59 109 67 116 ·
82 93 406 128 Plani-caerularium
413 93 546 134 appellat.
557 92 707 132 [Propolae
719 113 728 126 ,
738 91 872 126 Ijmron-

88 147 138 168 ne·
147 157 157 171 ‚
176 134 359 170 eudelani,
379 135 412 164 in
422 135 488 165 Aul.

42 179 182 209 canem..
193 175 268 205 Vide
277 178 390 206 firmes
399 196 406 204 .
416 176 505 207 ratleo
517 195 525 204 .
534 175 618 213 Hafa.
626 176 780 206 Poulaa'nia
789 194 796 203 ·
807 179 874 204 San-

87 218 183 248 dalia-
204 218 321 246 Zanchae
331 236 340 244 .

46 261 63 287 τ
85 260 226 290 circius
237 277 244 285 .
267 257 438 287 InEeclefiae
459 256 580 287 introitu
590 257 719 287 nonnulli
732 257 836 287 calceos
846 265 875 283 e·

89 299 218 331 mebant,
225 297 286 328 haec
295 308 390 327 tamen
400 297 573 328 consuetudo
582 307 722 336 nunquam
731 295 874 327 universa—

85 340 152 369 liter
174 338 227 367 fuit
248 340 279 368 in
301 339 420 370 Ecclesia
439 349 548 378 recepta
559 360 567 372 ‚
590 339 656 369 licet
677 338 776 369 nostris
797 336 875 368 hisce

85 379 378 419 »temporibus-magnae
387 380 670 417 alicujnsdevotionis
681 380 822 409 occasione
839 388 872 406 ex

87 421 246 450 humilitate
255 420 414 450 Christiana
434 421 529 450 multis
546 421 577 449 in
592 430 670 451 more
688 421 721 450 sit
729 441 739 453 ‚
758 417 876 458 praeser-

88 463 141 490 tim
151 471 219 491 vero
239 461 434 501 penitentiam
449 461 589 501 agentibus
599 482 608 495 ,
625 465 655 491 ὅ(
672 459 874 500 peregrinanti-

41 543 222 575 CAchch
230 564 238 572 .
262 543 337 572 Vide
347 544 493 572 Tribuna.

44 584 283 617 Caicirunmusi
298 606 305 617 ,
329 584 421 613 Calcis
442 583 560 612 soi-naz.
580 581 662 612 Bedae
684 581 825 618 Martyrol
846 592 873 610 x.

87 625 146 653 Kal.
155 626 276 664 Septem.
289 625 363 653 Vide
375 625 507 653 Calcaria
515 643 523 650 .

45 665 150 694 CAico
163 687 169 698 ,
191 675 242 703 pro
254 664 410 694 transcurro
421 685 429 692 .
453 665 554 699 [Dum
565 673 633 692 voce
643 663 774 702 depromi
789 663 874 692 calca-

86 716 163 734 catur
172 727 180 739 ‚
190 707 266 744 quod
274 705 423 744 expreffius
432 704 516 734 corde
525 705 659 733 clamatur
668 726 676 732 .
688 704 813 744 Vigilins
822 707 874 733 Ta—

84 746 186 784 pscnsis
196 745 286 785 Epist.
298 747 346 774 lib.
356 757 383 783 ς.
402 755 499 774 contra
515 744 661 780 Euthyc.]
684 746 723 774 In
740 745 874 783 aliquibus

84 787 238 816 Codicibus
247 785 378 814 mendose
391 787 530 823 Palpatur
540 795 591 824 pro
602 787 740 815 Calcatur
751 786 855 824 legitur
865 806 872 812 .

86 829 145 856 PR.
154 827 267 856 verbum
289 827 426 855 Calcatur
448 837 506 855 non
514 827 552 855 est
561 826 608 855 hic
628 837 728 865 praeter
740 826 814 855 suam
826 837 874 855 ve-

82 877 141 896 ram
149 867 378 906 significationem
387 867 506 906 positum
516 887 524 900 ,
545 877 609 896 nam
619 873 677 896 Voce
689 868 808 906 depromi
818 868 873 896 cal-

83 916 167 937 carur
177 929 186 942 ‚
208 907 389 947 supprimitur
400 930 407 941 ‚
430 908 563 937 denotat:
589 909 672 938 Calco
693 909 769 938 enim
778 928 787 941 ‚
808 913 873 946 Sup—

79 951 168 986 primo
179 971 187 982 ‚
209 948 368 985 synonyma
375 947 440 977 sunt
448 970 455 977 .

45 988 60 1003 θ’
81 989 322 1018 (ἷᾼιςυιΑτοΜε
333 1010 340 1016 .
352 992 447 1018 Genus
458 989 598 1028 quoddam
606 990 812 1018 incantatorum
823 1011 831 1022 ‚
840 989 874 1017 de

84 1029 179 1066 quibus
196 1030 227 1058 in
249 1030 381 1066 capitulis
393 1030 486 1058 caroli
497 1033 596 1067 Magni
614 1029 668 1058 hoc
676 1031 818 1058 decretum
835 1031 874 1058 le-

85 1069 194 1108 gimus:
219 1070 410 1098 Calculatorer
421 1091 429 1102 ‚
451 1072 640 1099 incantatores
652 1093 660 1104 ‚
683 1073 852 1108 tempestarii
866 1092 873 1103 ‚

87 1109 135 1138 vel
141 1110 300 1147 obligatores
317 1115 331 1144 (
340 1109 394 1138 hoc
403 1110 441 1139 est
451 1109 621 1148 phylacteria
640 1110 774 1140 facientes
793 1111 874 1140 collis

84 1149 320 1189 circumligando-s.
335 1154 347 1181 )
359 1161 411 1178 non
422 1151 503 1187 fiant
512 1164 522 1178 .·
532 1150 568 1183 ἀ·
577 1151 798 1190 ubicunqusfint
809 1173 817 1184 ‚
828 1151 876 1180 vel

85 1190 288 1222 emendemus,
299 1191 348 1218 vel
356 1191 538 1219 damnentur.
549 1191 646 1229 Capit.
657 1191 778 1231 aquisgr.
789 1192 835 1220 lib.
851 1203 872 1220 ι.

85 1240 108 1257 c.
121 1236 168 1266 64.
178 1231 293 1259 Concil.
304 1233 384 1258 Tom.
397 1241 425 1262 7.

41 1270 205 1300 (luemus
217 1291 224 1298 .
243 1270 345 1306 [Dabo
353 1271 396 1299 illi
405 1271 539 1299 calculum
548 1270 698 1300 candidum
708 1270 778 1301 &in
786 1273 875 1301 calcu-

83 1311 113 1339 lo
123 1321 226 1340 nomen
240 1321 345 1340 novum
356 1332 363 1339 .
386 1310 556 1350 Apocalyps-
567 1322 628 1351 cap.
639 1323 666 1340 2.
679 1314 692 1343 ]
704 1313 764 1342 Ubi
773 1315 875 1342 Arator

84 1361 136 1391 pro
144 1352 250 1381 calculo
258 1352 378 1381 candido
388 1374 397 1385 ‚
409 1353 488 1381 illum
498 1353 636 1389 intelligit
647 1374 655 1385 ,
667 1363 716 1391 per
725 1364 807 1392 quem
815 1353 874 1383 sor-

1213 34 1253 77 C
1282 37 1326 78 A
1585 41 1659 90 127

929 92 972 122 Ac
984 89 1061 120 idem
1068 89 1116 123 lib.
1131 100 1154 120 ι.
1163 89 1246 122 serm.
1255 93 1346 128 Satyr.
1355 102 1385 130 9.

1113 144 1258 153 —-
1276 134 1407 165 Huccine
1427 131 1516 165 solem

965 175 1038 202 Tam
1048 172 1160 213 nigrum
1168 171 1279 203 surrexe
1288 173 1358 203 mihi
1371 183 1377 204 ι

931 213 1020 247 idest,
1041 214 1164 248 tristem,
1187 218 1215 244 &
1231 213 1399 244 exitiosum:
1423 216 1482 246 lice
1493 225 1591 247 contra
1609 218 1698 247 album
1710 240 1717 249 .

929 258 956 284 ὃ(
968 254 1115 286 candidum
1126 265 1176 294 pro
1186 256 1260 285 bono
1271 275 1278 283 .
1288 259 1376 285 Novit
1385 258 1455 296 quid
1461 258 1557 289 album
1567 280 1576 291 ,
1597 260 1666 297 quid
1675 270 1702 286 m
1710 277 1719 281 <

924 306 1008 333 grum
1018 316 1028 329 ‚
1049 295 1117 326 idest
1127 317 1136 330 ‚
1159 296 1227 334 quid
1237 297 1339 326 bonum
1350 318 1359 330 ,
1381 301 1409 326 ὄε
1419 298 1486 336 quid
1498 299 1598 328 malum
1608 321 1616 333 ,
1639 302 1715 337 Apu-

930 336 998 372 lejus
1008 357 1017 370 ‚
1038 340 1067 367 ὃς
1080 336 1271 373 Quintilianus
1280 338 1298 366 l.
1313 349 1322 366 i
1335 348 1356 366 i·
1367 339 1395 368 A
1405 339 1510 368 Graecis
1523 339 1697 378 desumptum
1709 362 1718 373 ,

930 376 998 407 seua
1007 376 1155 408 Thracibus
1163 399 1172 411 ‚
1182 378 1230 417 qui
1241 377 1316 407 diem
1327 378 1504 413 fortunatum,
1518 381 1562 409 vel
1573 381 1719 409 infaustum

931 419 993 448 albo
1004 440 1013 452 ,
1036 419 1157 458 &nigro
1167 419 1266 457 lapillo
1288 419 1431 459 signabant
1441 441 1450 455 ,
1472 430 1552 460 atque
1571 431 1622 461 pro
1640 421 1722 451 felici

930 460 976 489 die
989 459 1114 490 Catullus
1122 459 1224 488 cecinit
1235 471 1241 488 ε

972 499 1080 529 Fulsere
1092 510 1157 530 vere
1167 499 1278 530 candidi
1293 500 1423 531 tibisoles
1435 522 1444 531 .

931 541 1003 570 Inde
1010 541 1143 578 judicum
1160 543 1262 571 calcidi
1274 552 1332 571 non
1346 552 1458 581 propter
1467 543 1590 574 colorem
1600 564 1608 577 ‚
1630 542 1678 572 sed
1689 544 1721 572 ab

930 580 1027 610 effeRu
1037 603 1044 614 ‚
1067 586 1160 619 nigri,
1182 586 1210 612 ὅ(
1220 583 1277 611 albi
1289 582 1448 613 dicebantur
1458 606 1466 618 ,
1488 594 1519 613 ut
1530 593 1608 614 notat
1617 584 1718 614 Adria.

930 632 980 651 nus
990 622 1087 660 Junius
1100 624 1130 651 in
1139 622 1188 651 suo
1197 623 1300 652 Lexico
1315 634 1407 663 graeco
1428 625 1457 653 in
1469 625 1534 654 diet.
1544 623 1637 663 φῖιφας
1646 647 1654 658 ‚
1676 625 1723 653 ina

931 663 1044 701 quiens:
1070 669 1082 698 [
1095 666 1180 692 Erant
1192 674 1284 692 autem
1295 665 1418 703 duplices
1427 664 1512 704 43401
1525 687 1534 699 ,
1556 665 1609 694 hoc
1621 667 1658 695 cst
1668 666 1722 694 cal-

929 703 985 731 culi
1003 715 1012 734 5
1035 703 1082 741 qui
1103 704 1324 733 condemnabant
1345 702 1507 744 γεγρωμέναα
1528 727 1539 742 ,
1555 704 1692 742 [ainwa
1711 727 1723 743 ,

929 743 1090 782 ἀναιρέσιυ,
1109 743 1310 782 τετρυπημένη
1337 745 1498 774 dicebantur
1517 747 1582 775 (etri
1594 767 1603 779 ,
1626 746 1722 785 nigri,

930 783 1044 812 lethales
1062 787 1137 816 δια]
1162 795 1221 813 non
1239 786 1302 823 quia
1320 786 1387 814 tales
1397 796 1474 815 erant
1494 787 1611 817 calculis
1633 785 1681 814 sed
1690 787 1721 816 ab

928 823 1023 854 effectu
1032 824 1067 853 fic
1077 825 1254 854 dicebantur:
1277 829 1305 856 δι
1314 836 1328 854 e
1339 826 1480 856 contrario
1491 826 1591 856 ibidem
1602 837 1608 854 ε
1622 829 1720 862 [Rur-

928 864 972 894 sus
983 885 992 897 ‚
1013 865 1062 903 qui
1083 865 1260 895 absolvebant
1281 865 1390 905 a’irpmm
1406 892 1413 903 ,
1433 865 1531 903 λώκριὶ
1547 888 1558 905 ,
1574 863 1700 906 σώζεσεα
1711 889 1721 900 ,

929 909 958 934 δε
977 904 1091 936 ἔλεξα-αι
1101 926 1112 941 ,
1133 906 1202 936 idest
1212 928 1221 940 ‚
1241 906 1368 936 salutares
1377 928 1386 941 ‚
1408 907 1517 936 candidi
1526 910 1603 939 &c.]
1623 911 1658 936 Et
1678 906 1722 936 us-

929 955 982 983 que
992 945 1026 974 ad
1037 946 1155 984 praesens
1163 947 1254 976 solent
1264 949 1359 977 album
1368 969 1376 981 ,
1398 951 1426 977 ὃ(
1435 959 1546 986 nigrum
1555 949 1658 986 pascha
1668 948 1722 977 im-

929 996 1037 1024 precare
1046 987 1142 1016 Graeci
1152 1009 1161 1021 ‚
1182 988 1256 1027 quod
1277 999 1328 1017 nos
1336 988 1439 1017 bonum
1449 993 1476 1018 δε
1487 988 1554 1018 felix
1565 1011 1574 1022 ‚
1596 988 1642 1017 seu
1663 999 1722 1018 ma-

928 1027 987 1055 lum
997 1048 1005 1059 ,
1027 1037 1072 1055 aut
1084 1027 1182 1057 infelix
1192 1028 1293 1058 Pascha
1307 1029 1429 1058 dicemus
1442 1040 1449 1057 :
1472 1029 1541 1058 item
1550 1033 1638 1067 Nigra
1648 1040 1719 1058 mor-r

929 1077 981 1106 pno
998 1066 1129 1101 infelici,
1150 1069 1227 1107 quod
1246 1069 1331 1098 etiam
1347 1070 1420 1107 apud
1430 1070 1587 1099 Homerum
1595 1069 1667 1108 saepe
1677 1072 1721 1099 ni·
1763 1083 1788 1084 W
1809 1084 1815 1085 ff

927 1117 1008 1146 grum
1027 1129 1036 1140 ,
1059 1117 1110 1146 pro
1131 1108 1294 1138 calamitoso
1315 1132 1324 1144 ‚
1354 1113 1382 1139 ὁ(
1403 1110 1578 1139 infortunato
1599 1110 1702 1150 legitur
1712 1132 1723 1140 .

929 1148 1024 1187 Igitur
1033 1151 1157 1177 Vincenti
1168 1151 1237 1178 dabo
1247 1151 1387 1179 calculum
1398 1152 1553 1179 candidam
1561 1172 1570 1184 ,
1591 1151 1625 1179 de
1645 1150 1721 1182 sorte

927 1189 1068 1226 Justorum
1077 1188 1166 1218 sermo
1177 1189 1227 1220 esse
1240 1190 1351 1219 videtur
1366 1212 1373 1223 ,
1395 1191 1430 1219 de
1441 1201 1493 1229 qua
1505 1191 1656 1229 Apostolus
1677 1193 1722 1221 in-

930 1229 1007 1267 quit:
1031 1234 1044 1264 [
1057 1230 1167 1259 Gratias
1177 1240 1289 1270 agentes
1299 1232 1365 1261 Deo
1374 1231 1448 1260 Patri
1461 1253 1469 1264 ‚
1492 1232 1540 1269 qui
1549 1232 1651 1271 dignos
1669 1243 1720 1262 nos

929 1269 996 1298 fecit
1005 1268 1035 1297 in
1046 1279 1152 1308 partem
1171 1271 1254 1300 sortis
1263 1274 1424 1302 Sanam-um
1433 1272 1462 1301 in
1483 1272 1588 1302 lumine
1599 1277 1650 1302 ἃς.
1673 1274 1722 1303 Ad

930 1308 1036 1340 Coloss'.
1047 1321 1070 1339 c.
1086 1322 1109 1340 i.
1122 1322 1168 1341 nu.
1184 1323 1226 1342 12.
1235 1315 1250 1344 ]
1274 1314 1319 1342 De
1327 1313 1438 1342 calculis
1449 1323 1558 1343 coronae
1571 1324 1622 1353 pro
1632 1314 1722 1353 preci-

928 1352 974 1380 bus
985 1351 1132 1381 fiandendis
1142 1374 1149 1380 .
1173 1354 1246 1383 Vide
1257 1355 1369 1384 Globuli
1378 1374 1387 1383 .

84 1403 114 1421 te
123 1393 286 1421 lukhuorum
296 1393 371 1431 paria
381 1384 654 1425 extrahebanrusssed
660 1393 751 1422 sensus
761 1394 807 1423 hic
816 1406 875 1424 non
920 1403 1077 1423 amantur-1
1088 1414 1096 1421 .
1115 1393 1193 1422 Vide
1213 1400 1312 1424 Portus
1325 1415 1332 1423 .

83 1432 150 1462 facit
163 1433 197 1462 ad
206 1444 274 1467 rem,
283 1434 328 1462 ubi
339 1434 373 1462 de
382 1434 487 1472 pera&a
497 1435 612 1464 victoria
622 1434 875 1473 loquitur,scilicet‚
890 1434 917 1462 C
921 1443 1068 1463 ALDELLUS
1078 1455 1087 1466 ι
1109 1444 1155 1462 Vas
1164 1455 1172 1467 ›
1195 1434 1225 1463 in
1236 1445 1292 1474 quo
1300 1434 1413 1464 cervilia
1429 1434 1616 1465 absorbebatur
1626 1456 1632 1463 ·
1657 1442 1670 1471 [
1681 1437 1718 1465 In

85 1477 209 1502 Vincenti
228 1476 313 1503 dabo.
334 1475 427 1503 Debet
447 1475 534 1514 igitur
551 1474 676 1514 intelligi
689 1485 740 1514 pro
751 1477 876 1505 Candido
931 1473 1023 1503 aestate
1031 1475 1109 1503 binos
1119 1475 1249 1505 caldellos
1259 1496 1267 1504 .
1289 1478 1325 1506 In
1336 1476 1429 1516 regula
1438 1477 1464 1506 S.
1474 1475 1590 1506 Caesarii
1599 1487 1621 1506 c.
1638 1487 1647 1505 1
1655 1483 1682 1506 6.

87 1514 266 1546 cali-ulmeam
276 1525 332 1553 quo
340 1515 380 1544 rei
389 1514 609 1550 absolvebantur,
618 1520 646 1544 δε
658 1516 820 1545 innocentes
827 1517 875 1545 de·
890 1514 1040 1544 CALENDAE
1049 1536 1056 1543 .
1080 1515 1154 1545 Vide
1174 1521 1324 1546 Neommia
1335 1538 1343 1545 .

85 1554 256 1582 clarabantur
268 1566 275 1582 .·
303 1556 379 1584 sicuti
390 1565 439 1593 per
448 1556 562 1596 nigrum
570 1557 703 1585 calculum
713 1557 875 1586 damnaban-
890 1555 1112 1585 CALENDARIUM
1131 1577 1139 1585 .

85 1604 148 1622 tur.
171 1595 217 1623 De
226 1595 419 1629 justificatione
428 1596 532 1635 igitur,
553 1601 581 1626 δι
603 1598 752 1636 peccatoris
769 1598 875 1627 contri—

1172 1558 1247 1587 Vide
1277 1559 1484 1588 Kalendarium
1499 1578 1512 1585 1
1541 1558 1692 1596 Catalogns
1712 1578 1720 1585 .

930 1601 982 1625 Ma
991 1598 1164 1636 rtyrologium
1174 1618 1181 1626 .

88 1635 166 1663 tione
177 1636 253 1663 Sacra
263 1636 364 1675 Pagina
372 1637 496 1675 loquitur
507 1659 515 1671 ‚
538 1638 585 1676 qui
605 1638 666 1676 post
681 1639 874 1677 poenitentiam
889 1637 1149 1666 CALEPACTOMUM
1160 1660 1168 1671 ‚
1190 1639 1400 1677 Hypocaustum
1411 1659 1418 1667 .
1441 1637 1548 1676 [Juffit
1571 1638 1603 1667 in
1623 1637 1721 1667 calefa-

85 1686 99 1703 a
109 1675 224 1704 reatibus
233 1675 383 1705 absolvitur
393 1698 402 1710 ‚
412 1681 439 1705 ὃ(
449 1678 548 1706 amicus
558 1679 615 1707 Dei
625 1679 776 1708 declaratur
787 1700 794 1707 .
817 1682 874 1709 PR.

930 1679 1019 1706 florio
1029 1678 1124 1717 ignem
1133 1679 1190 1708 fieri
1200 1700 1211 1708 .
1232 1679 1306 1709 Caes.
1316 1680 1360 1708 lib.
1372 1691 1399 1715 4.
1410 1689 1467 1718 cap.
1479 1685 1506 1707 6.
1681 1695 1684 1697 Δ

85 1716 207 1755 Nigrum
217 1738 226 1750 ‚
247 1719 276 1745 &
285 1717 375 1746 album
385 1727 467 1755 penes
474 1720 590 1748 Graecos
602 1729 649 1756 per
666 1720 874 1749 translationem
890 1720 1014 1748 caum
1034 1740 1042 1752 ‚
1064 1718 1112 1747 seu
1123 1721 1226 1760 Calybe
1237 1741 1245 1748 .
1267 1723 1326 1749 PR.
1335 1719 1449 1748 manicae
1468 1730 1502 1748 ex
1514 1718 1586 1748 ferro
1596 1719 1719 1748 asti-iao-

85 1758 188 1785 malum
198 1779 207 1790 ,
227 1760 256 1786 δε
267 1757 369 1786 bonum
379 1759 552 1798 intelligitur
562 1781 570 1792 ,
592 1760 626 1788 de
635 1770 686 1798 qua
705 1760 792 1798 phi-ali
803 1760 875 1800 saepe
931 1760 978 1788 riae
990 1779 997 1787 .
1021 1765 1034 1795 [
1046 1759 1199 1789 Posuerunt
1220 1761 1250 1789 in
1267 1760 1377 1789 scamno
1387 1783 1394 1794 ‚
1416 1760 1544 1789 indutum
1555 1760 1649 1788 calibis
1659 1781 1667 1792 ,
1689 1764 1718 1790 δε

88 1798 226 1826 Homerus
236 1819 244 1830 ,
265 1798 339 1828 unde
347 1809 363 1828 a
375 1800 506 1828 vocabulo
515 1797 628 1835 μέλας,
649 1802 723 1839 quod
732 1812 821 1840 graece
832 1803 874 1831 ni—

930 1800 1050 1829 catenis.
1074 1801 1197 1831 Exilium
1220 1803 1246 1830 S.
1269 1801 1385 1830 Martini
1407 1803 1507 1839 Papae,
1531 1804 1558 1829 δε
1582 1802 1664 1829 Mart.
1687 1801 1716 1830 in

85 1847 184 1876 grum5
206 1837 272 1866 inde
289 1859 298 1871 ‚
320 1839 384 1878 quia
406 1840 602 1878 Apocalyplim
623 1851 712 1879 graece
733 1841 873 1881 scripserat
931 1841 1052 1870 Colle&
1073 1842 1170 1871 Anast.
1193 1841 1331 1873 Biblioth.
1353 1853 1367 1871 a
1389 1842 1491 1880 Jacobo
1513 1841 1664 1871 sirmondo
1684 1842 1718 1870 in

86 1880 226 1916 Joannes‚
247 1877 314 1907 hinc
332 1879 452 1916 ejusdem
469 1881 572 1920 lingua:
594 1881 731 1919 phrasibus
747 1882 808 1911 usus
817 1884 873 1916 est,

932 1887 957 1911 8.
979 1882 1047 1910 edit.
1068 1892 1130 1921 pag.
1152 1890 1201 1919 96.

90 1920 120 1947 in
132 1929 188 1958 quo
200 1918 330 1949 idiomate
340 1919 434 1959 paffim
443 1921 602 1951 observatur
615 1925 747 1952 Calculus
758 1934 809 1963 pro
817 1924 875 1953 sor·
889 1923 1092 1952 (ΞΑιιεκυκυΜ
1102 1944 1110 1955 ,
1135 1934 1190 1952 vox
1212 1934 1300 1963 graeca
1319 1920 1492 1960 καλύπτρας,
1521 1921 1578 1951 five
1596 1920 1718 1953 accinim-

87 1969 132 1989 τες
155 1969 239 1998 quare
250 1969 296 1997 per
307 1961 436 1999 nigrum,
458 1966 486 1991 ὃ(
506 1963 596 1991 album
612 1965 744 1993 calculum
757 1987 765 1998 ‚
788 1966 874 2000 mala,

88 2000 135 2028 vel
143 2001 214 2028 bona
225 1998 282 2028 sors
291 2001 647 2042 litteraliterintelligitur5
669 2004 720 2033 hac
738 2005 824 2034 etiam
842 2006 873 2035 fi-

85 2050 152 2079 gura
162 2040 242 2069 latini
254 2050 343 2078 poetae
364 2041 435 2081 saepe
449 2052 587 2073 utuntur.
610 2046 646 2073 In
655 2046 774 2079 malum,
797 2058 875 2076 nem-

85 2091 120 2119 pe
131 2102 139 2115 ‚
161 2079 268 2110 sensum
281 2082 388 2120 primo:

126 2135 269 2143 ——-—
294 2126 327 2151 Et
336 2124 470 2161 populum
480 2125 574 2164 nigros
583 2125 679 2156 efferre
688 2126 802 2158 maritos
814 2149 824 2158 .

85 2161 218 2200 Juvenal.
228 2162 317 2199 Satyr.
334 2175 357 2192 1.

294 2205 416 2243 Nigrum
426 2204 456 2234 in
464 2206 581 2236 candida
593 2217 706 2237 vertunt

83 2253 136 2282 pro
145 2254 317 2283 quocumque
327 2246 406 2274 imlo.
418 2246 498 2275 Idem
505 2249 594 2283 Saryr.
606 2259 632 2287 3.

81 2288 120 2314 >Et
130 2285 165 2315 de
176 2287 247 2315 malo
258 2285 372 2315 homine
383 2306 390 2313 .
414 2288 512 2316 Horat⁴
521 2289 606 2317 Semi.
617 2289 664 2318 lib.
679 2299 702 2318 ι.
715 2289 805 2325 Satyr.
817 2302 845 2326 4.

293 2327 349 2357 Hic
370 2327 451 2367 niger
471 2327 510 2358 est
519 2349 528 2363 ‚
549 2327 622 2359 hunc
644 2340 674 2360 tu
695 2333 823 2362 Romane
832 2342 874 2362 ca-

200 2376 272 2397 —vcto
283 2387 291 2395 .

929 1975 986 2002 rpor
998 1987 1006 2001 ‚
1028 1964 1121 1992 velum
1133 1985 1141 1997 ,
1164 1975 1219 2003 quo
1229 1964 1352 1993 foeminae
1363 1972 1442 2002 caput
1453 1973 1551 2003 tegunt
1561 1983 1568 1991 .
1593 1969 1606 1998 [
1618 1967 1653 1993 Et
1663 1963 1719 1991 sto-

928 2004 983 2032 lam
995 2025 1003 2036 ‚
1025 2008 1053 2033 &
1062 2004 1207 2043 supparum
1220 2027 1227 2038 ,
1249 2009 1276 2034 &
1288 2003 1460 2043 crepidulum
1471 2025 1479 2036 ‚
1489 2007 1518 2033 δ(
1526 2002 1696 2033 caliendrum
1707 2025 1715 2032 .

929 2045 1046 2074 Tertull„
1056 2045 1104 2074 lib.
1113 2047 1147 2075 de
1157 2047 1221 2084 pall.
1232 2056 1291 2084 cap.
1304 2057 1330 2080 4.
1343 2047 1355 2076 ]
1379 2045 1414 2073 de
1423 2055 1478 2083 quo
1487 2054 1652 2074 ornamento
1663 2047 1718 2074 Ar-

930 2086 994 2114 nob.
1006 2095 1101 2114 contra
1112 2097 1191 2125 gent.
1203 2087 1248 2114 lib.
1263 2093 1290 2115 6.
1302 2085 1362 2115 Alii
1374 2086 1562 2114 Caliandrum
1573 2086 1671 2124 legunt
1679 2105 1688 2113 .

890 2127 1036 2159 Cauca,
1059 2127 1161 2156 tibialia
1181 2127 1323 2158 breviora,
1347 2126 1442 2164 quibus
1460 2127 1491 2155 in
1509 2126 1717 2155 Pontificalibus

928 2167 1080 2206 Episcopus
1102 2168 1242 2196 induitur.
1269 2166 1373 2202 [Prius
1390 2174 1484 2196 tamen
1505 2177 1586 2206 quam
1601 2166 1720 2196 sandalia

929 2208 1042 2246 pedibus
1056 2208 1234 2247 imponantur
1245 2229 1252 2240 ,
1274 2208 1372 2247 caligis
1390 2207 1515 2237 induitur
1533 2207 1617 2246 usque
1627 2208 1661 2236 ad
1671 2218 1718 2246 gc-

928 2259 982 2277 nua
993 2249 1144 2286 prorenfis,
1168 2249 1259 2287 ibique
1279 2249 1450 2281 constristis,
1474 2249 1537 2287 quia
1556 2249 1718 2287 praedicator

929 2289 1040 2328 pedibus
1049 2288 1102 2318 suis
1114 2290 1200 2318 rcftos
1211 2290 1290 2317 debet
1301 2288 1387 2318 facere
1396 2290 1496 2328 gressus
1508 2312 1516 2323 ‚
1538 2293 1565 2318 &
1574 2300 1661 2329 genua
1670 2288 1720 2316 de-

927 2330 996 2358 bilia
1003 2330 1130 2359 roborare
1142 2351 1149 2357 .
1172 2331 1226 2358 Ivo
1246 2329 1421 2359 Cam-serm.
1431 2331 1465 2359 de
1485 2329 1576 2369 fignif-
1589 2329 1694 2357 indum.
1705 2330 1720 2360 ]

926 2372 997 2405 Quae
1007 2371 1160 2410 antiquitus
1172 2381 1251 2401 erant
1263 2371 1365 2401 coloris
1374 2372 1495 2402 caerulci.
1509 2377 1521 2408 [
1533 2370 1641 2409 caligae
1651 2380 1721 2408 quo-

1625 2420 1678 2449 que
