1866 2526
480 43 587 84 FO

120 109 182 129 neat
194 121 203 134 ‚
213 103 241 129 ὃς
251 99 281 130 in
290 98 403 130 infidias
410 109 484 140 ngat,
495 98 595 139 abipso
603 97 699 128 effectu
708 97 779 127 dista
791 96 921 127 Formido

117 140 164 169 lib.
175 153 202 170 τ..
213 141 248 169 de
260 140 301 169 ira
311 162 318 173 ‚
328 150 389 179 cap.
403 151 446 170 ιι.
459 144 513 173 1&
523 140 588 169 alibi
601 139 674 168 idem
692 138 784 168 dehac
797 140 922 168 venatio—

121 191 155 209 ne
163 181 218 210 ait:
232 181 282 216 [Si
294 180 361 209 feras
370 180 452 212 lineis
462 203 470 214 ,
479 184 506 210 δε
519 181 603 219 pinna
612 178 696 208 clusas
714 181 857 209 contineas
868 183 920 209 &c-

120 221 166 249 hb.
177 234 202 251 2.
215 222 249 250 de
257 216 419 251 Clementia
430 243 438 254 ,
448 232 505 260 cap.
523 233 565 250 ιι.
578 223 590 252 ]
610 224 703 259 Atque
713 222 920 260 eleganterxNe-

119 264 248 292 mefianus
256 283 264 290 .

157 305 243 333 Linea
254 302 320 341 quin
329 302 412 332 etiam
422 313 536 342 magnos
545 302 711 331 circumdare
719 301 800 330 saltus
811 323 820 335 ,

158 344 226 378 Qua-
240 342 321 382 poffit
334 365 341 376 ‚
353 343 531 382 volucresque
542 353 615 371 metu
626 344 787 372 concludere
798 341 900 380 praedax
912 363 920 374 ‚

156 383 273 423 Digerat
284 385 398 412 innexas
409 396 466 412 non
478 395 529 412 una
543 394 576 412 ex
586 391 651 411 alite
663 385 759 420 pinnas
770 394 777 413 ς

157 426 284 463 Namque
295 424 370 453 ursos
382 447 388 457 ‚
399 424 566 463 magnosque
575 423 642 455 sues,
653 422 802 460 cervosque
815 422 920 461 fugaces

154 466 326 497 Tcrrifimrc,
340 468 443 504 linique
456 475 551 494 vetant
561 463 751 492 transcendere
761 461 868 500 septum
880 483 888 490 .

76 505 218 535 romum
230 525 238 532 .
249 508 305 535 PR.
315 505 392 534 sedes
402 528 410 539 ,
420 505 467 535 seu
477 506 580 534 stallum
592 506 621 532 in
630 504 728 534 Choro
739 525 746 535 ‚
759 504 833 541 quod
844 503 918 531 Galli

114 551 209 575 forme
228 547 323 575 dicunt
333 567 349 588 ⁹.
362 553 374 583 [
385 547 458 575 Cuin
469 548 547 577 noftc
557 546 657 574 devota
667 544 764 583 vigilat
773 542 853 582 super
865 543 917 571 for-

114 588 213 616 mulam
225 608 232 615 .
246 589 279 616 In
292 588 348 616 vita
360 589 386 616 S.
396 586 573 626 Radegundis
586 586 705 624 Reginae
717 605 729 613 ,

76 629 195 656 fornix
209 630 390 657 PmfflJR.
401 627 547 666 captivitas
557 625 678 654 filiorum
688 624 770 654 Israel
782 625 809 653 in
822 625 914 664 AEgy-

1271 42 1305 84 F
1334 43 1380 85 R
1636 58 1720 101 ‚337

978 96 1040 127 laris
1051 96 1194 137 praefatuui
1203 95 1357 138 iniquitatis
1365 98 1465 134 filium,
1476 100 1588 130 follorio
1596 110 1780 142 arrepto,per-

975 137 1063 168 cuflit.
1075 138 1155 175 lib.5.
1165 139 1292 168 decretal.
1302 141 1347 169 tit.
1363 151 1407 169 η.
1416 151 1473 180 cap.
1490 144 1548 174 18.]
1561 146 1594 171 Et
1605 143 1717 173 inferius
1728 143 1780 172 ibi-

974 179 1037 209 dem
1047 180 1145 208 clarius
1154 179 1335 218 significatum
1347 182 1470 211 vocabuli
1481 182 1634 220 explicatur
1646 205 1653 215 ,
1663 184 1714 212 fic:
1729 182 1780 218 [Si

975 230 1042 248 vcro
1053 226 1064 253 (
1074 221 1304 259 quemadmodum
1316 221 1474 260 perhibetur
1485 226 1497 255 )
1509 224 1636 252 Sacerdos
1646 224 1695 252 iste
1705 233 1780 261 prius

972 260 1003 290 ab
1017 261 1068 289 illo
1078 261 1210 302 perculliis
1221 283 1228 295 ‚
1249 261 1381 302 sacrilego
1392 272 1455 291 mox
1467 273 1528 292 eum
1539 264 1632 302 ligone
1650 263 1680 292 i'n
1691 264 1780 301 capite

975 301 1132 339 repercuffit
1143 313 1149 332 ς
1161 304 1172 333 ]
1186 305 1220 330 Et
1232 303 1291 341 post
1305 313 1385 341 pauca
1395 302 1519 342 sequitur
1533 319 1541 332 .·
1563 310 1576 340 [
1588 306 1657 335 Non
1671 303 1782 332 videtur

974 342 1047 370 idem
1068 342 1196 371 Sacerdos
1217 352 1246 371 in
1263 353 1344 381 poena
1362 343 1507 373 homicidii
1517 345 1627 383 penitus
1637 343 1781 376 excusari,

974 391 1032 410 rum
1042 383 1148 412 ratione
1157 383 1341 417 instrumenti,
1353 395 1414 413 cum
1426 395 1480 424 quo
1490 385 1547 424 ipse
1559 384 1696 423 percuffit,
1706 383 1783 425 quod

973 433 1034 451 tum
1045 433 1129 462 grave
1139 424 1172 453 fit
1181 445 1188 457 ,
1206 434 1263 452 non
1274 424 1344 454 solet
1355 426 1446 454 levem
1458 426 1563 465 plagam
1575 425 1676 454 inferre
1685 429 1738 454 &c-

932 465 1106 493 Formiani.
1117 466 1173 494 FR.
1185 463 1310 495 hit-retici
1321 476 1333 494 :i
1349 465 1474 495 Photino
1485 477 1518 495 ex
1528 467 1645 499 Galatia,
1658 465 1702 495 scu
1711 466 1781 495 Gal-

974 504 1104 543 lograecia
1121 506 1280 540 Smyrnenli
1302 506 1436 545 Episcopo
1456 508 1494 536 ita
1515 507 1707 540 denominati,
1730 505 1779 544 qui

972 545 1117 573 allercbant
1128 545 1219 583 Jcsum
1231 557 1245 575 a
1257 547 1342 575 Maria
1360 557 1393 576 ex
1403 547 1527 586 josepho
1546 557 1707 586 generatum
1717 568 1725 580 ,
1747 557 1777 574 ac

975 595 1035 613 cum
1049 587 1182 614 Ebtonitis
1200 587 1403 616 conveniebant
1415 609 1421 616 .
1444 600 1489 625 ²4·
1499 589 1594 627 quaest.
1607 598 1635 627 3.
1658 598 1717 616 can.
1728 597 1779 624 39.

976 626 1049 653 Vide
1060 628 1190 655 Ebionita
1201 648 1208 655 .

73 690 77 694 .
115 679 164 706 pro
175 689 181 695 .
193 670 349 697 Deuteron-
361 679 418 706 cap.
432 680 458 703 4.
471 678 552 697 n.20.
562 677 590 705 3.
603 669 675 704 Reg.
685 675 741 704 cap.
756 671 780 694 8.
791 675 915 701 num-51.
938 668 1060 695 lorium
1072 688 1078 699 ,
1089 667 1233 695 armarium
1244 690 1251 700 ,
1263 669 1337 706 quod
1351 670 1436 708 vulgo
1446 670 1599 698 Credentia
1607 668 1710 698 dicitur
1719 689 1727 701 ,
1745 666 1777 695 in

114 710 214 746 Jcrein.
225 720 284 748 cap.
300 720 308 737 ι
320 719 344 736 i.
353 719 380 736 n.
393 720 419 743 4.
429 712 456 742 ᾃ
466 718 525 736 can.
535 717 619 746 porro
634 714 676 735 16.
687 706 779 745 quaest.
792 717 819 744 3.

73 749 187 778 Foxuix
196 771 205 782 ‚
217 750 294 781 idest,
307 759 382 777 arcus
391 747 565 786 triumphalis
574 768 582 775 .
594 747 666 776 Vide
675 753 780 777 Manus
789 768 796 774 .
808 749 842 776 Iu
855 758 915 785 pro—

113 790 170 827 pria
181 789 379 828 significatione
389 809 396 819 .
421 790 494 818 Vide
513 790 638 826 spiculus
649 808 656 815 .

74 831 230 858 Fortun-us
241 851 248 857 .
267 829 411 862 Subsutizs:
435 831 553 868 [Cappa
571 829 690 868 choralis
712 829 826 867 pellibus
838 828 917 858 variis

117 869 215 898 forrata
225 891 232 897 .
255 870 357 899 Matth.
364 871 490 901 Parrfiin
500 869 563 898 hist.

72 909 170 938 Foru-z
185 911 346 940 Foxrmm.
358 914 415 942 FR.
430 911 556 940 fortuito.
570 917 582 946 [
596 912 676 939 Forte
687 909 795 939 fortuna
806 910 916 949 Episco-

111 960 171 988 pus,
185 952 231 989 qui
242 951 329 989 ipsum
338 964 354 980 a
362 953 558 981 communione
568 951 766 990 segregaverit,
776 952 917 980 delunftus

115 992 154 1019 est
164 1011 171 1018 .
194 993 230 1019 D.
242 993 376 1021 Clemens
398 993 427 1020 in
444 1003 500 1021 can.
513 993 628 1031 apostol.
638 1002 696 1020 can.
708 1003 721 1030 3
733 1003 755 1020 ι.

976 716 1030 744 quo
1042 707 1103 736 vasa
1114 717 1284 745 reponuntur
1294 730 1302 741 ,
1324 708 1367 737 seu
1377 709 1452 747 capsa
1464 732 1472 743 ,
1483 720 1543 749 quae
1556 711 1648 739 italice
1656 712 1780 740 Forciero

973 748 1074 775 dicitur
1083 769 1089 775 .
1104 755 1115 783 [
1129 749 1277 780 Quomodo
1287 750 1409 787 pertinet
1421 751 1453 778 ad
1464 751 1560 779 statum
1568 761 1645 779 tuum
1657 750 1727 779 visio
1737 749 1779 777 fo-

975 789 1012 816 tri
1021 787 1099 824 hujus
1112 810 1119 817 .
1142 788 1278 818 Caesarius
1288 790 1334 818 lib.
1345 801 1374 826 9.
1386 792 1508 819 miracul.
1517 801 1575 829 cap.
1588 802 1635 827 29.
1647 793 1659 823 ]
1672 790 1732 819 Ubi
1742 800 1776 818 ex

974 829 1062 857 verbis
1081 829 1203 866 ejusdem
1223 830 1350 859 Auctoris
1365 829 1426 859 satis
1447 831 1518 860 clarc
1539 831 1683 870 colligitur
1702 829 1778 859 fuim-

973 868 1079 907 capsam
1095 881 1148 909 pro
1159 871 1259 899 vassbus
1269 871 1302 899 ad
1312 870 1411 900 fercula
1422 871 1520 900 mensae
1539 870 1693 900 ncccsshriis
1709 881 1777 898 con-

972 908 1113 953 servandis
1123 933 1130 943 ‚
1153 922 1181 939 ut
1194 911 1277 940 hodic
1288 911 1317 939 in
1328 913 1489 951 Principum
1499 912 1617 942 servitio
1626 911 1774 941 credentiae

975 953 1082 978 lormsri
1093 950 1182 980 solent
1193 973 1200 980 .

934 992 1030 1019 FovEA
1042 1006 1050 1020 ι
1073 993 1146 1021 Vide
1155 993 1279 1029 Falsum.
1303 994 1449 1029 Foſjorium
1461 1014 1468 1022 .

74 1032 187 1059 Pomm
200 1052 208 1063 ,
220 1042 260 1059 vxs
274 1033 444 1063 ‚fortitudm
455 1033 559 1062 barbara
572 1043 625 1061 vox
638 1052 645 1059 .
658 1038 670 1066 [
681 1036 720 1060 Eo
731 1033 804 1071 quod
817 1043 917 1072 pagen—
936 1034 1109 1062 Fuioxisco
1122 1055 1128 1065 ‚
1153 1032 1327 1071 fragrantiam
1338 1035 1441 1065 reddo3
1455 1033 1522 1062 hinc
1533 1036 1628 1064 Petrus
1639 1031 1776 1064 Cellenlis

110 1071 143 1100 iis
155 1071 240 1100 vester
253 1072 299 1100 illc
310 1074 400 1102 cidem
413 1083 511 1102 terram
520 1074 592 1102 sunm
614 1074 644 1102 in
663 1073 724 1101 loco
742 1084 917 1112 nuncupante

109 1112 162 1140 illo
179 1123 228 1150 pei·
250 1112 360 1142 fortiam
382 1113 500 1148 tuhss'et,
518 1115 617 1154 &post
636 1113 663 1142 se
673 1115 789 1143 retineat
799 1116 915 1152 injuste.

111 1153 240 1181 Marcull]
263 1155 309 1182 lib.
326 1166 348 1182 i.
359 1154 499 1184 sormular.
510 1165 567 1193 cap.
580 1160 626 1184 28.

71 1193 173 1221 Pomm
184 1195 240 1222 Rex
254 1196 431 1228 §novennem
440 1216 447 1223 .
461 1197 534 1224 Vide
542 1197 622 1233 Pulso
634 1216 640 1223 .
652 1195 764 1224 Dicitur
774 1195 856 1225 etiam
868 1203 916 1227 1⁷0-

110 1245 156 1261 rus
177 1244 210 1262 ex
222 1235 329 1264 Ifidoro
339 1236 369 1263 in
378 1246 434 1274 cip.
448 1235 537 1270 forus,
546 1237 580 1264 de
595 1237 701 1264 verbor.
712 1236 827 1275 fignific.

69 1274 230 1302 Pessimus
242 1296 249 1306 ,
270 1277 414 1314 antiquum
426 1298 433 1309 ,
451 1287 480 1305 ac
502 1278 577 1316 pium
588 1278 761 1305 clericorum
772 1278 896 1307 officium
908 1300 914 1311 ‚

110 1316 237 1349 [Primus
250 1316 290 1355 ig?
314 1318 376 1345 :rin
387 1317 511 1346 clericis
532 1317 703 1346 foss'ariorum
722 1318 791 1346 ordo
803 1340 811 1351 ‚
830 1330 875 1358 qui
890 1321 916 1347 in

107 1326 433 1400 fimilitudinehobiae
456 1357 539 1387 saneti
550 1358 666 1396 sepelire
677 1368 800 1387 mortuos
823 1361 916 1388 admo-

107 1405 209 1424 nentur
219 1417 226 1424 .
240 1398 277 1425 D.
288 1399 407 1427 Hieron.
416 1399 493 1436 epist.
512 1410 554 1437 ¹3·
567 1402 579 1431 ]
603 1403 630 1428 ὃ(
641 1399 676 1427 de
687 1400 803 1429 Muliere
815 1400 914 1438 septies

112 1436 163 1464 ista
173 1438 247 1466 idem
257 1440 310 1466 ait:
325 1445 336 1474 [
352 1439 477 1472 Clerici,
491 1441 585 1478 quibus
595 1440 623 1467 id
634 1440 720 1467 officii
732 1450 788 1468 erat
799 1463 806 1473 ,
819 1452 913 1469 cruen-

107 1486 166 1504 tum
178 1478 266 1506 linteo
277 1479 391 1507 cadaver
401 1480 568 1511 obvolvunt,
580 1483 607 1508 8<
620 1478 711 1507 fossiun
721 1480 834 1509 humum
845 1482 911 1519 lapi-

108 1516 185 1544 dibus
194 1518 382 1547 construentes
392 1541 400 1552 ‚
421 1530 455 1548 ex
467 1530 543 1548 more
553 1521 688 1548 tumulum
698 1531 793 1558 parant
803 1542 810 1549 .
829 1524 841 1553 ]
856 1524 912 1551 PR.

110 1557 182 1585 Vide
193 1560 292 1586 Baron.
307 1562 361 1587 An.
373 1570 420 1596 34.
433 1571 459 1588 n.
473 1565 538 1589 288.
549 1564 576 1588 ὅ(
587 1560 631 1588 hic
644 1561 814 1590 Bordmatus
827 1582 834 1589 .
856 1563 910 1590 De-

972 1072 1005 1099 de
1018 1073 1134 1102 Ecclefia
1145 1074 1174 1102 in
1186 1073 1417 1111 persecutionibus
1430 1074 1571 1104 sublimata
1582 1075 1707 1113 loquens,
1716 1074 1774 1102 ait:

974 1113 1130 1147 [Sententia
1141 1114 1220 1143 dubia
1229 1115 1422 1153 quaestionibus
1435 1116 1569 1144 ventilata
1579 1113 1776 1152 clarescitspc-

973 1153 1026 1181 cies
1034 1156 1180 1183 aromatica
1189 1155 1355 1193 pistillorum
1367 1157 1492 1185 tunlione
1503 1155 1642 1195 fragrascit
1650 1177 1659 1188 ,
1682 1156 1776 1183 Eccle—

973 1193 1008 1221 fia
1019 1194 1193 1233 oppressione
1204 1196 1337 1224 maloi-um
1346 1196 1442 1225 crescit
1454 1218 1461 1229 ,
1480 1197 1526 1225 lib.
1541 1208 1565 1232 5.
1575 1196 1652 1234 epist.
1665 1207 1692 1231 4.

932 1235 1049 1263 ΡκΑΜεΑ
1060 1256 1066 1263 .
1079 1237 1134 1265 FR.
1150 1237 1248 1269 Hasta,
1269 1235 1315 1264 seu
1327 1237 1434 1266 lancea.
1460 1236 1598 1272 [Inimici
1617 1236 1775 1265 defecerunt

975 1275 1083 1305 frameae
1098 1277 1128 1304 in
1139 1277 1222 1306 finem
1235 1299 1242 1310 ‚
1253 1276 1379 1315 psalm-9.
1393 1288 1418 1306 n.
1431 1289 1458 1311 7.
1467 1279 1550 1316 Eripe
1559 1277 1679 1306 animam
1688 1285 1776 1305 meam

972 1317 1001 1344 ab
1021 1317 1128 1355 impio,
1151 1318 1279 1346 frameam
1299 1326 1372 1347 tuam
1389 1319 1420 1347 ab
1441 1318 1564 1347 inimicis
1582 1328 1678 1346 manus
1698 1327 1750 1345 tux
1765 1338 1774 1349 ,

973 1356 1094 1395 psal-13.
1107 1369 1126 1386 n
1149 1361 1215 1393 14.]
1231 1359 1309 1387 Idem
1320 1369 1423 1387 nomen
1433 1358 1461 1387 in
1475 1358 1539 1398 psal.
1552 1372 1565 1388 2
1576 1370 1597 1387 i.
1608 1363 1636 1387 δι
1646 1357 1710 1396 psal.
1724 1368 1773 1395 34·

973 1409 1018 1426 nu.
1031 1410 1058 1436 3.
1073 1400 1235 1433 [Frsmeam
1244 1398 1368 1427 suscitare
1380 1399 1460 1437 super
1477 1399 1612 1438 pastorem
1622 1409 1713 1427 meum
1721 1399 1776 1426 Za-

971 1439 1103 1477 char.cap.
1112 1450 1153 1478 ¹3·
1168 1442 1179 1471 ]
1192 1440 1300 1469 Tacitus
1310 1449 1401 1467 mimis
1410 1441 1478 1468 locis
1485 1440 1518 1468 de
1528 1440 1650 1468 moribus
1657 1441 1777 1468 Germa-

972 1490 1070 1507 norum
1082 1480 1211 1513 12nceam,
1222 1480 1268 1509 seu
1282 1480 1384 1508 hallam
1394 1481 1527 1508 denotare
1541 1480 1671 1510 ostenditi
1682 1479 1776 1508 Divus

944 1536 947 1542 ·
972 1531 1039 1548 vero
1061 1523 1134 1559 Aug.
1145 1521 1224 1559 super
1236 1521 1331 1560 psalm.
1341 1522 1396 1549 ait:
1417 1519 1627 1555 [Gladiumbis
1647 1528 1774 1553 acutum,

969 1559 1023 1589 hoc
1035 1561 1073 1589 est
1085 1561 1183 1590 framea
1193 1582 1200 1589 .

109 1607 190 1624 canus
201 1608 229 1625 in
238 1599 303 1626 diust.
316 1603 445 1628 Dec-ania
455 1621 462 1627 .
472 1603 638 1630 Laborantes
656 1623 663 1628 .
672 1603 840 1630 Lean-arius
851 1623 858 1630 .
869 1610 912 1632 1.ae-
933 1602 1075 1630 Famem.
1089 1603 1145 1631 PR.
1158 1602 1295 1630 Distinfia
1305 1613 1318 1630 a
1327 1602 1430 1630 Gallia:
1444 1601 1509 1636 [Sic
1522 1601 1550 1630 in
1561 1601 1697 1630 honorem
1705 1601 1776 1629 duo·

109 1638 264 1666 batinaraus
276 1660 282 1666 .
307 1644 451 1668 Parmam·
461 1661 468 1668 .

68 1679 210 1707 romu.
224 1681 280 1708 FR.
295 1679 383 1712 fovea,
394 1691 488 1709 cavea:
504 1685 515 1714 [
528 1680 588 1709 111ae
598 1692 706 1720 quoque
715 1682 910 1723 expensx,quae

105 1718 175 1747 fiunt
186 1729 237 1757 pro
247 1719 357 1753 rostatis,
367 1725 394 1749 ὅ(
406 1722 468 1749 alias
479 1731 528 1759 pro
539 1731 618 1749 terris
629 1722 841 1756 aedfficandismr
851 1726 911 1753 ube-

108 1759 194 1788 riores
204 1759 305 1789 fruCtus
315 1761 475 1799 producant.
487 1765 600 1792 Extrav.
611 1771 710 1790 comm.
719 1763 753 1791 de
765 1764 876 1794 decimis
885 1766 912 1797 §-

108 1799 168 1827 111ae
187 1810 295 1839 quoque
305 1822 312 1828 .

69 1840 226 1868 Fossam„
235 1861 243 1869 .
257 1843 313 1871 FR-
324 1842 432 1871 exactio
443 1843 586 1880 quaedam,
603 1854 662 1882 cap.
672 1855 699 1879 4.
712 1843 758 1873 lib.
769 1854 796 1883 3.
808 1844 853 1874 tit.
865 1858 912 1883 49.

108 1881 247 1909 Decretal.

68 1921 208 1950 Fossoioes
220 1923 385 1952 Puuomm
397 1943 404 1949 .
424 1923 497 1951 Vide
516 1927 664 1953 zaccarias
675 1945 682 1952 .

69 1962 240 1990 Fossouitm
250 1984 260 1995 ‚
273 1962 452 1996 sovea,cavea:
465 1970 476 1999 [
491 1964 606 1993 Fossoria
615 1964 728 1998 habetis,
740 1976 822 1995 venas
831 1977 904 2006 :iquav

106 2012 167 2030 runi
177 2004 335 2032 viventium
344 2003 488 2042 possidetis
499 2025 505 2031 .
518 2007 613 2034 Petrus
624 2006 737 2034 Cellen.
747 2007 824 2045 lib.3.
835 2008 912 2046 epist.

109 2054 135 2072 2.
148 2045 160 2075 ]
177 2044 337 2082 Aliquando
345 2045 525 2074 Eremitarum
534 2046 633 2074 lectum
645 2047 759 2075 denotat
770 2069 778 2080 ,
801 2058 862 2086 quia
880 2048 912 2076 ad

113 2083 198 2113 instar
208 2083 296 2113 soveae
308 2085 489 2114 formabatur.
512 2092 523 2121 [
536 2087 664 2125 Sequenti
674 2088 719 2115 die
730 2098 882 2116 con-:entus
898 2099 911 2116 a

107 2124 197 2153 labore
209 2125 319 2153 rediens
330 2148 337 2158 ,
347 2129 375 2154 ὃ(
384 2136 448 2154 ante
457 2136 565 2164 portam
575 2148 583 2159 ,
595 2127 665 2156 fafio
675 2129 765 2166 primo
776 2129 853 2167 signo
863 2140 912 2157 no-

108 2175 150 2193 nae
160 2186 168 2198 ‚
180 2164 330 2194 secundum
342 2168 486 2205 expeditus
496 2187 504 2198 ,
525 2167 616 2196 senior
627 2179 660 2196 ex
671 2169 708 2196 eis
719 2179 780 2197 cum
790 2171 859 2198 stans
869 2169 912 2197 su-

110 2215 159 2242 per
169 2205 308 2235 foflbrium
317 2206 395 2236 suum
408 2229 416 2240 ,
436 2206 464 2235 se
477 2207 614 2236 reclinarit
623 2230 631 2241 ,
649 2212 677 2237 ὅ(
688 2219 788 2237 nonam
808 2209 842 2238 de
852 2211 911 2239 Do-

108 2246 182 2275 mina
191 2247 284 2276 nostra
292 2248 407 2280 diceret,
417 2248 452 2277 fic
463 2248 557 2276 stando
568 2249 668 2278 leviter
676 2249 912 2288 obdo-mivit.Ce-

106 2285 190 2314 sarius
200 2287 246 2317 lib.
257 2299 284 2321 7.
295 2299 354 2327 cap.
364 2290 427 2326 39.]
441 2291 498 2318 PR.
508 2289 659 2328 aliquando
669 2300 735 2319 vero
747 2291 869 2329 ligonem
880 2292 917 2320 fi-‘

106 2326 231 2365 gnificat.
244 2335 256 2364 [
267 2329 386 2362 Securos,
397 2333 424 2357 ὅ(
435 2329 543 2358 fossbria
552 2331 699 2369 accipiunt.
714 2333 749 2359 In
760 2341 816 2360 vita
827 2334 913 2362 S.Go-

102 2368 184 2399 dardi
195 2379 254 2407 cap.
270 2380 280 2397 ι
291 2380 314 2398 i.
326 2371 356 2399 I..
370 2371 514 2406 Presbyter
526 2371 685 2402 eanonicus
695 2372 821 2403 Ecclesiae
832 2383 911 2413 regu-

142 2411 336 2442 Hierolexe‘con
345 2414 439 2445 Macri
446 2431 455 2440 .

969 1641 1060 1673 decim
1072 1642 1269 1681 Apostolorum
1279 1644 1404 1681 eligimus
1414 1652 1529 1681 quatuor
1547 1644 1626 1681 plane
1646 1642 1680 1670 de
1692 1643 1776 1669 Fran-

971 1682 1011 1710 cia
1021 1704 1029 1715 ‚
1052 1693 1168 1721 quatuor
1181 1683 1214 1711 de
1226 1683 1373 1721 Aquitania
1383 1705 1391 1716 ‚
1413 1693 1531 1721 quatuor
1540 1684 1574 1711 de
1583 1682 1674 1711 Gallia
1685 1683 1716 1712 .]
1740 1684 1775 1709 Et

970 1722 1083 1751 inferius
1094 1744 1101 1750 .
1128 1730 1138 1758 [
1151 1725 1272 1752 Vocatur
1283 1724 1402 1761 denique
1412 1726 1492 1752 Prior
1502 1723 1579 1759 hujus
1589 1721 1688 1751 scholae
1701 1721 1770 1752 Rai-

971 1774 1007 1791 no
1019 1785 1026 1795 ,
1051 1764 1222 1802 Iiigelberxus
1233 1785 1240 1797 ,
1263 1769 1290 1792 ὅ(
1310 1764 1443 1803 Ingelei·ii
1463 1764 1497 1792 dc
1505 1764 1617 1792 Francia
1627 1784 1634 1791 .
1658 1763 1718 1792 Alii
1737 1762 1773 1790 de

972 1804 1120 1842 Aquitania
1132 1803 1227 1833 Dosde
1239 1826 1246 1837 ‚
1272 1804 1351 1833 Ainis
1361 1826 1369 1837 ‚
1380 1808 1462 1833 Amat
1474 1826 1481 1836 ,
1501 1808 1529 1832 ὅ(
1539 1803 1710 1833 Bernardm:
1733 1802 1770 1831 de

969 1845 1061 1873 Gallia
1074 1845 1203 1883 Frederig
1214 1866 1220 1876 ,
1240 1845 1352 1874 Ocione
1363 1867 1371 1877 ,
1392 1845 1514 1872 Mellitus
1524 1866 1532 1877 ,
1554 1845 1677 1872 Ster'anus
1687 1845 1719 1874 .]
1739 1846 1776 1872 Et

970 1885 1029 1922 post
1040 1895 1137 1922 pauca:
1151 1891 1162 1920 [
1174 1888 1229 1914 Pro
1239 1895 1290 1923 qua
1300 1884 1375 1913 causa
1387 1895 1528 1913 annuatim
1539 1885 1664 1914 volumus
1673 1885 1707 1912 de
1716 1887 1775 1913 Re-

968 1926 1030 1964 gnis
1042 1926 1139 1953 nostris
1150 1928 1258 1954 Frincia
1269 1948 1276 1958 ,
1300 1926 1450 1963 Aquitania
1463 1947 1471 1959 ‚
1494 1929 1522 1955 ὃ(
1542 1925 1632 1954 Gallia
1649 1934 1776 1954 remune-

969 1976 1020 1994 rari
1032 1986 1038 1993 .
1062 1967 1096 1993 Iu
1107 1966 1241 2004 I'rivileg.
1254 1967 1350 1995 Caroli
1370 1966 1466 2004 Magni
1485 1966 1553 2004 apud
1563 1964 1722 2005 Torrigium
1737 1965 1774 1994 de

970 2006 1088 2045 Cryptis
1101 2007 1227 2034 vatican.
1239 2007 1364 2034 editione
1376 2018 1401 2034 2..
1412 2016 1466 2045 pag
1488 2016 1552 2041 507.
1563 2010 1591 2035 δε
1604 2011 1668 2042 508.
1682 2007 1772 2034 Volu-

969 2057 1027 2075 mus
1038 2055 1119 2084 atque
1129 2048 1301 2085 praecipimus
1313 2068 1320 2079 ,
1332 2057 1361 2075 ut
1372 2057 1466 2075 omnes
1477 2047 1575 2076 nostrat
1595 2047 1703 2076 ditioni
1711 2045 1772 2075 sub-

969 2087 1021 2116 diti
1034 2095 1088 2114 tam
1099 2090 1219 2115 Romani
1230 2109 1238 2119 ,
1262 2097 1340 2125 quam
1351 2088 1443 2116 Franci
1455 2110 1463 2120 ,
1487 2087 1616 2116 Alemani
1627 2109 1634 2121 ,
1657 2087 1751 2117 Bavari
1761 2108 1773 2122 ,

968 2128 1179 2166 Burgundiones
1193 2150 1200 2160 ,
1213 2128 1332 2156 Saxones
1342 2149 1350 2160 ‚
1360 2128 1478 2167 Turingi
1488 2149 1496 2161 ,
1516 2127 1640 2156 Frisones
1651 2150 1659 2162 ,
1672 2129 1750 2157 Galli
1762 2149 1772 2161 ‚

969 2168 1098 2198 Britones
1108 2191 1115 2202 ‚
1128 2168 1303 2206 Langobardi
1314 2191 1322 2201 ,
1333 2167 1486 2198 Guascones
1499 2172 1551 2197 διε.
1564 2169 1642 2198 Idem
1652 2169 1771 2197 Carolus

968 2209 1082 2247 Magnus
1092 2209 1162 2247 apud
1172 2210 1337 2237 Gratianum
1346 2209 1374 2237 in
1384 2219 1441 2238 can.
1454 2209 1580 2238 volumus
1590 2230 1597 2237 .
1612 2220 1620 2237 i
1633 2220 1655 2237 i.
1668 2220 1743 2248 qua.
1757 2210 1771 2240 ]

967 2251 1035 2278 Haec
1047 2259 1138 2278 tamen
1147 2250 1216 2277 ratio
1224 2248 1385 2279 differentiae
1397 2261 1411 2278 a
1422 2251 1506 2279 variis
1515 2250 1677 2280 Auctoribus
1689 2249 1746 2277 vari
1757 2258 1774 2276 e

969 2288 1227 2319 affertur.Robertus
1239 2291 1353 2319 Canalis
1363 2291 1393 2318 in
1403 2287 1773 2329 primisArboriacenAEpisc.

968 2331 998 2359 in
1008 2329 1052 2358 sua
1061 2331 1212 2369 galliacana
1223 2330 1285 2359 hist.
1299 2332 1336 2359 ait
1347 2353 1354 2364 ‚
1376 2332 1450 2370 quod
1459 2341 1586 2371 tempore
1600 2331 1693 2359 Attilae
1705 2330 1775 2359 Gal-

967 2371 1113 2401 io-francia
1124 2381 1217 2402 vocari
1228 2372 1487 2412 coepit.fiordoniur
1498 2383 1563 2403 vero
1574 2373 1604 2400 in
1615 2374 1670 2408 ejus
1677 2369 1774 2414 Chre*

1433 2413 1460 2449 Χ
1677 2420 1739 2442 nica
