1866 2526
151 69 233 114 650
487 61 518 103 S
549 62 591 104 U

1285 64 1388 106 SU

131 121 217 151 etiam
233 118 395 155 Memoriales
410 117 497 149 hodie
515 122 615 150 Romae
635 119 787 160 vulgariter
803 117 922 151 dicitur,
940 120 1170 150 SULPHURATIOR
1183 141 1192 153 ,
1202 119 1486 160 idest,ardentior.[
1501 123 1735 164 Sulphurstiorem
1745 126 1785 157 eis

131 164 195 202 quia
205 159 345 190 memoriae
354 159 479 200 suggerit
488 181 497 189 .

91 200 266 234 Suom-:stou
277 221 285 233 ,
295 201 531 231 Caeremoniarum
540 199 681 239 Magister.
691 200 827 231 Officium
837 200 866 229 in
878 204 929 229 Ec-

980 160 1139 205 gehennam
1160 162 1322 200 praeparabis
1335 183 1343 191 .
1358 165 1474 194 Tei-tull.
1486 166 1531 194 lib.
1547 176 1571 194 t.
1590 166 1695 196 advers.
1707 170 1783 198 Mar-

983 211 1056 230 Clon-

132 245 210 274 clena
218 241 532 280 Constantinopolitana
542 262 552 274 ,
572 241 616 269 cui
626 247 689 271 ‘cura
697 251 755 271 erat
766 241 929 270 Patriarchae
941 242 1115 272 Summus
1126 264 1134 276 ,
1157 244 1312 279 jumentum
1322 264 1331 276 ‚
1359 244 1403 274 cui
1421 256 1488 277 onus
1505 247 1661 287 imponitur
1672 269 1679 276 .
1710 249 1783 278 Vide

132 283 280 316 celebranti
292 281 478 314 caeremonias,
488 285 517 310 &
528 281 608 310 verba
617 281 762 322 suggerere
772 302 780 310 .
790 282 865 311 Vide
876 288 929 320 Hy-

127 326 296 367 pominiscus
307 343 315 354 ,
327 326 573 352 Rememoratorius
584 342 592 349 .
604 323 748 361 Significat
758 321 841 351 etiam
851 324 928 352 Con-

131 368 304 396 cionatorem
313 371 327 390 a
338 361 465 402 suggesto
477 384 484 396 ,
497 363 565 392 idest
574 383 583 395 ‚
594 364 706 392 ambone
716 384 723 391 .
737 363 808 392 Vide
821 367 932 392 Concio-

133 416 215 437 nator
226 427 234 440 ‚
245 404 398 441 suggestum
408 425 417 432 .

93 444 273 478 Sucofisruivi
286 465 292 476 ‚
314 443 496 482 &Suggestus
507 464 514 472 .
532 446 588 475 FR.
607 443 743 484 fignificat
763 444 911 474 elationem
924 466 932 478 ‚

134 499 194 528 quae
206 488 239 517 in
247 484 392 527 gestiendo
403 506 411 518 ‚
431 484 476 513 seu
485 485 516 513 in
527 486 593 514 fastu
608 507 615 519 ‚
632 490 660 515 δ(
670 495 835 515 ornamento
844 486 934 515 osten-

135 530 226 559 ditur:
237 527 303 557 hinc
314 526 413 554 Statius
422 525 470 554 lib.
486 537 509 554 i.
522 526 629 561 Sylvar.

133 584 275 591 ——-
287 564 379 594 Celsae
389 567 485 605 procul
494 565 584 606 aspice
596 567 697 596 frontis
707 567 843 597 honorem
854 589 864 601 ,

178 606 393 646 Suggestumque
403 617 489 636 comae
502 627 509 635 .
520 609 559 643 511:

983 284 1078 312 Salma
1088 303 1097 311 .
1119 289 1132 319 [
1146 286 1306 322 Argentum
1316 294 1468 324 reputatum
1477 289 1514 318 est
1525 289 1629 318 soenum
1638 312 1646 322 ‚
1668 289 1782 319 sumnia-

986 324 1021 352 rii
1039 335 1098 352 non
1118 325 1203 353 levati
1231 324 1345 353 sarcinis
1362 337 1370 357 ς
1390 328 1480 355 onusti
1500 328 1683 359 nihilominus
1701 341 1748 370 rep
1756 341 1783 359 a-

986 366 1071 394 triant
1079 387 1088 399 ‚
1098 365 1144 394 vel
1153 364 1241 393 inviti
1252 385 1258 392 .
1269 366 1295 393 S.
1307 367 1438 395 Bernnrd.
1449 367 1496 396 lib.
1509 380 1534 397 2.
1543 370 1577 398 de
1586 371 1700 400 Confid.

946 406 1144 435 suumomni«
1155 427 1163 438 ,
1183 406 1289 434 coclear
1301 427 1308 438 ,
1328 417 1383 444 quo
1393 406 1559 436 Euchai-istia
1576 411 1763 450 porrigebatur
1773 433 1781 445 ,

988 446 1218 485 quemadmodum
1227 455 1342 475 utuntur
1352 446 1437 475 hodie
1445 448 1539 477 Gnaeci
1550 460 1556 476 :
1568 455 1581 484 [
1592 451 1715 480 Calicem
1728 463 1783 481 ms.-

986 490 1076 524 joretn
1086 497 1148 516 cum
1160 496 1259 525 patena
1270 508 1276 518 ,
1287 485 1495 527 sumptorioque
1505 488 1569 518 fecit
1580 499 1612 517 ex
1622 500 1684 519 :iuro
1693 514 1701 525 ‚
1714 492 1781 532 lapi-

993 529 1113 568 dumque
1133 526 1303 566 petiosorum
1324 528 1472 557 illustravit
1490 530 1583 559 nitore
1594 550 1604 559 .
1633 531 1777 562 flodoard.

990 570 1037 598 lib.
1055 581 1081 608 3.
1102 569 1176 598 Hist.
1195 567 1348 598 Rhemens.
1367 579 1424 608 cap.
1437 581 1464 605 4.
1482 572 1495 602 ]
1517 570 1590 600 Vide
1608 571 1761 608 Apulareus
1774 594 1782 607 ,

988 616 1097 649 forceps
1109 631 1116 638 .

135 651 171 677 Et
192 647 307 676 Tertull.
319 647 353 676 de
371 648 446 676 cultu
458 648 565 677 foeinin.
584 648 691 688 inquit:
713 652 803 687 [Non
827 658 933 680 tantum
948 652 1062 681 simmia
1074 673 1082 686 ,
1098 650 1240 680 excusatio
1251 672 1258 679 .
1280 657 1291 686 [
1304 650 1366 690 Ipse
1375 661 1425 680 nec
1438 651 1573 681 venifl'ent
1590 651 1625 682 ad
1637 652 1765 690 placitum
1777 676 1785 687 ‚

131 687 255 717 tonfistae
268 691 294 716 &
304 688 446 717 claboratae
459 689 581 718 libidinis
590 689 744 730 suggestum
756 692 932 720 recusandum

134 740 148 758 a
160 729 238 758 vobis
247 727 334 757 sciatis
344 731 376 760 .]
397 732 438 759 Ac
450 730 522 758 idem
532 731 566 759 de
576 733 684 760 Coron.
705 739 717 767 [
731 733 771 761 Ab
782 732 840 770 ipso
852 734 927 761 inco-

133 770 190 798 latu
210 770 357 803 Babylonis
377 771 450 798 illius
463 771 492 798 in
512 772 678 811 Apocalypli
696 775 811 810 J‘orinnis
821 773 932 802 submo-

133 819 231 839 vemur
240 831 248 842 ,
261 810 363 839 nedum
373 809 499 850 suggestu
509 816 559 840 &c.
572 813 651 840 Idem
663 813 696 842 de
707 814 795 842 Pinio
805 837 813 848 ‚
836 825 893 853 cap.
906 826 931 849 4.

137 851 278 886 [Panium
288 849 367 889 super
377 862 472 880 omnes
482 853 594 881 exuvias
607 874 614 885 ,
624 857 651 882 δ(
663 855 758 892 peplos
768 855 876 892 augusta
890 866 932 883 ve—

131 891 180 920 stis
189 913 196 924 ‚
208 890 339 929 superque
348 902 444 921 omnes
453 893 542 930 apices
552 915 559 926 ,
572 898 599 922 δε
610 894 707 923 titulos
716 894 786 923 sacer
796 895 933 935 suggestus

134 931 245 960 deducit
254 933 347 960 oculos
359 936 391 965 .]
413 935 470 963 FR.
488 934 556 962 item
574 934 689 964 denotat
700 936 789 964 locum
800 938 928 965 eminen-

988 703 1038 720 nec
1049 693 1103 721 ulla
1112 691 1209 720 sunnia
1221 691 1370 720 nunciasset
1382 714 1389 725 ‚
1414 693 1531 722 affirmat
1541 713 1548 720 .
1568 693 1713 721 Marculfus
1724 695 1787 722 Mo-

988 733 1087 762 nachus
1099 754 1105 765 ,
1125 733 1171 760 lib.
1189 744 1211 761 1.
1223 731 1360 761 forinular.
1371 743 1426 771 cap.
1442 744 1488 770 37.
1501 736 1513 765 ]
1535 733 1646 762 Dicitur
1658 733 1740 761 etiam
1751 740 1788 763 Ε-

988 778 1075 802 xonz'a
1086 785 1118 801 cx
1131 772 1233 811 gallico
1243 773 1374 802 vocabulo
1384 775 1480 811 Efoine
1491 794 1497 801 .
1518 776 1560 803 Ita
1570 774 1644 802 enim
1665 774 1696 802 in
1707 774 1788 812 epist.

989 814 1133 842 Hincmari
1144 814 1178 841 ad
1195 813 1330 842 Carolum
1341 815 1471 852 Magnum
1482 815 1585 854 legitur.
1595 834 1602 841 .
1624 820 1637 849 [
1650 815 1712 847 Quo
1723 815 1788 843 mit-

990 863 1051 882 tens
1061 855 1093 883 ad
1101 853 1335 885 nominationem
1344 856 1460 883 vestram
1469 854 1606 884 excusatio
1616 854 1787 894 impossibili.

989 896 1052 923 tatis
1062 895 1115 924 suae
1127 915 1137 932 ‚
1158 894 1224 922 illuc
1234 893 1366 923 veniendi
1379 895 1506 933 requisita
1517 896 1555 923 est
1565 917 1573 928 ,
1595 906 1675 934 quam
1686 897 1790 934 patrio-

990 937 1043 964 tica
1053 936 1147 975 lingua
1157 934 1329 963 nominamus
1340 935 1438 963 exonia.
1449 956 1456 962 .
1468 937 1480 966 ]
1492 936 1564 964 Vide
1574 940 1677 964 Sunnc's
1689 957 1697 964 .

135 982 190 1000 tem
201 989 208 1006 ς
221 982 319 1011 utpote
328 974 481 1002 ambonem.
493 975 564 1003 Vide
575 976 741 1014 Calepinum
752 977 780 1005 in
790 978 856 1006 diet.
867 978 933 1015 Sug-
950 978 1058 1006 Simius
1069 998 1077 1009 ‚
1089 975 1320 1015 impedimentum
1330 997 1337 1009 ,
1361 975 1499 1004 excusatio
1509 996 1517 1003 .
1538 977 1586 1012 [Si
1598 976 1658 1015 quis
1670 977 1703 1005 ad
1720 978 1790 1005 mal-

134 1014 240 1052 gestum
251 1035 258 1047 ‚
269 1017 295 1042 ὅ(
306 1012 351 1041 hic
362 1014 392 1042 in
403 1015 468 1043 dist.
478 1016 568 1043 Ambo
576 1035 584 1042 .
596 1017 631 1044 In
641 1027 696 1055 quo
706 1016 785 1046 sensu
796 1027 934 1056 reperitur

136 1064 168 1082 in
184 1054 300 1083 Ecclesia
317 1055 342 1082 S.
354 1054 468 1093 Spiritus
488 1057 704 1086 Ravennatenlis
725 1058 863 1087 Ciu-atatis
881 1058 933 1086 tale

136 1093 316 1132 epitaphium:
330 1101 342 1130 [
354 1095 513 1134 Suggestum
525 1095 586 1130 hoc,
597 1097 627 1125 in
637 1108 691 1137 quo
701 1099 848 1127 Pontifices
859 1101 934 1128 Rav-

990 1018 1047 1045 lum
1056 1017 1160 1056 legibus
1180 1015 1300 1044 monitus
1314 1016 1394 1044 suerit
1407 1038 1413 1048 ,
1434 1019 1461 1044 ὅ(
1473 1027 1529 1045 non
1548 1016 1674 1049 venerit,
1698 1017 1717 1046 fi
1728 1027 1791 1046 eum

991 1056 1085 1086 sunnis
1098 1069 1155 1085 non
1165 1057 1316 1085 detinuerit
1325 1078 1333 1090 ‚
1344 1059 1405 1086 XV.
1417 1055 1469 1085 soli
1481 1057 1508 1086 d.
1519 1058 1590 1096 culp.
1601 1057 1746 1092 judicetur,
1760 1059 1790 1085 in

989 1099 1114 1129 Constit.
1125 1098 1222 1128 Caroli
1233 1098 1339 1136 Magni,
1352 1097 1427 1135 lib.3.
1439 1108 1546 1136 cap-45·
1562 1101 1573 1130 ]
1588 1098 1658 1127 Vide
1670 1103 1789 1126 Summa.

139 1145 251 1164 ventites
262 1135 331 1164 olim
340 1147 353 1165 a
363 1137 427 1165 Deo
439 1147 488 1174 per
498 1137 630 1175 Spiritum
640 1140 765 1167 Srinftuin
775 1139 822 1168 snb
831 1136 933 1168 columss
949 1140 1158 1169 SUPERALTARE
1171 1160 1178 1171 ,
1190 1138 1286 1167 Altare
1301 1139 1430 1176 portatile
1442 1160 1449 1171 ,
1466 1139 1522 1167 five
1533 1139 1601 1177 lapis
1611 1137 1738 1172 sacratus,
1748 1138 1791 1167 su-

135 1176 173 1204 ΒΞ
185 1175 287 1213 species
297 1177 390 1210 creati,
402 1177 550 1205 conciones
570 1177 720 1207 habuerunt
730 1184 781 1209 ἃς.
795 1184 805 1212 ]
822 1183 894 1209 Item
904 1181 934 1209 li<

136 1216 251 1255 gnificat
262 1218 362 1254 pedule
371 1239 379 1249 ,
392 1221 420 1246 δ(
429 1217 632 1256 suppedaneum
641 1221 813 1249 celebrantis
823 1231 886 1250 ante
896 1222 932 1249 al-

991 1192 1037 1220 per
1048 1191 1130 1219 quem
1147 1179 1309 1209 sacrificum·
1321 1200 1327 1207 .
1348 1180 1448 1214 [Cum
1468 1177 1633 1222 superaltare
1645 1179 1718 1208 coelo
1731 1201 1739 1214 ‚
1763 1183 1790 1208 Sc

991 1232 1069 1250 cruce
1078 1221 1245 1260 superposita
1254 1240 1262 1247 .
1275 1219 1374 1248 Matth.
1388 1218 1470 1248 Paris.
1481 1229 1511 1248 in
1523 1220 1581 1249 vita
1592 1219 1662 1249 Abb.

136 1266 192 1285 tare
203 1256 234 1285 in
245 1256 378 1295 superiori
390 1259 475 1296 gradu
487 1259 616 1297 politum,
631 1262 705 1299 quod
715 1263 812 1290 Italice
822 1262 934 1291 Prudel-
952 1263 1094 1292 Surenam
1108 1282 1115 1289 .
1138 1262 1210 1290 Vide
1222 1262 1439 1289 Gaudimimmm
1449 1280 1457 1288 -

136 1298 166 1326 la
179 1297 297 1326 dicitur.
311 1300 375 1334 [De
388 1300 484 1327 talibus
495 1300 629 1329 institutis
639 1302 720 1330 etiam
732 1302 776 1331 illa
788 1313 934 1341 generatur
951 1305 1098 1332 Summus
1113 1322 1119 1330 .
1144 1303 1217 1330 Vide
1228 1301 1442 1337 Philorompicus
1454 1319 1461 1327 .

136 1338 262 1376 impietas
271 1360 279 1371 ‚
299 1348 329 1367 ut
341 1340 386 1368 Sol
398 1339 577 1369 inchoatione
588 1342 693 1371 diurnae
706 1343 771 1371 lucis
781 1354 915 1382 exurgens
927 1364 933 1375 ,
951 1345 1178 1372 Supzxmssmus
1190 1364 1195 1371 ,
1208 1340 1280 1370 Vide
1291 1340 1530 1378 Fastigt'ati'ffi'mus
1540 1360 1548 1369 .

137 1388 152 1406 a
163 1378 332 1417 quibusdam,
342 1381 432 1416 (idest,
443 1385 589 1413 Romanis)
602 1383 884 1420 insipientioribus‚de
896 1384 934 1412 10-
951 1385 1150 1413 Supra-nemum
1161 1402 1168 1409 .
1180 1382 1252 1412 Vide
1264 1382 1438 1419 Eptscym'um
1451 1401 1460 1408 .
1618 1421 1624 1426 .
1720 1421 1746 1428 '-

137 1419 174 1446 cis
185 1419 413 1449 eminentioribus
432 1420 575 1449 adoretur:
597 1424 672 1461 quod
681 1424 792 1462 quidem
809 1425 933 1452 nonnulli
953 1426 1121 1453 summm
1134 1444 1141 1450 .
1164 1426 1221 1452 FR.
1232 1423 1285 1451 hoc
1298 1422 1409 1449 verbum
1429 1421 1604 1459 usurpabatur
1617 1433 1646 1451 in
1657 1421 1791 1461 significa*

138 1459 222 1488 etiam
232 1459 385 1490 Christiani
404 1461 472 1489 adeo
480 1461 508 1489 se
521 1462 650 1501 religiose
670 1464 755 1492 facere
767 1475 864 1503 putant
876 1486 883 1497 ,
906 1475 935 1492 ut

139 1499 295 1538 priusquam
306 1502 338 1530 ad
350 1502 421 1532 Beati
432 1502 509 1530 Petri
519 1504 647 1541 Apostoli
658 1505 806 1538 Basilicam,
817 1516 876 1544 quae
890 1515 935 1532 uni

138 1542 201 1569 Deo
211 1562 219 1573 ,
231 1544 258 1571 δε
270 1552 336 1571 vero
348 1542 385 1571 est
395 1542 518 1571 dedicata
528 1565 535 1575 ,
554 1545 718 1582 perveniant
727 1545 860 1584 superatis
877 1556 935 1585 gra-

138 1582 214 1610 dibus
229 1604 237 1616 ,
259 1583 353 1621 quibus
364 1584 397 1612 ad
414 1582 570 1622 suggestum
587 1595 638 1613 arx
648 1584 795 1624 superioris
816 1586 937 1615 ascendi-

142 1632 185 1651 tur
198 1644 206 1655 ,
229 1623 364 1653 converso
374 1634 493 1663 corpore
512 1627 544 1654 ad
556 1626 713 1655 nascentem
729 1625 756 1655 se
766 1626 852 1656 solem
862 1628 937 1655 refle-

138 1664 214 1692 &ant
225 1685 232 1696 ,
242 1668 269 1693 δ(
282 1665 401 1693 curvatis
409 1666 560 1694 cervicibus
572 1688 580 1699 ‚
592 1667 766 1696 inhonorem
777 1667 804 1696 se
815 1667 937 1706 splendi-

138 1704 166 1733 di
178 1705 264 1734 Orbis
275 1705 415 1734 inclinent
425 1726 432 1733 .
445 1707 529 1742 Quod
539 1707 597 1736 fieri
607 1709 707 1746 partim
716 1708 882 1747 ignorantiae
895 1708 936 1737 vi-

136 1754 178 1773 tio
190 1766 196 1777 ,
209 1745 310 1783 partim
321 1747 488 1784 paganitatis
498 1746 595 1785 spiritu
607 1769 615 1780 ,
636 1749 752 1776 multum
763 1747 919 1777 tabescimus
928 1771 936 1782 ,

138 1788 165 1814 δ(
178 1786 309 1815 dolemus.
320 1788 404 1816 S.Leo
414 1790 495 1826 Papa,
504 1788 585 1816 serm.
596 1799 623 1821 7.
633 1789 667 1817 de
680 1790 826 1818 nativitate
836 1790 935 1821 D0n1.]

138 1829 172 1854 Et
184 1826 218 1855 de
237 1829 381 1855 Germano
389 1829 547 1857 Patriarcha
569 1829 887 1868 Constantinopolitano
897 1830 939 1858 in-

994 1465 1069 1493 tione
1079 1462 1309 1502 promulgationis
1319 1461 1483 1489 defletorum
1495 1462 1674 1500 Rei,quando
1684 1463 1717 1491 ad
1726 1463 1789 1500 sup<

993 1505 1105 1543 pliciuin
1117 1504 1262 1532 ducebatur
1272 1525 1279 1536 ,
1297 1504 1315 1530 1.
1328 1502 1347 1531 fi
1368 1502 1423 1530 duo
1435 1523 1443 1534 ,
1462 1503 1487 1533 §.
1500 1502 1591 1530 ultim.
1602 1501 1627 1531 ff.
1637 1503 1670 1531 de
1679 1505 1792 1539 jurejur.

995 1545 1078 1580 Quod
1090 1556 1103 1573 :i
1112 1546 1322 1583 Promulgsitore
1330 1543 1510 1580 exequebatur
1520 1564 1527 1575 ‚
1539 1547 1566 1572 ὃ(
1578 1553 1644 1572 tunc
1655 1543 1792 1572 dicebatur

989 1587 1043 1624 sub
1051 1594 1099 1623 pra
1105 1588 1175 1614 conis
1186 1596 1250 1613 voce
1260 1605 1267 1612 .
1288 1583 1375 1613 Unde
1386 1585 1419 1612 de
1429 1583 1522 1611 Sancta
1542 1587 1652 1622 Agnete
1672 1584 1792 1623 legitur:

997 1633 1008 1662 [
1022 1625 1102 1664 Juffit
1112 1626 1144 1654 ad
1156 1626 1268 1663 lupanar
1279 1624 1341 1653 duci
1350 1622 1397 1652 sub
1406 1633 1474 1652 voce
1484 1626 1614 1661 pvaeconis
1627 1646 1636 1657 ,
1657 1625 1773 1653 dicentis
1783 1636 1791 1655 5

994 1670 1135 1706 Agneiem
1154 1665 1310 1704 sacrilegam
1320 1665 1458 1703 virginem
1479 1664 1531 1692 diis
1543 1663 1736 1702 blasphemiam
1750 1666 1793 1693 in—

995 1708 1131 1737 ferentem
1140 1728 1148 1740 ,
1168 1705 1287 1734 scortum
1306 1705 1475 1743 lupanaribus
1494 1705 1586 1733 datum
1596 1726 1602 1732 .
1624 1706 1661 1733 D.
1673 1707 1791 1734 Ambro-

996 1749 1046 1777 sius
1058 1769 1065 1781 ‚
1085 1748 1164 1777 serm.
1174 1759 1222 1784 90.
1232 1747 1266 1774 de
1277 1745 1399 1784 passione
1409 1747 1439 1774 S.
1448 1745 1605 1784 Agnetis:]
1627 1746 1660 1773 de
1671 1756 1725 1784 quo
1737 1745 1792 1774 ser-

995 1799 1078 1818 mone
1090 1810 1098 1822 ,
1109 1800 1143 1817 an
1152 1790 1178 1817 S.
1192 1787 1330 1816 Anibi-olii
1339 1797 1367 1814 re
1379 1796 1443 1814 vera
1454 1786 1485 1814 lit
1496 1807 1504 1819 ‚
1516 1784 1595 1815 valde
1606 1786 1730 1815 dubitant
1742 1789 1790 1815 Ba-

994 1830 1087 1859 i-onius
1099 1830 1130 1857 in
1145 1828 1298 1858 Annalibus
1309 1849 1316 1860 ,
1326 1831 1353 1856 δε
1368 1826 1545 1855 Bellarminus
1558 1848 1566 1860 ,
1589 1836 1649 1854 cum
1659 1827 1746 1856 Labbe
1759 1827 1792 1855 dc

140 1867 201 1905 quit
210 1867 258 1895 lib.
270 1879 297 1902 4-
308 1867 484 1907 Nicephorus
494 1872 634 1909 Gregora:
656 1871 769 1906 [Quare
779 1881 839 1898 cuin
851 1871 871 1899 is
883 1869 948 1910 pri—3
992 1870 1172 1908 Scriptoribus
1181 1868 1328 1898 Ecclefiast.
1340 1867 1370 1912 in
1381 1867 1527 1910 Ambrosio
1535 1887 1544 1894 -

141 1917 216 1936 mum
226 1907 356 1936 sacrificia
366 1919 426 1937 cum
438 1911 544 1939 cieteris
555 1910 731 1940 Pontificibus
741 1907 1155 1950 pei·egiss'et‚rin.lSuveuchio
1167 1932 1174 1943 ‚
1194 1910 1281 1938 dictio
1290 1909 1382 1937 addita
1397 1907 1473 1946 supra
1494 1908 1575 1935 aliam
1591 1907 1710 1936 deletam
1721 1931 1729 1942 ,
1749 1906 1796 1936 vel

144 1958 172 1976 re
184 1949 345 1977 vestibulum
354 1948 420 1978 sacri
431 1950 571 1989 suggestus
581 1951 726 1989 prostratus
736 1974 745 1985 ‚
762 1952 817 1980 duo
826 1951 869 1981 sua
878 1962 941 1991 pec-

142 1998 199 2017 cata
208 2010 216 2022 ,
236 1990 389 2028 perjurium
402 2011 409 2023 ,
433 1995 460 2020 ὃ(
472 1991 525 2020 filii
534 1992 712 2031 Imperatoris
722 1993 940 2022 excoecationem

142 2029 290 2067 profitetur
300 2052 306 2063 ,
319 2031 410 2069 ibique
419 2032 572 2061 condonari
583 2043 653 2071 petit
663 2053 670 2060 .
691 2039 704 2068 [
715 2034 797 2070 Quod
808 2034 942 2072 intelligi-

143 2070 225 2098 turin
247 2071 417 2100 confeffione
429 2073 495 2102 faeta
516 2073 549 2101 ad
559 2073 646 2103 Miflle
657 2074 822 2111 principium
841 2074 870 2102 in
881 2074 942 2103 infi-

144 2120 191 2139 mo
202 2112 305 2139 Altaris
316 2113 403 2150 gradu
414 2134 422 2146 ‚
433 2123 461 2141 ut
471 2114 590 2142 diximus
601 2114 631 2142 in
642 2114 711 2142 dist.
721 2113 847 2152 Confhffio
859 2135 865 2142 .
876 2116 941 2154 Sug-

995 1956 1049 1987 ejus
1063 1952 1124 1980 vice
1135 1950 1324 1989 superaddita:
1338 1955 1350 1984 [
1363 1952 1397 1979 Et
1408 1958 1441 1977 ut
1448 1948 1547 1987 pagina
1557 1947 1636 1984 hujus
1649 1949 1794 1977 testamen-

997 1993 1020 2021 ti
1030 1993 1059 2020 in
1069 1990 1299 2030 disceptationem
1313 1989 1409 2019 venire
1420 1999 1477 2017 non
1490 1987 1571 2026 poffit
1584 2010 1592 2021 ‚
1615 1989 1634 2017 fi
1646 1999 1704 2027 quae
1717 1989 1795 2017 litte-

999 2043 1035 2062 rae
1045 2053 1054 2066 ,
1064 2041 1226 2061 caraxaturae
1239 2052 1245 2064 ‚
1259 2030 1413 2059 additiones
1426 2052 1432 2063 ‚
1448 2028 1702 2068 superdiffionesve
1713 2029 1775 2058 sunt
1786 2049 1794 2062 ,

999 2084 1051 2102 nos
1063 2083 1106 2101 eas
1119 2073 1230 2101 fecimus
1241 2093 1249 2104 ,
1259 2075 1286 2099 δ(
1297 2069 1511 2106 facerejuffimus
1520 2090 1528 2097 .
1551 2069 1733 2099 Mzrculfilib.
1750 2081 1759 2098 i
1768 2081 1794 2098 20

1000 2114 1140 2143 foi-mulsia
1151 2124 1210 2152 cap.
1227 2124 1235 2140 1
1243 2124 1269 2145 7.

143 2151 232 2190 gestus
243 2173 250 2184 ,
272 2150 325 2180 hoc
336 2153 374 2181 cst
385 2175 394 2186 ‚
415 2155 522 2183 Altaris
540 2155 640 2192 pedule
660 2155 817 2188 dicebatur,
836 2155 899 2193 quia
908 2156 944 2184 ibi
960 2156 1207 2184 SUPEREKOGATIO
1216 2173 1225 2181 .
1243 2153 1316 2182 Vide
1325 2152 1547 2196 Feriffnhoregiq
1557 2172 1563 2183 ,
1579 2157 1650 2189 Roga
1661 2173 1668 2184 ,
1679 2155 1794 2194 strena:

145 2192 295 2230 antiquitus
319 2193 514 2232 suggerebatur
526 2217 533 2228 ,
553 2199 581 2224 δι
601 2196 813 2224 concionabatur
832 2196 944 2225 verbum
958 2197 1112 2225 Stvptitrtui
1124 2216 1132 2227 ,
1151 2193 1280 2233 appellati
1290 2193 1355 2221 sunt
1375 2203 1404 2220 in
1424 2193 1559 2221 Concilio
1574 2191 1794 2220 Chalcedonenu

147 2233 222 2265 Dei,
233 2241 263 2261 ut
273 2233 401 2261 Sidonius
411 2234 530 2263 cecinit:

187 2274 239 2302 Seu
250 2282 278 2301 te
287 2273 439 2311 conspicuis
449 2276 574 2313 gradibus
585 2276 748 2306 venerabilis
757 2286 808 2304 πε

184 2313 423 2343 Concionatorem
433 2317 506 2353 plebs
516 2316 605 2345 sedula
614 2317 787 2346 circumsistit
798 2337 805 2344 .

106 2353 249 2383 Sutrium
263 2375 270 2383 .
290 2357 347 2384 FR.
359 2357 455 2384 Homo
475 2357 610 2395 ingenuus
621 2380 628 2391 ‚
639 2359 744 2387 &liber
753 2379 761 2390 ,
782 2357 800 2385 l.
811 2356 832 2385 st
845 2356 943 2385 mulier

148 2394 248 2431 libera,
260 2395 294 2425 de
306 2395 384 2425 furtis
395 2418 403 2431 ‚
415 2400 443 2426 δε
454 2397 473 2428 l.
484 2397 504 2427 fi
515 2399 575 2436 quis
585 2398 665 2428 liben
673 2398 707 2427 de
717 2396 865 2428 Adulterio
874 2416 883 2424 .

1002 2237 1138 2265 Doctores
1149 2235 1210 2268 illi,
1231 2235 1278 2272 qui
1289 2234 1322 2263 ad
1333 2232 1518 2262 discutiendas
1539 2231 1712 2272 theologales
1720 2239 1793 2275 ςαξ-

1000 2277 1102 2305 stiones
1111 2276 1190 2305 acciti
1201 2285 1277 2303 erant
1288 2286 1294 2303 ι
1307 2276 1343 2303 ita
1353 2273 1546 2308 denominati,
1571 2272 1632 2312 quia
1641 2280 1739 2301 votui-n
1747 2277 1794 2316 dem

999 2317 1113 2346 cifivum
1123 2327 1180 2345 non
1189 2315 1321 2345 habebant
1331 2327 1339 2346 ς
1351 2324 1413 2343 nam
1423 2314 1487 2343 solis
1496 2313 1635 2355 Episcopis
1645 2311 1697 2356 lioc
1707 2310 1742 2338 de
1751 2320 1794 2345 juu

1000 2368 1029 2385 re
1038 2357 1220 2387 conveniebat
1231 2369 1236 2385 :
1257 2355 1304 2386 sed
1312 2355 1401 2386 solum
1408 2354 1598 2384 consultivum
1615 2352 1670 2380 illis
1684 2360 1795 2389 compe-

999 2398 1069 2427 tebat
1078 2417 1089 2426 .
