1866 2526
453 46 562 89 AL

103 103 179 145 cipio
187 103 334 144 Evangelii
352 105 469 143 joannis
488 103 520 132 in
543 103 598 132 line
614 101 698 132 Mifl'ae
710 124 718 136 ‚
738 111 800 131 cum
820 97 904 141 ipse-1¹

88 161 89 168 κ
105 154 164 175 met
175 145 281 175 Auelvor
289 145 512 174 benedictionum
525 143 561 172 ibi
570 143 637 173 adfit
650 163 658 171 .
667 145 789 172 Gavant.
800 153 886 181 par.4.

19 185 91 238 ο
107 185 153 215 tit.
168 197 212 222 ¹9·
223 185 254 214 in
263 186 350 216 Rubr.
370 184 441 214 Miss'.
463 187 577 222 Semper
587 184 684 213 Altare
695 182 886 213 osculum-Sa-

103 226 199 255 cerdos
216 236 363 265 antequam
384 226 517 264 populum
529 223 626 253 salutet
637 246 645 258 ‚
667 224 713 252 seu
725 234 816 262 pacem
835 225 886 253 tri-

104 267 165 296 buat
173 277 184 298 ἢ
203 276 256 304 pax
266 267 342 295 enim
351 277 365 295 a
375 267 491 296 Christo
500 266 627 295 Domino
636 265 665 293 in
677 265 768 294 Altari
779 266 885 305 effigia-

104 317 134 335 to
145 306 275 336 sumenda
285 307 323 335 est
334 328 340 335 .
352 309 387 336 In
398 306 488 336 Altari
502 328 510 340 ,
530 304 734 343 ubi-Episcopus
744 305 884 334 Dioecesa-

105 357 154 376 nus
165 347 313 376 celebravit
325 370 333 381 ‚
354 357 406 386 pro
425 348 472 376 illa
492 347 536 375 die
549 346 654 374 nemini
665 345 800 374 celebrare
819 346 884 374 lice-

104 387 145 416 bit
155 387 253 426 absque
273 391 328 423 ejus
357 389 489 420 licentia,
513 397 542 414 ut
562 389 619 415 ὅτις.
638 386 767 416 Concilia
785 386 884 415 defini.

105 438 170 457 vere
183 439 191 460 5
214 427 288 466 quod
299 428 363 457 css'et
372 439 456 468 grave
475 436 613 466 peccatum
630 425 778 454 secundum
789 428 883 455 Cano-

105 468 187 497 nistas
196 490 205 502 ‚
227 469 292 497 licet
313 469 396 507 aliqui
419 477 526 497 tantum
552 465 712 505 intelligant
724 487 732 499 ‚
755 467 866 505 quando
876 490 883 501 ‚

103 507 226 542 scilicet,
247 508 426 538 Dioecesanus
435 508 595 537 solemniter
612 504 782 535 celebrass'et.
804 508 884 536 Hanc

103 548 323 578 observationem
333 548 589 578 Graeciextendunt
610 546 691 575 etiam
710 547 800 585 quoad
819 548 881 576 (iui-

104 590 189 627 plices
207 590 382 622 Sacerdotes,
400 591 439 618 ita
458 599 488 617 ut
508 589 539 616 in
557 587 655 616 eodem
676 587 721 615 die
731 588 764 616 ad
773 589 883 617 unicum

108 630 208 658 Altare
229 630 284 658 duo
309 630 465 666 Presbyteri
485 638 619 668 nequeant
639 629 748 657 Sacrum
778 627 881 660 facere;

106 671 181 707 quod
191 671 366 709 approbatum
384 681 430 710 per
449 668 568 699 diversas
585 669 775 698 ordinationes
786 671 882 698 Ponti—

104 709 176 740 ficias
195 710 320 740 censetur
330 733 339 744 ,
361 721 420 749 quae
430 711 543 741 Latinos
553 709 700 748 Episcopos
712 710 862 739 admonent
873 733 881 744 ‚

104 760 139 779 ne
151 754 264 780 Graecos
275 751 304 779 in
313 762 408 780 eorum
429 752 484 780 ritu
504 751 670 789 impediant.
694 752 729 779 In
739 752 881 788 majoribus

106 791 242 820 Altaribus
254 801 370 829 quatuor
379 793 550 822 Basilicarum
562 792 647 821 Urbis
656 791 879 820 Patriarclialium

65 853 69 855 -
104 831 210 860 nemini
232 832 296 861 licet
309 843 409 871 praeter
418 836 518 872 Papam
537 832 691 865 celebrare,
714 833 787 870 quod
809 832 880 861 solus

101 872 214 909 Jacobus
235 874 345 911 quidam
365 875 392 903 S.
413 875 488 903 Pauli
511 874 599 903 Abbas
617 884 650 901 ex
673 873 768 911 privil.
788 873 878 901 Bonif.

103 913 190 941 VIII.
200 913 248 941 sub
257 923 330 943 anno
347 925 429 952 ¹30¹·
440 916 470 943 in
479 915 555 953 epist.
567 919 615 950 98.
635 913 703 942 hanc
727 913 880 943 facultatem

102 962 154 990 pro
165 953 258 982 Altari
269 956 368 993 majori
379 953 497 991 ejusdem
508 955 626 983 Basilica:
637 953 765 982 habuerat
776 975 783 986 ,
801 954 879 983 &illi

104 993 223 1035 Abbates
242 993 292 1023 hac
315 996 442 1024 facultate
453 996 591 1035 gaudent,
613 995 658 1032 qui
669 995 820 1023 sacerdotii
838 1006 881 1022 or-

103 1032 198 1061 dinem
209 1044 223 1062 a
233 1035 368 1063 Pontifice
377 1035 547 1073 susceperint
559 1057 567 1067 ,
577 1044 606 1062 ut
616 1035 718 1062 dietum
731 1035 768 1063 est
780 1035 810 1063 in
822 1045 881 1063 ver—

103 1073 138 1100 bo
147 1075 241 1102 Abbas
251 1094 258 1101 .
282 1078 315 1102 Et
325 1085 375 1112 pro
387 1077 507 1113 qualibet
527 1075 587 1103 vice
598 1075 761 1103 Cardinales
771 1074 881 1112 speciali

101 1113 184 1141 breve
193 1113 371 1144 ltabilitantur
382 1136 390 1147 ,
415 1116 434 1144 si
447 1115 527 1152 super
538 1125 622 1143 unum
631 1125 663 1142 cx
674 1114 880 1152 praelhtis'Alta-

102 1152 173 1181 ribus
193 1156 327 1183 celebrare
347 1155 452 1183 velint.
473 1157 538 1183 Iino
553 1155 701 1192 antiquitus
720 1155 751 1182 in
769 1156 880 1183 Sabbato

104 1202 220 1230 quatuor
240 1205 395 1232 temporum
413 1194 574 1224 Decembris
583 1216 592 1228 ,
615 1194 724 1233 quando
750 1195 878 1223 Pontifex

107 1233 257 1263 celebrabat
268 1236 297 1263 in
307 1236 398 1264 Altari
409 1236 434 1263 S.
444 1235 519 1263 Petri
540 1245 590 1273 pro
611 1234 783 1263 conserendis
802 1235 880 1263 sacris

99 1273 258 1308 ordinibus,
278 1276 309 1304 ab
327 1275 379 1303 hoc
409 1276 443 1304 ad
459 1275 534 1304 aliud
561 1277 659 1305 Altare
681 1275 878 1304 deducebatur:

104 1312 281 1347 [Descendit
298 1315 430 1345 Pontifex
450 1317 481 1345 ab
500 1317 590 1345 Altari
611 1315 739 1350 (scilicet
759 1316 879 1351 majori)

100 1356 129 1382 ὅ(
142 1355 218 1383 vadit
229 1356 262 1384 ad
272 1358 297 1385 S.
308 1357 448 1385 Andream
460 1378 468 1390 ,
489 1357 525 1385 ibi
546 1357 610 1385 facit
621 1354 858 1385 consecrationem
870 1378 877 1389 ‚

99 1393 168 1422 fasta
189 1396 397 1425 consecratione
416 1397 565 1425 revertitur
583 1398 617 1425 ad
631 1397 747 1429 Altare,
768 1397 830 1435 quia
850 1407 878 1424 in

99 1432 151 1462 hoc
163 1436 258 1464 Altare
269 1438 342 1465 nulla
351 1436 520 1465 consecratio
532 1438 611 1466 debet
624 1436 683 1466 fieri
695 1458 703 1469 ,
717 1437 765 1465 nisi
777 1438 810 1465 de
821 1440 879 1466 Ro-

98 1484 179 1504 mano
198 1477 350 1506 Pontificc.
374 1478 501 1506 Benedic.
524 1480 594 1506 Can.
615 1478 640 1505 S.
652 1478 878 1506 PemCaeremo·

99 1515 163 1543 nial.
182 1518 220 1544 M.
232 1518 258 1545 S.
279 1518 309 1545 in
319 1517 450 1546 Bibliorh.
470 1519 558 1546 Sanst.
576 1517 691 1556 August.
703 1517 737 1545 de
757 1519 876 1549 Urbe-l

103 1555 247 1592 Expositio
257 1556 420 1585 Sanffiffimi
431 1569 489 1586 non
498 1558 607 1587 deberet
626 1558 686 1586 fieri
697 1557 747 1585 nisi
759 1559 789 1586 in
799 1559 879 1587 Alta-

101 1603 123 1622 ει
135 1596 235 1637 Μηοτί
247 1617 255 1628 ‚
266 1596 329 1634 quia
342 1603 354 1631 [
367 1599 488 1626 Maxime
498 1599 597 1627 decens
607 1598 644 1626 est
656 1619 664 1630 ,
687 1607 716 1625 ut
728 1597 757 1625 in
767 1599 858 1627 Altari
870 1619 877 1630 ,

100 1634 144 1662 ubi
156 1635 279 1664 Sanctiss.
291 1637 455 1666 Sacrament.
471 1639 550 1666 {itum
559 1639 596 1667 est
607 1660 614 1671 ‚
636 1637 720 1666 Mifl'ae
742 1649 799 1666 non
807 1639 878 1667 cele-

102 1675 230 1703 brentur.
253 1678 414 1705 Caeremon.
427 1677 608 1716 Episcop.l1b.
623 1690 648 1706 z.
668 1689 691 1706 c.
707 1682 773 1710 12.]
796 1675 878 1715 Quod

100 1725 159 1743 non
171 1716 205 1744 de
216 1716 331 1754 privatis
343 1738 359 1753 ,
375 1716 423 1745 sed
441 1719 474 1746 dc
491 1717 656 1746 solemnibus
675 1717 755 1746 sacris
773 1719 878 1748 intelli—

103 1756 224 1793 gendum
237 1778 245 1789 ‚
267 1767 296 1785 ut
308 1757 338 1785 in
348 1760 445 1786 Romae
455 1759 624 1797 Collegiatis
635 1780 641 1790 ,
663 1757 776 1796 aliisque
787 1761 879 1788 Eccle-

99 1795 143 1823 fiis
153 1806 200 1834 per
209 1796 369 1826 universum
380 1798 588 1827 observantibus
599 1798 750 1838 diligenter
759 1801 877 1828 attendi-

102 1844 146 1878 mls
156 1855 164 1862 ·
182 1838 219 1865 In
229 1838 367 1866 Airai-ibus
377 1849 426 1876 pro
436 1839 582 1867 Defunftis
594 1839 775 1878 privilegiatis
784 1852 877 1869 eorum

101 1874 180 1903 Mxffa
197 1886 254 1905 non
272 1878 310 1907 est
328 1879 488 1908 celebranda
506 1881 535 1907 in
547 1879 715 1917 duplicibus.
734 1876 879 1910 Sac.C'on-

101 1925 180 1954 grcg·
198 1917 258 1945 Rit.
280 1930 326 1954 24.
346 1920 452 1958 Aprilis
476 1928 559 1952 1627.
570 1920 646 1948 Prius
656 1930 713 1947 mos
733 1931 790 1949 erat
809 1922 879 1950 illud

101 1956 200 1983 Altare
220 1956 350 1991 circuire,
373 1960 417 1989 ubi
436 1961 595 1989 Sanctorum
613 1961 751 1999 Reliquiae
772 1963 879 2001 requie-

100 1993 178 2039 scunt
189 2015 196 2022 -
221 1998 388 2038 [Postquam
409 1999 483 2029 sacra
501 2002 657 2035 Martyrum
680 2002 739 2029 loca
761 2012 874 2031 venera-

101 2036 192 2064 bllltcr
213 2038 357 2068 Clrcuivit.
380 2041 485 2070 Invita
496 2042 586 2069 Sancti
604 2041 717 2080 Fulgen.
738 2042 876 2072 Batilicam

98 2077 193 2108 Saneti
206 2077 423 2117 Galliingress‘us
432 2102 440 2114 ‚
462 2091 523 2109 cum
534 2081 640 2109 orando
654 2082 761 2110 Altaria
779 2084 877 2112 circui-

102 2127 168 2160 ret..
184 2118 220 2145 In
229 2118 279 2145 aet.
290 2118 316 2146 S.
327 2119 437 2148 othon.
450 2123 461 2152 ]
488 2123 545 2150 PR.
568 2123 605 2150 In
616 2122 720 2150 Melitae
740 2124 877 2153 Conven-

104 2158 170 2186 tuali
189 2158 325 2191 Ecclefla,
348 2169 444 2198 magna
461 2162 640 2190 veneratione
663 2163 724 2190 loco
744 2164 773 2190 B.
791 2167 830 2192 M.
841 2168 876 2193 V.

100 2197 234 2226 Philermi
252 2208 406 2237 nuncupata
423 2201 598 2230 conservatur
610 2223 618 2235 ,
636 2213 696 2241 quae
717 2213 784 2240 opus
802 2206 874 2233 Divi

101 2239 180 2281 Lucae
189 2238 310 2268 ereditur
322 2261 328 2272 ,
351 2250 380 2267 ac
389 2240 423 2268 de
433 2241 483 2270 illa
491 2242 610 2271 traditur
618 2265 626 2276 ‚
649 2243 723 2282 quod
734 2244 763 2271 in
772 2244 876 2274 Rhodo

101 2276 188 2306 insula
198 2297 206 2309 ,
229 2279 272 2307 ubi
281 2280 356 2318 prius
365 2290 422 2308 erat
432 2302 441 2314 ‚
463 2282 494 2310 in
501 2282 620 2320 quodam
631 2305 639 2316 ‚
662 2283 765 2312 scilicet
777 2306 785 2317 ‚
798 2296 875 2313 mozi-

101 2327 129 2347 te
141 2327 199 2345 non
208 2317 292 2357 longe
302 2320 333 2348 ab
344 2320 423 2349 Urbe
432 2342 441 2354 ‚
462 2331 523 2350 cum
532 2323 643 2360 quidam
653 2325 770 2362 Juvenis
781 2326 877 2355 ardens

98 2358 201 2391 fueuae
212 2368 305 2391 amore
314 2381 324 2400 2
347 2361 507 2400 quenullibi
516 2361 569 2396 frui
588 2373 697 2402 poterat
707 2374 822 2404 propter
829 2376 877 2406 p:-

1214 41 1326 84 AL
1610 55 1662 97 45

945 111 1055 131 rentum
1074 98 1223 129 custodiam
1236 120 1244 132 ‚
1267 108 1326 127 eam
1345 98 1525 127 admonuiss'et
1537 121 1543 131 ,
1566 110 1595 128 ut
1606 108 1722 129 matrem

943 142 1082 180 deciperet
1091 162 1100 174 ,
1122 151 1151 169 ac
1160 139 1250 168 secum
1261 138 1314 168 hoc
1324 140 1469 178 Templum
1481 139 1640 169 devotionis
1650 150 1722 179 prx-

942 192 1021 212 textu
1037 191 1143 221 peteret
1158 202 1166 214 ,
1188 180 1307 219 dumque
1316 179 1352 208 ibi
1363 182 1452 210 Mater
1471 179 1585 213 orass'et,
1607 190 1663 215 ejus
1686 181 1720 208 li-

941 224 1062 254 centiam
1083 222 1231 262 postularet
1249 241 1258 254 ‚
1280 229 1310 249 ut
1333 220 1390 249 sola
1408 222 1505 251 Altare
1527 221 1596 249 illud
1613 221 1718 249 devote

940 264 1091 297 circuiret,
1116 263 1207 301 ibique
1234 261 1265 290 ab
1289 259 1348 299 ipso
1367 264 1490 291 Amante
1513 261 1717 300 expeehtretur.

941 305 1024 342 Quod
1034 304 1099 333 sane
1108 304 1148 332 ita
1164 311 1308 331 executum
1321 301 1370 330 fuit
1381 321 1389 329 .
1412 305 1452 332 At
1461 303 1549 330 Mater
1558 308 1620 330 cum
1629 302 1678 330 diu
1689 301 1718 328 iu

942 345 1057 376 Ecclesia
1067 342 1228 383 expec'tzxss‘et
1239 363 1247 375 ‚
1270 343 1382 371 tandem
1400 342 1434 371 ad
1443 342 1623 381 posteriorem
1638 342 1719 371 Alta—

938 387 975 416 ris
986 395 1090 424 partem
1099 383 1204 414 acceffit
1215 383 1358 421 inquirens
1376 383 1461 412 filiam
1472 405 1480 416 ,
1503 393 1582 422 quam
1600 383 1631 411 in
1640 381 1719 422 proti

940 426 1125 464 amplexibus,
1152 425 1244 453 ambos
1268 433 1364 453 tamen
1387 424 1524 452 extinstos
1551 423 1719 452 adinvenit·

939 469 1008 496 Inde
1020 468 1111 505 imago
1121 466 1179 495 haec
1192 467 1221 493 B.
1231 466 1271 493 M.
1290 468 1318 494 ὃ(
1330 474 1408 493 mons
1425 465 1472 493 ille
1489 465 1636 493 Philermos
1647 485 1655 497 ,
1674 464 1866 494 idn-ff...—

939 509 977 537 est
987 530 995 542 ,
1018 511 1129 537 Amoris
1139 505 1260 544 infelicis
1270 526 1278 538 ,
1300 516 1314 534 a
1324 505 1429 534 Graecis
1439 505 1569 544 appellati
1587 504 1648 533 sunt
1669 506 1683 538 ΙΙ
1698 505 1715 538 ΙΙ

939 551 1036 587 Itaque
1066 547 1218 585 antiquitus
1229 567 1237 578 ‚
1264 546 1297 574 ad
1320 546 1501 574 exercendam
1531 545 1716 574 devotionem

938 589 1028 622 hanc,
1051 588 1270 617 Altariaamuro
1280 597 1358 615 erant
1380 585 1518 624 separata,
1540 596 1569 614 ut
1589 586 1617 615 in
1637 595 1717 614 vetu-

939 630 984 658 stis
994 629 1118 658 Ecclefiis
1128 627 1258 665 aspicitur
1267 648 1274 659 ,
1297 637 1377 665 atque
1389 626 1558 655 tenacissima
1575 627 1635 655 cani
1647 626 1715 654 ritus

938 673 1021 708 Graja.
1032 670 1108 697 natio
1119 690 1126 701 ,
1144 667 1229 706 usque
1248 668 1281 696 ad
1291 667 1411 705 praesens
1419 689 1427 700 ‚
1449 667 1483 696 fic
1495 666 1615 706 separata
1625 666 1714 695 adhuc

937 711 1020 750 erigit
1043 710 1169 739 Altaria.-
1191 708 1265 746 quod
1282 718 1378 736 revera
1399 718 1475 736 tanta
1493 708 1650 737 reverentia
1667 718 1714 735 co-

935 753 988 784 lit,
1012 760 1041 779 ut
1064 751 1097 779 ad
1121 749 1191 778 illud
1213 749 1339 777 accedere
1351 748 1482 787 nusquam
1494 749 1581 777 Laicis
1600 747 1716 787 permis-

934 792 992 820 sum
1002 792 1034 821 fit
1047 813 1053 820 .
1077 789 1213 827 Quocirca
1229 793 1288 826 jure
1305 790 1417 818 Latinos
1435 789 1615 827 reprehendit
1626 787 1714 817 Balsa-

936 844 1019 866 mon,
1038 833 1084 871 qui
1106 831 1206 859 nedum
1226 830 1313 859 Laicis
1334 829 1446 868 quidem
1467 829 1550 862 viris,
1572 827 1715 858 sedetiam

935 873 1056 902 foeminis
1065 872 1118 901 hoc
1129 871 1355 910 permittunt.An
1367 881 1424 898 nou
1435 871 1481 898 ille
1490 870 1576 909 magis
1584 870 1715 908 stuperet,

934 915 1124 952 iidepravatos
1144 912 1228 941 nostri
1239 910 1332 939 saeculi
1351 920 1440 939 mores
1449 911 1650 939 admiraretur?
1672 910 1714 938 Si·

935 955 1044 994 quidem
1056 953 1190 982 hodierna
1201 951 1339 981 muliebris
1350 951 1546 980 inverecundia
1557 960 1613 979 tam
1627 951 1714 979 audax

936 994 1027 1023 effesta
1039 1016 1048 1028 ,
1069 1004 1099 1022 ut
1119 994 1229 1022 adlatus
1239 1002 1347 1030 quoque
1359 991 1536 1020 sacrificantis
1553 991 1646 1020 sedere
1657 1002 1714 1019 non

936 1035 1024 1064 solum
1037 1056 1044 1068 ‚
1066 1033 1113 1062 sed
1123 1037 1150 1062 δε
1161 1033 1296 1062 cornicari
1314 1032 1465 1060 delectetur
1477 1054 1485 1065 ‚
1506 1033 1550 1061 ubi
1562 1032 1692 1060 nimirum
1704 1052 1714 1064 ,

935 1086 996 1105 cum
1008 1076 1127 1107 timore,
1150 1078 1177 1103 ὅ(
1197 1082 1318 1101 tremore
1336 1072 1458 1100 coelestes
1478 1072 1585 1110 ipsimet
1596 1072 1714 1111 Spiritus

934 1115 1056 1144 assistunt
1067 1136 1073 1142 .
1098 1115 1180 1150 Quod
1199 1124 1292 1141 tamen
1302 1112 1549 1141 Ecclefiasticorum
1566 1113 1715 1152 negligen-

935 1156 981 1184 tiae
993 1156 1092 1184 merito
1104 1155 1255 1192 imputetur
1265 1175 1272 1186 ‚
1284 1153 1349 1181 dum
1360 1152 1534 1181 immemores
1543 1153 1634 1181 saneti
1643 1157 1714 1181 Am—

934 1195 1123 1224 brolianiZeli
1140 1195 1167 1223 se
1185 1193 1334 1222 ostendunt
1346 1214 1354 1225 ,
1377 1203 1424 1231 per
1434 1203 1514 1231 quem
1536 1193 1714 1232 imperatoria

934 1235 993 1275 ipsa
1005 1236 1128 1272 Majestas
1149 1246 1163 1263 a.
1172 1234 1344 1273 presbyterio
1361 1233 1468 1262 exclusa
1480 1233 1566 1262 suerat
1577 1254 1584 1261 .
1607 1234 1659 1262 Sed
1671 1244 1714 1262 re-

934 1277 1045 1305 deundo
1057 1298 1064 1309 ,
1087 1276 1160 1304 unde
1168 1280 1223 1312 jam
1232 1273 1343 1313 digrcffi
1355 1272 1443 1302 sumus
1455 1285 1462 1305 5
1486 1273 1645 1310 mysteriosa
1655 1283 1713 1302 erat

934 1317 1099 1345 caeremonia
1110 1317 1158 1344 illa
1168 1337 1176 1349 ,
1199 1325 1258 1354 quae
1279 1325 1308 1342 ln
1328 1315 1407 1342 noste
1416 1315 1524 1343 Natalis
1534 1315 1654 1343 Domini
1665 1315 1714 1343 fie-

934 1359 977 1386 bat
991 1369 997 1385 :
1021 1357 1105 1385 tribus
1116 1366 1214 1394 nempe
1227 1355 1295 1383 velis
1312 1355 1518 1393 cooperiebatur
1529 1357 1626 1384 Altare
1638 1377 1647 1388 ,
1670 1355 1713 1384 id-

937 1398 974 1426 est
985 1419 992 1430 ,
1015 1399 1096 1425 rubro
1107 1419 1115 1429 ‚
1138 1397 1198 1426 albo
1208 1417 1216 1429 ,
1239 1399 1267 1424 δ(
1278 1395 1377 1433 nigr05
1400 1396 1509 1434 nigrum
1531 1397 1621 1424 velum
1637 1394 1713 1424 :tufe—

933 1439 1041 1466 rebatur
1061 1438 1090 1465 in
1107 1437 1162 1465 fine
1181 1437 1264 1474 primi
1284 1436 1430 1468 nosturni,
1453 1436 1654 1474 &significabat
1664 1437 1713 1465 ob-

934 1478 1094 1506 scuritatem
1106 1477 1238 1516 temporis
1255 1487 1319 1505 ante
1338 1477 1446 1514 legem:
1469 1477 1558 1505 album
1569 1478 1660 1505 velum
1683 1477 1712 1505 in

934 1519 988 1547 fine
996 1518 1106 1547 secundi
1118 1518 1245 1546 nocturni
1257 1539 1265 1549 ‚
1288 1521 1314 1545 δ(
1324 1516 1354 1545 id
1363 1517 1394 1544 in
1405 1516 1512 1555 liguum
1523 1527 1581 1545 erat
1603 1527 1712 1554 tempo-

934 1561 969 1587 ris
986 1560 1095 1598 legalis:
1118 1559 1228 1587 rubrum
1239 1558 1267 1586 in
1279 1557 1333 1585 fine
1343 1557 1436 1590 tertii,
1458 1557 1587 1586 &ultimi
1598 1558 1711 1585 noctur-

935 1600 963 1628 ni
976 1621 984 1632 ,
1007 1610 1088 1637 atque
1098 1600 1168 1638 legis
1177 1598 1272 1638 gratiae
1288 1596 1446 1632 symbolum
1468 1607 1543 1625 erat.-
1565 1599 1610 1634 Jo.
1622 1597 1712 1626 Belct.

936 1640 966 1668 in
974 1649 1023 1668 rat.
1036 1640 1093 1667 div.
1105 1641 1178 1667 offic.
1190 1649 1247 1676 cap.
1260 1645 1308 1673 69.
1318 1637 1444 1665 Durand.
1454 1637 1500 1665 lib.
1519 1648 1540 1664 i.
1552 1647 1610 1675 cap.
1621 1647 1648 1674 3.
1659 1641 1711 1666 Ea-

934 1681 997 1708 dem
1014 1680 1180 1708 ceremonia
1197 1678 1344 1706 iterabatur
1361 1677 1395 1705 ad
1415 1677 1581 1705 matutinum
1599 1676 1711 1707 Paschae

934 1721 993 1758 post
1013 1721 1158 1758 quamlibet
1178 1719 1345 1750 leftionem,
1367 1727 1429 1745 cum
1456 1728 1513 1745 non
1532 1717 1582 1745 nisi
1599 1720 1713 1747 unicum

932 1762 1105 1796 nocturnum}
1116 1770 1180 1788 tunc
1199 1758 1328 1787 habeatur
1338 1777 1345 1784 ·
1367 1759 1402 1785 In
1413 1757 1545 1796 Hispania
1557 1768 1604 1796 per
1620 1768 1713 1787 totum

933 1801 1161 1840 quadragefimale
1172 1809 1277 1837 tempus
1296 1797 1458 1827 extenditur
1477 1799 1569 1826 velum
1580 1808 1643 1826 aute
1655 1809 1712 1827 ma-

931 1845 1022 1877 jorem
1030 1852 1102 1869 aram
1116 1863 1124 1874 ‚
1145 1840 1210 1869 dum
1221 1838 1396 1868 inferialibus
1406 1839 1557 1866 recitantur
1567 1837 1643 1867 horae
1653 1860 1661 1872 ‚
1682 1843 1712 1868 ὃ(

933 1882 1041 1910 canitur
1052 1880 1128 1910 Miffa
1139 1903 1147 1914 ‚
1170 1891 1219 1908 nec
1230 1878 1380 1907 retrahitur
1390 1900 1397 1911 ‚
1422 1879 1471 1906 nili
1483 1879 1593 1916 quando
1602 1880 1710 1908 canitur

934 1922 1117 1960 Evangelium
1130 1943 1138 1955 ‚
1157 1922 1186 1949 in
1197 1920 1354 1949 elevatione
1366 1919 1471 1946 Hostia:
1480 1940 1490 1951 ‚
1512 1922 1541 1948 δι
1550 1919 1654 1948 Calicis
1663 1941 1671 1952 ‚
1682 1924 1711 1948 ὃ(

933 1963 966 1990 ad
977 1963 1139 2000 postremam
1150 1961 1228 2000 super
1242 1961 1372 1998 populum
1384 1959 1540 1987 orationem
1551 1979 1558 1987 .
1581 1962 1621 1988 At
1631 1960 1662 1988 in
1673 1960 1712 1988 se-

934 2003 973 2030 ria
984 2013 1021 2030 iv.
1037 2003 1145 2039 majoris
1156 2001 1282 2030 hebdom.
1294 1999 1401 2037 penitus
1410 1998 1530 2028 aufertur
1540 1999 1574 2028 ad
1582 2000 1630 2028 illa
1648 2009 1712 2029 ver-

934 2043 965 2071 ba
977 2043 1139 2081 Evangelii:
1155 2046 1213 2077 [Et
1225 2041 1317 2068 velum
1330 2039 1428 2076 templi
1438 2037 1542 2068 sciss‘um
1551 2040 1607 2068 est.
1620 2043 1632 2072 ]
1654 2041 1710 2069 Di-

935 2083 1022 2111 ximus
1032 2082 1126 2121 supra,
1150 2083 1247 2111 Altare
1266 2080 1363 2108 debere
1382 2077 1433 2107 else
1453 2079 1608 2118 lapideum,
1630 2090 1664 2108 ex
1676 2090 1711 2108 eo

933 2123 1008 2161 quod
1027 2124 1146 2162 lapidem
1165 2121 1321 2160 angularem
1338 2119 1482 2148 Christum
1501 2120 1655 2160 significet,
1676 2131 1711 2148 ex

934 2165 1045 2191 decreto
1065 2165 1090 2192 S.
1102 2163 1226 2191 Silveuri
1244 2163 1323 2198 Papae
1335 2181 1342 2192 ‚
1365 2169 1428 2187 ante
1439 2164 1512 2199 cujus
1531 2171 1655 2199 tempora
1675 2161 1710 2189 o'o

933 2203 1076 2232 continuas
1088 2202 1211 2232 Ecclefiae
1224 2199 1425 2239 persecutiones
1441 2211 1473 2229 ex
1483 2201 1561 2240 ligno
1579 2211 1636 2229 crat
1657 2200 1712 2229 for-

934 2254 1036 2272 matum
1046 2266 1055 2277 ,
1077 2244 1141 2271 licet
1154 2243 1227 2270 idem
1238 2242 1347 2270 Sanetus
1368 2241 1396 2268 in
1414 2242 1524 2270 Balilica
1535 2241 1711 2270 Lateranenfi

933 2283 1087 2312 collocass‘et
1098 2283 1220 2321 ligneum
1233 2282 1327 2310 Altare
1338 2281 1408 2309 illud
1419 2302 1428 2314 ,
1451 2283 1480 2309 in
1495 2292 1550 2320 quo
1561 2282 1711 2320 Apostolo-

933 2335 992 2352 rum
1002 2325 1130 2361 Princeps
1142 2323 1323 2350 celebraverat
1333 2333 1340 2351 5
1359 2330 1522 2361 cautumque
1532 2322 1570 2349 est
1580 2332 1594 2349 a
1603 2319 1713 2349 Succes-

932 2363 1034 2394 foribus
1045 2385 1054 2399 ‚
1076 2374 1111 2393 ne
1129 2363 1181 2392 ulli
1199 2362 1314 2397 liceret,
1336 2361 1387 2390 nui
1406 2361 1459 2391 soli
1468 2360 1711 2396 PontificiRomg.

1618 2412 1656 2430 no
1665 2421 1676 2436 ‚
