1866 2526
131 51 211 100 674
498 44 537 86 T
571 44 617 87 H

121 105 210 134 Idolis
219 101 400 132 sacrificarent
413 124 421 135 ,
434 100 479 131 illa
489 101 677 133 thurificando
686 121 693 130 .
719 98 920 140 [Temporibus

119 143 292 175 Diocletiani
303 165 312 177 ‚
330 147 358 173 &
370 143 517 172 Maximini
528 142 703 181 Olympiade
711 143 814 171 LXVI.
826 142 921 170 odietis

119 185 273 215 crudelibus
283 183 426 213 catholicae
438 184 504 213 fidei
515 186 634 214 cultores
643 204 652 216 ,
662 193 730 222 quos
739 181 918 215 christicolas,

120 230 151 256 δε
160 226 291 255 crutiolas
303 248 310 259 ,
323 226 398 262 (lege
411 224 592 257 Crucicolas')
602 224 802 262 nuncupabant,
815 223 848 252 ad
858 222 921 251 thu-

121 267 285 296 rificandum
307 265 410 294 statutis
426 266 496 303 (lege
505 269 629 298 Statuis)
646 264 824 293 ethnicorum
842 274 922 303 coge-

123 309 221 337 bantur
231 328 238 335 .
251 306 394 336 Aldhelm.
406 305 440 333 de
449 306 521 335 laud.
532 306 613 345 Virg.
625 315 682 343 cap.
698 315 739 337 ¹7-
753 307 764 336 ]
779 305 834 341 Qui
846 305 922 333 dete—

119 348 245 377 stationis
254 348 329 374 locus
340 350 512 382 PeJerarium
521 347 660 376 dicebatur
670 365 677 372 .
692 347 728 374 V.
740 349 920 379 Pejerarium.

120 390 167 418 De
178 388 227 417 hac
238 386 422 418 Ethnicorum
439 386 635 426 superstitione
653 386 755 415 cecinit
763 387 854 415 Ovid.
874 386 920 414 lib.

126 441 135 458 i
142 440 156 468 3
163 450 170 457 .
180 432 291 458 Metam.

163 470 255 501 Thure
266 470 332 498 dato
342 469 457 497 flammis
466 491 473 503 ,
487 468 609 507 vinoque
621 467 651 496 in
661 467 740 496 thura
751 466 864 505 profuso
873 489 881 501 ,

161 511 358 548 caesarumque
368 510 469 538 bovum
479 509 552 539 fibris
562 510 597 538 de
609 519 685 538 more
694 508 820 537 crematis
831 528 839 536 .

122 556 158 583 Et
168 552 274 592 Virgil.
285 563 311 585 4.
324 550 446 579 AEneid.

121 607 265 616 —-———
276 590 462 620 Thurictemis
471 601 533 620 cum
544 592 616 620 dona
626 590 780 629 imponeret
792 589 843 618 aris
854 610 861 618 .

123 631 198 660 Vide
218 635 301 661 Facio
314 652 320 660 .
332 633 485 670 Suffiicatus
497 653 504 660 .
515 634 683 670 Suffragium
693 652 700 658 .
711 632 902 667 Thurtficatus
912 649 919 657 .

120 671 270 711 Spurcitias
292 672 439 711 aliquando
459 673 652 702 thurificabant
673 672 799 701 Gentiles
811 691 818 699 .
846 670 920 700 Vide

121 712 265 751 spurcalla
274 734 282 742 .

80 757 161 785 Tuus
173 775 180 781 .
193 755 250 782 FR.
263 753 410 783 incensum
419 777 427 788 ,
438 758 511 792 cujus
523 765 641 791 etymon
659 764 673 782 a
684 749 744 784 θύω
753 775 761 786 ,
774 752 841 781 idest
851 774 859 785 ,
882 751 921 780 sa-

122 794 220 823 crifico
234 795 407 828 ‚deducitur.
429 797 563 825 AuCtores
581 796 652 834 apud
665 799 820 825 Pontanum
830 814 837 820 .
857 796 920 828 Ejus

123 835 316 871 synonymum
325 857 333 864 .
347 837 420 865 Vide
431 838 582 865 olibanum
593 858 599 864 .

81 880 179 908 anAs
190 897 197 904 .
221 880 278 908 FR.
289 877 360 915 apud
369 878 518 906 Danielem
529 876 707 913 Symmachus
727 875 921 913 interpretatus

124 917 181 950 est,
193 918 269 957 quod
278 918 372 946 Graeci
382 917 474 946 solent
488 915 687 953 i‘marwno'vsq
706 917 843 955 appella-¹¹0
854 937 861 949 J
882 914 922 942 ld·

121 958 160 987 est
173 980 180 991 ‚
191 960 238 996 qui
250 968 312 987 exta
322 958 474 996 inspiciunt
486 981 493 991 ,
505 962 532 987 δε
543 969 575 987 ex
587 959 619 987 iis
632 968 747 987 ventura
759 958 922 994 praedicunt,

122 1008 151 1027 ut
163 1000 355 1035 Hieronymus
365 1021 372 1031 ,
384 1009 441 1037 cap.
454 1011 479 1028 2.
490 1000 618 1028 Danielis
628 999 730 1028 scribit.
741 999 794 1027 Sed
803 996 867 1030 edm,
881 995 920 1024 sa-

122 1038 218 1068 crifico
227 1051 253 1069 ac
265 1040 344 1068 sufflo
353 1039 489 1079 significat
499 1061 506 1073 ‚
519 1044 545 1069 &
556 1037 613 1074 θύος
623 1062 630 1073 ,
652 1042 795 1068 victimam
806 1059 814 1071 ,
833 1042 860 1067 δε
871 1037 922 1065 lio-

123 1080 201 1108 stiam
211 1081 323 1109 denotat
337 1101 344 1108 .

82 1123 216 1151 Turinus
230 1144 236 1155 ,
247 1118 341 1157 Srii'lvoc
354 1121 496 1155 ,odorifer
507 1144 515 1156 ,
527 1132 559 1150 ex
573 1122 658 1150 verbo
669 1131 759 1161 gtaeco
767 1119 817 1151 Ou'm
829 1142 836 1153 ,
849 1118 923 1158 quod

123 1162 257 1200 significat
268 1163 383 1192 odorem
393 1162 508 1191 reddere
518 1183 524 1190 .
549 1168 560 1197 [
573 1164 626 1191 Sed
635 1167 662 1192 δε
673 1161 758 1191 claffis
771 1163 870 1190 Hiram
883 1170 922 1189 at-

124 1203 190 1231 tulit
202 1214 234 1232 ex
245 1203 341 1242 Ophir
350 1204 428 1243 ligna
439 1203 537 1239 thyina
548 1225 555 1236 ‚
572 1215 598 1242 3.
610 1206 682 1243 Reg.
693 1205 814 1242 cap.10.]
827 1205 867 1231 Ac
876 1201 923 1229 iae-

126 1254 160 1281 pe
179 1244 212 1272 de
224 1243 277 1272 hoc
289 1245 421 1273 vocabulo
442 1244 472 1272 in
483 1243 536 1273 hoc
546 1245 652 1283 capite,
671 1249 698 1273 ὅ(
717 1245 747 1272 in
767 1255 793 1272 2·
807 1242 923 1280 Paralip-

124 1294 182 1323 cap.
194 1296 223 1321 9.
236 1287 307 1313 Item
317 1296 340 1313 c.
356 1286 566 1323 18,Apocalyp.
581 1297 608 1313 n.
625 1297 667 1314 12.

83 1327 289 1359 anuzmcm,
303 1324 460 1362 δυμελικὸς
470 1347 476 1358 ,
487 1324 656 1354 citharoedus
667 1347 674 1358 ,
684 1325 796 1357 tibicen,
808 1323 924 1363 gesticu-

124 1366 196 1395 lator
208 1389 215 1400 ,
229 1367 328 1395 mimus
337 1388 344 1394 .
367 1367 536 1404 [Templum
546 1377 642 1395 omnes
662 1366 748 1405 magis
766 1365 904 1394 sectentur
915 1385 923 1396 ‚

125 1418 161 1436 an
171 1407 330 1436 theatrum?
353 1408 435 1436 Dicta
448 1411 519 1436 Eva*
528 1408 665 1446 geliorum
683 1407 768 1445 magis
781 1406 903 1444 diligent
914 1426 922 1437 ,

123 1459 160 1477 an
179 1448 417 1483 thymelicorum?
437 1448 526 1476 Verba
547 1449 612 1476 vitae
626 1469 634 1481 ,
652 1458 686 1476 :in
706 1448 787 1476 verba
805 1446 922 1474 mortis?

125 1490 215 1517 Verba
226 1489 335 1522 Christi
347 1510 354 1520 ,
366 1499 400 1516 an
412 1490 492 1517 verba
501 1489 579 1517 mimi
589 1493 598 1518 Ξ
610 1489 708 1518 Salian.
721 1488 768 1516 lib.
780 1494 806 1515 6.
819 1487 853 1515 de
862 1488 921 1515 Gu-

123 1531 201 1559 bern.
215 1532 227 1561 ]
252 1532 308 1559 FR.
327 1528 505 1564 Tliymelicus
523 1540 556 1558 ex
577 1530 700 1558 distione
707 1539 797 1568 graeca
815 1528 923 1563 θυμελιο

126 1571 272 1599 deducitur
281 1592 289 1603 ‚
300 1580 359 1609 quae
371 1570 445 1598 varie
454 1570 599 1609 fignificat,
611 1580 718 1608 nempe,
732 1573 823 1598 Aram.
838 1567 921 1605 Apud

125 1610 299 1647 Hesychium
309 1608 404 1647 βωμὸς
413 1632 421 1643 ,
431 1610 509 1643 idest,
521 1621 577 1639 ara:
592 1612 666 1639 idem
680 1610 751 1648 apud
761 1609 919 1646 Euripidem

122 1651 238 1681 habetur
250 1674 258 1685 ‚
270 1652 317 1690 qui
327 1651 361 1680 fic
373 1651 466 1689 inquit
478 1662 483 1679 :
497 1651 617 1687 Θυμὲλαι
627 1651 693 1682 &ulii
704 1673 712 1684 ‚
725 1650 778 1679 hoc
792 1649 829 1678 est
840 1670 847 1681 ,
859 1653 918 1677 Ant

125 1698 247 1722 Deorum
257 1713 264 1720 .
287 1694 359 1721 Item
377 1692 509 1730 fignificat
520 1692 699 1721 Orcliesstam
711 1713 719 1724 ,
740 1701 800 1730 quse
810 1689 920 1728 proprie

123 1732 217 1762 Chori
226 1743 287 1771 pars
298 1743 354 1762 erat
365 1733 395 1761 in
403 1732 524 1762 Theatro
537 1754 543 1764 ‚
554 1730 661 1768 θυμέλη
671 1754 678 1765 ,
689 1732 746 1761 five
757 1731 836 1767 βῗιμκ
846 1752 853 1763 ,
865 1730 920 1758 sive
935 1736 1096 1762 ΤΗγΜιΑΜΑ
1108 1752 1114 1759 .
1133 1733 1189 1760 FR.
1201 1728 1344 1767 θυμίαμα
1354 1754 1362 1765 ,
1381 1731 1523 1770 vaporatio
1533 1753 1540 1764 ,
1552 1730 1659 1760 suffitus
1670 1753 1678 1764 ‚
1697 1730 1773 1760 suffi-

123 1772 217 1810 βωμὸς
227 1796 234 1806 ,
246 1775 302 1802 five
312 1774 448 1812 pulpitum
459 1794 466 1801 .
486 1774 579 1805 Suidas
589 1774 619 1801 in
628 1773 692 1801 dist.
705 1768 792 1803 calani
808 1771 920 1809 loquens

127 1815 162 1843 de
171 1814 323 1843 Orchestra
333 1835 339 1842 .
359 1814 464 1843 Caelius
476 1813 571 1843 Rhod.
584 1814 630 1842 lib.
643 1818 667 1841 8.
685 1824 742 1851 cap.
756 1818 780 1841 8.
803 1812 861 1839 Alii
882 1820 919 1838 ta-

127 1865 190 1883 men
202 1853 328 1890 θυμέλὶω
338 1853 458 1882 mensam
468 1855 633 1893 intelligunt
645 1876 653 1887 ,
673 1853 750 1898 supi-:i
761 1862 842 1891 quam
851 1852 920 1880 stan-

125 1906 164 1924 tes
176 1896 206 1923 m
218 1896 278 1924 soro
290 1894 455 1931 thymelici,
466 1904 545 1933 atque
555 1904 681 1923 canentes
691 1895 843 1923 invitabant
853 1902 921 1930 gcn-
935 1897 1170 1924 THYMXATEMUM
1184 1893 1394 1930 &unianimi-
1404 1893 1644 1924 FR.Thuribulum
1655 1915 1660 1921 .
1673 1895 1774 1931 Jerem.

127 1946 166 1965 tes
177 1937 209 1964 ad
218 1935 362 1965 theatralia
372 1958 380 1969 ‚
392 1944 423 1964 ut
433 1946 465 1963 ex
477 1935 625 1965 Plutarcho
634 1936 668 1963 de
677 1946 747 1964 orac.
758 1933 842 1969 Pyth.
853 1937 879 1961 ὃ(
892 1933 921 1960 in

125 1977 207 2015 polit.
219 1986 348 2015 praecept.
358 1986 438 2015 atque
448 1977 476 2004 in
488 1977 649 2005 Alexandro
660 1976 803 2015 colligitur
812 1994 819 2001 .
830 1973 922 2003 Suidas
936 1979 1171 2006 ΤΗγΜοωῑοκ-[ες
1186 1997 1191 2008 2
1204 1972 1401 2011 suit-ambire,
1412 1975 1490 2008 idest,
1501 1975 1608 2003 leonini
1621 1974 1707 2003 animi
1718 1996 1725 2007 ,
1735 1973 1773 2002 itti

126 2018 200 2046 idem
211 2018 322 2046 viderur
331 2018 465 2046 affirmare
485 2027 516 2045 ex
528 2017 615 2055 epigr.
635 2021 662 2045 ὅ(
674 2017 806 2055 Apulejus
826 2016 855 2043 in
866 2017 922 2050 ejus

125 2059 234 2096 apolog.
246 2059 331 2096 prior.
343 2058 390 2096 qui
399 2057 595 2094 Tliymelicum
602 2057 765 2096 choragium
783 2067 832 2095 pro
842 2065 922 2093 appa—

126 2107 185 2127 ratu
196 2097 362 2127 histrionum
372 2099 454 2127 etiam
465 2097 607 2136 usurpavit
618 2118 625 2125 .
638 2104 650 2134 [
661 2100 729 2127 Non
739 2107 832 2126 tamen
845 2107 876 2125 ex
891 2106 923 2124 eo

125 2139 212 2176 accipi
221 2148 264 2167 me
275 2138 376 2168 necesse
389 2139 444 2172 est,
465 2139 592 2167 exornari
603 2149 712 2177 quoque
730 2138 764 2167 ad
785 2138 922 2176 speculum

126 2178 222 2208 solere.
234 2180 309 2213 Quid
319 2179 401 2207 etiam
412 2180 431 2208 fi
440 2178 602 2217 choragium
614 2179 796 2214 thymelicum
808 2176 911 2216 posside

127 2223 197 2248 rem?
209 2230 269 2248 nam
281 2229 314 2247 ex
325 2230 357 2248 eo
367 2230 586 2259 argumentarere
595 2221 725 2253 et'um,ut
735 2230 778 2249 me
788 2217 922 2247 consuell'e

128 2260 391 2299 TragoediSyrmate
404 2260 545 2290 histrionis
554 2283 562 2294 ,
581 2263 724 2290 crotalove
742 2261 775 2289 ad
786 2260 921 2288 trieterica

129 2301 235 2339 Orgia,
247 2300 322 2329 mimi
335 2301 520 2330 centunculo?
531 2304 542 2333 ]
555 2304 651 2340 Itaque
660 2301 838 2336 Tliymelicus
848 2300 919 2334 adje-

1268 45 1385 90 TH

980 99 1043 128 sunt
1052 109 1120 140 ergo
1131 98 1178 129 illa
1186 100 1258 131 sacra
1269 125 1278 137 ,
1297 104 1391 142 quibus
1402 101 1515 142 agendis
1532 103 1592 134 talis
1610 104 1667 145 egit
1675 105 1775 137 saneti-

980 150 1019 169 tas
1027 162 1036 174 ‚
1047 141 1138 180 quales
1148 151 1197 170 nec
1210 142 1361 178 thymelica
1380 144 1410 173 in
1419 144 1446 173 se
1455 146 1579 174 admittit
1588 147 1752 177 obscoenitas
1763 153 1773 179 ?

979 185 1056 210 Errat
1066 181 1188 226 'insuper
1199 183 1286 212 Vives
1308 184 1338 212 in
1348 185 1396 213 cit.
1405 186 1469 215 loco
1489 187 1527 216 D.
1538 189 1610 227 Aug.
1622 188 1669 228 qui
1680 189 1774 219 Dona-

978 232 1037 251 tum
1048 232 1113 252 citat
1124 233 1358 252 commentantem
1369 227 1448 255 verba
1457 229 1585 257 Terentii
1601 230 1631 258 in
1644 229 1752 259 Andria
1762 252 1769 263 ,

980 271 993 300 [
1005 267 1045 292 Ex
1056 274 1099 291 ara
1109 263 1182 292 sume
1194 265 1337 294 verbenam
1348 286 1356 298 ,
1367 268 1379 297 ]
1392 266 1681 299 dumCommentator
1699 270 1772 299 dicat

977 305 1016 334 ibi
1026 314 1099 333 aram
1113 315 1205 333 vocari
1217 307 1327 340 tymeli.
1342 310 1376 335 Et
1386 306 1450 336 licet
1462 308 1551 339 locum
1562 311 1648 340 Vives
1659 311 1772 349 praecise

976 356 1035 374 non
1045 345 1215 374 demonstret
1227 367 1234 378 ‚
1247 348 1285 375 est
1296 356 1387 376 tamen
1399 357 1428 376 in
1438 350 1545 379 Andria
1555 372 1562 384 ‚
1582 353 1644 381 Ast.
1655 363 1681 386 4.
1692 350 1770 381 scena

978 397 1005 424 3.
1015 385 1060 414 seu
1071 396 1101 415 ut
1112 387 1156 415 alii
1165 408 1175 423 ‚
1196 386 1274 416 scena
1283 399 1312 423 4.
1326 388 1414 416 varios
1426 389 1502 419 enim
1513 391 1590 420 AElii
1599 393 1706 421 Donati
1725 404 1772 422 co-

976 428 1048 455 dices
1059 426 1137 462 hujus
1147 429 1299 456 commenti
1310 428 1429 467 inspexi,
1442 440 1470 459 ar
1480 430 1578 459 nullibi
1589 433 1651 461 talia
1663 433 1770 462 inveni.

976 470 1073 506 Itaque
1082 469 1220 503 Tymelici
1230 479 1243 496 a
1253 470 1359 503 tyitiele
1368 492 1375 503 ,
1387 471 1462 509 quod
1471 472 1509 500 est
1521 471 1613 501 mensa
1626 495 1632 505 ,
1645 474 1699 503 five
1710 475 1771 514 pul-

976 509 1066 547 pitum
1079 530 1086 541 ‚
1097 509 1198 537 dicitur
1207 530 1215 542 ‚
1225 509 1318 539 Glossii
1327 510 1357 539 in
1369 521 1426 539 can.
1441 521 1497 541 non
1509 522 1631 551 oportet,
1643 514 1662 541 il
1674 512 1772 544 secon-

976 551 1012 579 do
1023 573 1031 583 ,
1053 549 1088 577 de
1097 549 1246 578 consecrat.
1256 550 1321 579 dift.
1334 561 1359 586 5.
1377 552 1420 580 ubi
1433 561 1524 582 textus
1544 564 1592 591 pei·
1603 553 1770 589 thymelicos

976 590 1114 628 intelligit
1126 591 1234 623 mimos,
1244 592 1291 630 qui
1303 592 1387 621 eriam
1397 593 1430 622 ad
1440 595 1573 623 convivia
1587 594 1678 624 versus
1691 595 1773 624 finem

975 631 1148 659 intervenire
1157 630 1247 660 solent
1258 654 1265 664 ,
1278 632 1312 661 sic
1324 633 1454 672 inquiens
1465 648 1471 663 .-
1493 637 1586 671 [Non
1597 645 1708 675 oportet
1720 636 1773 665 mi·
1858 651 1861 676 i

974 672 1073 701 nistros
1082 672 1172 701 altaris
1182 694 1190 705 ‚
1203 673 1247 700 vel
1258 674 1392 711 quoslibet
1401 673 1559 713 spectaculis
1570 677 1712 715 aliquibus,
1724 686 1774 716 qu·
1859 678 1861 702 l

976 723 1021 742 aut
1032 713 1137 751 nuptiis
1149 734 1156 745 ,
1168 723 1213 741 aut
1224 713 1310 743 scenis
1321 713 1488 744 exhibentur
1497 739 1504 749 ‚
1514 717 1639 746 intercss'e
1650 731 1655 745 :
1668 717 1715 745 sed
1724 728 1772 746 an—

975 764 1003 782 te
1012 764 1094 793 quam
1104 753 1251 789 thymelici
1262 755 1455 793 ingrediantur
1465 778 1472 790 ,
1486 756 1595 795 surgere
1607 769 1652 787 eos
1663 758 1697 786 de
1707 769 1774 786 con-

977 795 1059 823 vivio
1071 816 1079 827 ‚
1091 798 1119 823 &
1128 794 1200 822 abite
1211 795 1308 823 debere
1317 816 1325 823 .
1336 798 1347 826 ]
1360 798 1435 825 Item
1447 807 1497 835 pro
1506 798 1679 834 Thymelicis
1692 798 1778 827 intelf

975 836 1103 874 liguntur
1114 856 1122 867 ‚
1134 834 1181 873 qui
1193 835 1351 863 ministrant
1364 836 1517 867 ludentibus
1529 861 1536 872 ‚
1557 839 1583 869 ff.
1595 840 1629 868 de
1640 838 1683 867 his
1695 860 1701 871 ,
1724 840 1772 878 qui

978 886 1036 905 not.
1050 876 1103 914 leg.
1114 874 1242 904 Athletas
1252 895 1259 903 .
1272 877 1345 904 Item
1353 876 1487 907 Tribunus
1496 878 1660 914 thymelicus
1671 880 1773 908 dicitur
1860 887 1863 916 l

977 916 1176 947 Archiiiiimus.
1188 916 1243 944 Hic
1254 927 1341 955 neque
1352 919 1598 958 Presbyter,neque
1609 919 1772 952 Monachus,

975 957 1022 986 sed
1034 957 1156 986 tribunus
1167 956 1334 992 thymelicus
1345 978 1352 985 .
1373 959 1469 988 Anast.
1487 959 1618 989 Biblioth.
1638 961 1667 989 in
1679 961 1774 989 collat.
1861 957 1866 1006 ]

976 1000 1000 1027 S.
1014 998 1132 1028 Martini
1144 1000 1223 1035 Papee
1235 1020 1242 1030 ‚
1253 1002 1279 1026 &
1291 1000 1393 1031 Maru]
1407 1003 1449 1029 Ac
1460 1001 1571 1029 tandem
1584 1001 1602 1029 si
1614 1001 1701 1030 adhuc
1714 1011 1773 1036 ety-

976 1050 1043 1068 mon
1053 1039 1209 1074 'Iliymelici
1228 1039 1395 1078 investigare
1417 1041 1521 1069 luberet
1532 1063 1539 1074 ,
1549 1051 1658 1071 autumo
1668 1063 1676 1075 ,
1698 1041 1773 1080 quod

975 1092 1020 1109 ara
1029 1102 1037 1113 ‚
1049 1080 1186 1118 pulpitum
1198 1101 1205 1112 ,
1217 1083 1245 1108 δ(
1255 1079 1415 1115 Thymelici
1426 1081 1464 1110 ita
1474 1083 1678 1120 appellarentur
1688 1105 1695 1116 ,
1706 1082 1771 1121 quia

978 1121 1053 1149 foliis
1070 1121 1160 1149 herbae
1180 1119 1339 1156 tliynielicae
1359 1123 1561 1151 coronabantur
1574 1145 1582 1156 ,
1601 1134 1660 1162 quae
1680 1123 1858 1162 plantae-*-

977 1162 1051 1191 eafiae
1065 1162 1103 1190 est
1114 1183 1123 1194 ,
1142 1171 1172 1189 ut
1181 1162 1218 1189 ait
1228 1161 1381 1200 Calepinus
1398 1163 1429 1191 in
1438 1163 1502 1192 dict.
1513 1164 1590 1193 Cafia
1600 1186 1609 1198 ‚
1629 1164 1697 1193 &in
1706 1159 1772 1192 dier.
1801 1157 1858 1170 '⁰'

978 1205 1125 1232 Cneuron.
1142 1206 1169 1231 ὅ(
1179 1202 1213 1231 de
1223 1213 1254 1230 ea
1264 1201 1445 1232 Dioscorides
1457 1226 1465 1237 ,
1483 1204 1528 1233 lib.
1541 1216 1568 1240 4.
1588 1215 1646 1243 cap.
1663 1216 1725 1243 ¹37·
1744 1208 1772 1233 δε

978 1244 1050 1274 Plin.
1063 1244 1109 1272 lib.
1123 1254 1165 1282 ¹3·
1175 1254 1249 1281 cap-2
1259 1254 1281 1270 i.
1294 1246 1320 1271 ὃ(
1333 1244 1362 1272 ab
1375 1244 1495 1284 Hygino
1503 1246 1568 1274 casia
1578 1246 1682 1275 dicitur
1692 1268 1699 1279 ,
1710 1255 1770 1284 quae

978 1285 1051 1313 inter
1062 1293 1258 1312 coronamenta
1269 1284 1464 1313 admittebatur
1474 1306 1480 1312 .
1492 1286 1571 1314 Idem
1582 1288 1654 1315 Plin.
1666 1287 1712 1314 lib.
1725 1297 1738 1314 ε.
1748 1295 1771 1312 1.

978 1336 1066 1363 cap-9.
1079 1326 1152 1353 Nam
1163 1325 1286 1352 Deorum
1297 1324 1431 1353 dedecora
1441 1336 1499 1353 non
1510 1335 1617 1355 tantum
1630 1335 1772 1364 poetarum

978 1376 1034 1394 erat
1048 1375 1156 1393 narrare
1167 1386 1174 1397 ,
1185 1364 1231 1392 sed
1242 1365 1405 1402 populorum
1418 1377 1425 1396 5
1438 1376 1494 1394 non
1505 1366 1664 1400 mimorum,
1676 1366 1723 1394 scd
1732 1365 1771 1393 sa-

974 1416 1083 1435 crorum
1097 1427 1102 1437 ,
1114 1416 1169 1434 non
1181 1405 1350 1433 theatrorum
1363 1427 1370 1438 ‚
1381 1405 1427 1434 sed
1438 1407 1615 1444 templorum,
1626 1407 1720 1446 inquit
1730 1407 1771 1435 lo-

976 1458 1009 1475 co
1020 1447 1068 1475 cit.
1078 1447 1115 1476 D.
1127 1446 1295 1484 Augustinus
1306 1465 1313 1472 .
1333 1450 1367 1474 Et
1379 1447 1511 1484 Apuleius
1524 1469 1532 1480 ‚
1552 1448 1598 1476 lib.
1614 1459 1636 1476 i.
1646 1448 1772 1476 Florido-

976 1498 1046 1520 rum,
1058 1493 1069 1522 [
1082 1489 1141 1515 Aut
1150 1497 1192 1514 ara
1202 1486 1311 1514 floribus
1323 1487 1451 1515 redimita
1463 1489 1474 1517 ]
1486 1487 1601 1516 dixerat.
1611 1490 1685 1517 Item
1693 1487 1772 1523 Thy-

976 1529 1087 1557 melicus
1099 1548 1107 1560 ,
1120 1526 1300 1555 citharistam
1312 1549 1320 1560 ‚
1331 1528 1476 1562 Lyristam,
1488 1532 1514 1556 ὅ(
1528 1529 1681 1557 Tibicinem
1690 1528 1773 1567 figni-

977 1569 1038 1598 ficat
1049 1589 1056 1595 .
1067 1567 1193 1606 Rhodig.
1204 1567 1248 1596 lib.
1263 1572 1287 1596 8.
1299 1573 1385 1606 cap.8.
1396 1570 1469 1597 Item
1479 1567 1616 1604 Thymele
1628 1569 1679 1597 suit
1690 1569 1774 1606 cujus.

976 1610 1039 1638 dam
1050 1607 1192 1637 saltatricis
1203 1618 1315 1641 nomen,
1328 1610 1362 1637 de
1374 1619 1425 1647 qua
1436 1610 1560 1647 Angelus
1569 1609 1721 1638 Pontianus
1733 1610 1772 1638 fu—

975 1650 1002 1679 se
1013 1659 1111 1679 contra
1121 1649 1258 1679 Merulam
1269 1650 1454 1689 Epistolatum
1464 1650 1511 1679 lib.
1521 1661 1548 1683 7.
1559 1650 1639 1689 epist.
1654 1651 1689 1679 ad
1698 1653 1772 1680 Gua—

976 1701 1066 1720 rmum
1078 1712 1086 1718 fl

977 1783 1100 1802 mentum
1111 1793 1117 1800 .
1130 1771 1347 1807 [Thymiamata
1357 1774 1421 1802 boni
1433 1772 1527 1801 odoris
1537 1792 1544 1800 .
1556 1772 1643 1800 Exod.
1653 1782 1710 1810 cap.
1725 1784 1738 1801 2
1747 1782 1771 1806 ς.

976 1813 1141 1848 Thymiama
1151 1813 1245 1842 odoris
1255 1811 1404 1842 suaviffimi
1417 1834 1424 1841 .
1434 1813 1505 1842 lbid.
1517 1823 1575 1851 cap.
1586 1823 1599 1851 3
1609 1815 1655 1848 5.]
1674 1813 1707 1841 de
1718 1823 1772 1851 quo
1863 1814 1866 1837 ῑ

974 1854 1044 1892 saepe
1055 1854 1084 1882 in
1094 1856 1151 1883 Sac.
1162 1853 1300 1891 Scriptura
1310 1875 1317 1882 .

977 1946 1035 1973 cap.
1048 1946 1061 1972 ς
1071 1948 1095 1965 2.
1107 1940 1134 1964 ὃ(
1149 1947 1174 1964 2.
1184 1935 1300 1972 Paralip.
1313 1946 1369 1974 cap.
1382 1948 1408 1971 4.
1419 1936 1494 1963 Vide
1503 1935 1690 1963 Thuribulum
1704 1954 1711 1961 .

977 2017 1109 2055 appellati
1127 2015 1190 2044 sunt
1210 2015 1396 2053 persecutores
1414 2015 1718 2055 sacrarumlmaginum
1739 2015 1774 2043 ob

979 2057 1150 2086 ferocitatem
1161 2056 1256 2088 animi,
1266 2060 1293 2084 ὃ(
1303 2057 1373 2085 diras
1384 2056 1595 2094 persecutiones,
1607 2057 1702 2095 quibus
1715 2056 1774 2093 pios

977 2108 1070 2126 earum
1079 2098 1198 2126 cultores
1208 2096 1291 2136 usque
1300 2098 1332 2126 ad
1343 2098 1491 2126 interitum
1504 2097 1703 2136 affligebaiit,ut
1714 2105 1774 2124 non

979 2150 1039 2169 mro
1057 2139 1158 2176 legitur
1180 2138 1210 2166 in
1224 2138 1429 2176 Mai‘tyrologio
1438 2141 1521 2168 Rom.
1534 2142 1562 2166 ὅ(
1582 2139 1611 2165 in
1624 2137 1699 2165 Vitis
1708 2137 1774 2165 San-

977 2181 1084 2208 ftorum
1102 2178 1301 2208 Monachorum
1327 2179 1474 2207 earundem
1494 2178 1647 2217 imsginuui
1673 2184 1772 2218 propu-

977 2230 1142 2259 gnatorum,
1165 2219 1239 2247 inter
1254 2229 1321 2256 quos
1339 2218 1471 2248 monachi
1492 2220 1607 2248 Studitae
1626 2216 1772 2254 appellati,

978 2261 1137 2293 tormentis,
1149 2271 1178 2289 ac
1191 2261 1325 2295 martyrio
1334 2260 1369 2289 ob
1380 2260 1409 2289 id
1418 2261 1544 2299 insigniti
1553 2259 1623 2288 sunt.
1637 2256 1707 2285 Vide
1716 2260 1771 2283 Ico-

975 2302 1123 2331 nomaclms
1138 2321 1145 2328 .

130 2341 235 2369 Rivum
245 2351 347 2370 nomen
359 2352 393 2370 ex
403 2341 541 2377 Thymele
550 2342 604 2375 est,
617 2352 646 2370 ut
660 2353 692 2370 ex
704 2343 740 2370 D.
751 2344 824 2379 Aug.
835 2340 881 2367 lib.
893 2348 919 2368 6.
936 2344 1072 2370 rums-us
1092 2363 1100 2375 ,
1129 2337 1219 2376 θύννος
1237 2363 1244 2374 ,
1267 2352 1369 2371 nomen
1386 2340 1466 2381 piscis
1485 2335 1651 2379 praegrandis
1668 2355 1677 2368 2
1699 2333 1771 2363 unde

129 2380 164 2410 de
174 2381 266 2411 Civit.
277 2392 335 2421 cap.
349 2394 375 2416 7.
386 2383 448 2412 latis
460 2383 566 2421 liquet,
584 2382 627 2412 ubi
648 2382 682 2412 sic
693 2382 804 2422 inquiri
825 2381 917 2417 [Quae

973 2382 1058 2412 dietus
1070 2402 1077 2411 .
1103 2383 1176 2412 Vide
1198 2384 1268 2420 Esox
1280 2402 1287 2411 .

1633 2418 1730 2446 Timrn
