1866 2526
459 35 553 77 Ic

104 91 223 134 depingi
237 104 271 124 ex
281 92 395 123 decreto
403 91 495 123 conc.
513 92 580 122 Nic.
592 103 617 122 2.
636 92 686 122 ast.
699 101 725 128 5.
736 88 900 122 Constanti—

103 146 170 174 nop.
193 135 284 164 Cone.
304 135 354 163 zi&-
375 146 401 164 2.
420 134 591 173 aliorumque
609 133 770 162 sannorum
791 135 902 162 Patrum

103 174 241 205 sententia
251 194 259 202 .
283 174 357 203 V-rde
365 175 561 204 Iconomuchus
571 195 579 207 ‚
590 174 618 203 C
618 183 700 202 aetera
711 194 718 201 .
743 174 817 203 Vide
827 173 902 201 Gha—

102 226 202 254 ugma
210 235 218 243 .
228 220 386 244 Lauratum
395 235 402 242 .
423 219 517 253 Superi
520 217 609 244 conica
616 235 624 242 .
633 219 766 243 Sarrana
775 235 784 240 -
806 217 903 256 Agnus

103 256 170 289 Dei,
177 254 287 284 Christi
295 265 378 294 typus
387 265 423 284 an
433 255 547 294 depingi
557 254 729 294 prohibitum
739 254 821 284 fuerit
830 273 840 281 .
851 255 903 281 Vi—

102 296 138 325 de
147 299 244 333 Agnus
255 299 309 324 Dei
318 316 326 323 .

62 339 282 366 IanOMACHUS
291 358 300 370 ‚
322 340 349 366 ὅ(
361 337 524 374 Iconoclasta
533 358 541 370 ‚
563 335 687 365 haeretici
698 358 707 369 ,
716 345 833 375 quorum
843 344 903 373 per·

101 375 212 408 fidia,ex
222 375 341 415 ipsomet
353 377 467 405 nomine
477 377 704 410 declaratura-uam
715 373 903 413 εἷκανᾰμαχος»

100 415 233 445 sacrarum
243 417 396 456 imaginum
405 417 625 456 impugnatorem
637 438 645 450 ,
666 421 694 446 &
705 413 903 458 εἶκονοκλαςῗῑς,

102 457 252 496 imaginum
262 457 458 487 destruc-‘torem
467 458 640 496 significarim·
653 457 812 485 dicebantur
822 464 903 483 etiam

102 499 285 535 Hagiomachi
298 520 306 531 ‚
329 509 361 526 ex
379 508 470 537 graeco
480 495 641 536 &ww-³⁶⁶2&
652 519 661 530 ‚
684 496 767 530 idest,
791 496 903 539 Sinelo-

102 547 163 566 rum
177 538 303 567 inimicus
313 559 320 566 .
343 539 476 567 Batonius
486 559 497 575 ,
516 542 573 568 An.
585 550 649 573 727.
658 547 735 566 num.
746 547 773 575 3.
785 540 813 565 ὃς
822 536 884 580 alibi
895 555 902 562 .

103 578 207 612 Quibus
217 588 306 607 tamen
318 577 407 608 favere
417 580 525 608 videtur
535 589 594 607 can.
606 585 653 616 36.
673 577 785 607 Concil.
806 577 901 605 Illibe-

103 618 246 651 ritani‚seu
257 620 401 652 Eliberini,
412 619 456 647 ubi
466 620 501 648 fic
511 619 635 648 haberur÷
647 624 661 653 [
670 618 775 647 Placuit
787 617 902 655 pisturas

100 659 131 687 in
142 659 258 688 Ecclesia
267 658 318 688 efle
327 670 384 688 non
393 659 500 689 debere3
512 669 546 687 ne
555 659 630 698 quod
639 659 799 692 colitur,aut
808 658 901 700 adora-

102 709 190 731 tumn
201 699 343 738 parietibus
352 699 518 738 depingatur
526 720 535 732 ‚
543 710 619 737 can-3
626 699 901 731 ⁶.]1=R.cuiau6t0r1-

102 740 154 768 tati
164 742 263 768 Retron.
275 743 328 768 An.
339 749 386 775 75.
399 749 472 767 nuni.
487 751 496 768 1
507 751 516 768 1
526 744 549 768 8.
560 744 587 768 ὃ(
603 751 611 768 1
623 751 666 776 ¹9·
680 738 826 778 respondet
847 739 901 777 pri-

101 790 148 808 mo
158 789 296 818 nunquam
308 781 362 808 tale
370 780 520 808 concilium
529 780 657 810 extitifl‘e5
669 780 704 809 de
713 791 746 808 eo
757 780 831 808 enim
841 779 900 808 nul-

99 821 143 849 lus
151 829 304 858 graecorum
314 841 322 853 ,
343 820 531 849 &latinorum
541 820 718 855 synodalium
728 820 900 849 unctionum

1281 35 1299 76 1
1334 36 1378 78 D
1632 51 1711 95 379

957 88 1031 119 intei-
1040 98 1138 119 extera
1148 91 1250 127 ajebat:
1271 97 1284 127 [
1297 94 1366 122 Non
1375 92 1453 122 enim
1471 92 1500 122 in
1508 104 1628 126 errorem
1647 94 1759 128 induxit

956 140 1008 160 rios
1017 129 1163 159 hominum
1172 131 1250 160 malae
1262 133 1329 162 :ii-tis
1337 132 1510 172 excogitatio
1519 157 1526 169 ,
1546 146 1594 164 nec
1603 136 1696 167 umbra
1715 139 1761 176 pi-

955 172 1037 200 stur:
1049 193 1058 204 ,
1080 171 1153 200 labor
1161 171 1218 200 fine
1230 171 1316 202 fructu
1328 196 1338 207 ,
1358 174 1466 213 effigies
1485 174 1589 214 sculpta
1609 187 1657 215 per
1670 180 1760 208 varios

956 212 1070 245 colores,
1081 214 1154 248 cuj-‚is
1164 210 1283 251 aspestus
1295 212 1430 243 insensato
1440 215 1487 243 dat
1496 217 1759 257 concupiscentiam,

955 256 983 282 ὃ(
993 252 1215 292 diligitmortuae
1226 253 1355 293 imaginis
1375 255 1498 294 efigiem
1521 257 1576 285 fine
1587 260 1693 287 anIma.
1716 260 1761 287 Sa-

957 293 1045 331 pient.
1054 303 1112 331 cap.
1128 295 1196 329 1ς.]
1216 295 1524 325 NosenimCiiriihani
1536 308 1591 327 non
1613 298 1701 328 sumus
1721 300 1763 338 pi-

955 335 1037 362 &urse
1047 335 1201 362 adoratores
1213 355 1222 367 ‚
1243 333 1291 363 sed
1301 336 1440 364 adoramus
1451 337 1479 364 :d
1491 359 1498 369 ,
1522 348 1570 375 per
1586 340 1661 379 quod
1680 342 1709 368 in
1729 350 1760 369 ea

955 373 1057 411 species
1069 376 1165 403 ηοω-,ε
1178 376 1279 403 mentis
1295 386 1465 410 excitantur,
1490 387 1589 418 nempe
1600 402 1607 413 ,
1630 380 1688 410 Dei
1699 401 1708 415 ‚
1730 384 1761 409 &-

956 415 1116 443 Sanctorum
1126 435 1134 442 .
1156 416 1298 444 Caeterum
1308 427 1356 455 per
1371 417 1503 455 pieturam
1513 419 1541 447 in
1555 422 1658 457 pariete
1677 421 1760 450 intel-

958 455 1006 492 ligi
1019 455 1108 493 potest
1118 456 1209 484 omnis
1218 456 1340 494 pic'tura5
1362 467 1426 486 nam
1435 459 1584 497 antiquitus
1594 472 1654 490 raro
1678 461 1707 490 in
1719 472 1760 490 ta.-

957 495 1025 522 buin
1035 496 1196 534 pingebatur
1206 507 1215 528 ,-
1226 507 1407 536 praeterquam
1417 499 1492 537 quod.
1502 500 1540 528 est
1552 501 1628 540 Sacre
1640 503 1762 540 Scripru-

957 545 993 562 ine
1007 535 1105 573 phmiis
1117 558 1124 568 ,
1143 547 1172 566 ut
1181 547 1228 574 per
1237 538 1347 575 parietis
1357 539 1491 576 pisturam
1502 563 1510 573 ,
1532 551 1588 570 tam
1597 542 1704 581 effigies
1714 553 1761 581 ap-

958 575 1037 613 pensa
1049 601 1053 607 ,
1063 587 1142 614 quam
1153 577 1259 615 depicta
1269 578 1300 606 in
1307 589 1411 617 pariete
1420 579 1595 620 intelligatur
1605 603 1613 610 .
1625 588 1638 618 [
1650 586 1682 611 Et
1696 593 1761 611 ecce

959 617 1049 644 omnis
1058 617 1209 645 limilitudo
1216 619 1360 656 reptilium
1370 622 1422 647 &c.
1432 624 1460 648 ὃ(
1470 621 1595 651 universa
1614 623 1688 652 idola
1706 624 1761 653 do-

959 666 1017 684 mus
1026 656 1226 695 Israeldepista
1235 668 1311 686 erant
1321 659 1350 687 in
1360 660 1465 697 pariete
1485 661 1515 690 in
1523 662 1640 691 circuitu
1649 673 1697 701 per
1715 673 1759 693 to-

957 706 1024 725 tum.
1037 697 1138 726 Ezech.
1148 708 1205 736 cap.
1217 702 1242 725 8.
1251 699 1379 738 Cumque
1390 700 1499 729 vidiss'et
1509 702 1583 731 viros
1593 703 1718 742 depitfios
1729 706 1761 734 in

957 737 1060 774 pariete
1074 759 1082 770 ‚
1090 737 1195 767 ibidem
1205 748 1281 776 cap-2
1287 741 1328 776 3.]
1341 740 1415 778 quod
1425 750 1479 769 tam
1488 742 1522 771 de
1529 744 1635 781 pictura
1645 744 1762 782 appensa

957 778 987 805 in
998 778 1100 816 pariete
1110 800 1118 812 ,
1128 789 1207 817 quani
1216 778 1322 807 ibidem
1333 780 1441 818 depicta
1451 782 1574 822 intelligi
1583 785 1763 822 potest.Vide

958 822 1073 846 Domina·
1077 830 1109 848 ca
1117 820 1275 850 orthodoxia
1286 840 1293 847 .
1316 821 1519 860 Thymele-'antes
1528 842 1538 850 -

100 860 233 889 collcftor
244 861 417 889 mentionem
427 860 507 888 facit.
518 861 653 893 Secundo,
665 860 684 889 si
694 860 746 889 hoc
755 860 828 893 effer,
840 862 901 889 Ico-
916 859 1046 887 lemnus
1056 861 1133 888 Avrs
1143 879 1150 887 .
1174 859 1248 890 Vide
1258 865 1389 898 Aurugo.

99 900 219 938 noclaste
228 900 259 929 in
268 902 462 930 controversiis
471 900 540 930 hanc
549 902 738 930 :infirmitatem
749 911 800 940 pro
809 901 847 930 eis
855 902 901 929 :id-
917 899 1083 927 Icmucus
1094 901 1219 942 Mroitgus
1230 921 1244 944 ,ι
1260 901 1334 944 Vide
1345 905 1458 939 Aurugo
1467 923 1474 930 .

99 940 236 970 duxiss'ent
248 952 257 972 ς
279 941 314 969 dc
327 951 378 980 qua
390 951 479 970 tamen
489 952 626 981 nunquam
637 942 807 970 mentionem
829 941 900 979 ipsos
918 940 1086 968 inim-ius
1098 962 1106 972 ‚
1119 950 1149 967 m
1158 942 1260 971 scholis
1271 941 1382 969 idemin
1394 943 1526 972 abstracto
1537 944 1690 984 significan
1711 945 1760 976 sed

99 980 190 1009 sccill'e
198 981 303 1010 constat
312 1001 319 1008 .
340 983 437 1010 Tertio
447 1004 454 1014 ‚
474 983 583 1021 qualem
590 983 782 1011 austeritatem
795 981 900 1019 pollent

99 1022 132 1049 in
142 1021 257 1049 Ecclesia
271 1022 392 1060 praebere
403 1023 509 1055 decern,
519 1027 546 1051 ὃ(
557 1033 660 1051 novem
671 1022 802 1060 Episcopi
814 1023 844 1050 in
854 1032 897 1050 or-

100 1061 140 1090 bis
149 1061 250 1100 angulo
261 1063 423 1101 congregati
435 1085 442 1095 ,
452 1067 578 1101 'quorum
586 1063 725 1092 decretum
735 1062 824 1091 statim
835 1073 901 1091 con-

99 1101 185 1130 trario
195 1102 318 1131 Ecclesiae
329 1100 375 1131 usu
386 1104 554 1132 annullatum
563 1104 611 1136 est,
625 1104 682 1132 imo
691 1112 836 1142 antequam
846 1104 900 1132 ori-

99 1151 174 1170 retur
183 1143 335 1170 extinctum
345 1141 397 1170 fuit
409 1150 420 1171 Ξ
432 1144 504 1172 unde
515 1144 545 1172 ab
555 1144 648 1182 aliquo
658 1143 824 1173 Iconoclasta
835 1143 902 1172 salso

957 979 1104 1018 aliquando
1114 984 1247 1011 terminus
1257 981 1302 1009 hic
1316 992 1366 1019 pro
1378 982 1542 1013 detentione
1552 1007 1560 1018 ‚
1583 985 1628 1014 seu
1637 997 1760 1015 commo-

959 1020 1104 1048 rationein
1115 1024 1214 1051 eodem
1223 1024 1287 1052 loco
1296 1020 1434 1060 usurpatus
1442 1025 1580 1063 reperitur
1590 1045 1598 1053 .
1617 1027 1762 1066 [Aliquos

957 1059 1054 1088 fratres
1065 1061 1212 1093 transmisit
1222 1063 1371 1091 recreando
1383 1085 1391 1096 ‚
1415 1074 1448 1092 ne
1459 1065 1588 1094 identitas
1599 1066 1628 1094 in
1647 1067 1763 1097 claustro

958 1101 988 1129 in
1008 1101 1046 1129 eis
1058 1122 1065 1133 ‚
1086 1104 1134 1139 qui
1156 1103 1339 1142 pusillanimes
1355 1113 1437 1132 erant
1446 1106 1583 1134 accediam
1601 1107 1763 1145 parturiret.

959 1140 1060 1170 Matth.
1070 1142 1154 1171 Paris.
1166 1145 1196 1173 in
1207 1145 1265 1172 vita
1278 1144 1345 1172 Abb.

98 1182 246 1210 inventum
256 1181 330 1211 fuiss'e
337 1181 391 1211 hoc
401 1183 539 1212 decretum
549 1184 672 1212 creditur
681 1186 720 1219 εΗε
733 1186 819 1213 Azor.
830 1186 900 1213 tame
920 1182 1032 1210 inritos
1045 1203 1053 1214 ‚
1074 1186 1102 1211 δ(
1113 1185 1229 1214 Iderzon
1240 1206 1248 1218 ,
1273 1186 1328 1213 FR.
1340 1187 1419 1224 Sepes
1430 1207 1438 1219 ,
1460 1185 1479 1214 l.
1493 1185 1511 1216 fi
1521 1185 1582 1226 quis
1593 1186 1684 1227 sepem
1697 1210 1705 1222 ‚
1726 1188 1763 1219 de

100 1232 156 1260 par.
170 1234 197 1251 2.
207 1223 254 1252 lib.
262 1233 292 1258 9.
301 1233 325 1251 c.
335 1233 363 1255 7.
376 1226 405 1252 &
416 1224 596 1252 Bellarminus
604 1224 639 1252 de
649 1225 730 1263 imag.
742 1224 788 1252 lib.
802 1236 827 1253 2.
838 1236 861 1253 c.
871 1236 900 1261 9.

957 1223 1057 1252 damno
1070 1244 1078 1256 ,
1101 1228 1129 1253 ὅ(
1140 1224 1253 1260 injuria.

101 1262 252 1291 verilimile
269 1273 366 1301 putant
384 1263 545 1301 praedic'tum
554 1265 716 1293 Concilium
739 1275 796 1292 non
806 1264 899 1303 prohi-
919 1265 1031 1293 Iino-ri
1044 1285 1053 1296 ‚
1077 1262 1194 1300 ἶδὶώτνις,
1216 1264 1381 1294 humilitatis
1392 1277 1529 1306 agnomen
1546 1268 1576 1296 ab
1588 1269 1706 1299 Auctore
1726 1269 1762 1298 li—

99 1301 180 1331 buiss'e
190 1303 219 1331 in
228 1303 346 1332 Ecclesia
355 1303 488 1342 imagines
497 1305 642 1343 portatiles
654 1317 662 1335 ς
680 1305 726 1334 sed
745 1315 853 1334 tantum
873 1306 902 1333 in

97 1352 178 1371 muro
195 1343 315 1382 depistas
326 1364 334 1376 ,
357 1353 386 1372 ut
397 1354 430 1372 ex
449 1345 552 1374 decreti
573 1346 662 1374 verbis
683 1346 770 1384 liquet
781 1366 788 1377 ,
812 1350 839 1375 ὅ(
849 1345 901 1375 hoc

98 1392 214 1422 propter
221 1382 465 1422 persequutionum
477 1386 595 1423 pericula
605 1408 613 1418 ,
637 1396 672 1415 ne
684 1387 849 1415 venerabiles
860 1387 900 1425 pi-

100 1424 181 1452 sturae
191 1424 225 1453 ad
234 1424 349 1453 ludibria
368 1424 523 1454 infidelium
541 1436 746 1465 exponerentur
759 1446 766 1453 .
785 1426 900 1455 Nihilo-

99 1464 190 1492 minus
202 1464 274 1493 idem
283 1466 381 1493 Bai-on.
390 1464 458 1493 licet
469 1466 522 1494 tale
532 1467 697 1495 Concilium
707 1466 827 1495 Illiberis
837 1489 845 1501 ‚
855 1467 900 1496 seu

101 1503 218 1532 Eliberis
231 1504 331 1532 ibidem
343 1503 463 1533 extitisse
474 1516 558 1544 neget
569 1519 576 1534 .-
587 1507 622 1535 de
633 1510 720 1536 Anno
730 1517 821 1536 tamen
831 1518 899 1545 305.

958 1305 1024 1333 belli
1032 1304 1106 1333 illius
1117 1303 1237 1343 spiritui,
1247 1309 1274 1335 δε
1286 1307 1384 1335 animae
1396 1309 1521 1345 perutilis
1533 1307 1698 1347 usurpatum,
1708 1311 1762 1348 que

958 1356 991 1373 ex
1002 1347 1040 1374 M.
1051 1346 1076 1374 5.
1085 1346 1248 1384 Lugdonen.
1260 1347 1333 1375 Cod.
1344 1347 1373 1375 in
1389 1348 1529 1387 integi-um
1538 1349 1658 1378 restituit
1669 1350 1762 1380 Theo-

959 1384 1051 1423 philus
1060 1388 1228 1421 Raynaudus
1238 1409 1245 1420 ,
1257 1398 1285 1415 ac
1296 1388 1425 1426 Lugduni
1434 1387 1482 1416 sub
1493 1389 1538 1416 tit.
1549 1391 1758 1428 Idiotasapiens

959 1426 993 1453 de
1005 1429 1090 1454 Anno
1104 1437 1112 1453 1
1123 1435 1156 1465 ⁶3
1164 1439 1190 1455 2.
1199 1427 1436 1466 imprimituravit
1448 1451 1456 1461 ,
1478 1429 1546 1457 &in
1565 1431 1622 1464 ejus
1631 1431 1704 1459 calcc
1715 1431 1758 1460 di-

957 1465 1028 1494 serte
1041 1468 1121 1495 variis
1130 1469 1293 1503 comesturis
1313 1468 1386 1497 hunc
1397 1469 1546 1497 Amorem
1563 1471 1763 1505 Ray-mundum

957 1508 1110 1545 Jordanum
1120 1510 1288 1547 appellatum
1298 1508 1370 1537 suill'e
1381 1518 1458 1547 putat
1470 1530 1476 1536 .

1177 1549 1183 1558 »

100 1552 178 1571 num.
188 1553 235 1580 39.
244 1547 272 1572 δε
282 1555 330 1578 40.
339 1554 421 1582 agens
432 1567 440 1578 ‚
462 1545 532 1574 illud
545 1546 620 1575 fiiiss'e
629 1548 767 1580 affirmat,
787 1551 813 1576 ἃ
825 1549 899 1586 quod
919 1548 1116 1578 iuononi-im
1128 1571 1136 1582 ‚
1159 1548 1362 1587 ειδὶολολοίνρνις
1373 1569 1380 1576 .
1404 1549 1476 1578 Vide
1505 1550 1619 1587 Discola
1629 1571 1636 1578 .
1658 1552 1761 1580 zthm'-

100 1582 202 1611 ibidem
213 1582 292 1621 supra
300 1584 409 1612 dixerat
420 1605 428 1616 ‚
452 1585 558 1615 nullum
573 1587 608 1615 de
618 1588 665 1615 tali
675 1588 808 1616 Concilio
825 1598 899 1617 men-

99 1623 206 1652 tionem
217 1622 317 1652 fecisset
328 1645 336 1656 ,
360 1624 387 1652 in
406 1624 458 1652 hoc
475 1635 548 1654 anno
559 1637 626 1664 305.
648 1637 722 1655 num.
734 1629 900 1663 :ti-attesta-

961 1599 1009 1616 cus
1019 1608 1026 1615 .
1048 1591 1202 1626 Forasticus
1214 1610 1221 1616 .
1231 1590 1353 1623 Infidelis
1363 1610 1370 1617 .
1383 1595 1515 1627 Paganus
1525 1610 1532 1617 .
1542 1592 1687 1628 Spurcalla
1694 1612 1704 1620 .
1716 1596 1763 1621 Ve-

957 1639 1085 1658 nerarius
1094 1650 1102 1657 .

100 1664 208 1692 tionem
221 1663 246 1692 S.
256 1664 417 1693 Innocentii
428 1666 506 1703 Papae
518 1687 526 1698 ,
548 1667 595 1695 lib.
606 1677 634 1705 3.
653 1678 711 1706 cap.
725 1680 750 1696 z.
770 1669 898 1698 adducit:
918 1669 1126 1699 ΙοοιοιΑτκιΑ
1139 1668 1359 1708 &kunnaida
1371 1670 1531 1700 FR.dicitur
1541 1671 1671 1709 quaelibet
1681 1673 1763 1702 inor·

99 1703 208 1732 sortasse
227 1704 358 1733 Baronius
384 1703 462 1743 supra
489 1716 670 1736 memoratum
690 1708 849 1743 decretum,
871 1713 898 1738 δ(

99 1753 158 1773 non
176 1745 339 1773 Concilium
357 1745 531 1775 intellexerat
553 1757 668 1787 negare5
691 1747 742 1777 sed
765 1750 898 1789 quidquid

99 1784 150 1816 lit,
171 1785 245 1813 reete
265 1785 404 1814 decretum
424 1787 495 1815 illud
515 1786 642 1817 sustineri
671 1788 757 1826 poss'et
770 1812 777 1822 ,
800 1792 899 1819 nedum

99 1823 344 1863 persequutionum
364 1827 526 1862 conjecturis
537 1849 546 1860 ‚
566 1827 614 1858 sed
631 1829 715 1857 etiam
725 1829 754 1858 in
771 1829 849 1860 sensu
863 1833 901 1860 ri-

957 1709 1050 1737 dinata
1061 1710 1280 1749 concupiscentia
1292 1732 1299 1743 ,
1319 1721 1376 1738 can.
1387 1712 1550 1739 Idololatrm
1562 1733 1569 1745 ‚
1579 1722 1638 1740 can.
1650 1723 1707 1741 non
1715 1712 1761 1742 so-

956 1750 1012 1778 lum
1021 1772 1028 1783 ‚
1052 1755 1097 1778 28.
1110 1751 1204 1789 quaest.
1220 1763 1241 1780 ι.
1253 1754 1280 1779 ὃ(
1292 1752 1436 1790 utrobique
1447 1749 1538 1781 Giuffi
1549 1773 1556 1779 .
1576 1752 1694 1783 Quando
1704 1755 1762 1792 pri—

955 1800 1032 1818 mum
1041 1790 1166 1820 homines
1178 1792 1211 1820 ad
1222 1792 1451 1820 idololatrandum
1464 1791 1566 1820 seducti
1575 1813 1582 1820 .
1608 1794 1681 1823 Vide
1692 1799 1762 1823 Pon—

958 1830 1032 1869 tifex
1042 1851 1049 1858 .
1073 1832 1149 1869 Quid
1161 1832 1192 1860 sit
1203 1852 1210 1859 .
1234 1832 1306 1861 Vide
1317 1835 1490 1870 Superstitio.

99 1862 219 1903 gumfo,
242 1866 470 1902 quemadmodum
489 1867 595 1904 juss'erat
617 1870 709 1898 Deus:
735 1875 747 1904 [
771 1872 839 1899 Non
863 1871 901 1900 sa·
916 1872 1042 1899 loono„
1054 1893 1061 1904 ‚
1073 1871 1188 1901 εἰδώλων
1202 1893 1210 1904 ,
1233 1873 1339 1911 effigies
1351 1874 1418 1901 idoli
1430 1895 1438 1905 ,
1456 1874 1502 1902 vel
1514 1883 1627 1912 parvum
1635 1875 1763 1904 idolum.

99 1905 179 1933 cietis
197 1905 406 1940 vobmidoium,
427 1906 607 1947 &sculptiie,
632 1920 680 1938 nec
704 1910 800 1939 titulos
811 1911 899 1951 erigc-
916 1913 1064 1944 Inoiitm,
1085 1911 1241 1945 εἶ’ωλεῖον,
1265 1914 1400 1951 templum
1423 1914 1579 1943 idolorum.
1606 1921 1618 1950 [
1641 1916 1764 1945 Utinam

99 1944 135 1973 tis
146 1966 153 1977 ,
178 1955 225 1972 nec
236 1945 371 1984 infignem
383 1945 500 1985 lapidem
511 1950 620 1987 ponetis
631 1949 660 1978 in
671 1959 741 1979 terra
752 1951 856 1986 vestra,
869 1963 898 1981 ut

98 1985 217 2013 adoretis
227 1995 289 2013 eum
298 1997 308 2017 ,-
327 1987 418 2015 Levit-
432 1994 478 2016 26.
490 1991 502 2020 ]
525 1999 605 2028 quare
615 2001 663 2019 nec
673 1990 719 2019 dei
730 1992 854 2020 Deorum
867 1993 900 2022 fi-

97 2027 246 2054 mulacrum
254 2025 394 2055 efformare
405 2028 564 2065 permiserat
574 2029 683 2065 Moyses
696 2052 704 2063 ,
726 2041 761 2059 ne
772 2035 897 2071 populus,

96 2066 146 2104 qui
156 2075 281 2094 recenter
291 2067 322 2094 ab
330 2067 484 2097 idololatris
494 2070 646 2109 AEgyptiis
663 2070 820 2101 discesserat
830 2095 838 2106 ‚
861 2074 898 2103 fa-

96 2107 153 2135 cile
163 2106 342 2145 deciperetur,
350 2107 502 2143 adorando,
514 2109 632 2144 scilicet,
642 2111 792 2150 imaginem
803 2113 896 2152 ipsam,

96 2149 124 2175 ὃς
136 2156 194 2174 non
205 2145 469 2185 repraesentatuniin
479 2160 520 2184 αι,-
531 2152 629 2179 eodem
639 2153 722 2179 modo
733 2154 898 2184 credendum

96 2186 224 2225 est‚quod
235 2188 429 2218 Eliberitanum
437 2192 599 2220 Concilium
611 2201 723 2230 propter
731 2192 896 2231 scrupulum,

94 2236 131 2254 ne
150 2226 180 2268 in
203 2227 342 2265 primitiva
361 2230 475 2259 Ecclefia
492 2232 609 2270 populus
624 2243 660 2261 ex
685 2234 845 2271 gentilitate
863 2237 897 2265 ad

93 2265 271 2295 christianam
280 2268 363 2297 fidem
375 2271 522 2300 conversus
530 2294 538 2305 ‚
561 2271 640 2301 facile
658 2273 794 2302 laberetur
803 2285 832 2304 in
839 2277 898 2314 pri-

94 2305 193 2334 stinam
205 2307 372 2341 idolatriam5
382 2310 446 2339 ideo
455 2313 568 2350 pieturas
576 2313 740 2342 omnimodo
749 2314 903 2352 prohibue-'

88 2355 144 2382 tat,
157 2356 186 2375 ut
196 2348 383 2381 adorarentur.
394 2352 471 2382 Hinc
481 2353 611 2385 Salomon
619 2354 720 2394 gratias
729 2365 812 2394 agens
821 2346 904 2417 Dem'

955 1952 1074 1980 Phinees
1086 1951 1236 1991 resurgeret
1248 1973 1255 1980 .
1279 1953 1401 1982 Utinam
1420 1955 1490 1982 Elias
1510 1956 1572 1983 aelo
1591 1956 1692 1984 zelatus
1711 1966 1762 1994 pro

956 1992 1040 2020 domo
1053 1992 1137 2021 Israel
1149 1993 1333 2021 recumbentes
1348 1995 1378 2022 in
1388 1995 1476 2022 idolio
1486 2017 1494 2028 ,
1506 1996 1572 2034 igne
1582 1996 1684 2025 caelesti
1693 2007 1763 2026 con-

954 2031 1072 2060 sumeret
1083 2054 1090 2060 .
1113 2033 1235 2062 Utinam
1246 2032 1341 2062 saltem
1352 2035 1482 2071 Jcremm
1491 2036 1683 2073 captivitatem
1692 2037 1760 2066 filice

956 2073 1023 2101 Sion
1032 2074 1135 2111 triplici
1149 2075 1220 2101 luctu
1233 2095 1239 2106 ‚
1262 2073 1368 2102 scilicet
1381 2096 1389 2107 ,
1411 2075 1545 2104 orationis
1559 2098 1566 2109 ‚
1585 2078 1763 2115 praedicatio-

951 2113 997 2141 nis
1008 2135 1016 2145 ,
1034 2114 1152 2151 exempli
1163 2114 1275 2142 doceret
1287 2136 1294 2146 ,
1305 2124 1430 2144 moneret
1439 2137 1447 2148 ,
1469 2117 1582 2145 defleret
1594 2137 1600 2144 .
1612 2119 1684 2146 Pctr.
1695 2118 1763 2147 Cel-

953 2153 1009 2182 len.
1022 2153 1069 2182 lib.
1080 2166 1106 2189 4.
1118 2155 1194 2191 epist.
1209 2165 1250 2191 ¹3·
1263 2156 1275 2185 ]
1300 2156 1373 2183 Item
1389 2156 1509 2184 Idoleum
1530 2157 1599 2195 apud
1612 2159 1762 2187 nonnullos

953 2194 1057 2233 legitur
1069 2214 1076 2221 .
1089 2196 1144 2223 PR.
1154 2193 1200 2222 sed
1211 2195 1307 2223 rectius
1318 2197 1454 2228 Idalium5
1478 2197 1514 2226 fit
1526 2198 1602 2226 enim
1617 2209 1639 2226 i.
1651 2200 1719 2228 Cor.
1734 2204 1759 2226 8.

948 2233 1084 2263 habetur:
1099 2241 1111 2269 [
1125 2235 1237 2263 sienim
1248 2236 1308 2273 quis
1319 2237 1423 2265 viderit
1433 2247 1495 2265 eum
1505 2260 1513 2270 ,
1524 2248 1569 2277 qui
1583 2239 1663 2267 nabet
1673 2238 1762 2266 scien-

953 2276 1020 2303 tiam
1040 2275 1071 2302 in
1088 2275 1181 2303 idolio
1200 2277 1418 2306 recumbentem:
1443 2288 1540 2307 nonne
1561 2278 1760 2307 conscientiam

952 2318 1009 2351 ejus
1020 2326 1081 2344 cum
1104 2316 1134 2344 iit
1147 2315 1254 2344 infirma
1264 2338 1272 2349 ,
1296 2317 1476 2347 aedificabitur
1499 2320 1532 2347 ad
1544 2318 1762 2347 manducandum

952 2355 1135 2392 idolothyta?
1148 2358 1159 2389 ]
1185 2357 1378 2394 synonymum
1387 2379 1394 2388 .
1407 2360 1442 2389 V.
1456 2364 1577 2389 Comma
1587 2377 1594 2385 .

1648 2399 1719 2427 Iuo-
