1866 2526
372 0 393 38 N
439 37 550 80 CA

83 104 144 125 tas-
163 96 253 126 Azor-
263 93 312 125 lib.
327 105 370 123 ιο.
381 105 440 134 cap.
450 106 499 133 37.
509 92 607 125 Didio
628 98 735 123 Raram
747 114 755 126 ,
778 91 847 121 idest
861 111 866 122 ‚

84 143 189 165 cerm
196 156 206 169 ‚
217 135 388 166 mirabilem
395 135 551 165 mutatione
559 134 713 164 substantiae
730 132 869 171 corrupti-

86 175 386 215 bilisinjncormptam
403 177 518 206 denotat
527 197 535 205 .
555 176 766 207 Ratioaeabilem
777 196 784 207 ‚
807 182 868 202 cum

85 215 232 246 fitoblatio
239 217 410 246 rationabilis
416 217 538 256 obsequii
547 217 635 246 nostri
645 239 654 251 ‚
665 221 689 246 ἃ
700 226 757 244 non
767 215 871 243 anima-

87 257 157 286 lium
165 279 175 291 ‚
195 266 227 285 ut
236 257 275 286 ait
286 257 384 296 Apost.
395 258 427 287 iu
437 260 516 297 epist.
527 259 560 288 ad
570 261 655 288 Rom.
664 267 722 296 cap.
737 268 780 285 ιι.
793 265 839 284 nu.
848 265 871 282 ι.

83 298 180 326 'Verba
187 307 278 328 autem
287 320 295 332 ,
316 301 377 338 §zui
384 300 474 337 pridie
483 310 570 339 quam
576 308 721 338 pateretur
731 319 740 331 ‚
750 307 764 325 a
774 296 872 325 Saano

88 340 160 377 Papa
170 338 332 368 Alexandro
350 339 454 374 adjecta
474 339 549 369 suiss'e
566 341 698 369 Austores
715 339 854 367 affirmant
863 353 873 362 ι

88 379 422 420 Verbauysteriumfidei
434 381 464 409 in
472 381 679 410 consecratione
688 378 793 410 Calicis
802 398 809 405 .
820 377 872 406 Vi-

87 419 123 448 de
132 421 364 461 Mysteriumfidei
373 441 381 448 .
399 422 502 450 Cruces
512 432 572 460 quae
582 422 722 461 signantur
730 418 810 457 super
819 421 873 447 Eu-

85 459 243 489 thunitiam
255 461 314 499 post
323 459 557 492 consecrationem
570 484 578 496 ‚
602 473 661 491 non
670 460 741 489 -sunt
761 457 874 487 bencdi-

86 501 192 530 &iones
203 522 212 534 ,
232 500 279 530 sed
287 502 363 541 figm
373 524 381 535 ,
403 506 430 532 ὅ(
441 504 580 532 memoriae
591 501 724 532 Passionis
741 498 850 529 Christi
865 516 873 526 .

88 541 134 571 Ab
143 543 291 571 Haerericis
301 553 390 572 autem
399 544 563 573 calumniata
575 544 684 573 fuerunt
705 541 754 569 illa
771 539 852 568 verba
865 559 872 570 ,

87 587 175 620 Supra
183 594 238 621 qua
244 587 361 621 propitio
371 605 378 617 ,
401 585 534 622 acsereno
543 585 631 613 vultu
639 584 767 621 respicere
776 581 870 618 digne-

1204 33 1243 75 C
1277 33 1314 75 A
1579 48 1652 90 143

924 99 975 131 pc,
998 100 1062 120 :inte
1071 90 1317 121 communionem
1341 99 1438 118 verum
1455 99 1549 120 tamen
1558 93 1596 120 est
1618 92 1708 132 ipsum

925 131 1103 171 composuifle
1111 131 1247 161 orationis
1257 130 1439 170 appendicem
1450 153 1458 164 ,
1468 142 1527 170 quae
1538 131 1639 171 incipit
1650 155 1658 166 ‚
1667 138 1713 163 Li-

925 174 990 203 bera
998 183 1044 202 nos
1056 173 1208 212 qtusumus
1217 193 1226 206 ,
1246 175 1383 201 Domine.
1404 174 1488 201 Gem.
1499 172 1545 201 lib.
1561 183 1583 201 ι.
1591 182 1713 212 eap.9.ac

925 213 1068 243 manifeste
1085 224 1118 243 ex
1138 215 1166 243 S.
1183 213 1323 246 Andoeae,
1345 215 1402 248 ejus
1420 212 1564 251 peculiaris
1574 213 1715 244 Advocau'

926 254 1124 287 invocatione,
1146 254 1220 282 suam
1231 252 1465 292 compofitionem
1483 255 1533 282 ess'e
1548 254 1693 294 colligitur
1706 276 1712 285 .

927 305 986 335 quae
999 294 1181 324 Embolismus
1199 305 1214 323 a
1223 293 1330 323 Graecis
1349 294 1452 324 dicitur
1460 316 1467 323 .
1491 295 1564 324 Vide
1582 296 1718 333 Embolis-

927 347 990 365 mus
1000 356 1008 364 .
1031 340 1066 365 Et
1076 335 1107 364 in
1119 336 1186 365 feria
1194 336 1250 365 VI.
1261 332 1431 373 pararasceve
1449 336 1502 364 alta
1514 346 1582 364 voce
1604 331 1715 374 profer!-

928 385 973 406 tur
983 399 992 411 ,
1014 387 1043 406 ut
1053 376 1193 406 manifeste
1201 373 1344 404 descensus
1353 375 1461 405 Christi
1472 377 1506 405 ad
1516 376 1619 405 inferos
1629 377 1663 406 ad
1681 377 1714 405 li-

926 417 1059 447 berandos
1068 416 1173 446 san&os
1183 419 1275 446 Patres
1285 416 1471 446 manifestetur
1479 437 1486 444 .
1509 418 1617 446 Duran.
1627 418 1674 446 lib.
1686 429 1713 452 4.

927 469 985 497 cap.
999 470 1047 496 49.
1067 460 1123 487 PR.
1139 458 1262 488 Tandem
1281 457 1429 486 dicendum
1441 479 1448 490 ,
1471 459 1546 496 quod
1564 458 1716 497 antiquitus

928 510 976 538 per
987 509 1077 528 totum
1086 499 1201 528 canonis
1210 498 1293 528 Mill'ae
1305 506 1412 537 tempus
1423 499 1636 527 excludebantur
1646 509 1660 527 a
1668 500 1712 527 Sa-

928 540 1033 568 crificio
1044 540 1245 569 catechumeni
1256 562 1264 572 ‚
1275 540 1462 578 energumeni
1473 561 1481 572 ,
1493 543 1521 568 ὅ(
1532 540 1715 569 Por-nitentes.

928 581 1091 610 Ranzovius
1102 580 1133 609 in
1143 581 1219 619 epist.
1230 581 1264 608 ad
1273 580 1417 608 calmum
1429 601 1436 607 .
1611 601 1613 603 .

88 626 130 651 rs's
141 623 199 657 &uc-
219 624 364 653 asserenres
381 625 554 654 Sacerdotem
572 624 728 653 intromitti
746 629 874 659 tanquam
887 622 1103 651 CANONARCHA
1117 643 1124 654 ,
1136 631 1224 660 graeca
1231 631 1288 649 vox
1298 621 1466 660 Κινονκρχης
1478 642 1486 654 ,
1507 620 1665 650 monachale
1674 620 1717 650 of-

87 664 268 692 mediatorem
289 665 363 695 inter
380 667 490 694 Patrem
509 675 642 694 aeternum
652 686 661 697 ,
683 668 711 692 ὅ(
729 661 873 692 Christum

87 706 146 740 ejus
157 698 257 733 Filium
267 726 275 738 ‚
297 706 336 734 ita
344 715 375 734 ut
383 715 445 734 oret
454 705 623 735 Sacrificium
639 704 709 734 illud
730 702 782 732 else
799 712 874 731 acce-

87 744 191 783 ptabile
199 765 207 773 .
230 746 313 781 Quod
323 746 389 775 falso
400 746 522 777 affer-itur
533 757 541 778 ς
557 756 627 774 amm
637 767 645 778 ,
665 755 697 773 ut
705 744 739 773 fit
751 754 873 782 accepta-

89 785 146 814 bile
154 784 323 823 inquantum
338 787 372 816 ad
381 786 504 816 effee‘tum
519 809 527 820 ‚
548 787 616 815 &in
627 786 727 815 ordine
738 786 773 814 ad
782 785 876 814 Eccle-

88 825 154 855 stssm
164 846 173 858 2
194 825 485 870 intercedit'Sacei-dos
494 838 586 857 coram
595 829 659 856 Deo
670 848 678 859 ,
702 836 731 855 ut
750 825 876 856 ostenda<

88 875 136 894 tm·
145 885 153 898 ¹
174 865 306 896 nimirum
317 889 325 901 ‚
347 878 411 908 erga
421 879 470 898 nos
481 873 535 906 ejus
547 867 737 897 misericordia
748 889 755 901 ‚
779 877 808 895 ac
818 865 876 904 pie-

88 915 130 935 tas
142 927 150 938 ‚
173 916 281 944 peccata
289 909 463 939 dimittendo
474 932 482 944 ,
505 910 559 938 hoc
570 908 708 938 Sacrificio
718 907 856 936 mediante
868 927 875 939 ‚

88 947 165 985 quod
176 947 214 976 est
225 959 258 976 cx
269 947 297 977 se
309 971 317 982 ‚
338 954 367 979 ὃς
379 951 487 979 ratione
498 950 643 990 dignitatis
654 948 778 988 personae
797 947 878 976 sacri-

88 987 177 1016 ficatae
186 990 240 1024 jam
249 999 390 1028 acceptum
399 1012 408 1024 ‚
430 996 459 1020 ὃ(
469 989 526 1020 uon
535 991 619 1019 aliter
629 1010 637 1017 .
645 992 776 1019 Sanc‘ktm
787 991 862 1017 Sacri
868 1005 877 1009 -

83 1027 184 1064 ficium
195 1048 203 1060 ‚
227 1028 261 1061 ό·
269 1032 488 1060 Immaculatam
504 1033 630 1067 Hqstiam
642 1051 650 1062 ,
675 1031 757 1058 vei-ba
779 1028 843 1057 sunt
865 1038 878 1056 a

89 1068 192 1096 §ando
201 1069 294 1098 Leone
305 1071 398 1100 addita
407 1092 416 1099 .
429 1072 576 1100 Distiones
588 1071 644 1098 111ae
658 1090 665 1097 .
682 1071 754 1105 Jube
763 1069 879 1107 huper-

86 1107 160 1146 fern'
171 1116 217 1146 per
227 1120 327 1139 manus
337 1115 431 1141 Sanc'h‘
441 1113 544 1150 Angeli
551 1114 597 1140 tui
606 1132 614 1143 ,
637 1121 696 1139 non
705 1110 808 1139 faciunt
818 1108 879 1137 scn-

89 1147 149 1177 sum
157 1149 193 1177 de
201 1150 340 1180 Sacrificio
349 1174 358 1185 ,
380 1162 410 1180 ut
419 1162 517 1190 corpus
528 1173 536 1185 ,
559 1161 658 1188 nempe
670 1172 678 1183 ‚
690 1150 808 1180 -Christi
830 1160 878 1187 per

90 1190 233 1228 Angelum
242 1191 276 1218 ad
285 1193 404 1224 coeluum
427 1192 475 1221 sed
489 1203 517 1221 ut
529 1202 623 1230 preces
636 1190 740 1219 ‘nostrae
758 1191 789 1219 in
809 1200 877 1218 con-

90 1228 185 1267 spestu
194 1230 331 1260 Aitiffimi
343 1243 390 1271 per
399 1243 493 1261 manus
504 1233 608 1271 Angeli
618 1230 800 1270 perferantur,
811 1230 877 1259 ficut

91 1278 186 1308 preces
195 1271 288 1301 Tobiae
299 1272 397 1302 delatze
408 1273 519 1302 fuerunt
531 1295 539 1306 ‚
561 1273 711 1312 implorare
727 1271 878 1301 Celebran-

91 1319 150 1339 tem
157 1309 331 1351 intelligitur
341 1334 348 1341 .
369 1314 468 1346 Elevat
478 1323 575 1343 vocem
594 1312 722 1343 Sacerdos
736 1333 744 1345 ,
766 1312 878 1352 quando

930 662 1041 695 ficium‘,
1064 662 1131 690 idest
1144 683 1151 694 ‚
1175 662 1275 701 rcgulae
1298 660 1443 691 Praeseftus
1453 681 1460 689 .
1484 666 1498 697 t
1508 661 1583 690 Cum
1601 662 1720 701 quadam

929 704 1009 731 noste
1018 701 1188 731 surrexissem
1200 724 1208 735 ,
1231 712 1261 730 ut
1271 702 1404 740 pulsarem
1417 704 1522 742 (ignum
1534 723 1541 734 ,
1564 713 1594 731 ea
1616 703 1718 741 quippe

930 754 992 772 cura
1004 743 1075 772 mihi
1085 765 1094 776 ,
1107 752 1137 772 ut
1147 744 1339 772 Canonarchae
1354 766 1362 778 ‚
1379 745 1501 781 injunfta
1514 743 1600 772 fuerat
1610 765 1619 776 ‚
1630 752 1661 772 ut
1670 754 1718 771 ex-

931 784 1046 813 citarem
1065 784 1160 812 fratres
1178 784 1212 813 ad
1232 784 1387 814 Collestam
1397 806 1404 813 .
1427 783 1534 813 Mosch.
1554 784 1583 812 in
1602 784 1660 812 vita
1667 784 1719 812 1³2-

931 834 1004 854 trum
1015 846 1024 858 ‚
1045 825 1092 853 lib.
1107 836 1150 853 10.
1159 835 1218 863 cap.
1233 836 1277 860 50.
1290 828 1302 857 ]
1315 825 1360 854 De
1369 826 1466 855 eodem
1485 825 1580 853 officio
1601 823 1720 852 mentio-

933 875 996 894 nem
1007 866 1071 894 facit
1081 866 1106 894 S.
1116 865 1279 895 Dorotheus
1288 866 1376 896 Abbris
1387 889 1395 900 ,
1417 866 1463 895 ubi
1473 866 1507 894 dc
1516 867 1571 902 ejus
1577 864 1717 894 ‘laboribus

932 916 983 945 pro
994 906 1160 935 monasterio
1170 907 1234 936 aeis
1253 907 1345 946 inquit
1358 919 1364 935 :
1390 913 1403 943 [
1415 906 1592 936 Adventabat
1610 906 1717 934 interea

932 947 1044 976 modico
1054 947 1204 976 intervallo
1223 946 1292 977 hora
1309 947 1418 987 vigiliae
1430 969 1438 981 ,
1460 952 1488 977 ὂς
1507 957 1569 975 cum
1580 946 1721 985 paululum

933 988 1075 1026 quippiam
1085 987 1294 1021 obdormissem,
1303 988 1440 1018 excitabar
1451 999 1465 1017 a
1472 986 1660 1017 Canonarcha
1670 997 1721 1015 no-

933 1029 988 1057 stro
998 1049 1004 1056 .
1026 1029 1110 1057 Dost.
1127 1040 1134 1057 ι
1146 1031 1190 1061 n]
1204 1029 1299 1058 Hodie
1308 1038 1401 1058 tamen
1420 1029 1497 1058 inter
1504 1031 1618 1058 Graecos
1628 1031 1719 1056 Cano·

933 1069 1039 1098 narcha
1049 1079 1163 1098 vocatur
1176 1069 1224 1098 ille
1234 1091 1241 1102 ,
1259 1070 1306 1108 qui
1317 1068 1569 1109 suggeritlegendo
1580 1069 1613 1097 de
1623 1077 1675 1097 una
1687 1068 1722 1097 ad

935 1110 1017 1138 aliam
1026 1110 1172 1149 periodum
1180 1110 1349 1139 Cantoribus
1361 1131 1369 1142 ,
1392 1110 1438 1148 qui
1450 1110 1484 1138 ob
1493 1110 1626 1138 librorum
1635 1118 1721 1147 penu-

933 1150 1003 1178 riam
1017 1171 1024 1183 ‚
1048 1152 1093 1179 vel
1105 1151 1216 1189 legendi
1227 1149 1364 1179 inscitiam
1374 1149 1538 1179 memoriter
1546 1150 1665 1178 recitare
1675 1170 1682 1181 ‚
1693 1153 1721 1178 &

934 1200 1031 1220 canere
1039 1200 1179 1230 coguntur
1188 1212 1196 1224 ‚
1219 1190 1255 1219 sic
1266 1201 1300 1219 ex
1311 1200 1428 1230 utroque
1439 1192 1466 1220 C
1468 1190 1540 1219 horo
1561 1190 1616 1218 duo
1625 1191 1724 1218 Cano-

932 1231 1038 1261 narchae
1051 1253 1059 1265 ‚
1081 1232 1151 1261 idest
1162 1253 1170 1264 ,
1187 1231 1336 1260 direstores
1347 1232 1380 1260 ad
1390 1229 1591 1270 suggerendum
1602 1229 1725 1258 success‘-

932 1281 967 1299 ve
978 1273 1162 1310 prolationem
1173 1272 1301 1301 versuum
1311 1272 1471 1301 incumbunt
1481 1293 1490 1306 ,
1512 1281 1630 1311 quorum
1641 1272 1725 1310 Supe-

932 1314 1251 1343 riorprotocanonarcba
1261 1314 1414 1352 appellatur
1423 1333 1430 1340 .

92 1349 180 1379 dicit:
202 1353 289 1382 Nobis
310 1365 414 1393 quoque
429 1355 638 1393 peccatoribus:
657 1353 691 1382 ad
704 1353 877 1382 denotandos
890 1353 982 1383 CANo
990 1365 1041 1384 ma
1055 1375 1063 1387 ‚
1085 1355 1252 1383 canonicalis
1271 1354 1416 1392 praebencla
1432 1374 1442 1386 ‚
1465 1362 1516 1392 pro
1535 1356 1608 1388 cujus
1626 1351 1726 1381 defini-

91 1392 230 1430 gemitus‚
251 1397 280 1422 ὃ(
300 1395 434 1424 clamores
451 1394 653 1434 poenitentium
670 1391 745 1424 causa
766 1393 878 1423 suorum

91 1441 265 1470 peccatorum
276 1454 283 1462 .
293 1440 344 1464 Per
355 1447 436 1474 quem
444 1437 496 1465 hac
505 1437 707 1474 onmia-semper
715 1435 784 1463 bona
793 1445 878 1467 creas,

93 1472 222 1515 &‘·.h²‘
232 1475 312 1503 verba
321 1497 330 1508 ,
352 1487 381 1505 ut
390 1476 492 1505 distum
501 1475 540 1505 est
548 1473 629 1514 'supra
643 1498 650 1508 ‚
671 1487 686 1505 a
709 1474 879 1504 Scholastico

94 1511 189 1541 addita
200 1513 274 1542 fuere
283 1535 291 1547 ,
312 1526 374 1554 quae
384 1527 398 1545 a
408 1516 604 1546 recentioribus
621 1516 810 1546 Novatoribus
829 1516 881 1545 im·

95 1561 255 1589 pugnantur
278 1564 414 1594 tamquam
444 1558 528 1595 gratis
546 1555 626 1596 super
643 1559 754 1594 corpus
774 1555 880 1585 Christi

94 1594 222 1637 prolata5
245 1592 293 1624 sed
301 1598 372 1625 male
381 1594 561 1636 significatum
579 1598 815 1637 interpretantur,
833 1597 880 1635 ‘lui

97 1645 157 1663 non
163 1635 232 1679 alius
242 1635 296 1668 est,
321 1637 373 1666 nisi
384 1638 459 1676 quod
468 1639 579 1667 realiter
588 1637 667 1676 super
676 1638 881 1667 sacramentatas

94 1674 390 1719 speciesproserantur
399 1699 408 1711 ,
430 1688 491 1707 cum
509 1678 562 1707 hoc
581 1678 652 1707 sono
662 1701 670 1712 ,
694 1687 792 1717 nempe
801 1699 809 1711 ‚
830 1684 882 1707 Per

94 1726 177 1757 quem
187 1737 195 1749 ‚
205 1715 275 1745 idest
285 1738 293 1750 ,
303 1727 352 1756 per
362 1718 469 1748 Christi
479 1720 576 1749 merita
587 1721 708 1758 ‚semper
716 1720 785 1748 bona
794 1729 879 1751 creas,

93 1756 214 1786 creando
224 1778 232 1790 ‚
253 1755 359 1788 scilicet
368 1781 375 1792 ,
386 1763 412 1788 3<
424 1759 615 1790 conservando
623 1759 724 1798 species
735 1760 801 1788 illas.
812 1764 880 1788 San—

94 1797 197 1834 Hificas
209 1817 218 1830 ‚
239 1798 344 1837 quiade
365 1800 438 1838 puris
455 1801 584 1829 creaturis
604 1799 881 1829 transubstantialiter

95 1837 126 1866 in
136 1837 399 1868 admirabilissimum
410 1842 614 1871 Sacramentum
631 1851 702 1870 creat
725 1842 801 1870 Deus
811 1860 819 1868 .
841 1844 881 1869 Vi-

96 1879 196 1922 vificas
207 1899 216 1911 ‚
238 1878 292 1908 hoc
300 1881 339 1909 est
348 1903 356 1914 ‚
378 1891 418 1910 eas
429 1883 612 1920 permutando
623 1882 652 1910 iu
661 1885 811 1914 carnem&
821 1878 880 1909 san—

77 1928 209 1958 ,guinem
217 1919 326 1949 Christi
339 1922 462 1951 viventis
471 1943 478 1950 .
501 1925 647 1953 Benedici-t
660 1944 668 1956 ,
690 1924 800 1951 cumulo
820 1932 881 1960 gra-

97 1960 197 1988 tiarum
207 1980 214 1987 .
238 1963 388 1999 Etpnstas
397 1964 473 1992 nobis
484 1985 492 1997 ,
517 1964 619 2003 quippe
630 1964 661 1992 in
683 1964 773 1992 cibum
784 1983 791 1989 .
812 1967 881 1991 Pra—

96 2004 181 2038 ceptis
186 2001 365 2038 salutaribus
377 2002 435 2036 ὡς.
448 2024 458 2036 ,
475 2004 528 2033 hoc
539 2006 622 2034 breve
642 2005 808 2042 prooemium
819 2012 880 2031 ante

94 2041 302 2071 Dominicalem
321 2043 472 2072 orationem
490 2057 504 2074 a
522 2046 664 2084 Gregorio
681 2047 784 2084 Magno
803 2044 881 2072 addi-

922 1395 1012 1424 >tione
1024 1417 1031 1428 ,
1055 1394 1119 1423 vide
1131 1394 1278 1423 Pubenda
1287 1415 1294 1422 .
1319 1400 1332 1429 [
1343 1396 1406 1423 Hoc
1423 1405 1497 1423 anno
1504 1394 1641 1423 Dominus
1652 1394 1721 1430 Papa

934 1436 1024 1464 vestro
1033 1436 1193 1464 interventu
1205 1435 1382 1474 privilegium
1393 1434 1468 1463 suum
1479 1435 1604 1463 Ecclesia:
1623 1434 1724 1462 nostrae

934 1476 1049 1506 indulfit
1061 1497 1068 1507 .
1090 1477 1121 1504 in
1129 1486 1184 1514 quo
1193 1474 1346 1514 specialiter
1366 1474 1495 1514 cxpreffit
1513 1474 1640 1503 canonias
1650 1495 1657 1507 ,
1679 1472 1725 1501 scu

936 1517 1093 1555 praebendas
1105 1521 1156 1546 δας.
1168 1518 1264 1545 Petrus
1272 1516 1396 1545 Cellens.
1407 1517 1454 1544 l.8.
1466 1526 1505 1544 c.1
1515 1525 1540 1551 5.
1553 1517 1564 1547 ]
1579 1516 1620 1544 Sic
1629 1512 1725 1553 passim

934 1567 1016 1596 penes
1025 1558 1150 1596 antiquos
1161 1557 1310 1595 Scriptores
1320 1579 1328 1589 ‚
1338 1567 1397 1596 quae
1408 1557 1491 1585 etiam
1501 1556 1603 1584 dicitur
1614 1578 1621 1587 ,
1643 1559 1724 1582 Com-

935 1602 1065 1626 munitas
1077 1618 1085 1626 .
1108 1598 1243 1627 Viduale.
1266 1599 1338 1626 Item
1357 1596 1492 1636 fignificat
1501 1596 1660 1624 canonicam
1672 1594 1723 1622 ha-

935 1638 1097 1667 bitationem
1109 1661 1116 1672 ,
1128 1639 1157 1666 in
1168 1649 1217 1676 qua
1226 1638 1366 1667 canonici
1378 1637 1453 1666 fimul
1463 1637 1636 1665 morabantur
1645 1655 1652 1662 .
1672 1635 1726 1663 Vi-

935 1679 971 1707 de
983 1683 1139 1708 Canom'cus
1149 1699 1155 1706 .
1177 1680 1232 1707 I-'R-
1243 1679 1345 1707 dicitur
1363 1678 1444 1706 etiam
1457 1680 1585 1705 Canania
1603 1675 1725 1715 Regula-

936 1721 1006 1748 rium
1015 1720 1127 1748 domus:
1154 1725 1166 1754 [
1180 1720 1214 1747 In
1231 1719 1324 1756 aliquo
1335 1718 1519 1750 Monasterio,
1543 1717 1587 1745 vel
1606 1716 1724 1755 regulari

935 1761 1051 1788 canonia
1062 1781 1068 1788 .
1078 1771 1136 1788 can.
1148 1760 1218 1788 Duae
1231 1758 1310 1787 sunt.
1328 1770 1371 1795 ¹9.
1383 1758 1477 1797 quaest.
1495 1759 1540 1788 1-]
1560 1758 1604 1786 De
1612 1757 1723 1785 ordina—

935 1801 1013 1829 tione
1026 1811 1091 1829 vcro
1101 1797 1268 1828 faecularium
1277 1800 1484 1828 Canonicorum
1494 1798 1570 1826 fimul
1581 1796 1722 1826 habitandi

937 1841 972 1870 fic
981 1840 1110 1869 habetur:
1133 1845 1145 1875 [
1158 1842 1194 1868 In
1205 1850 1370 1878 unoquoque
1378 1838 1540 1877 Episcopatu
1551 1838 1629 1866 fimul
1647 1848 1724 1866 man-

935 1882 1039 1910 ducent
1049 1903 1056 1914 ‚
1078 1885 1106 1909 δε
1125 1882 1264 1909 dormiant
1276 1902 1284 1914 ,
1305 1881 1349 1909 ubi
1367 1879 1411 1908 his
1430 1879 1539 1907 facultas
1558 1879 1588 1907 id
1606 1878 1723 1907 faciendi

934 1921 1056 1961 suppetit
1066 1944 1074 1955 ‚
1095 1923 1143 1960 qui
1151 1922 1185 1950 de
1202 1922 1274 1950 rebus
1295 1920 1478 1949 ecclefiasticis
1498 1919 1632 1957 stipendia
1652 1919 1724 1947 acci-

936 1965 1016 2001 piunt
1027 1984 1034 1995 ‚
1058 1963 1087 1991 in
1105 1972 1161 1990 uno
1176 1962 1292 1990 claustro
1312 1969 1439 1989 maneant
1449 1964 1501 1988 διε.
1513 1970 1570 1987 can.
1589 1961 1624 1988 In
1632 1961 1723 1987 omni-

935 2004 1000 2036 bus,
1022 2003 1056 2031 de
1064 2002 1226 2031 consecrat.
1237 2002 1298 2030 dist.
1312 2012 1336 2037 5.
1348 2004 1359 2032 ]
1383 2000 1443 2029 Ubi
1464 2000 1499 2030 de
1513 2000 1722 2029 Canonicorum

936 2044 1114 2072 instructione
1123 2045 1212 2081 agitur
1222 2063 1228 2070 .

97 2089 157 2110 tum
168 2080 243 2111 fuiss'e
253 2082 417 2122 Radulphus
428 2084 485 2116 ait5
507 2087 554 2114 alii
563 2096 657 2114 tamen
667 2087 693 2115 S.
703 2085 879 2123 Cyprianum
893 2086 1059 2114 Casomco
1070 2104 1077 2111 .
1098 2086 1155 2112 PR.
1168 2084 1278 2111 verbum
1290 2103 1298 2114 ‚
1320 2081 1496 2109 Canonicum
1516 2079 1602 2110 facere
1619 2080 1724 2120 fignifi-

95 2121 201 2151 saciunt
210 2123 347 2152 auCtorem
356 2144 364 2151 .
386 2127 485 2154 Errant
495 2136 562 2155 vero
571 2149 579 2160 ‚
601 2127 649 2165 qui
659 2135 757 2164 putant
778 2126 880 2154 oratio-

98 2172 162 2206 nem
174 2163 383 2194 Dominicalem
392 2175 425 2193 ex
434 2166 642 2205 Gregoriijussii
653 2167 806 2205 appositam
816 2165 881 2195 suis-

96 2201 126 2230 se
136 2212 165 2230 in
176 2203 252 2234 Miss‘a
261 2219 270 2233 :
281 2215 344 2234 cum
354 2205 553 2243 Apostolorum
564 2207 721 2236 institutum
733 2207 766 2235 fit
775 2228 783 2239 ‚
806 2216 834 2235 ut
846 2217 878 2235 ex

936 2134 997 2154 cat.
1022 2125 1101 2159 [Qui
1120 2134 1185 2152 vero
1203 2124 1269 2151 tales
1287 2127 1338 2156 (ut
1358 2122 1459 2150 dictum
1477 2121 1536 2154 est)
1555 2124 1718 2150 canonicare

936 2163 1138 2204 praesumpserit
1149 2185 1157 2196 ,
1180 2175 1194 2192 a
1203 2163 1253 2190 suis
1265 2162 1401 2191 beneficiis
1409 2160 1584 2201 suspendatur
1595 2183 1602 2189 .
1615 2162 1649 2191 de
1659 2162 1724 2191 filiis

938 2205 1063 2240 Presbyr.
1078 2216 1101 2232 c.
1117 2211 1159 2232 16.
1174 2206 1185 2235 ]
1200 2203 1272 2231 Vide
1284 2206 1445 2232 Canonicor.
1456 2206 1663 2232 Excanonicor.

96 2243 197 2271 eodem
205 2246 347 2284 Gregorio
357 2246 518 2285 colligitur,
529 2248 625 2287 quiait
635 2249 664 2276 in
674 2247 820 2286 primitiva
830 2251 881 2276 Ec-
894 2249 1078 2277 Canosxcon
1087 2265 1095 2272 .
1117 2246 1171 2273 FR.
1182 2244 1292 2283 regulor
1308 2245 1338 2272 in
1356 2243 1440 2272 modo
1458 2243 1572 2272 vivendi
1584 2263 1592 2271 .
1614 2249 1628 2278 t
1640 2244 1726 2281 Super

96 2283 174 2312 clefia
185 2285 352 2316 Sacrificium
362 2287 451 2316 solum
460 2288 664 2318 consecratione
672 2311 680 2322 ,
691 2292 717 2317 ὅ(
727 2288 883 2317 dominica-

96 2323 119 2351 li
127 2326 251 2355 oratione
261 2327 390 2357 constafl‘c
402 2339 412 2360 5
435 2327 544 2358 fortasse
551 2329 682 2358 Pontifex
692 2329 739 2357 hic
750 2329 882 2357 determi-

95 2374 212 2397 naverat
223 2377 330 2409 tempus
339 2391 348 2405 ,
358 2369 469 2409 quando
479 2368 542 2399 esset
552 2369 668 2401 dicenda
676 2368 882 2403 inMissamem·

932 2294 1122 2327 paupertatem
1131 2283 1240 2322 spiritus
1248 2283 1384 2313 offerenda
1395 2283 1432 2312 est
1445 2285 1571 2312 voluntas
1581 2284 1724 2312 canonica·

937 2329 960 2357 ri
972 2327 1107 2356 volentis.
1130 2327 1222 2354 Petrus
1242 2323 1439 2354 Blesenserm.
1450 2327 1522 2362 3²·]
1541 2322 1625 2363 postet
1642 2324 1726 2352 etiam

933 2367 1088 2408 fignificare
1100 2387 1109 2400 ,
1131 2366 1254 2395 habitum
1264 2366 1414 2405 regularem
1423 2363 1527 2396 sumere
1538 2385 1545 2392 .
1622 2404 1650 2433 C

1219 2422 1225 2428 ι
1653 2415 1685 2433 Α·
