1866 2526
47 210 141 239 Nuus
152 232 159 243 ,
183 212 237 246 ejus
247 219 322 247 aquae
333 208 444 247 quando
453 208 483 236 in
495 207 593 236 vinum
603 208 775 236 mutabantur
785 227 793 233 .
814 204 886 233 Vide

100 31 182 83 458
437 28 486 72 N
518 28 538 69 1

46 87 140 117 Nii-iii.
160 90 236 117 Mnu
256 86 409 117 Couscnis
420 87 498 115 Sum.
521 87 579 115 FR.
597 83 727 123 Apostoli
746 83 846 123 phrasis
860 92 881 110 i-

87 129 157 158 Cor.
171 139 198 163 4.
208 127 276 156 idest
286 149 293 161 ‚
317 126 418 155 nullius
429 126 533 165 pcccati
543 126 668 155 mortalis
685 124 882 155 conscientiam

87 167 175 199 habeo
188 189 195 196 .
203 167 290 197 Glofl'.
301 168 331 197 in
341 178 401 196 can.
416 166 512 197 Adhuc
524 167 637 195 instant.
647 167 681 195 de
692 165 884 205 poenit.dist.3.

91 251 249 289 Epiphania
261 269 268 276 .
296 253 358 286 Ejus
387 248 512 277 vocabuli
545 247 711 276 charasteres
736 245 887 282 symbolice

90 291 148 320 dies
173 291 253 319 unius
272 290 340 318 :inni
365 288 542 317 arithmetice
562 289 696 317 denotant
706 307 714 315 .
737 287 811 316 Vide
841 288 870 314 A

89 332 194 360 braxas
207 351 214 358 .

49 371 167 401 Nimius
179 393 186 404 ,
199 370 309 410 proprie
318 369 450 408 significat
460 368 566 401 vittam,
577 367 622 397 seu
634 367 739 396 fasciam
750 378 812 396 auro
823 377 888 394 con-

90 422 195 440 textam
206 433 214 445 ‚
236 421 287 450 qua
301 410 423 438 foemina:
435 409 556 437 frontem
569 409 740 437 redimebant
750 429 756 435 .
777 407 884 443 [Lami-

91 463 138 481 nas
150 452 348 492 pertunderent
360 451 463 479 :uirium
474 470 481 482 ,
501 449 682 478 imminerent
695 449 800 477 frontes
817 448 886 476 nim-

91 494 149 527 bis,
171 493 289 531 fuligine
307 492 398 519 oculos
419 490 623 518 inumbrarent.
642 490 750 518 Arnob.
771 489 817 518 lib.
839 490 886 519 2.]

1211 25 1336 68 No

942 82 1038 112 eadem
1047 82 1177 122 quadrata
1188 94 1288 113 corona
1296 81 1422 123 incapite
1430 106 1439 118 ‚
1450 82 1576 126 hancque
1584 82 1729 124 inscriptio

941 133 1005 152 nem
1017 122 1106 162 posuit
1117 144 1126 151 .

983 166 1050 194 Haec
1061 164 1157 192 domus
1173 166 1261 204 ampla
1271 164 1354 194 micat
1365 166 1449 196 variis
1459 166 1583 196 fabricata
1603 164 1723 195 metallis
1731 187 1742 199 ,

983 205 1068 234 Olim
1077 215 1138 242 quae
1151 205 1236 233 suerat
1246 206 1381 236 confracta
1389 206 1435 236 sub
1446 218 1570 245 tempore
1581 207 1671 246 prisco
1684 228 1692 239 ,

984 245 1125 274 Condidit
1136 245 1166 273 in
1176 245 1270 274 melius
1282 246 1416 278 Paschalis
1427 249 1529 277 Praesul
1541 249 1666 286 opimus:

986 288 1064 315 Hanc
1076 285 1162 313 aulam
1171 286 1288 315 Domini
1297 288 1404 316 firmans
1417 288 1575 317 fundamine
1587 290 1660 317 claro
1671 309 1678 319 ,

986 328 1076 355 Aurea
1085 327 1230 364 gemmatis
1241 327 1368 356 resonant
1380 327 1438 356 hsec
1448 329 1571 357 dindima
1582 329 1691 367 templis
1700 348 1708 354 -

986 368 1076 395 Laetus
1086 376 1178 395 amore
1190 367 1244 395 Dei
1256 389 1264 400 ,
1275 367 1319 395 hic
1331 370 1477 404 conjunxit
1487 379 1601 408 corpora
1610 369 1697 398 saiffitii

984 407 1108 435 Caeciliae
1120 411 1148 436 δε
1158 407 1243 436 Sociis
1255 429 1261 440 ‚
1274 409 1369 437 rutilat
1379 408 1424 436 hic
1436 411 1501 438 flore
1510 413 1640 445 juventus
1650 432 1657 443 ,

985 448 1055 484 Qure
1066 447 1174 485 pridem
1186 448 1214 476 in
1232 450 1349 486 Cryptis
1359 448 1502 487 pausabant
1514 450 1629 478 membra
1643 451 1717 478 beata
1729 468 1736 475 .

985 489 1075 516 Roma
1084 487 1195 516 resultat
1205 499 1288 517 ovans
1297 489 1402 527 semper
1411 499 1506 518 ornata
1518 499 1565 528 pei·
1573 501 1662 520 aevum
1671 511 1679 518 .

92 534 169 563 Hinc
180 534 287 562 Plautus
296 533 460 561 Nimbamm
470 530 622 568 appellavit
633 530 804 558 meretricem
814 551 822 562 ,
842 528 888 557 sed
906 530 1082 557 ΝιΜΕιιεῑετ
1094 548 1101 555 .
1125 529 1197 557 Vide
1209 529 1481 569 Malediffiopeffima
1490 550 1500 558 .

93 574 163 613 apud
180 572 379 603 ecclesiasticos
409 571 560 608 Scriptores
582 570 708 599 diadema
735 570 870 609 fignificat
908 571 1003 597 NisAN
1014 590 1022 596 .
1043 571 1099 598 FR.
1110 569 1214 607 primus
1225 571 1535 600 Hebraeorummensis.»
1553 569 1627 611 Vide
1637 571 1742 600 Αιιξὶοψ

93 615 168 653 quod
176 614 245 642 solet
257 613 320 641 addi
330 612 358 639 in
368 612 525 640 Sanctorum
536 612 779 640 Canonizatorum
789 611 887 649 capiti·

946 619 986 636 res
998 610 1096 638 citatos
1107 610 1138 638 in
1150 610 1217 638 diet.
1226 611 1312 639 Elul.

94 658 139 684 bus
156 655 186 682 in
197 654 282 682 forma
302 652 428 681 circulari
448 650 611 689 splendente
620 671 628 679 .
644 658 656 687 [
671 654 776 681 Lumen
787 673 795 684 ,
815 651 887 689 quod
908 651 1000 678 Nisus
1011 672 1019 683 ‚
1030 650 1086 679 avis
1096 671 1103 677 .
1115 651 1189 679 Vide
1201 651 1348 680 Haliaetus
1360 672 1367 680 .

93 697 163 724 circa
187 695 357 733 Angelorum
375 692 462 730 capita
477 692 620 731 pingitur,
643 693 748 720 nimbus
760 702 889 721 vocatur.
908 692 987 718 NizA
999 710 1009 723 ‚
1030 701 1145 728 prunum
1159 713 1166 724 ‚
1191 691 1293 719 fruetus
1311 691 1430 730 speciei.
1452 695 1510 727 [Et
1529 691 1622 721 attulit
1634 689 1755 729 quidanr

95 736 159 764 Isid.
172 736 217 763 lib.
232 746 276 771 ¹9·
288 738 382 769 Etym.
393 743 434 770 ας
446 743 468 760 1.
479 736 491 765 ]
503 733 596 762 Graeci
606 733 635 761 in
644 733 796 761 diademate
804 731 889 761 Chri-

93 776 126 804 sti
136 775 227 804 solent
237 774 384 803 inscribere
396 774 486 802 Exodi
498 774 561 802 vrba
571 775 585 803 ὁ
594 772 634 806 ὧν,
643 773 755 806 scilicet,
768 776 828 815 ¹Qui
839 775 890 810 est,

94 817 127 844 ad
137 816 346 855 significandum
358 837 364 847 ,
386 814 459 852 quod
469 814 595 842 Salvator
606 814 634 841 in
646 824 675 842 ea
685 814 770 853 figura
782 812 890 852 expres?

92 856 151 885 sus,
168 857 199 885 lit
210 856 282 884 idem
294 857 370 884 Deus
383 877 391 887 ‚
405 854 452 892 qui
463 855 552 889 Moysi
565 854 687 892 apparuit
698 875 703 881 .
716 856 750 883 In
762 855 893 892 aliquibus

95 897 214 935 antiquis
233 897 344 935 piehiris
355 895 387 925 ad
405 904 493 933 capita
510 895 655 933 figurarum
665 895 771 933 depifta
792 894 894 933 perspi-

96 949 208 966 ciuntur
227 938 380 965 diademata
392 936 421 964 in
431 936 557 974 quadrata
572 935 656 964 forma
667 957 676 969 ,
697 940 724 964 ἃ
735 937 779 973 Jo.
791 935 892 963 Diaco-

97 989 145 1006 nus
157 979 185 1006 in
195 979 253 1007 vita
275 979 300 1005 S.
312 976 444 1016 Gregorii
454 977 500 1004 lib.
512 988 539 1011 4.
550 987 609 1014 cap.
622 987 668 1014 33.
689 979 746 1012 ejus
758 976 893 1014 significa-

98 1029 155 1046 tum
167 1020 202 1047 ita
212 1018 348 1046 declarat:
374 1017 482 1052 [Circa
496 1026 628 1045 verticem
639 1027 706 1045 vero
715 1017 809 1044 tabulae
822 1017 890 1044 fimi-

96 1059 243 1087 litudinem
254 1080 260 1091 ,
272 1059 345 1096 quod
357 1058 479 1087 viventis
490 1056 597 1096 insigne
607 1058 644 1086 est
654 1078 661 1085 .
674 1060 686 1088 ]
701 1057 892 1095 Imperfectum

95 1100 170 1127 enim
182 1100 246 1128 vitm
257 1097 397 1137 praesentis
409 1098 505 1126 statum
516 1098 769 1136 contingentiarum
789 1098 893 1136 angulis

95 1139 226 1168 refertum
239 1162 247 1174 ,
267 1149 296 1168 ut
307 1139 431 1178 Angelus
441 1141 531 1167 Rocca
542 1138 669 1177 exposuit
681 1160 688 1171 ‚
711 1139 824 1166 denotat
835 1160 842 1170 ‚
866 1142 891 1166 ἃ

97 1190 207 1209 econtra
227 1181 376 1208 rotundum
397 1179 520 1207 diadema
540 1178 694 1214 symbolum
717 1178 891 1216 pei-festionis

97 1221 152 1249 est.
175 1222 261 1250 Aliud
279 1230 368 1249 autem
380 1219 655 1258 fignificatuin'astcrt
673 1219 797 1248 Durand.
809 1218 855 1247 lib.
871 1231 892 1246 1.

99 1271 156 1299 cap.
168 1273 194 1300 3.
206 1262 249 1290 ubi
260 1262 293 1290 sic
305 1262 360 1289 ait:
386 1267 397 1296 [
408 1262 481 1289 Cum
499 1261 595 1298 aliquis
604 1260 734 1288 Praelatus
743 1281 751 1293 ,
773 1270 817 1287 aut
827 1260 890 1288 San>

99 1303 155 1330 clus
167 1302 245 1331 vivus
259 1302 382 1341 pingitur
393 1323 399 1333 ‚
411 1311 468 1328 non
481 1301 510 1328 in
522 1300 607 1328 forma
616 1300 684 1328 scuti
695 1300 806 1328 rotundi
818 1321 826 1332 ,
848 1299 892 1328 sed

99 1343 224 1380 quadrati
236 1340 403 1379 cotonaipsa
414 1341 591 1379 depingitur,
611 1351 640 1368 ut
652 1350 766 1379 quatuor
774 1341 896 1368 cardina>

100 1383 170 1411 libus
180 1384 326 1412 vii-tutibus
335 1382 430 1420 vigere
441 1381 633 1412 monstretur]
645 1384 687 1410 Ac
696 1380 785 1409 adhuc
794 1384 893 1410 Rom-2³

100 1424 130 1451 in
142 1424 223 1452 variis
242 1423 366 1452 Ecclcfiis
377 1422 476 1450 limiles
495 1421 588 1460 figura:
602 1432 663 1450 cum
673 1421 824 1449 diademate
833 1432 896 1459 qun-

100 1465 178 1492 drato
198 1464 356 1502 pei-vetusto
366 1463 471 1491 musivo
483 1462 604 1490 formatae
617 1472 768 1490 cernuntur
777 1483 785 1494 ,
811 1461 895 1490 veluti

102 1506 130 1532 in
142 1505 257 1533 Ecclesia
268 1505 370 1534 8211&ae
382 1504 510 1532 praxedis
519 1504 553 1532 ad
562 1503 696 1531 tribunam
708 1525 714 1535 ,
734 1502 779 1530 ubi
791 1502 828 1530 est
838 1502 897 1531 effi-

101 1545 160 1584 gies
170 1544 304 1574 Pasclialis
315 1547 394 1583 Papae
407 1543 508 1582 primi,
528 1544 574 1583 qui
593 1543 623 1571 in
639 1543 804 1572 cardinalatu
815 1542 898 1571 fuerat

103 1585 222 1621 ejusdem
242 1586 367 1615 Ecclesiae
387 1584 504 1613 titularis
517 1607 524 1617 ,
543 1585 671 1622 illamque
689 1584 879 1612 restauraverat
891 1605 898 1616 ‚

102 1626 285 1665 ornavitque.
306 1629 340 1655 In
352 1628 397 1655 via
409 1627 584 1654 Numentana
603 1634 679 1653 extat
692 1624 781 1653 adhuc
793 1624 899 1662 effigies

101 1668 224 1696 Honorii
245 1668 326 1706 primi
339 1670 414 1706 Papae
427 1687 434 1698 ‚
456 1670 483 1694 ὅ(
495 1677 542 1693 nos
552 1664 629 1703 supra
647 1666 675 1693 in
696 1666 762 1693 diist.
776 1665 895 1693 Baculus

101 1709 242 1736 attulimus
252 1709 365 1737 limilcm
379 1710 402 1737 S.
412 1707 547 1744 Gregorii
558 1709 634 1744 Papa:
647 1726 654 1733 .
666 1708 722 1734 PR.
735 1705 850 1733 similem
860 1714 899 1733 et-

100 1750 154 1776 iam
167 1750 351 1786 pervctiistam
363 1751 388 1777 S.
400 1747 530 1785 Gregorii
542 1746 649 1785 praefati
661 1746 773 1784 figuram
788 1745 897 1773 adducit

102 1790 233 1818 Batonius
244 1790 276 1817 ad
288 1801 388 1818 annum
401 1794 467 1822 604.
479 1788 512 1816 de
523 1798 575 1825 qua
587 1788 690 1825 pictura
702 1786 845 1825 praediclus
855 1787 898 1823 Jo.

102 1830 241 1858 Diaconus
260 1831 288 1858 in
302 1831 358 1859 vita
376 1832 402 1859 S.
414 1831 500 1866 Greg.
519 1829 565 1856 lib.
576 1840 603 1863 4.
623 1837 681 1865 cap.
704 1832 750 1862 84.
768 1828 882 1864 loquens
893 1848 900 1858 ,

103 1870 212 1898 excusat
224 1871 366 1908 praesatum
377 1869 544 1900 Pontificem
554 1880 567 1897 a
577 1868 705 1896 vanitatis
715 1876 779 1895 nota
790 1889 797 1900 ,
808 1867 881 1904 quod
893 1888 900 1899 ‚

104 1921 203 1950 nempe
212 1933 219 1944 ,
239 1911 265 1939 se
278 1913 372 1940 vivum
383 1909 542 1949 permiserat
553 1910 686 1948 depingi:
708 1911 733 1936 ὃ(
746 1907 779 1936 sic
792 1907 898 1945 inquit:

105 1955 166 1986 [Ex
179 1963 234 1990 quo
246 1951 463 1981 manifestiffime
474 1950 622 1978 declaratur
632 1971 639 1982 ‚
657 1949 719 1987 quia
730 1949 880 1986 Gregorius
892 1969 900 1980 ,

103 1993 165 2020 dum
176 1992 264 2021 adhuc
277 1994 385 2022 viveret
396 2013 404 2025 ,
427 1990 499 2019 suam
510 1990 715 2019 limilitudinem
736 1988 850 2027 depingi
861 1988 901 2016 sa-

104 2033 219 2061 lubriter
228 2034 317 2062 voluit
328 2056 335 2066 ,
355 2035 384 2062 in
396 2043 447 2071 qua
459 2031 544 2069 poffer
563 2043 577 2059 a
588 2030 639 2058 suis
658 2029 802 2068 Monachis
813 2050 820 2061 ,
843 2040 899 2058 non

105 2082 156 2110 pro
174 2074 301 2102 elationis
316 2074 420 2113 gloria.
444 2072 494 2101 sed
512 2082 562 2110 pro
582 2071 703 2109 cognitae
721 2069 900 2098 distristionis

104 2116 207 2142 cautela
218 2115 386 2153 frequentius
397 2114 531 2144 intueri.]
546 2116 580 2141 Et
590 2112 636 2140 sub
645 2122 696 2150 qua
706 2114 762 2147 ejus
773 2110 897 2138 similitu-

105 2154 171 2182 dine
182 2154 234 2183 hoc
244 2155 361 2183 disticon
372 2153 519 2183 inscribere
530 2152 636 2181 cutavit
650 2172 658 2179 .

145 2194 259 2224 Christe
270 2204 369 2233 petens
379 2195 503 2224 Domine
513 2193 599 2222 nostri
608 2192 724 2231 largitor
742 2191 880 2220 honorum
892 2213 900 2224 ,

147 2236 294 2264 Indultum
303 2237 427 2263 officium
440 2235 520 2263 solita
531 2234 634 2272 pietate
643 2235 762 2272 guberna
773 2253 781 2260 .

108 2278 144 2306 In
155 2275 263 2305 tribuna
275 2276 397 2305 Ecclesiae
418 2277 443 2304 S.
457 2275 580 2304 Caec‘iiiae
592 2274 788 2303 Transtiberim
803 2271 902 2310 praedi-

107 2319 164 2347 &us
175 2319 201 2346 S.
211 2315 345 2346 paschalis
354 2318 378 2345 1.
388 2316 493 2345 musivo
502 2326 585 2353 opere
595 2314 622 2342 se
635 2315 730 2343 vivum
739 2312 855 2351 effigiari
867 2311 902 2340 fe-

109 2358 146 2388 cit
155 2357 276 2394 ejusdem
288 2357 412 2388 Ecclesiae
426 2356 542 2387 formam
553 2356 582 2386 in
591 2365 670 2385 manu
680 2354 797 2395 gestans,
807 2356 834 2381 ὃ(
843 2362 904 2382 cum

948 730 1031 758 frater
1049 731 1126 759 nixas
1143 732 1239 760 siccas.
1260 733 1351 770 Pelag.
1370 735 1415 761 lib.
1437 742 1461 768 ς.
1482 734 1515 761 de
1535 733 1603 761 vitis
1632 734 1742 760 Pati-um

948 781 1019 799 num.
1033 773 1102 806 65.]
1121 774 1207 807 cujus
1217 781 1332 806 etymon
1352 774 1386 802 sic
1397 774 1514 802 Isidorus
1532 772 1650 810 explicat
1663 783 1669 799 :
1692 777 1704 806 [
1718 773 1744 800 A

949 812 1130 840 multitudine
1147 812 1224 840 enixi
1235 812 1335 841 fructus
1343 814 1436 842 nixam
1455 813 1595 852 appellant
1606 833 1614 846 ,
1637 812 1683 840 lib.
1700 821 1741 843 17.

948 862 1004 889 cap.
1016 863 1043 885 7.
1425 877 1427 882 ,

909 892 1138 926 NOBILISSIMUS,
1149 892 1230 921 etiam
1240 893 1310 930 apud
1318 896 1429 923 Graecos
1440 890 1644 930 Νοβελιαςίμυς
1657 892 1685 920 in
1695 901 1744 919 eo-

949 942 1008 960 rum
1018 934 1217 962 Caeremonial.
1225 934 1254 961 in
1264 944 1319 971 quo
1330 934 1508 972 praescribitur
1517 933 1672 962 benedictio
1681 934 1744 961 No-

953 972 1083 1001 biliffimo
1092 974 1179 1002 danda
1199 974 1228 1001 in
1238 977 1292 1009 ejus
1302 975 1483 1003 coronatione
1493 995 1499 1002 .
1523 978 1587 1003 Erat
1597 973 1744 1011 dignitatis

951 1012 1046 1040 titulus
1057 1035 1063 1046 ,
1078 1014 1125 1052 qui
1137 1015 1170 1042 ad
1181 1016 1358 1052 Imperatoris
1368 1016 1438 1043 filios
1448 1015 1564 1043 minores
1576 1035 1584 1046 ,
1606 1017 1635 1041 δε
1644 1013 1676 1042 ad
1687 1015 1743 1045 ejus

951 1055 1153 1089 conjunctiores
1162 1054 1379 1093 consanguineos
1396 1055 1528 1094 spechbat
1538 1074 1545 1081 .
1570 1059 1581 1089 Ε
1595 1054 1639 1082 Ad
1650 1053 1744 1081 libidi-

951 1104 999 1122 iics
1008 1104 1068 1122 curn
1080 1094 1142 1123 estet
1152 1106 1252 1133 pronus
1265 1117 1273 1127 ,
1282 1104 1337 1123 tres
1346 1106 1445 1124 uxores
1453 1095 1533 1124 duxit
1543 1116 1551 1127 ‚
1573 1098 1600 1122 δε
1613 1105 1645 1122 ex
1656 1093 1746 1132 psimae

950 1135 1061 1172 quidem
1071 1136 1191 1164 Leonem
1201 1136 1288 1164 filium
1297 1135 1423 1174 suscepit,
1436 1146 1515 1174 quem
1525 1135 1641 1172 Imperii
1652 1134 1747 1163 nomi-

951 1185 986 1203 ne
998 1175 1140 1205 decoravit
1152 1188 1160 1207 ς
1180 1187 1211 1204 ex
1224 1177 1283 1205 aliis
1302 1187 1368 1205 vero
1387 1175 1621 1214 Chi-istophorum
1633 1197 1641 1208 ‚
1660 1175 1746 1204 Nice-

951 1215 1069 1253 phorum
1082 1237 1089 1247 ,
1108 1221 1135 1246 ἃ
1146 1218 1275 1246 Nicetam
1294 1216 1387 1245 habuit
1397 1239 1404 1249 ,
1428 1227 1544 1255 quorum
1563 1215 1667 1253 primos
1676 1215 1744 1243 duos

950 1255 1071 1285 Caesares
1082 1258 1228 1285 coronavit
1240 1269 1246 1285 ε
1265 1258 1395 1286 Nicetam
1405 1266 1494 1285 autem
1506 1257 1587 1284 etiam
1597 1254 1744 1284 coronavit

950 1296 1156 1324 Nobiliffimum
1166 1318 1173 1324 .
1192 1298 1302 1325 Zonata
1312 1297 1345 1325 de
1358 1298 1423 1333 Con
1429 1296 1549 1325 stantino
1559 1297 1745 1334 Copronymo

952 1346 1035 1374 agens
1046 1338 1077 1367 .]
1100 1339 1156 1366 FR.
1168 1336 1306 1366 Glossator
1315 1337 1343 1365 in
1354 1348 1412 1365 can.
1425 1349 1449 1366 τ..
1460 1337 1523 1366 dist.
1533 1343 1580 1372 63·
1589 1337 1632 1364 ubi
1643 1337 1672 1364 in
1685 1346 1746 1364 tex-

952 1386 982 1404 tu
991 1377 1092 1415 legitur
1103 1388 1108 1404 z
1121 1379 1134 1408 ]
1153 1378 1201 1406 Ad
1213 1378 1340 1406 Balilium
1359 1379 1573 1415 Imperatorem,
1593 1380 1621 1405 &
1630 1377 1662 1404 ad
1673 1375 1746 1404 filios

953 1420 1009 1452 ejus
1018 1417 1237 1446 Constantinum
1249 1439 1256 1450 ‚
1280 1422 1307 1446 ὅ(
1317 1420 1440 1447 Leonem
1451 1417 1585 1457 Augustos
1596 1419 1672 1447 ἂρ]
1697 1425 1743 1453 pa·

953 1467 1013 1485 rum
1031 1457 1078 1485 ille
1089 1468 1119 1485 in
1129 1458 1253 1486 historiis
1274 1457 1392 1486 versatus
1402 1458 1429 1485 se
1439 1458 1578 1488 ostendit5
1602 1456 1725 1485 nesciens
1737 1476 1746 1488 ,

954 1497 1027 1535 quod
1038 1499 1127 1536 Inipp.
1136 1498 1262 1526 viventes
1279 1497 1401 1526 solebant
1409 1498 1482 1526 filios
1490 1496 1627 1535 Augustos
1634 1506 1751 1525 corona-

954 1548 1001 1566 re:
1024 1537 1089 1566 hinc
1101 1539 1228 1576 imperite
1238 1538 1365 1577 glosshvit
1378 1564 1384 1575 ,
1395 1539 1540 1576 inquiens:
1557 1537 1643 1572 [Filii
1657 1538 1747 1574 Impe—

955 1578 1051 1607 ratoris
1062 1579 1192 1607 dicuntur
1200 1580 1285 1607 etiam
1299 1579 1424 1618 Augusti,
1435 1579 1497 1616 quia
1508 1577 1749 1616 sperabatur‚quod

955 1618 1039 1647 ess'ent
1053 1619 1134 1647 futuri
1145 1621 1329 1657 Imperatores
1340 1641 1347 1651 ,
1366 1623 1393 1648 ἃ
1405 1619 1477 1658 quali
1487 1629 1536 1656 per
1544 1617 1686 1656 augurium
1696 1617 1748 1646 hoc

955 1658 1125 1697 sperabatur.
1148 1662 1199 1688 Vel
1219 1661 1285 1688 licut
1303 1662 1456 1698 Imperator
1473 1659 1576 1688 dicitur
1592 1658 1746 1696 Augustum

956 1700 1019 1738 quia
1028 1700 1101 1728 illius
1111 1701 1277 1738 propolitum
1289 1701 1369 1729 debet
1379 1700 1429 1729 esl'e
1439 1722 1446 1733 ,
1465 1699 1539 1738 quod
1550 1708 1646 1737 augeat
1656 1710 1666 1730 ‚·
1678 1698 1711 1726 fic
1721 1701 1750 1726 δι

956 1740 1029 1768 filius
1046 1741 1133 1778 potest
1143 1742 1199 1769 dici
1218 1742 1354 1781 Augustus
1363 1763 1370 1773 ,
1391 1742 1453 1780 quia
1461 1744 1487 1769 ὃ(
1507 1739 1558 1767 hoc
1580 1738 1772 1807 propositussb

955 1781 1034 1809 debet
1053 1781 1149 1809 habere
1160 1803 1168 1814 ,
1189 1782 1354 1810 cumhabeat
1364 1782 1515 1819 Imperium
1527 1792 1533 1807 .-
1546 1782 1558 1811 ]
1582 1778 1628 1807 sed
1640 1779 1737 1819 tantus*
1756 1780 1765 1795 9

956 1821 1025 1849 abest
1036 1843 1042 1853 ,
1062 1822 1136 1860 quod
1148 1821 1218 1850 filius
1237 1823 1417 1860 Imperatoris
1434 1831 1491 1850 non
1504 1829 1608 1859 poterat
1628 1819 1682 1847 dici
1693 1818 1753 1847 Ca*-

951 1863 1003 1898 sar
1015 1883 1022 1894 ‚
1041 1863 1091 1891 nili
1111 1873 1124 1890 a
1137 1865 1216 1891 Patre
1234 1863 1436 1894 declarabatur,
1459 1861 1577 1899 utsupra
1593 1870 1627 1888 cx
1640 1860 1749 1887 Zonara

956 1902 1067 1931 habetur
1075 1926 1083 1931 .
1108 1904 1254 1937 [Leonem
1264 1907 1316 1931 ἃς.
1329 1913 1410 1941 quem
1419 1902 1533 1940 Imperii
1544 1900 1657 1928 nomine
1667 1900 1750 1928 deco·

957 1944 1028 1971 ravit
1039 1965 1046 1976 ,
1058 1946 1071 1975 ]
1083 1943 1169 1977 idest,
1191 1944 1306 1972 Caesaris
1317 1966 1324 1976 ‚
1347 1943 1413 1972 ficut
1423 1942 1508 1971 hodic
1519 1941 1622 1970 futurus
1632 1942 1752 1978 Impera-

958 1984 1026 2011 toris
1035 1983 1165 2012 success‘or
1175 1990 1358 2014 Romanorum
1368 1990 1428 2013 Rex
1438 1983 1508 2011 solet
1517 1982 1658 2020 appellari.
1673 1981 1748 2009 Vide

958 2023 1150 2061 Jiirisconsult.
1167 2025 1197 2052 in
1209 2025 1226 2052 l.
1236 2036 1264 2063 3.
1275 2025 1309 2053 de
1321 2034 1378 2052 nat.
1390 2024 1451 2052 rest.
1474 2023 1549 2052 Vide
1559 2022 1640 2051 etiam
1650 2024 1751 2050 Baton.

955 2065 988 2092 ad
999 2076 1043 2092 an.
1053 2073 1123 2102 336.
1142 2075 1215 2093 nuni.
1229 2078 1242 2094 2
1252 2075 1276 2099 ς.
1294 2065 1383 2093 Prima
1404 2064 1484 2098 hujus
1502 2063 1576 2091 tituli
1586 2061 1746 2099 Nobilifflmi

956 2106 1064 2133 mentio
1075 2115 1104 2133 in
1123 2105 1331 2144 consanguineis
1348 2104 1530 2133 Constantini
1541 2103 1634 2140 Magni
1645 2121 1653 2128 .
1675 2101 1751 2129 Vide

955 2148 1055 2174 Baton.
1065 2157 1109 2174 an.
1121 2157 1154 2184 33
1162 2153 1188 2174 6.
1200 2159 1245 2175 ιω,
1253 2156 1278 2180 5.
1290 2150 1317 2174 ἃ
1327 2157 1340 2174 2
1348 2152 1374 2173 6.
1384 2147 1446 2173 Im‘o
1456 2144 1596 2182 antiquior
1605 2141 1753 2179 inscriptio

958 2187 1104 2215 adducitur
1122 2188 1152 2215 ab
1163 2187 1324 2215 Auctoribus
1335 2207 1342 2219 ,
1363 2186 1406 2213 ubi
1419 2185 1544 2213 Valerius
1554 2183 1654 2221 Junior
1664 2182 1698 2210 de
1707 2192 1750 2209 an.

960 2234 1026 2256 260.
1035 2237 1096 2255 cuin
1119 2226 1338 2256 Nobilissimatus
1348 2226 1432 2254 titulo
1442 2226 1584 2253 decoratur
1595 2244 1603 2251 .
1622 2221 1752 2251 Mem-sius

961 2269 990 2296 in
1000 2267 1048 2296 suo
1059 2266 1138 2296 Glos.
1149 2268 1336 2296 Graeco-barb.
1359 2266 1441 2294 refert
1452 2264 1667 2295 Constantinum
1676 2282 1684 2293 ,
1705 2261 1751 2288 Li-

959 2309 1120 2347 ciniumque
1139 2308 1321 2337 nobiliffimos
1338 2307 1487 2346 appellatos
1507 2303 1581 2333 fuiss'e
1591 2323 1599 2331 .
1621 2301 1694 2331 Vide
1712 2309 1754 2327 et-

964 2352 1017 2379 iam
1032 2348 1179 2381 Landeber.
1192 2350 1221 2378 in
1240 2348 1379 2378 Ammian.
1401 2347 1445 2376 lib.
1462 2358 1504 2382 14-
1529 2348 1618 2384 Atque
1633 2340 1752 2410 Βὶὲεειιε

1692 2390 1719 2408 e-

1835 1700 1859 1717 Χ
