1866 2526
448 72 560 115 PU

85 136 149 162 Erat
162 131 271 174 insuper
284 140 402 172 purpura
410 130 539 162 diversas
557 127 607 158 alia
618 128 743 159 rubicans
751 148 761 163 ,
783 137 813 157 ac
826 127 886 157 san-

87 184 235 247 guislibiriir
243 213 375 253 extinguis
387 235 394 247 ,
407 214 533 242 labuntur
545 211 646 251 frigida
658 209 736 240 letho

126 255 260 287 lamina:
283 265 430 294 purpureus
441 253 580 293 quondam
591 253 670 281 color
680 262 727 281 ora
738 248 871 290 relinquit
881 269 888 276 .

90 296 171 335 Virg.
181 295 300 325 AEneid.
318 306 361 324 ii.
375 299 402 324 ὅ(
412 294 502 324 Ovid.
513 294 590 332 Eleg.
605 305 631 323 ι.
644 293 707 322 libr.
718 303 744 327 4.
757 291 838 322 Trist-

129 350 270 358 -—-———
294 338 434 374 Purpureo
444 334 576 373 sanguine
588 332 676 371 tingit
687 332 800 362 humum
811 351 819 360 .

89 372 152 419 Trim
164 374 328 413 principalia
337 386 436 415 genera
448 384 572 413 purpurae
583 375 666 404 refert
677 375 800 404 Plinius:
814 373 889 408 [Hos

89 415 284 446 animadverto
295 428 348 446 tres
360 416 410 445 esle
419 416 592 454 principales:
604 415 728 444 nnumin
739 424 831 444 cocto,
843 412 888 450 qui

1245 66 1279 110 P
1311 68 1351 108 Y
1610 73 1684 122 563

943 133 1001 164 cap.
1012 131 1040 155 6.
1064 131 1078 161 [
1088 125 1218 156 Alterum
1226 136 1313 165 genus
1320 127 1377 160 ejus
1387 123 1426 152 est
1435 123 1465 152 in
1477 125 1643 163 purpurariis
1651 124 1743 158 offici„

945 167 987 195 nis
997 167 1124 196 innatans
1135 167 1269 196 cortinis:
1280 170 1308 196 &
1318 167 1356 195 est
1368 174 1493 204 purpurae
1505 165 1598 203 spuma
1607 186 1618 194 .

904 209 1088 239 ΡυκρυιιιιιΑ
1099 228 1108 236 .
1121 210 1178 238 r—R.
1190 209 1277 237 Locus
1285 217 1362 237 extra
1373 215 1490 245 portam,
1500 206 1544 234 ubi
1553 215 1687 245 purpurea
1696 219 1745 238 ve-

945 249 983 278 ste
992 250 1136 279 utebantur
1145 269 1152 276 .
1163 248 1251 278 Glofll
1261 248 1362 278 Isidori
1373 268 1383 276 .

905 291 1112 321 Puiwiiiiissuiu
1123 310 1131 318 .
1150 291 1207 320 PR.
1217 289 1331 319 materia
1340 299 1373 317 ex
1386 287 1495 317 floribus
1505 288 1644 317 contrasta
1654 289 1687 318 ad
1698 289 1746 318 de·

943 331 1118 370 pingendum
1127 341 1136 362 ς
1149 336 1161 366 [
1174 332 1241 361 Sunt
1249 340 1337 360 autem
1347 330 1454 358 colores
1464 330 1573 361 austeri,
1583 338 1630 357 aut
1641 330 1746 362 floridi,

946 381 1090 410 utrumque
1099 380 1196 401 natura
1207 393 1216 406 ,
1232 381 1278 401 aut
1286 372 1405 401 mixtura
1424 370 1521 398 evcnit
1535 391 1543 398 .
1565 368 1745 399 Floridisunt

945 416 998 440 δα.
1009 411 1190 451 purpurissum
1203 434 1210 441 .
1221 413 1294 442 Plin.
1303 413 1349 441 lib.
1360 423 1407 450 34.
1418 422 1442 440 c.
1453 418 1482 441 6.

91 457 121 486 in
132 457 197 485 rotis
210 458 308 486 mic212
323 467 427 497 gratius
439 457 477 484 nil
490 456 606 486 traditur
613 455 731 492 aspestu,
743 458 771 483 δι
785 454 815 482 in
825 462 888 490 pur·
905 453 1070 482 Pu-rumm
1081 474 1090 486 ‚
1101 454 1218 491 putredo
1229 474 1236 481 .
1249 453 1465 491 [Aperiendum
1474 453 1573 482 vulnus
1584 473 1594 486 ,
1616 456 1645 481 δε
1654 451 1745 481 secan-¹

87 499 274 538 purasiyri15‚
284 496 476 536 dibaphasque,
487 507 515 525 ac
526 496 655 526 laconicas
665 507 672 522 :
683 495 768 524 aliurn
778 494 807 522 in
817 502 887 522 ama-

88 539 185 574 thysto
197 562 204 572 ,
215 538 302 577 quiin
316 539 388 567 Viola
398 559 407 571 ,
417 535 551 576 &ipsein
561 544 724 575 purpureum
738 537 822 574 JQui
835 533 888 570 ipse

91 581 125 614 (ἐι
133 592 164 608 m
178 579 254 607 viola
260 587 399 617 purpurea
408 600 416 611 ,
433 579 503 616 legit
511 578 671 614 Dalecamp.
693 575 821 614 Sequitur
831 573 887 603 Pli-

92 621 151 649 niiis
164 632 169 648 :
195 625 206 654 [
219 620 363 658 Quemque
370 617 531 654 janthinum
539 617 737 656 appellavimus
748 635 756 644 .
778 618 887 644 Genera

91 662 167 690 enirn
179 661 320 689 tratiamus
331 681 338 693 ‚
362 660 391 688 in
400 657 502 696 species
518 659 615 687 multas
636 656 692 686 sese
710 656 864 695 spargentia
878 674 884 681 -

90 701 198 730 Tertius
216 700 255 729 est
269 721 276 732 ‚
299 700 345 738 qui
357 699 468 738 proprie
484 698 616 734 conchyli
636 697 808 736 intelligitur
818 696 885 724 mul-

945 493 1010 521 dum
1021 515 1028 526 ,
1041 497 1067 522 ὅ(
1080 495 1278 532 putraminibus
1288 493 1444 531 amputatis,
1453 494 1560 522 medela
1571 493 1745 522 fortior-ecu-

945 534 1060 562 randum
1072 554 1080 562 .
1091 535 1228 573 Cyprian.
1237 534 1380 572 delapsu]
1391 538 1419 563 δε
1428 534 1491 563 alibi
1503 534 1577 563 idem
1587 547 1594 562 .·
1621 540 1633 569 [
1646 535 1747 572 Neque

945 575 1018 602 enini
1028 575 1047 604 si
1057 575 1213 613 putramina
1222 575 1346 614 quaedam
1354 575 1511 614 colligenda
1520 574 1692 613 sunt‚epist.5
1701 576 1744 609 5.}

948 616 1048 653 Itaque
1065 625 1123 643 non
1134 615 1185 643 fuit
1195 624 1272 645 error
1280 616 1450 654 Scriptorum
1460 637 1468 649 ,
1490 626 1519 644 ut
1531 616 1615 654 aliqui
1625 624 1723 654 putant
1732 625 1742 645 3

943 653 989 684 sed
999 655 1139 694 proprium
1148 656 1223 684 istius
1234 658 1366 685 Doctoris
1377 655 1463 684 sanffl
1476 657 1636 685 vocabulum
1645 677 1654 689 ,
1676 655 1748 684 dum

943 696 972 723 ab
983 705 1016 724 eo
1028 706 1086 724 non
1096 695 1180 724 semel
1190 696 1224 725 fic
1233 696 1364 735 scriptum
1374 697 1519 725 invenitur
1529 718 1539 725 .

90 741 124 770 tis
135 740 241 770 modis:
260 750 329 768 nnus
340 751 369 768 in
389 738 579 777 heliotropio,
601 738 669 767 &in
687 739 780 776 aliquo
800 747 832 765 ex
845 737 886 765 liis
903 736 1116 765 chraeiotum
1129 758 1137 769 ,
1148 737 1204 765 sive
1216 738 1369 777 Pyefactola
1380 757 1386 764 .
1401 738 1474 765 Vide
1484 739 1641 775 Pyc'iacium
1652 755 1662 764 .

88 782 247 820 plerumque
257 779 401 809 saturatior
410 801 418 812 ‚
427 779 491 807 alius
502 780 530 807 in
543 780 632 809 malva
643 779 676 808 :id
688 788 833 817 purpuram
846 777 885 805 in-
902 776 1080 805 PYcrAcmM
1092 799 1099 809 ,
1115 778 1276 806 vocabulum
1285 788 1319 805 ex
1329 787 1421 816 graeco
1428 774 1580 807 πυκναίκισν
1594 801 1598 810 ,
1619 777 1745 806 diminu-

89 822 194 850 clinans
203 842 210 853 ,
225 820 293 848 alius
304 821 333 849 in
344 819 418 848 viola
427 818 548 848 serotina
558 842 567 853 ‚
589 818 795 848 conchiliorum
805 829 885 857 vege-

90 859 190 890 tiffima
201 881 208 888 .
218 861 295 889 Paria
306 871 377 889 nunc
387 870 593 898 componuntur
605 882 612 893 ‚
623 863 650 888 ὅ(
665 868 760 888 natura
772 881 780 891 ,
803 868 884 897 atque

89 902 195 930 luxuria
205 901 364 940 depugnant
376 921 383 928 .
403 902 483 930 Liirei
495 900 577 929 video
586 899 721 929 honorem
731 897 884 937 antiquissi-

90 952 164 970 mum
176 943 205 970 in
223 942 385 979 nuptialibus
398 940 529 969 flammeis
539 950 628 970 totum
647 940 768 969 soeminis
776 937 885 968 conces-

89 982 148 1010 sum
159 1005 166 1015 ‚
175 986 201 1011 δι
215 981 329 1010 fortassis
340 982 403 1010 idco
414 993 472 1009 non
484 983 618 1011 numerari
629 980 702 1010 inter
711 981 884 1020 principales,

89 1022 144 1050 hoc
154 1023 191 1051 est
204 1045 211 1055 ,
229 1032 388 1051 communes
399 1023 511 1050 maribus
525 1045 530 1054 .
551 1027 578 1052 δ(
591 1023 732 1053 l'cxeminis5
756 1020 885 1059 quoniam

90 1063 206 1091 societas
218 1063 404 1101 principatum
415 1063 491 1091 dedit
500 1083 509 1094 ‚
519 1063 565 1092 lib.
579 1075 593 1092 2
604 1074 624 1091 i.
635 1073 691 1100 cap.
705 1067 729 1091 8.
741 1064 754 1093 ]
768 1063 887 1099 Purpura

90 1113 187 1132 coccea
198 1103 344 1132 utebantur
355 1105 426 1142 Imp.
439 1104 529 1139 [Sanc
541 1125 549 1136 ‚
560 1114 589 1132 ut
601 1104 648 1132 tibi
660 1103 767 1141 insigne
775 1101 887 1140 aliquod

92 1143 244 1182 imperialis
253 1144 398 1178 majestatis
406 1145 515 1173 accedat
524 1165 532 1176 ,
543 1142 649 1173 habebis
659 1144 754 1172 utendi
765 1143 886 1170 coccinei

91 1185 170 1223 pallii
183 1183 338 1222 Facultatem
347 1194 390 1212 me
400 1184 533 1224 praesenre
544 1206 551 1217 ‚
573 1189 599 1214 ὅ(
611 1185 644 1213 ad
656 1194 699 1212 nie
709 1206 716 1217 ,
726 1188 753 1213 δ(
763 1193 824 1211 cum
834 1193 889 1211 me-

92 1235 154 1254 cum
167 1225 257 1257 fueris,
269 1224 408 1253 habiturus
417 1229 443 1253 8<
453 1235 608 1263 purpuram,
619 1225 665 1253 sed
676 1226 732 1254 sine
739 1234 816 1256 auro,
828 1223 890 1262 quia

91 1265 130 1294 ita
139 1268 166 1294 ὅ(
180 1275 295 1303 proavus
306 1274 379 1293 meus
391 1267 479 1294 Verus
489 1287 496 1298 ‚
519 1266 565 1304 qui
576 1276 642 1303 puer
652 1266 708 1294 vita
717 1264 822 1293 fundus
831 1264 870 1292 est
883 1285 890 1296 ,

91 1307 123 1335 ab
135 1306 260 1335 Adriano
270 1327 278 1337 ,
289 1305 336 1343 qui
346 1316 406 1334 eiim
416 1307 560 1343 adoptavit
572 1328 579 1339 ‚
590 1307 698 1344 accepit
707 1325 716 1332 .
736 1305 889 1343 Capitolin.

93 1346 124 1375 in
137 1346 224 1375 Clod.
236 1346 345 1375 Albino.
357 1349 369 1378 ]
383 1347 407 1374 Si
420 1357 495 1374 enim
505 1346 646 1385 scripserat
657 1346 828 1376 Commodus
839 1345 890 1374 Al-

941 817 1004 846 tivo
1015 828 1029 845 a
1051 815 1166 848 πύκνιον
1176 839 1184 850 ,
1207 818 1282 857 quod
1291 817 1390 846 chartae
1404 817 1536 845 volumen
1545 840 1552 850 ‚
1574 818 1631 846 sive
1642 818 1745 856 plicum

941 856 1086 896 significat.
1096 868 1178 896 quare
1190 859 1371 897 Ptychaci'um
1381 857 1555 886 scribendum
1565 858 1629 887 ess'et
1641 859 1746 897 potiu3‚

942 908 1022 936 quam
1031 900 1160 935 Pyc‘laciu
1167 910 1190 927 >n
1200 919 1208 926 .
1228 902 1303 938 Ergo
1311 909 1394 937 penes
1415 898 1614 928 Ecclesiasticus
1623 899 1745 937 Scripto-

942 948 983 967 res
992 939 1120 977 paginam
1138 939 1273 978 significat
1285 961 1293 973 ‚
1313 940 1345 968 in
1354 950 1405 978 qua
1417 939 1650 979 interrogationes
1660 948 1742 968 n'ota-

943 979 1060 1012 bantur,
1072 989 1086 1006 e
1096 979 1191 1017 quibus
1202 980 1362 1009 informatio
1370 979 1520 1008 sumebatur
1528 981 1564 1009 de
1573 980 1704 1013 moribus,
1713 991 1743 1009 ac

944 1019 1001 1047 vita
1012 1018 1140 1057 Episcopi
1162 1021 1241 1049 ele-{ki
1254 1042 1261 1052 ,
1283 1030 1428 1059 antequam
1437 1018 1661 1050 consecraretur.
1686 1023 1745 1051 PR.

945 1060 1038 1089 Potius
1049 1061 1226 1100 Pythiacium
1236 1059 1410 1090 scribendum
1418 1061 1457 1089 est
1465 1071 1477 1088 a
1487 1060 1590 1096 Pythia
1598 1072 1608 1092 ‚-
1619 1063 1694 1097 cujus
1703 1061 1745 1090 di-

944 1101 1113 1128 minutivum
1124 1102 1306 1135 Prii‘aciolum
1317 1123 1324 1135 ,
1347 1102 1391 1130 vel
1402 1101 1500 1129 reffius
1518 1102 1724 1138 Pythiaciolum
1734 1123 1744 1134 ,

945 1141 1019 1179 quod
1031 1150 1088 1169 erat
1107 1140 1228 1170 chartula
1238 1142 1363 1170 involuta
1374 1164 1381 1175 ,
1403 1140 1626 1179 &superstitiose
1644 1141 1747 1181 scripta

946 1191 998 1219 pro
1008 1181 1128 1219 qualibet
1145 1181 1311 1210 infirmitate
1319 1183 1435 1211 cin-anda
1447 1203 1455 1215 ,
1474 1192 1505 1210 ut
1516 1182 1547 1210 in
1557 1193 1618 1211 cari.
1627 1193 1683 1210 non
1694 1184 1743 1211 ob-

945 1221 1062 1250 servetis
1072 1244 1080 1254 ‚
1103 1229 1151 1251 26.
1161 1233 1206 1261 qu.
1219 1233 1246 1255 7.
1256 1223 1300 1251 ubi
1309 1234 1323 1252 a
1332 1223 1505 1261 postillatore
1514 1223 1671 1258 Pyffaci'ola
1680 1221 1746 1252 scri·

947 1262 1018 1291 bitur
1029 1283 1037 1290 .
1046 1262 1120 1291 Vide
1129 1264 1314 1292 Pittaciolum
1324 1284 1331 1291 .
1343 1267 1485 1301 Periapta.
1493 1259 1674 1299 Ph'ylafleria.
1688 1265 1747 1293 Ita-

948 1314 999 1341 que
1007 1306 1166 1341 Pyc'facium
1174 1323 1186 1338 ,
1198 1304 1253 1332 sive
1262 1305 1436 1332 Pithiacium
1447 1303 1581 1342 fignificat
1591 1304 1744 1342 epistolam,

946 1343 991 1372 seu
1002 1343 1123 1372 chartam
1132 1363 1141 1371 .
1150 1343 1243 1372 Glossa
1253 1344 1283 1373 in
1292 1355 1350 1373 can.
1360 1345 1518 1379 Pystacium
1529 1366 1538 1377 ‚
1557 1355 1604 1382 30.
1614 1354 1662 1382 qu.
1673 1355 1701 1383 3.

91 1387 158 1416 bino
169 1408 176 1420 ‚
186 1386 228 1415 cui
241 1397 299 1414 non
307 1386 470 1416 concesserat
481 1397 625 1425 purpuram
636 1398 700 1416 auro
711 1395 890 1417 textammam
907 1387 1069 1414 Pronimus
1079 1405 1088 1417 ,
1110 1394 1189 1422 capra
1206 1385 1355 1418 filvestris,
1369 1385 1458 1413 damis
1468 1396 1525 1414 non
1541 1384 1666 1413 absimilis
1676 1407 1686 1418 ,
1708 1396 1742 1414 ex

91 1427 209 1456 Albinus
219 1426 306 1455 adhuc
318 1438 374 1455 non
385 1437 443 1456 erat
454 1429 526 1465 Imp.
539 1434 552 1463 [
565 1429 619 1456 Hic
629 1429 673 1456 ubi
681 1427 801 1466 primum
812 1427 890 1455 indu-

92 1477 186 1496 menta
197 1478 290 1495 coccea
300 1488 308 1500 ‚
319 1471 347 1496 ὅ(
359 1478 491 1506 purpurea
502 1489 510 1499 ,
521 1477 671 1506 exteraque
681 1467 823 1496 castrensia
833 1469 889 1495 Im-

946 1434 1039 1463 graeco
1050 1424 1182 1453 vocabulo
1191 1423 1333 1464 πόγαργος
1341 1446 1352 1462 ,
1360 1425 1428 1454 idest
1439 1447 1447 1458 ‚
1458 1436 1519 1454 cuin
1530 1425 1614 1454 cauda
1623 1426 1697 1458 alba5
1709 1426 1744 1454 de

946 1465 1119 1494 liocanimali
1131 1464 1162 1493 fit
1175 1466 1321 1494 mentioni
1330 1477 1354 1493 c.
1368 1477 1376 1494 i
1389 1477 1412 1494 ι.
1421 1465 1543 1495 Levitici
1553 1484 1561 1492 .

94 1508 163 1545 perii
173 1507 291 1545 insignia
302 1507 555 1546 accepit.Lamprid.
570 1508 599 1535 in
611 1511 655 1537 An
661 1517 680 1536 t.
690 1507 888 1538 Diadunieno.]
906 1507 984 1534 ΡΥκΑ
997 1527 1005 1539 ,
1015 1504 1092 1545 πυροί
1100 1526 1108 1534 .
1131 1506 1206 1534 Vide
1217 1507 1332 1541 Bustum
1343 1526 1350 1533 .

94 1548 168 1576 Nam
178 1547 326 1584 imperialis
339 1556 453 1585 purpura
465 1550 710 1585 Purpurasumma
721 1569 729 1580 ,
741 1548 798 1576 sive
808 1551 890 1576 Prin-
906 1548 1020 1575 Primii
1032 1568 1040 1579 ,
1060 1546 1256 1585 hypocaustum
1267 1565 1276 1572 -
1299 1551 1311 1580 [
1323 1545 1425 1574 Praesul
1437 1545 1466 1574 in
1478 1546 1574 1584 pyrale
1583 1547 1746 1586 Congregae

95 1587 193 1624 cipalis
204 1608 212 1619 ,
232 1590 260 1615 ὃ(
273 1587 402 1616 similibus
420 1587 557 1616 vocabulis
566 1589 766 1626 appellabatur.
785 1589 888 1617 octav.

946 1586 1030 1615 tionis
1044 1587 1160 1616 intravit
1171 1607 1179 1614 .
1189 1586 1263 1615 Hist.
1274 1587 1400 1615 Aleman-
1410 1597 1478 1614 tom.
1491 1599 1517 1615 z,

95 1627 231 1656 Ferrarius
243 1627 278 1655 de
294 1637 323 1655 re
335 1627 400 1655 vest.
411 1637 479 1665 part.
495 1639 518 1656 i.
540 1628 587 1656 lib.
605 1641 631 1658 ι..
640 1639 699 1667 cap.
708 1640 738 1665 9.
755 1632 784 1657 &
803 1627 890 1657 Isacus
905 1629 1036 1656 PritAMis
1049 1648 1057 1655 .
1070 1627 1142 1656 Vide
1151 1628 1287 1664 Calypra.
1297 1625 1442 1656 Obeliscus
1453 1627 1482 1655 in
1491 1628 1558 1656 ὼᾶ.
1568 1627 1724 1665 Astenscus
1740 1647 1747 1653 .

94 1666 209 1697 casaub.
220 1668 249 1696 in
259 1667 397 1706 Laniprid.
405 1668 441 1696 de
450 1669 612 1697 Alexandro
620 1670 714 1698 Sever.
724 1671 795 1707 Imp.
806 1679 828 1696 c.
844 1679 857 1704 5
867 1680 889 1697 i.

944 1667 1042 1706 Tuplia
1051 1668 1081 1696 in
1092 1668 1157 1696 dist.
1165 1666 1243 1705 Tufa
1252 1687 1261 1695 .

95 1708 121 1740 §.
133 1718 159 1743 5.
171 1709 245 1736 Item
255 1718 311 1736 erat
322 1718 438 1746 purpura
450 1708 622 1747 triumphalis
632 1731 640 1742 ‚
651 1719 711 1749 qiiae
721 1713 749 1738 <St
760 1710 892 1738 Palmam
906 1709 1107 1737 Pinnem„
1120 1729 1127 1740 ,
1138 1718 1248 1746 tempus
1255 1708 1379 1741 denotat,
1391 1707 1420 1736 in
1432 1718 1486 1746 quo
1498 1706 1628 1737 Monachi
1640 1706 1748 1736 dormi-

94 1748 234 1778 dicebatur
244 1759 258 1777 a
267 1749 400 1786 triumphi
413 1749 501 1787 palma
509 1769 520 1776 .
529 1751 629 1778 Ferrar.
639 1750 773 1787 ibid-cap.
786 1753 810 1778 8.
834 1752 890 1779 Re—

95 1787 250 1827 periebatur
260 1790 342 1818 etiam
353 1799 468 1827 purpura
486 1789 610 1826 Plebeja,
631 1790 701 1819 idest
712 1811 720 1823 ,
732 1800 803 1829 pene
814 1789 890 1818 fusca.

96 1829 159 1858 cic.
175 1829 205 1857 in
213 1828 336 1858 sextiana
348 1852 355 1863 ,
374 1834 402 1859 ὅ(
413 1831 442 1858 in
451 1828 577 1859 Pisonem
589 1850 599 1857 -
617 1832 688 1859 Item
707 1840 824 1869 purpura
842 1840 891 1868 pro

95 1867 156 1908 ipso
165 1869 302 1907 imperio:
317 1876 330 1905 [
341 1870 461 1899 Multi&
471 1869 605 1908 sumpsisse
615 1871 695 1899 illum
706 1875 891 1909 purpuram,&

95 1919 202 1938 morem
214 1912 406 1939 Romanorum
425 1909 563 1948 imperasse
575 1932 584 1943 ‚
599 1911 750 1940 exercitum
766 1910 871 1940 duxifl‘e
883 1933 890 1944 ‚

96 1949 160 1979 &de
172 1948 199 1978 se
217 1950 294 1988 plura
312 1949 460 1989 promisisse
468 1951 601 1981 dixerunt
611 1971 621 1979 .
640 1952 758 1982 Trebell.
768 1952 842 1980 Poll.
858 1952 892 1981 de

96 1991 181 2020 XXX.
190 1990 332 2025 Tyramin
340 1991 438 2020 Balista
451 2011 460 2019 .
477 1991 616 2021 Salmasius
634 1993 703 2032 legit
723 1997 761 2022 Ut
770 2003 842 2021 more
852 2004 892 2021 ro—

947 1748 1035 1776 tionis
1041 1749 1128 1788 gratia
1137 1748 1363 1788 segregabantur:
1387 1749 1547 1777 vocabulum
1556 1748 1667 1787 quidem
1677 1757 1747 1787 grae-

947 1789 1116 1827 go-latinum
1128 1789 1165 1818 est
1175 1800 1208 1818 ex
1221 1790 1293 1827 πῦρ.
1307 1787 1386 1821 idest,
1397 1790 1481 1828 ignis,
1493 1793 1655 1827 &Tegium,
1667 1798 1747 1816 nem-

949 1838 992 1867 pe,
1003 1839 1205 1868 tegumentum
1218 1840 1282 1858 runc
1294 1829 1369 1857 enim
1381 1830 1523 1868 tegebatur
1531 1829 1684 1858 communis
1695 1838 1747 1867 py-

948 1880 978 1898 ra
987 1891 994 1903 ,
1007 1870 1064 1899 sive
1073 1870 1210 1909 quiatunc
1222 1869 1325 1899 lumina
1335 1870 1463 1908 extingui
1474 1870 1609 1898 dicebant.
1624 1874 1638 1904 [
1649 1869 1747 1908 Ibique

949 1911 1097 1949 loquantur
1106 1911 1236 1949 quamdiu
1249 1908 1388 1947 Hospitali
1399 1910 1489 1938 visum
1499 1910 1582 1938 fuerit
1593 1921 1602 1940 ς
1620 1919 1665 1937 aut
1676 1909 1745 1938 hora

947 1950 1100 1989 permiserit
1108 1972 1117 1984 ‚
1129 1961 1186 1979 non
1194 1960 1286 1979 autem
1295 1950 1364 1978 ultra
1375 1951 1550 1989 pyrategium
1559 1970 1569 1978 -
1579 1949 1687 1980 Mutii.
1697 1951 1746 1979 Pa·

948 1991 994 2019 ris.
1006 1992 1036 2020 in
1048 1991 1104 2020 vita
1113 1990 1230 2020 Guarini
1240 1991 1310 2019 Abb.

97 2041 179 2060 mano
190 2030 249 2064 &c-
259 2032 330 2060 Item
340 2041 390 2070 pro
400 2030 536 2061 senatoria
543 2032 680 2072 dignitate
688 2055 698 2066 ,
716 2032 837 2062 Martial.
844 2033 892 2062 lib.
909 2032 1086 2062 prxumum
1097 2052 1106 2060 0
1117 2032 1191 2060 Vide
1201 2035 1356 2060 Piraticum
1365 2050 1375 2058 .

100 2081 111 2100 1
118 2081 145 2100 ο.
155 2081 228 2109 epig.
243 2081 270 2107 5.

136 2111 267 2150 Quisquis
278 2134 285 2145 ,
299 2112 413 2142 stolaeve
423 2134 432 2146 ‚
443 2123 812 2153 purpumzveoemempwr,

137 2153 214 2189 Quos
225 2154 316 2181 colere
327 2153 406 2182 debet
418 2175 428 2187 ‚
446 2154 516 2183 laesit
524 2154 614 2193 impio
623 2153 704 2184 versu
712 2175 721 2182 .

97 2191 140 2222 Sic
149 2193 206 2222 hod
211 2193 234 2222 ie
244 2204 293 2222 nos
304 2204 452 2233 purpuram
460 2194 672 2224 Cardinalatum
680 2193 839 2234 intelligere
847 2193 892 2223 so-

96 2234 183 2262 lemus
191 2254 201 2262 .
214 2235 287 2264 Vide
299 2237 399 2272 Crustu
409 2255 419 2263 .
809 2258 812 2261 Δ

56 2274 267 2304 postponimus
277 2296 285 2308 ‚
295 2286 323 2308 a,
333 2286 382 2305 um
392 2295 402 2304 .
415 2277 472 2305 FR.
481 2275 556 2314 quod
564 2275 597 2305 ad
608 2285 737 2315 purpurae
749 2274 891 2314 opificium

94 2315 218 2355 pertinet
230 2317 300 2345 .Pro
310 2326 436 2355 purpurae
450 2316 578 2345 :metrice
586 2338 595 2350 ,
606 2318 704 2346 Αᾶοῐ.
716 2327 726 2345 ι
734 2323 763 2345 6.
776 2327 820 2352 ¹4-
833 2321 845 2352 [
857 2319 891 2344 Et

908 2073 1085 2102 PYRGIBASIS
1098 2094 1106 2105 ,
1116 2071 1287 2110 πυργὶβασις
1298 2092 1304 2099 .
1328 2073 1385 2100 FR.
1394 2071 1475 2104 basis,
1491 2071 1537 2100 ubi
1548 2069 1745 2110 ignisconscr-

948 2123 1038 2142 vatur.
1048 2114 1166 2150 Joannes
1176 2121 1269 2141 tamen
1280 2112 1422 2140 Mabbilon
1429 2112 1566 2141 existimat
1580 2110 1662 2141 fnisse
1671 2111 1742 2140 Pha-

950 2164 1019 2187 rum,
1031 2153 1086 2182 sive
1095 2153 1204 2185 turrim,
1216 2152 1244 2181 in
1254 2162 1306 2190 qua
1317 2153 1506 2190 praebebzntur
1515 2162 1578 2181 curn
1587 2151 1655 2191 igne
1665 2152 1742 2191 signa

947 2195 1127 2233 longinquis:
1152 2197 1209 2228 [Et
1220 2193 1320 2221 dolore
1327 2194 1425 2221 mortis
1435 2203 1578 2222 extraneus
1587 2195 1665 2228 juxta
1675 2203 1744 2231 pyr-

948 2235 1060 2274 gibafim
1072 2257 1078 2267 ‚
1088 2235 1154 2263 ficut
1165 2233 1293 2262 haetenus
1303 2234 1430 2262 cernitur
1440 2231 1606 2272 ‚Confessor
1617 2233 1743 2264 veritatis

948 2276 1048 2304 meiuit
1062 2274 1172 2313 sepeliri
1183 2294 1191 2302 .
1209 2276 1257 2313 Jo.
1266 2274 1388 2303 Diacon.
1403 2273 1435 2303 in
1443 2274 1498 2305 vita
1508 2275 1535 2303 S.
1545 2276 1631 2312 Greg.
1642 2275 1722 2312 Papae
1733 2294 1744 2307 ‚

948 2316 997 2344 lib.
1007 2327 1034 2351 4.
1047 2326 1068 2344 c.
1082 2323 1131 2352 69-

96 2356 223 2394 quaedam
242 2356 341 2386 mulier
359 2357 475 2386 nomine
492 2357 582 2393 Lydia
595 2357 756 2396 purpuraria
772 2356 894 2386 civitatis
907 2358 1024 2386 Primus
1037 2377 1045 2384 .
1055 2356 1248 2385 VideAmbo.

96 2394 330 2434 Thyatirenorum
339 2419 349 2433 ,
360 2398 455 2428 colens
464 2399 557 2428 Deum
567 2417 577 2427 ·
585 2400 601 2430 1
609 2400 703 2437 Atque
712 2397 786 2429 Plin.
796 2397 841 2426 lib.
845 2407 858 2436 3
867 2406 895 2433 ς-
909 2398 1112 2427 ΡηοΜΛΝτιΑ
1123 2417 1131 2425 .
1143 2396 1217 2426 Vide
1227 2396 1433 2436 Hydromantia
1442 2416 1453 2425 .

1340 2438 1403 2467 Nn.
1444 2448 1460 2465 τ.
1646 2434 1710 2463 Hic·
