1866 2526
480 62 584 106 sU

130 130 173 158 Eo
182 123 257 156 enim
265 119 472 153 inhumanitatis
483 145 490 155 ,
512 127 539 152 ὅ(
553 117 731 151 immanitatis
742 118 845 150 veniss'e
858 116 929 149 dicit

132 169 252 208 impuros
261 164 415 197 doemones,
423 172 452 192 ut
463 164 568 193 iitircnt
580 161 769 193 insatiabiliter
779 162 930 191 humanum

131 206 302 247 sanguinem,
312 208 339 234 δι
349 215 444 234 corum
454 227 462 238 ‚
474 206 520 244 qui
534 206 575 234 rei
587 229 595 239 ,
609 210 635 235 &
647 204 768 232 convicti
781 213 856 232 erant
865 225 872 236 ,
885 203 930 230 in-

131 248 215 279 tei-itu
232 246 433 275 delectarentur
444 268 450 274 .
476 249 543 275 Non
553 248 630 276 enini
642 245 712 274 forte
721 244 827 274 vitulus
839 243 869 273 in
886 252 929 271 ara

130 289 245 318 clamans
260 309 266 319 ,
284 292 311 318 δε
322 287 403 315 tituta
414 309 421 319 ,
445 298 472 316 ac
486 298 552 317 oves
563 288 619 317 iliis
639 285 860 316 conveniebant;
883 282 931 312 scd

132 328 277 358 hominum
288 328 361 357 caede
372 330 523 366 gaudebant
533 330 564 360 .]
587 330 658 358 Item
672 327 803 365 Jeremias
812 336 870 364 cap.
887 330 930 368 it}-

130 370 184 399 ait:
210 376 222 405 [
235 371 337 405 Quibus
350 370 508 406 polluerunt
519 379 617 398 terram
627 377 713 397 meam
733 367 762 395 in
775 366 931 396 morticinis

130 411 369 439 abominationum
381 408 484 438 suarum
496 431 504 438 .
516 413 529 443 ]
541 410 599 439 Ubi
609 409 816 440 Theodoretus:
832 408 932 443 [Mor-

130 452 215 480 ticina
226 461 292 480 vero
302 451 539 479 abominationum
549 460 628 480 vocat
639 472 646 483 ‚
658 449 780 479 filiorum
792 470 799 482 ‚
821 451 848 476 δι
861 447 932 475 filia-

130 502 191 520 rum
202 492 394 520 maffiationein
406 493 435 522 ,1
458 490 608 521 Chaldaica
619 490 701 520 iestio
711 497 805 527 aperte
817 498 867 526 pro
877 486 930 516 suf-

131 533 223 561 focato
237 533 360 570 Hhemqo
375 554 380 564 ,
401 532 468 560 idest
479 553 487 565 ,
508 532 676 571 strangulato
697 529 778 558 habet
792 551 800 562 ‚
813 528 860 557 sed
869 537 931 557 Cum

129 583 162 602 ex
176 583 253 601 textu
263 575 364 601 ora-co
375 573 524 602 Chaldaica
534 573 591 601 Sac-
603 571 738 611 Scriptura
748 570 876 598 translata
888 569 930 601 sit,

130 623 159 642 ut
172 615 268 642 Bell-vr.
279 614 313 641 de
326 614 416 642 Verbo
425 613 479 642 Dei
492 613 537 642 lib.
550 625 575 641 ι.
587 623 643 651 cap.
655 624 681 651 3.
692 612 787 650 probat
798 633 805 643 ,
816 611 932 639 transla-

131 663 177 682 toi·
188 654 338 682 mistionem
353 654 454 684 πνικτέ
463 674 474 690 ,
484 663 542 691 qua:
553 654 745 688 immolatum,
770 655 797 680 ὅ(
810 651 931 690 strangu-

129 694 215 722 latum
227 692 378 732 promiscue
388 693 530 732 fignificat,
541 693 729 733 aequivocavit
742 692 771 720 in
779 691 931 721 secundum

131 733 238 763 sensum
250 757 257 767 ,
270 734 318 772 qui
329 744 420 762 tamen
430 734 460 762 in
470 734 561 772 primo
571 735 731 764 translatare
742 733 878 762 debuerat.
891 735 930 762 Α-

130 774 284 813 pocrypliz
297 775 365 803 item
376 773 524 803 censentur
533 775 707 804 aufioritates
716 774 804 803 allatae
825 785 839 802 a
851 776 931 802 Baro·

125 815 177 843 nio
188 825 250 843 ann.
266 825 277 850 5
288 825 311 843 i.
320 814 367 843 ubi
380 815 501 849 videtur,
512 817 587 854 quod
599 816 672 844 inter
682 815 795 844 Latinos
806 813 889 852 usque
899 815 930 844 ad

128 864 254 893 tempora
265 854 404 884 Zacharia:
414 858 496 894 Papze
509 855 637 895 viguiss'et
649 855 694 884 hic
707 857 776 884 ritus
796 855 932 884 abstinen-

125 895 155 924 di
175 908 188 924 a
198 895 352 924 morticinis
365 909 372 928 ς
393 895 468 924 affert
478 896 552 925 enim
565 896 687 933 ejusdem
696 895 839 925 Pontificis
852 896 931 924 verba

127 936 161 964 :id
171 936 340 966 Bonil'acium
350 937 509 966 Germaniae
520 937 684 977 Episcopum
696 959 705 970 ‚
727 941 755 966 ὅ(
765 937 840 965 Sedis
854 939 930 975 Apo-

127 976 229 1005 stolicae
250 978 380 1016 Legatum
393 998 401 1010 ‚
421 977 459 1006 ita
477 977 671 1017 respondentis
683 984 725 1014 :⁷1
735 976 928 1007 Continebant

129 1017 203 1045 enim
212 1018 329 1055 capitula
341 1018 370 1045 in
381 1016 483 1055 pitacio
494 1020 524 1048 ab
534 1019 572 1047 eis
585 1020 712 1058 porrecto
722 1041 730 1051 ,
743 1029 802 1057 quae
814 1017 928 1046 inferius

128 1067 234 1085 annexa
245 1056 309 1086 sunt
322 1079 328 1091 ,
351 1058 384 1086 de
395 1059 488 1096 quibus
497 1059 623 1098 flagitasti
643 1071 656 1089 a
667 1059 745 1088 nobis
756 1080 764 1092 ,
788 1069 848 1098 quae
860 1059 927 1087 reci—

129 1097 230 1135 pienda
242 1119 250 1130 ,
270 1108 329 1137 quae
341 1098 490 1136 respuenda
499 1099 577 1128 sunt.
599 1102 635 1130 In
647 1100 742 1139 primis
760 1099 794 1128 de
808 1098 928 1128 volatili-

128 1139 175 1166 bus
187 1160 193 1171 ,
205 1138 282 1171 idest,
292 1140 418 1177 graailis,
427 1143 455 1168 δε
465 1141 620 1174 corniculis,
631 1151 713 1180 atque
724 1140 838 1169 ciconiis
849 1161 855 1173 ,
868 1150 927 1179 quae

130 1179 250 1207 omnino
260 1180 390 1208 cavendae
403 1178 466 1208 sunt
482 1182 512 1210 ab
532 1181 576 1210 esu
588 1182 813 1211 Christianorum
823 1202 830 1214 ‚
844 1182 928 1209 etiam

128 1223 157 1248 ὗς
167 1219 238 1252 fibri,
253 1230 332 1259 atque
344 1220 491 1259 lepores‚&
501 1223 565 1260 equi
576 1220 704 1257 sylvatici
715 1223 805 1250 multo
815 1221 928 1260 amplius

127 1260 246 1288 cavendi
257 1279 265 1287 .
285 1263 418 1289 Attamen
429 1283 437 1294 ‚
453 1261 617 1291 ssanffiffime
629 1265 720 1291 Frater
730 1284 738 1296 ‚
760 1263 795 1292 de
804 1263 928 1291 omnibus

127 1300 275 1338 Scripturis
286 1300 372 1329 Sacris
391 1301 460 1330 bene
478 1312 632 1341 compertus
653 1314 680 1332 es
691 1306 720 1335 .]
740 1307 776 1332 Et
793 1303 906 1332 inferius
920 1314 926 1330 ε

129 1345 143 1374 [
153 1341 223 1378 Equi
233 1350 300 1369 vero
310 1362 318 1374 ,
338 1342 386 1380 qui
396 1342 509 1380 praefato
518 1344 613 1372 morbo
626 1343 727 1372 sut-rint
737 1343 909 1382 coinquinati
918 1365 926 1376 ‚

123 1379 145 1409 fi
155 1381 243 1409 curari
255 1392 313 1410 non
327 1382 475 1416 valuerint,
487 1384 516 1412 in
527 1383 613 1422 puteis
623 1406 632 1418 ‚
642 1388 669 1414 δ(
682 1384 768 1414 foveis
779 1384 927 1423 projicien-

124 1419 246 1454 disum,
264 1432 299 1451 ne
309 1421 429 1458 ejusdem
440 1425 528 1453 morbi
545 1425 714 1464 contagione
731 1425 824 1454 caeteri
844 1426 926 1453 coin-

126 1461 280 1498 quinentur
291 1482 298 1489 .
311 1463 356 1491 De
365 1463 526 1493 animalibus
536 1475 626 1493 autem
637 1487 646 1498 ,
658 1476 717 1504 quae
728 1477 741 1494 a
754 1466 905 1494 furentibus
917 1487 925 1498 ,

127 1500 195 1529 idest
205 1522 213 1533 ,
225 1502 328 1539 rapidis
340 1502 410 1539 lupis
421 1524 428 1536 ‚
440 1507 468 1532 ὅ(
477 1505 584 1533 canibus
598 1505 698 1534 suerint
708 1507 832 1539 lacerata,
843 1517 926 1545 opor-

127 1549 168 1569 tet
179 1551 209 1569 ea
219 1552 232 1569 a
244 1542 350 1570 caeteris
361 1542 477 1580 separari
489 1566 496 1577 ‚
508 1555 542 1573 ne
551 1554 599 1583 per
610 1545 730 1575 furentes
739 1568 748 1580 ‚
759 1551 787 1576 ὅ(
798 1547 927 1576 morden-

129 1589 170 1609 tes
180 1603 186 1613 ,
208 1590 305 1625 czetera
315 1582 532 1621 coinquinentur
543 1605 550 1612 .
571 1586 654 1622 Quod
673 1587 690 1615 fi
701 1597 783 1625 pauca
791 1587 854 1616 sunt
865 1609 874 1621 ‚
896 1597 927 1616 ut

127 1619 334 1660 supradiximus
345 1644 351 1655 ,
372 1624 402 1651 iii
413 1623 492 1653 fovea
510 1627 681 1664 projicienda
693 1627 755 1656 sunt
767 1649 774 1656 .
794 1631 875 1657 Extat
895 1629 925 1656 in

126 1671 194 1690 tom.
207 1673 233 1700 3.
245 1663 402 1692 Concilior.
415 1674 476 1704 pag.
487 1676 555 1703 434.
564 1667 616 1695 col.
632 1678 656 1696 i.
675 1668 798 1707 Impressi
811 1671 926 1697 Venetae

125 1702 160 1746 de
169 1713 242 1731 anno
259 1709 341 1739 ¹585.
352 1705 364 1735 ]
377 1705 429 1734 Sed
438 1705 554 1744 ineptiae
565 1729 572 1740 ,
583 1712 610 1737 δι
621 1709 778 1746 imposturae
790 1710 819 1738 ab
830 1709 923 1738 inimi-

126 1752 164 1771 cis
175 1743 252 1772 Sedis
264 1745 431 1783 Apostolicse
453 1748 641 1784 proculdubio
659 1749 702 1778 hae
712 1749 791 1778 sunt.
811 1751 886 1779 Nam
896 1751 926 1778 in

124 1783 239 1821 epistola
250 1784 383 1813 Bonifacii
403 1785 534 1825 Episcopi
551 1787 583 1816 ad
591 1789 750 1818 Zachariam
763 1793 862 1829 Papam
883 1790 926 1818 di-

127 1824 202 1867 rcch
217 1845 225 1856 ,
239 1835 299 1863 quae
311 1826 413 1855 ibidem
423 1826 538 1856 habetur
551 1849 558 1861 ,
576 1828 727 1859 nilhoriun
744 1831 923 1864 continetur,

124 1865 236 1892 &idem
247 1867 321 1903 Papa
331 1867 437 1896 minute
449 1867 483 1896 ad
500 1868 594 1897 omnia
603 1871 738 1900 Bonifatii
750 1872 860 1910 quaefita
874 1872 924 1900 do-

125 1904 168 1932 ἃς
179 1926 185 1936 ,
198 1907 225 1933 ὅ(
235 1907 358 1943 graviter
369 1906 516 1945 respondet
526 1931 535 1942 ,
559 1919 589 1938 ac
598 1909 633 1939 de
642 1911 720 1940 rebus
730 1922 785 1940 non
796 1912 902 1941 levibus
915 1924 922 1940 :

125 1954 193 1989 ergo
212 1945 272 1988 istas
290 1947 407 1986 ineptias
419 1949 576 1983 Haeretici,
596 1960 627 1979 ut
637 1952 796 1990 potestatem
807 1952 922 1982 Pontifi-

124 1995 192 2014 ciam
203 1986 356 2028 ridiculam,
366 1987 523 2023 redderent,
535 1990 708 2021 addiderunt.
719 1994 792 2022 Nam
801 1993 836 2022 de
847 1994 924 2032 equis

124 2035 242 2070 mortuis
252 2048 259 2059 ,
270 2030 299 2056 δε
309 2027 438 2072 similibus
446 2052 455 2064 ,
464 2041 499 2059 an
511 2031 694 2070 projiciendis
703 2032 733 2062 in
744 2032 832 2063 foveis
843 2054 850 2067 ‚
861 2035 922 2073 qui-

124 2068 192 2111 libet
209 2067 276 2096 licet
286 2068 370 2097 viliffi
376 2078 434 2098 mus
444 2072 633 2101 Veterinarius
643 2095 651 2106 ‚
663 2073 720 2102 five
730 2075 854 2113 equarius
864 2076 922 2103 Me-

122 2107 198 2151 dicus
208 2128 215 2139 ‚
226 2118 284 2137 non
294 2109 455 2148 dignaretur
465 2111 532 2141 talia
544 2112 716 2151 respondere5
728 2114 844 2154 fingitur
855 2116 922 2145 item

123 2157 155 2177 in
164 2147 306 2178 Zachariae
318 2150 432 2189 epistola
442 2172 451 2186 ,
468 2153 544 2191 quod
553 2153 652 2182 latores
672 2154 796 2192 epistolae
809 2154 922 2185 Bonifa-

122 2189 159 2232 cii
167 2212 175 2223 ‚
186 2190 300 2219 nomine
310 2189 431 2227 ejusdem
440 2191 570 2232 Episcopi
580 2194 677 2223 similia
687 2195 799 2234 quaelita
813 2197 842 2225 in
852 2196 922 2235 pita-

123 2239 167 2258 cio
177 2229 318 2259 Zachariae
330 2232 462 2262 Pontifici
473 2234 744 2274 porrexissent,quod
754 2235 920 2266 falfiffimum

121 2271 236 2308 quidem
248 2271 358 2301 videtur
368 2282 427 2302 tum
437 2283 471 2302 ex
483 2275 598 2313 ineptiis
609 2297 618 2309 ,
628 2285 658 2305 ut
670 2275 736 2304 salso
747 2275 876 2312 ass'eritm,
886 2279 921 2308 de

121 2310 241 2346 ejusdem
251 2311 346 2351 fitacii
357 2323 423 2343 nota
431 2325 443 2348 ,-
460 2324 520 2344 tum
529 2325 563 2344 ex
575 2315 700 2346 doctrina
711 2316 845 2346 Bonisacii
856 2320 920 2358 Epi—

119 2350 214 2395 scopi,
225 2362 286 2391 quae
299 2364 357 2382 non
367 2364 461 2393 parum
470 2354 568 2385 emicat
579 2356 608 2385 in
619 2361 675 2394 ejus
684 2357 797 2396 epistola
808 2379 816 2391 ,
828 2359 858 2387 in
869 2370 920 2399 qua

82 2412 86 2415 »
121 2401 206 2422 etiam
216 2394 388 2425 mentionem
398 2394 501 2426 secilset
512 2397 547 2426 de
555 2396 608 2427 hoc
617 2396 666 2429 suo
674 2398 812 2438 pitacio,fi
822 2409 918 2430 verum

1286 60 1316 102 S
1347 62 1390 103 U
1644 68 1725 118 647

985 115 1075 148 'suiffet
1087 137 1094 146 .
1108 117 1173 148 Alia
1190 118 1336 148 auctoritas
1347 118 1455 148 affertur
1465 129 1478 148 a
1488 119 1623 150 Turi-iano
1635 143 1641 154 ,
1662 131 1723 161 quae
1744 120 1784 151 est

987 159 1135 189 Humberti
1144 160 1313 193 Cardinali's,
1324 164 1351 189 ὃ(
1364 160 1455 195 Sylvae
1466 161 1603 190 Candidas
1616 162 1744 201 Episcopi
1757 161 1788 190 in

985 203 1041 237 ejus
1051 200 1176 240 Dialogo
1187 221 1196 238 ‚
1208 202 1254 240 qui
1266 210 1342 230 extat
1360 201 1390 230 in
1402 200 1535 230 Biblioth.
1546 203 1598 229 PP.
1617 204 1687 241 apud
1697 201 1786 232 Cani-

986 241 1053 271 fium
1065 262 1072 275 ,
1083 245 1111 270 δε
1122 242 1192 280 apud
1203 241 1353 271 Bai·onium
1364 241 1394 270 in
1407 242 1570 280 Appendice
1586 251 1593 269 i
1606 253 1628 270 i.
1646 243 1715 271 tomi
1727 247 1788 272 An-

987 283 1041 311 nal.
1052 293 1113 321 pag.
1124 292 1191 318 754.
1204 284 1259 312 litt.
1271 283 1308 312 C.
1317 281 1628 321 TypographiVatican.
1645 290 1727 318 1605.
1741 283 1787 311 ubi

987 323 1022 353 sic
1033 323 1154 352 habetur:
1167 330 1180 360 t
1191 326 1252 353 Nec
1262 322 1315 351 hoc
1325 323 1449 351 dicentes
1459 322 1628 356 siiffocatum‚
1639 327 1668 353 ὅ(
1678 322 1789 362 sangui-

988 374 1053 393 nem
1064 364 1141 393 nobis
1151 374 1248 393 contra
1267 373 1319 393 vos
1336 363 1508 393 defendimus
1520 384 1527 391 .
1550 364 1703 403 Antiquam
1712 373 1789 392 enim

988 403 1227 439 consuetudinem,
1238 404 1285 434 seu
1295 404 1475 435 traditionem
1485 407 1621 438 majorum
1631 405 1789 434 nostrorum

987 445 1140 485 diligenter
1151 446 1308 475 retinentes
1320 467 1327 479 ,
1339 456 1390 475 nos
1399 455 1508 484 quoque
1519 444 1578 474 haec
1587 446 1788 478 abominamur,

988 487 1057 515 adeo
1075 496 1105 515 ut
1115 486 1249 526 sanguine
1258 508 1266 520 ‚
1286 486 1332 515 vel
1343 496 1516 526 quocumque
1536 486 1700 515 morticinio
1713 507 1720 518 ,
1742 495 1787 514 aut

989 527 1064 566 aquis
1075 548 1083 561 ,
1105 526 1150 556 seu
1162 537 1321 567 quacunque
1334 526 1508 567 negligentia
1526 527 1646 556 humana
1659 526 1789 566 praefoca*

990 578 1021 596 to
1031 589 1040 601 ‚
1063 569 1134 607 apud
1145 579 1194 597 nos
1205 568 1355 607 aliquando
1365 567 1536 598 vescentibus
1553 567 1651 607 absque
1661 576 1787 597 extremo

990 607 1115 647 periculo
1126 609 1192 638 vitae
1203 609 1283 645 liujus
1293 631 1300 643 ,
1322 608 1491 648 poeniteiiria
1501 608 1593 647 gravis
1611 608 1766 647 imponitur
1779 629 1787 641 ,

989 659 1040 688 pro
1049 660 1082 678 eo
1093 650 1210 678 maxime
1221 671 1229 683 ‚
1241 649 1302 689 quia
1312 650 1434 688 antiquas
1447 649 1661 679 consuetudines
1671 671 1678 683 ,
1694 651 1722 678 &
1734 658 1788 677 tra-

989 690 1110 718 ditiones
1119 693 1252 727 majorum
1263 712 1271 723 ‚
1282 700 1342 729 quae
1353 701 1410 719 non
1420 690 1483 719 sunt
1493 701 1590 719 contra
1600 689 1684 719 fidem
1694 710 1702 722 ‚
1713 689 1788 728 leges

990 730 1162 769 Apostolicas
1172 731 1331 760 arbitramur
1342 752 1348 759 .
1367 734 1440 760 Nam
1449 731 1483 760 de
1492 733 1600 760 caeteris
1609 752 1617 765 ,
1636 740 1696 770 quae
1707 740 1788 759 aucu-

990 771 1038 809 pio
1049 793 1056 805 ‚
1067 780 1113 800 aut
1123 772 1230 800 canibus
1240 793 1248 805 ‚
1257 771 1305 800 sed
1316 772 1412 811 laqueo
1434 773 1598 802 venantium
1610 772 1768 800 moriuntur
1778 792 1787 805 ,

989 812 1120 850 Apostoli
1132 822 1299 852 praeceptum
1310 811 1467 851 sequimur:
1480 815 1577 844 Omne
1588 835 1595 846 ‚
1606 812 1681 851 quod
1690 812 1720 841 in
1729 821 1788 840 ma-

990 853 1090 882 cellum
1101 853 1179 883 venit
1189 875 1197 887 ‚
1215 854 1374 883 manducate
1384 875 1392 887 ,
1411 853 1486 884 nihil
1496 854 1700 893 interrogantes
1709 856 1762 881 &c.
1772 854 1790 884 1

989 893 1041 922 Sed
1052 895 1134 924 verba
1147 895 1292 924 Humberti
1306 894 1438 924 videntur
1446 896 1555 924 alterata
1564 916 1572 928 ‚
1583 904 1645 923 nani
1656 893 1787 932 praedicta

987 935 1081 963 omnia
1091 935 1120 964 in
1132 934 1274 974 personam
1286 937 1449 964 Graecorum
1460 958 1468 970 ,
1481 947 1540 965 non
1549 945 1615 965 vero
1626 935 1789 965 Latinorum

986 975 1112 1014 loquitur
1123 999 1131 1010 ,
1151 977 1215 1015 quia
1233 986 1288 1005 tam
1306 986 1339 1005 ex
1363 977 1577 1015 praecedentibus
1587 998 1596 1011 ‚
1615 985 1694 1015 quam
1703 974 1787 1004 subse.

987 1018 1133 1055 quentibus
1144 1017 1312 1046 contrarium
1321 1019 1459 1047 affirmare
1472 1019 1600 1050 videturs
1612 1027 1692 1046 antea
1709 1015 1788 1046 enim

987 1057 1093 1087 dixerat
1105 1059 1211 1087 Graecis
1223 1069 1228 1086 ς
1242 1061 1254 1090 ]
1266 1060 1322 1087 Pro
1332 1059 1449 1087 crimine
1460 1068 1584 1098 reputare
1595 1068 1652 1087 non
1661 1056 1765 1086 debetis
1778 1067 1785 1085 :

987 1098 1083 1137 quibus
1106 1099 1270 1138 Evangelica
1296 1119 1302 1129 ,
1331 1102 1359 1128 &
1381 1100 1542 1138 Apostolica
1564 1099 1707 1128 :iustorum
1727 1107 1788 1126 om-

987 1140 1031 1168 nia
1053 1140 1159 1168 edenda
1183 1139 1329 1168 constituit
1340 1142 1371 1171 .]
1396 1143 1429 1169 Et
1446 1139 1640 1180 subsequenter
1656 1139 1709 1168 ait:
1735 1138 1787 1174 [Si

985 1180 1045 1220 quis
1066 1180 1170 1209 dixerit
1191 1180 1246 1210 hoc
1269 1179 1428 1210 suffocatum
1451 1182 1488 1210 est
1499 1203 1507 1214 ‚
1531 1181 1575 1211 vel
1596 1180 1789 1210 morticinium

986 1232 1045 1250 non
1066 1221 1104 1251 est
1126 1221 1327 1252 comedendum
1348 1243 1356 1255 ,
1397 1232 1428 1250 ut
1451 1222 1602 1261 Apostolus
1632 1222 1667 1251 de
1689 1221 1787 1250 Idolo-

986 1261 1074 1297 thyto
1084 1262 1142 1290 ait:
1165 1263 1184 1292 fi
1207 1263 1267 1302 quis
1289 1262 1392 1292 dixerit
1410 1262 1464 1292 hoc
1483 1264 1659 1292 immolatum
1675 1261 1713 1290 est
1723 1261 1786 1291 ido-

988 1303 1021 1331 lis
1033 1324 1042 1336 ,
1066 1302 1154 1331 nolite
1176 1304 1338 1332 manducare
1350 1307 1402 1332 Sec.
1426 1305 1513 1333 Multa
1523 1304 1654 1343 liquidem
1664 1301 1711 1331 usu
1721 1324 1730 1336 ,
1740 1312 1785 1331 aut

988 1344 1139 1372 traditione
1156 1347 1289 1381 majorum
1306 1344 1344 1373 ita
1366 1344 1539 1374 observamus
1550 1366 1559 1378 ,
1586 1354 1616 1373 ut
1644 1344 1724 1373 aliter
1747 1344 1786 1372 la—

982 1385 1087 1413 cientes
1097 1385 1213 1414 omnino
1226 1384 1425 1419 abhorreamus,
1435 1386 1501 1415 ficut
1510 1385 1548 1414 est
1558 1397 1615 1414 non
1626 1385 1689 1414 lotis
1701 1384 1786 1413 mani-

981 1426 1027 1454 bus
1038 1425 1198 1455 manducare
1207 1447 1214 1454 .
1224 1427 1315 1463 >Quod
1326 1425 1450 1464 quamvis
1466 1436 1544 1462 Juxta
1553 1424 1719 1454 sententiam
1731 1426 1788 1454 Ve-

980 1467 1141 1499 ritatis‚non
1153 1467 1315 1505 coinquinet
1325 1465 1575 1500 hominem‚tai11en
1586 1465 1663 1495 velut
1671 1466 1787 1495 immun.

981 1507 1047 1535 dum
1059 1506 1208 1536 exhorrere
1218 1507 1287 1536 solet
1297 1506 1381 1535 homo
1392 1505 1536 1536 hominem
1547 1517 1606 1536 non
1621 1506 1687 1535 lotis
1698 1507 1786 1536 mani—

983 1547 1030 1576 bus
1041 1548 1250 1577 manducantem
1260 1551 1312 1576 &c.
1323 1549 1336 1579 ]
1349 1551 1388 1577 Ex
1399 1548 1495 1587 quibus
1504 1548 1594 1577 verbis
1603 1557 1696 1588 aperte
1705 1547 1786 1576 colli-

981 1588 1059 1627 gitur
1070 1589 1176 1617 nullum
1187 1588 1351 1627 scrupulum,
1362 1598 1411 1617 nec
1420 1589 1505 1617 ullam
1515 1588 1711 1627 poenitentiam
1721 1586 1786 1617 suis-

983 1628 1012 1656 sc
1025 1629 1130 1658 Latinis
1142 1629 1310 1658 vescentibus
1320 1628 1480 1668 sanguinem
1491 1651 1499 1663 ,
1510 1637 1554 1658 aut
1566 1627 1723 1658 suffocatum
1732 1628 1786 1656 im-

982 1670 1098 1708 positam
1108 1670 1277 1708 temporibus
1295 1670 1373 1706 hujus
1384 1670 1540 1699 Cardinalis
1550 1691 1556 1697 .
1579 1670 1665 1709 Hugo
1675 1671 1785 1698 Menar—

980 1711 1029 1738 dus
1040 1711 1068 1739 in
1087 1712 1160 1739 notis
1172 1715 1227 1747 ejus
1246 1711 1279 1740 ad
1296 1713 1334 1740 D.
1345 1711 1479 1750 Gregorii
1499 1709 1690 1739 sacramentale
1708 1709 1784 1739 affert

982 1751 1177 1789 poenitcntiale
1189 1751 1360 1791 Halithgarii
1369 1772 1378 1785 ‚
1396 1752 1426 1780 in
1437 1753 1511 1788 cujus
1530 1762 1554 1780 c.
1569 1762 1612 1779 10.
1622 1751 1666 1779 tit.
1686 1751 1719 1780 de
1729 1749 1784 1779 dis-

980 1790 1097 1820 sensibus
1106 1791 1312 1825 sacrificiorum,
1323 1801 1384 1831 pag.
1397 1791 1467 1820 mihi
1480 1796 1545 1827 248-
1555 1791 1613 1820 haec
1626 1791 1784 1821 asseruntur:

986 1836 998 1867 [
1011 1832 1106 1871 Siquis
1116 1834 1188 1862 canis
1197 1855 1205 1866 ‚
1217 1842 1262 1861 aut
1273 1833 1364 1871 vulpis
1375 1853 1384 1866 ‚
1395 1833 1450 1862 sive
1460 1842 1588 1871 acceptor
1598 1832 1784 1862 mortificave-

980 1873 1036 1900 rint
1048 1883 1054 1900 :
1066 1873 1121 1901 sive
1130 1874 1164 1902 de
1174 1873 1241 1902 fuste
1251 1894 1259 1906 ,
1278 1873 1334 1902 sive
1345 1873 1379 1902 de
1389 1873 1479 1912 lapide
1490 1894 1498 1906 ,
1520 1873 1576 1902 sive
1584 1870 1685 1913 sagitta
1696 1894 1704 1906 ,
1721 1883 1784 1912 quae

979 1923 1038 1942 non
1046 1912 1127 1942 habet
1135 1913 1238 1942 ferrum
1247 1924 1386 1943 mortuum
1398 1914 1479 1942 fuerit
1489 1934 1498 1946 ‚
1519 1912 1578 1942 haec
1588 1914 1683 1943 omnia
1702 1912 1784 1944 sunb-

979 1963 1037 1982 cata
1049 1952 1180 1987 sunt,non
1192 1955 1428 1984 munimentum&
1438 1954 1485 1993 qui
1493 1954 1782 1992 manducaveritjeju-

979 2005 1026 2022 net
1038 1993 1219 2024 hebdomadas
1229 1994 1285 2024 sex.
1307 1995 1332 2024 Si
1350 1995 1409 2033 quis
1430 1993 1530 2034 sagitta
1548 1995 1707 2034 percuss'erit
1722 2006 1782 2024 cer-

979 2045 1045 2064 vum
1057 2057 1063 2068 ,
1076 2036 1132 2064 sive
1140 2036 1212 2064 aliud
1222 2036 1341 2068 animal,
1353 2040 1390 2065 .&
1399 2035 1459 2075 post
1471 2036 1586 2065 tertium
1595 2037 1670 2066 diem
1681 2035 1782 2066 inven-

981 2085 1040 2104 tum
1051 2076 1133 2105 suerit
1144 2080 1191 2109 ,ἴδε
1202 2076 1312 2105 sorfitan
1322 2087 1356 2105 ex
1367 2087 1400 2105 eo
1412 2077 1488 2115 lupus
1499 2097 1507 2110 ,
1515 2075 1592 2106 ursus
1601 2097 1610 2111 ,
1621 2077 1696 2107 canis
1706 2099 1714 2111 ‚
1734 2088 1780 2107 aut

980 2116 1073 2155 vulpis
1082 2117 1326 2155 gustaverit,nemo
1338 2117 1490 2151 manducet,
1500 2120 1528 2146 ὃ(
1538 2118 1585 2157 qui
1595 2117 1781 2147 manducave-

979 2159 1016 2186 rit
1028 2178 1036 2190 ,
1054 2160 1160 2194 jejunet
1171 2156 1353 2186 hebdomadas
1364 2159 1416 2187 1v.
1427 2158 1454 2187 Si
1462 2158 1565 2198 gallina
1574 2159 1603 2188 in
1613 2168 1696 2199 puteo
1707 2168 1782 2188 mor-

980 2207 1025 2226 tua
1038 2197 1121 2226 suerit
1131 2219 1138 2231 ,
1157 2207 1254 2236 puteus
1264 2208 1425 2228 evacuetur:
1444 2199 1464 2228 fi
1473 2198 1560 2228 sciens
1571 2210 1605 2229 ex
1615 2210 1648 2229 eo
1657 2200 1754 2228 biberit
1767 2221 1778 2234 ‚

977 2241 1081 2275 jejunet
1093 2238 1262 2268 hebdomada
1276 2250 1329 2269 una
1339 2259 1347 2267 .
1357 2240 1385 2268 Si
1394 2240 1454 2278 quis
1465 2250 1523 2269 mus
1533 2262 1542 2274 ,
1552 2249 1597 2269 aut
1608 2240 1722 2279 gallina,
1731 2249 1776 2269 aut

980 2279 1084 2318 aliquid
1094 2280 1222 2308 ceciderit
1233 2280 1263 2308 in
1274 2281 1342 2309 vino
1353 2302 1361 2313 ‚
1372 2290 1418 2309 aut
1428 2280 1458 2309 in
1469 2291 1544 2320 aqua
1554 2282 1641 2319 aliqua
1654 2301 1662 2312 ,
1679 2279 1714 2309 de
1722 2279 1776 2310 hoc

981 2321 1070 2349 nulius
1079 2320 1150 2349 bibat
1162 2331 1170 2352 ς
1181 2320 1201 2349 fi
1212 2321 1242 2349 in
1249 2322 1342 2350 oleum
1351 2330 1396 2350 aut
1407 2322 1459 2350 mel
1469 2321 1599 2350 ceciderit
1611 2343 1617 2354 ,
1627 2321 1720 2350 oleum
1730 2332 1780 2350 ex-

979 2361 1114 2400 pendatur
1122 2361 1154 2389 in
1164 2361 1303 2390 lucernam
1314 2384 1322 2395 ‚
1341 2363 1395 2391 mel
1407 2372 1473 2390 vero
1484 2361 1512 2389 in
1523 2362 1689 2391 medicinam
1700 2383 1709 2395 ,
1731 2364 1779 2392 vel

976 2401 1007 2431 in
1017 2401 1096 2430 aliam
1104 2401 1328 2433 neceffitatem.si‘
1339 2401 1418 2444 piscis
1428 2412 1551 2471 iti-ortuus
1564 2402 1646 2437 fuerit
1658 2403 1690 2432 in
1700 2402 1783 2442 pisci-

1420 2443 1437 2472 S
1499 2453 1518 2478 4
1692 2453 1728 2472 na
1736 2464 1747 2479 ,
