1866 2526
718 7 721 10 -
759 0 782 17 f

441 50 555 94 AG

91 120 156 142 nem
165 107 304 146 cuiusdam
313 107 443 140 oratorii
451 106 604 138 committit
613 127 621 136 .
639 107 740 138 Abufio
745 108 789 137 n'e's
798 103 880 136 dein-

91 153 126 182 de
136 162 170 181 ex
189 149 264 179 hisce
282 150 422 180 conviviis
447 150 480 179 in
498 148 623 179 Ecclcfiis
639 157 743 178 ποι-εκ
754 171 762 183 ,
786 148 880 187 prohi-

92 193 154 222 bita:
189 191 262 220 fuere
291 199 308 221 a
325 192 370 220 SS.
388 189 569 222 Praesulibus,
594 189 733 229 precipue
754 191 784 218 in
801 191 881 218 Con-

92 233 164 261 ciliis
182 231 342 261 Laodicens.
361 242 418 270 cap.
440 236 486 260 28.
508 232 566 259 FR.
585 232 620 259 In
642 230 734 260 decret
752 230 879 259 Graltian.

91 272 154 302 dist.
165 283 213 308 42.
223 282 282 311 cap.
293 284 319 311 3.
339 271 468 300 habetur:
495 272 588 306 [Non
608 281 722 309 oportet
740 270 879 299 ministros

92 313 196 342 Altaris
207 334 214 345 ,
239 313 284 341 vel
301 313 436 352 quoslibet
454 311 580 341 Clericos
590 312 624 340 ad
635 322 749 351 agapem
767 321 878 340 vocatos

93 363 181 392 partes
192 353 290 382 tollere
301 352 551 392 propterinjuriam
564 373 571 385 ‚
594 362 654 391 quie
676 363 710 381 ex
733 352 782 381 hac
801 362 879 381 occa-

92 394 169 423 iionc
189 394 376 424 Ecclesiastico
393 392 488 422 ordini
500 393 603 430 poterit
612 393 735 432 deputari
749 412 756 420 .
779 393 877 421 Laodi-

91 444 154 463 cen.
164 435 275 464 Concil.
287 437 359 464 Item
370 435 399 463 in
410 434 509 462 eodem
529 434 622 462 decret
633 453 640 460 .
662 433 790 463 Gratiani
801 443 878 461 nota-

93 485 138 504 tut·
148 485 181 503 ex
193 474 416 515 Carthaginense
434 474 566 504 Concilio
584 474 637 502 1V.
655 473 747 512 quod:
773 474 876 508 [Nulli

93 515 240 553 Episcopi,
261 517 306 544 vel
317 515 423 544 Clerici
435 515 464 543 in
475 513 591 543 Ecclesia
601 513 788 543 conviventur
798 535 806 547 ,
826 513 877 543 nisi

93 555 163 584 forte
182 556 354 584 transeuntes
371 555 556 593 hospitiorum
566 553 720 583 necess'itate
739 554 796 582 illic
815 554 878 583 reri-

91 596 213 625 ciantur:
237 596 332 635 populi
345 597 375 625 ab
395 594 551 631 hujusmodi
572 594 734 629 conviviis(
745 604 876 633 quantum

91 636 151 665 fieri
169 639 256 674 pOtest
277 642 288 668 )
307 636 522 676 prohibeantur,
543 635 605 663 dist.
627 647 674 670 42.
692 645 715 663 c.
728 646 752 670 5.
765 638 796 667 ]:
822 637 875 669 ml:

91 677 338 716 Constantinopol.
350 678 402 705 VI.
413 686 471 714 cap.
485 687 532 711 74.
552 675 596 704 ubi
608 674 767 705 Charitates
784 676 877 713 appel-

90 717 181 746 lantur
191 740 199 750 ‚
222 723 249 747 &
259 718 366 756 penitus
377 716 518 755 suppress'x
530 727 544 744 a
554 717 579 745 S.
591 717 736 745 Ambroiio
747 739 755 750 ,
765 716 876 754 ejusque

91 758 222 796 exemplo
231 769 244 787 a
254 760 293 787 D.
304 757 460 796 Augustino
471 779 477 790 ,
500 757 546 794 qui
566 757 597 785 ab
609 757 725 785 Ecclefia
745 757 874 786 Africana

89 807 132 826 eas
141 799 281 836 expellere
291 798 398 827 curavit
407 820 414 831 ‚
437 808 499 826 cum
508 797 651 835 deperdita
661 800 715 834 jim
738 796 876 836 prospice-

89 848 165 866 retur
174 849 238 868 cana
258 840 306 867 illa
317 839 540 868 Christianorum
559 838 716 876 simplicitas
728 860 735 866 .
759 839 814 867 Cui
834 848 874 866 re-

90 878 232 908 formatori
242 901 249 912 ,
273 890 302 908 ut
312 878 418 908 suavms
430 880 496 908 tales
517 879 672 907 moderaret
682 878 774 907 abusus
786 901 794 913 ,
819 883 875 908 Au-

91 919 174 948 relius
183 920 411 959 Carthagirienfis
422 919 571 958 Episcopus
581 917 722 958 scripserat
734 941 740 951 ,
751 918 855 948 scilicet
868 931 874 950 ι

91 965 103 995 [
115 961 203 999 Magis
211 961 338 990 docendo
346 983 355 994 ‚
378 971 458 999 quain
469 961 589 997 jubendo
600 982 609 993 ,
620 960 704 998 magis
716 961 856 989 monendo
868 983 874 992 ,

89 1010 170 1038 quam
181 1002 333 1033 minando,
355 1012 399 1039 ep.
413 1008 460 1036 ⁶4·
473 1004 485 1033 ]
501 1002 568 1028 Haec
579 1003 691 1039 agapeja
709 1001 874 1029 immodera-

89 1049 115 1068 ts
124 1041 255 1069 convivia
265 1043 300 1070 ob
319 1041 432 1069 nimiam
442 1063 450 1074 ,
474 1040 698 1079 licentiosamque
718 1041 874 1070 dissiictudi-

93 1090 156 1108 nem
167 1081 196 1108 in
209 1080 376 1109 Christianis
386 1080 565 1120 reprehendit
575 1081 659 1109 etiam
671 1082 855 1110 Tertullianus
867 1103 874 1114 ‚

92 1125 104 1155 [
116 1120 200 1158 Apud
208 1127 256 1155 te(
268 1121 396 1159 inquiens
407 1127 418 1154 )
429 1132 512 1160 agape
525 1121 555 1149 in
565 1123 666 1151 cacabis
677 1119 768 1150 servet
781 1144 787 1154 ,
810 1121 875 1150 fides

91 1160 122 1188 in
131 1161 230 1189 culinis
240 1162 309 1189 calet
318 1183 327 1194 ,
349 1160 409 1199 spes
419 1162 449 1190 in
460 1161 567 1190 ferculis
575 1164 645 1197 jacet
656 1182 665 1194 ‚
689 1161 734 1189 lib.
744 1162 778 1190 de
790 1165 874 1196 jejun.

89 1199 195 1229 advers.
205 1200 305 1236 Psych.
317 1211 374 1240 cap.
391 1204 455 1234 ¹7·]
470 1204 525 1230 FR.
540 1204 631 1236 [Non
650 1211 761 1239 oportet
773 1203 801 1230 in
821 1204 869 1230 B).-

87 1240 168 1269 silicis
178 1262 187 1274 ‚
207 1240 256 1269 seu
267 1242 297 1269 in
306 1241 431 1270 Ecclesiis
441 1252 553 1281 agapem
566 1242 650 1271 facere
662 1264 669 1275 ,
680 1246 709 1271 <Sc
718 1242 789 1270 intus
800 1253 875 1271 man—

86 1279 184 1309 ducare
195 1303 202 1314 ,
226 1282 271 1310 vel
281 1284 411 1311 accubitus
422 1283 540 1311 sternere
553 1284 681 1311 nonlicet
694 1305 700 1315 ‚
714 1285 726 1314 ]
740 1282 802 1311 sunt
813 1294 873 1312 ver-

86 1321 116 1349 ba
127 1322 252 1350 Canoni's
263 1344 271 1355 ‚
283 1334 310 1358 4.
322 1323 383 1351 dist.
397 1334 442 1361 43.
455 1335 461 1350 :
478 1325 514 1358 llil
531 1336 536 1351 z
556 1327 694 1362 Tempore
704 1334 793 1352 autem
804 1335 873 1363 prse-

88 1361 135 1389 sati
148 1363 330 1396 Tertulliani,
340 1374 402 1391 cum
413 1364 543 1392 nimirum
553 1364 640 1393 adhuc
655 1375 712 1392 non
721 1374 797 1392 erant
812 1376 873 1404 :iga-

86 1411 132 1440 pes
142 1412 156 1430 :i
166 1403 304 1431 Conciliis
316 1404 480 1442 prohibite:
496 1404 560 1433 idco
569 1403 685 1443 ipsemet
697 1405 806 1444 piorum
815 1405 873 1434 hec

87 1440 310 1472 Christianorum
318 1445 450 1473 convivia
467 1445 606 1478 laudavit,
629 1456 689 1483 qux
713 1455 807 1473 tamen
819 1457 874 1474 non

85 1491 164 1511 erant
183 1484 362 1514 immoderata
373 1507 381 1518 ,
405 1485 471 1514 sicut
490 1486 536 1513 illa
554 1507 562 1518 ‚
585 1486 619 1514 dc
638 1486 734 1523 quibus
754 1486 874 1523 superius

86 1524 300 1559 reprehenderat
311 1548 319 1558 ,
342 1536 424 1564 quai-e
436 1526 470 1554 de
482 1526 630 1554 moderatis
641 1527 674 1555 iic
687 1527 724 1554 ait
737 1538 742 1554 :
760 1533 771 1562 [
783 1528 872 1555 Coena

94 1563 184 1591 nostra
199 1565 233 1592 de
252 1565 366 1594 nomine
384 1568 520 1595 rationem
530 1565 570 1594 sni
589 1567 710 1594 ostendit
722 1587 728 1593 .
752 1569 875 1596 Vocatur

91 1602 205 1641 fl’yclwn
217 1626 224 1637 ‚
236 1605 264 1633 id
278 1607 352 1643 quod
361 1607 475 1635 dileetio
483 1617 565 1645 penes
576 1609 688 1636 Graecos
698 1607 745 1635 est.
758 1609 874 1644 Quotie-

85 1644 202 1682 scunque
214 1643 362 1683 sumPtibus
372 1648 487 1680 constet,
500 1649 602 1675 lucrum
613 1647 650 1675 est
663 1648 772 1685 pietatis
785 1650 873 1677 nomi-

85 1696 121 1714 ne
134 1685 218 1713 facere
231 1685 369 1723 sumptum
381 1707 388 1713 .
411 1688 551 1724 Siquidem
561 1688 656 1725 inopes
676 1698 784 1727 quoque
795 1689 873 1717 refri-

85 1726 164 1765 gerio
176 1725 227 1754 isto
237 1736 363 1761 juvamus
375 1746 381 1753 .
405 1728 488 1755 Nihil
499 1728 615 1755 vilitatis
628 1749 634 1760 ,
658 1728 729 1756 nihil
742 1730 873 1758 immode-

85 1767 142 1795 stiae
154 1786 161 1793 .
184 1767 220 1794 In
233 1768 356 1805 Apolog.
366 1777 424 1805 cap.
444 1778 457 1805 3
466 1779 491 1802 4.
505 1770 516 1799 ]
529 1768 731 1796 catechumeni
753 1780 820 1798 vero
839 1772 871 1800 :id

86 1806 146 1835 haec
155 1806 287 1835 convivia
298 1818 356 1835 non
365 1808 582 1836 adtnzttebtintur
592 1831 600 1842 ‚
623 1819 686 1837 nam
699 1809 785 1838 adhuc
796 1810 871 1839 hibi-

87 1846 126 1875 lcs
134 1857 192 1875 non
201 1857 278 1876 crant
299 1848 333 1876 :id
341 1848 566 1877 communionem
576 1871 583 1882 ‚
606 1849 640 1878 sic
660 1860 709 1878 nec
729 1852 872 1880 Poeniten-

86 1896 127 1915 tes
139 1887 236 1924 publici
251 1910 258 1920 ,
272 1889 322 1926 qui
333 1899 391 1916 eam
401 1899 521 1927 recipere
533 1890 681 1928 nequibant
690 1911 697 1917 .
722 1892 757 1919 In
767 1892 871 1921 Orien-

86 1927 237 1956 talitamen
249 1929 383 1961 Ecclclia,
407 1928 535 1968 usquead
554 1929 670 1968 praesens
682 1953 690 1963 ,
713 1930 756 1959 hx
776 1942 872 1971 agapes

86 1968 187 1995 durant
199 1989 207 2000 ‚
229 1969 272 1997 ubi
284 1969 464 1998 festivitatum
477 1992 484 2004 ‚
507 1974 534 1999 &
555 1971 716 1999 funeralium
735 1973 872 2002 occaiione

85 2007 158 2045 saepe
179 2007 302 2038 interfuit
315 2031 322 2042 ,
347 2020 470 2049 quamvis
492 2021 549 2039 non
569 2011 644 2039 inter
661 2012 790 2041 Ecclefias
801 2035 807 2046 ,
826 2013 873 2043 sed

88 2057 170 2086 penes
182 2046 238 2085 ipsa
249 2049 292 2078 i'ub
303 2051 350 2078 dio
363 2072 370 2083 ‚
394 2052 478 2080 veliti
499 2052 615 2090 privatis
632 2053 774 2086 domibus,
795 2057 872 2089 juxta

85 2089 116 2118 id
129 2110 136 2120 ,
159 2088 234 2126 quod
245 2090 284 2117 D.
303 2092 456 2130 Gregorius
467 2114 474 2124 ,
498 2093 545 2120 lib.
557 2103 586 2128 9.
597 2094 673 2130 epist.
685 2104 732 2126 71.
745 2095 873 2133 Anglicis

89 2129 203 2157 noviter
220 2128 254 2156 ad
266 2129 348 2158 fidem
365 2132 502 2160 convertis
521 2132 738 2171 praescripseram
759 2136 873 2172 permit-

88 2169 173 2198 tendo
186 2169 230 2212 'eis
241 2190 249 2201 ,
272 2168 375 2198 scilicet
386 2193 395 2204 ‚
417 2181 447 2200 ut
467 2183 524 2200 nori
535 2173 618 2211 longe
636 2174 667 2202 ab
678 2174 802 2203 Eccleiiis
812 2197 821 2208 ‚
844 2176 873 2204 in

87 2210 204 2249 tuguriis
214 2230 222 2242 ‚
238 2209 388 2239 virentibus
398 2211 537 2241 frondibus
550 2212 686 2243 fabricatis
700 2235 707 2247 ,
730 2215 796 2244 talia
805 2226 871 2244 con-

88 2250 164 2293 viria
173 2249 364 2279 recolerentur
374 2271 382 2279 .
406 2253 502 2291 Itaque
514 2263 589 2282 inter
597 2254 650 2283 alia
670 2255 802 2284 convivia
814 2279 821 2289 ,
844 2257 873 2285 in

86 2290 181 2329 quibus
203 2291 240 2319 ibi
251 2290 369 2328 praesens
386 2291 505 2326 sueram,
527 2293 786 2332 sumptuofiffimum
805 2298 873 2326 'illud

83 2339 144 2360 erat
163 2340 222 2358 non
241 2332 329 2360 minus
342 2353 350 2365 ,
373 2342 402 2360 ac
420 2333 627 2364 devotiffimuin
638 2338 744 2364 Montis
756 2338 850 2366 Libani
865 2360 872 2370 ,

56 2401 70 2411 ,Ι
87 2369 198 2414 quando
209 2371 244 2401 de
253 2381 328 2402 anuo
345 2379 429 2409 1624.
439 2383 492 2412 pro
499 2373 598 2404 satietae
617 2376 694 2406 Sedis
703 2377 871 2416 Apostolicx

252 2508 263 2522 t

1224 46 1338 88 AG
1625 60 1679 100 29

937 102 1047 144 negotii
1057 103 1092 134 ad
1102 102 1290 134 Patriarcliani
1310 101 1488 133 access'erams
1512 103 1547 133 ibi
1561 104 1636 133 enim
1654 105 1684 133 in
1694 102 1736 133 fe:

940 145 1064 175 stivitate
1075 143 1268 174 Patriarchalis
1280 143 1405 172 Ecclesiae
1418 164 1426 175 ‚
1437 152 1496 182 quae
1508 143 1556 172 sub
1566 146 1652 175 titulo
1660 143 1732 174 Dei-

937 196 1007 225 ΡΜΣ
1020 185 1222 224 Ass'umptionis
1233 184 1272 213 est
1282 207 1290 217 ,
1313 183 1478 212 convivium
1488 184 1652 214 celebratum
1663 185 1714 213 fuit
1723 205 1733 218 ,

938 228 968 256 in
985 237 1041 266 quo
1060 226 1248 255 interfuerunt
1270 224 1401 264 Episcopi
1422 235 1479 252 non
1510 223 1587 263 pauci
1599 246 1607 258 ,
1631 235 1730 264 magna

936 268 1112 296 Clericorum
1130 276 1240 295 caterva
1252 287 1260 298 ‚
1282 269 1310 295 ὃ(
1332 265 1544 294 innumerabilis
1565 266 1732 304 populorum

937 307 1100 336 concursus:
1124 318 1183 336 non
1193 306 1310 335 enimin
1321 305 1374 334 hoc
1395 306 1547 335 venerabili
1567 306 1730 338 Coenobm,

937 358 1055 387 excepto
1067 347 1120 376 hoc
1130 348 1221 376 solum
1232 347 1278 375 die
1288 368 1296 379 ,
1319 356 1413 376 carnes
1422 347 1585 375 manducare
1599 367 1607 379 ,
1620 357 1670 374 nec
1679 357 1731 378 un-

937 399 1018 428 quam
1027 389 1157 418 animalia
1166 388 1283 416 maetam
1292 387 1358 416 licet
1371 409 1379 420 ,
1403 388 1478 426 quod
1488 397 1538 425 pro
1556 387 1605 415 hac
1615 387 1660 415 die
1680 397 1731 415 ex-

936 440 976 458 tra
994 428 1142 458 clausuram
1163 429 1322 467 permititur
1332 449 1339 456 .
1361 431 1401 458 At
1421 427 1577 458 Patriarcha
1597 438 1659 456 cum
1677 438 1731 456 σε·

938 471 1004 499 teris
1013 469 1157 499 Monachis
1166 491 1174 503 ‚
1198 473 1226 498 ὅ(
1238 467 1381 507 Episcopis
1391 468 1513 505 ejusdem
1527 468 1646 498 Ordirus
1654 468 1730 496 seor-

937 511 984 540 fim
993 511 1193 541 comederunt;
1218 520 1314 539 eorum
1326 510 1402 538 enim
1412 511 1504 548 regula
1517 530 1525 542 ‚
1548 519 1608 548 quae
1630 509 1667 537 eil
1689 509 1730 537 D.

939 552 1062 580 Antonii
1073 551 1185 580 Abbatis
1195 573 1202 583 ,
1227 560 1367 588 nunquam
1377 560 1470 579 carnes
1481 551 1643 579 manducare
1665 559 1727 587 per-

937 592 1042 620 mittit.
1065 592 1153 621 Unde
1165 591 1311 620 Maronitae
1323 590 1453 619 Monachi
1464 613 1472 625 ,
1496 591 1559 619 licet
1579 590 1612 618 ad
1631 591 1728 628 priela-

938 633 1012 661 titias
1021 633 1172 671 dignitates
1183 631 1333 660 ascendant
1344 652 1352 664 ‚
1376 631 1522 660 observant
1542 630 1728 660 nihilominus

936 673 1006 701 hanc
1015 673 1137 701 carnium
1147 672 1339 701 abstinentiam
1351 693 1358 704 ,
1382 673 1448 701 stciit
1457 677 1485 702 δε
1505 672 1623 710 reliquas
1633 675 1727 700 Anto-

937 714 1029 743 nianas
1040 713 1261 742 constitutiones.
1272 714 1307 741 Iri
1317 713 1448 741 ruralibus
1459 712 1560 741 Insulae
1573 711 1726 740 Melitensis

937 754 1158 793 Ecclefiis,quum
1169 753 1283 792 aliquod
1294 752 1388 781 festum
1398 751 1652 785 celebratur‚solent
1664 751 1725 790 post

936 794 1118 833 Vesperarum
1129 793 1334 823 solemnitatem
1346 814 1354 825 ,
1378 793 1509 822 buccellas
1529 803 1581 821 una
1599 791 1726 821 cumsru-

932 835 1017 863 stibus
1035 835 1139 874 populo
1160 835 1342 864 distribuere5
1367 833 1460 862 Graeci
1482 844 1550 863 vero
1568 834 1726 872 placentas,

933 879 960 903 ἃ
982 874 1176 904 subcinericios
1197 885 1277 913 panes
1296 874 1463 903 distribuunt
1472 896 1480 907 ,
1504 884 1531 906 at
1548 885 1577 903 in
1601 873 1727 912 exequiis

933 916 1000 944 dant
1011 926 1128 955 granum
1139 916 1270 944 frumenti
1281 916 1388 943 cottum
1399 937 1406 948 ‚
1416 919 1443 944 ὅ(
1455 915 1638 947 ὒοηεάίᾶιιιῃ,
1649 913 1726 953 quod

933 957 1119 985 condimentis
1132 979 1139 990 ,
1163 966 1193 985 ut
1205 956 1383 985 bonariorum
1393 977 1401 989 ‚
1425 959 1451 984 ὃ(
1462 956 1491 984 id
1499 955 1608 994 generis
1617 955 1725 984 adulta-

934 1007 962 1025 re
974 996 1065 1025 solent
1076 1019 1084 1031 ‚
1097 1008 1156 1036 quae
1170 1019 1178 1030 ,
1189 993 1310 1032 Κόλυβα,
1319 996 1387 1024 idest
1398 1018 1407 1029 ‚
1418 996 1522 1025 Coliva
1533 1018 1541 1029 ,
1565 996 1650 1025 latine
1666 995 1726 1024 bel-

932 1037 998 1066 lzria
1011 1048 1137 1066 vocamus
1148 1058 1154 1064 .
1179 1039 1236 1066 PR.
1247 1047 1336 1075 graece
1356 1046 1450 1065 tamen
1460 1035 1653 1076 κωλῖφισῑῑᾶ
1664 1037 1725 1065 Co-

933 1077 1053 1115 liphiuiii
1063 1079 1148 1106 latine
1160 1076 1246 1115 ipsum
1258 1086 1355 1115 panem
1375 1075 1584 1106 subcinericium
1602 1076 1704 1104 dicitur
1715 1096 1724 1105 .

931 1119 1020 1147 Plaut.
1031 1118 1165 1156 Coliphia
1177 1117 1247 1145 mihi
1266 1127 1300 1145 ne
1313 1117 1419 1145 incesta
1436 1118 1522 1146 detis:
1545 1122 1573 1147 ὃ(
1594 1118 1726 1155 Juvenal.

933 1158 984 1187 sat.
1009 1170 1035 1187 ι.

1031 1199 1179 1228 [ιιᾶαῃων
1191 1208 1280 1237 paucx
1289 1220 1297 1232 ‚
1322 1197 1471 1227 comedunt
1481 1196 1604 1237 coliphia
1614 1208 1703 1237 pauca:
1714 1219 1723 1226 .

933 1241 1006 1268 Item
1019 1240 1140 1268 Martial.
1153 1239 1170 1266 l.
1182 1251 1208 1272 7.
1219 1240 1293 1277 epig.
1306 1246 1354 1268 66.

1012 1281 1103 1315 Quum
1116 1279 1250 1318 Coliphia
1259 1278 1396 1308 sexdecim
1410 1278 1531 1307 comedit
1542 1291 1548 1307 :
1561 1279 1577 1313 Η
1592 1281 1607 1314 ΙΙ
1621 1291 1626 1308 :
1642 1277 1723 1308 Escu-

932 1320 1039 1349 lentum
1052 1321 1105 1349 hoc
1117 1320 1249 1349 frumenti
1267 1321 1339 1348 cofti
1350 1319 1490 1357 originem
1500 1319 1582 1348 duxit
1595 1330 1629 1348 ex
1647 1320 1723 1358 capi-

932 1362 979 1389 tali
992 1362 1021 1389 in
1031 1361 1203 1391 Christianos
1213 1361 1319 1399 Juliani
1330 1360 1468 1398 Apostatae
1480 1360 1566 1388 odio:
1586 1361 1652 1389 dum
1672 1360 1724 1398 ipss

932 1402 1196 1440 Constantinopolis
1208 1401 1449 1440 Quadragefimam
1458 1399 1637 1429 observabant
1646 1423 1654 1435 ‚
1664 1399 1723 1437 jus-

932 1438 1061 1471 sera'tille
1073 1464 1081 1475 ,
1104 1453 1133 1470 ut
1147 1443 1254 1480 publice
1271 1441 1452 1470 comestibilia
1470 1442 1622 1470 vendentes
1633 1464 1639 1475 ,
1663 1451 1724 1470 non

932 1483 983 1512 nifi
993 1483 1182 1512 contaminata
1195 1505 1203 1516 ,
1224 1486 1252 1512 δε
1263 1483 1351 1511 Idolis
1362 1482 1475 1510 imolam
1484 1492 1655 1520 exponerent
1666 1504 1674 1515 ‚
1686 1482 1722 1510 ad

931 1524 1071 1562 cogendos
1083 1545 1090 1556 ,
1114 1522 1219 1551 scilicet
1230 1545 1238 1556 ,
1260 1522 1435 1552 Christianos
1447 1544 1456 1556 ,
1477 1533 1508 1551 ut
1517 1533 1562 1551 :uit
1574 1523 1621 1551 illa
1629 1532 1721 1551 come-

932 1565 1030 1593 derent
1043 1586 1050 1597 ,
1074 1574 1117 1592 aut
1131 1563 1198 1592 same
1211 1574 1351 1602 pei-irent.-
1365 1573 1461 1591 verum
1470 1563 1499 1591 in
1509 1563 1614 1592 vifione
1625 1574 1639 1591 a
1653 1565 1720 1592 San-

931 1606 976 1633 c⁰to
994 1605 1146 1634 Theodoro
1167 1605 1303 1633 admoniti
1314 1626 1322 1637 ,
1345 1614 1374 1632 ut
1394 1605 1455 1631 loco
1476 1604 1551 1641 panis
1567 1612 1721 1641 coquerent

931 1645 1098 1674 frumentum
1110 1667 1117 1678 ,
1140 1646 1214 1683 quod
1223 1651 1310 1673 :ictum
1330 1644 1381 1672 fuit
1390 1654 1437 1681 per
1459 1644 1596 1682 integram
1614 1644 1720 1673 hebdo-

931 1686 1056 1719 madam,
1078 1685 1186 1713 solicite
1206 1685 1301 1724 egenis
1319 1685 1434 1713 ditiores
1452 1682 1641 1713 subveniendo
1659 1706 1668 1717 ,
1690 1688 1720 1714 δε

931 1725 984 1754 hoc
996 1728 1075 1764 pacio
1085 1726 1235 1764 imperialis
1247 1725 1369 1752 intentio
1381 1724 1504 1753 frustrata
1516 1746 1523 1757 ‚
1546 1724 1718 1754 cdistumire-

932 1768 1042 1795 vocavit
1056 1778 1061 1794 τ
1080 1767 1114 1794 ob
1125 1768 1195 1795 hm<
1207 1767 1292 1805 igitur
1301 1766 1373 1793 tanti
1385 1764 1445 1792 sach
1458 1766 1619 1793 memoriam
1626 1765 1719 1794 conti-

928 1817 1047 1836 nuarunt
1067 1807 1168 1835 deinde
1180 1806 1398 1844 Coiii't.zntinop.
1416 1805 1509 1834 fideles
1529 1805 1559 1833 in
1568 1806 1720 1844 gratiarnm

929 1856 1065 1876 actionem
1077 1849 1151 1876 illius
1161 1850 1186 1876 S.
1199 1846 1330 1881 Mirtyris
1340 1867 1348 1880 ,
1371 1846 1404 1874 ad
1415 1844 1630 1875 anniversarium
1649 1845 1719 1880 ejtis-

929 1889 1011 1921 dein,
1033 1899 1063 1917 ca
1087 1898 1203 1926 coquere
1217 1909 1225 1920 ‚
1249 1897 1329 1925 atque
1347 1887 1518 1925 amygdalis,
1541 1887 1601 1915 uvis
1619 1886 1718 1925 passis,

930 1930 1041 1958 nucibus
1053 1941 1066 1958 a
1078 1929 1223 1957 corticibus
1232 1928 1417 1956 dimembratis
1428 1949 1435 1959 ,
1457 1927 1549 1966 granis
1560 1928 1624 1955 mali
1634 1927 1715 1966 puni-

929 1970 955 1998 ci
966 1991 972 2002 ,
994 1970 1122 2008 foliisque
1132 1970 1187 2008 apii
1198 1969 1319 1997 breviter
1330 1968 1404 1995 tritis
1412 1967 1464 1995 hoc
1477 1978 1592 2006 granum
1600 1969 1718 1997 comini-

930 2009 1004 2038 scere
1023 2009 1146 2039 solebant
1159 2032 1167 2043 ‚
1190 2020 1248 2047 qux
1272 2008 1437 2046 compolitio
1456 2007 1608 2043 symbolice
1629 2019 1718 2038 varias

929 2051 1091 2080 Sanctorum
1103 2050 1220 2079 virtutes
1230 2050 1346 2078 denotat
1356 2070 1364 2081 ,
1386 2052 1413 2077 ὃς
1424 2049 1584 2087 pauperibus
1601 2049 1717 2089 elargiri

928 2090 1015 2120 solet:
1040 2100 1130 2120 narrat
1141 2101 1224 2119 omne
1244 2090 1272 2117 id
1283 2089 1425 2118 Nestarius
1436 2088 1583 2129 Episcopus
1600 2100 1614 2118 a
1632 2092 1716 2119 Baro-

928 2132 977 2160 nio
987 2132 1016 2160 in
1033 2142 1136 2161 annum
1156 2138 1224 2169 362.
1245 2131 1361 2158 relatus.
1385 2130 1439 2165 Qui
1452 2131 1520 2158 ritus
1531 2141 1545 2158 :i
1563 2130 1670 2159 Graecis
1681 2131 1712 2159 in

927 2172 1027 2201 Melita
1039 2173 1212 2201 introductus
1223 2192 1230 2202 ,
1253 2169 1412 2199 observatur
1423 2171 1459 2199 ibi
1468 2170 1556 2199 solum
1567 2171 1598 2198 in
1607 2170 1714 2200 funera-

927 2213 996 2241 libus
1007 2235 1015 2247 ,
1037 2217 1063 2242 δ(
1077 2217 1174 2242 Coctia
1185 2211 1269 2239 etiam
1279 2221 1392 2241 vocatur
1404 2222 1412 2243 5
1436 2209 1543 2240 Moschi
1554 2220 1646 2240 tamen
1664 2223 1712 2250 ap-

926 2254 1031 2292 pellant
1043 2254 1144 2282 Cotlna
1164 2252 1350 2289 panemilliim
1369 2251 1560 2284 benedidum,
1582 2262 1665 2290 quem
1683 2262 1714 2280 in

927 2295 1044 2323 Ecciefia
1055 2304 1104 2332 pro
1122 2302 1292 2321 mortuorum
1309 2291 1437 2332 suffugio
1453 2290 1612 2331 dispensant
1623 2312 1630 2319 .
1655 2293 1712 2321 FR-

927 2334 1049 2363 Casalius
1061 2335 1093 2361 in
1104 2333 1236 2371 aliquibus
1245 2333 1358 2365 Galliae,
1369 2337 1395 2362 ὃ(
1410 2331 1550 2370 Hispanis:
1562 2332 1628 2360 locis
1636 2335 1712 2370 Aga-

922 2383 968 2414 pes
978 2374 1065 2404 adhuc
1076 2374 1107 2404 in
1116 2373 1165 2403 usu
1175 2372 1226 2403 ei‘l'e
1235 2383 1274 2402 ait
1284 2395 1292 2408 ,
1315 2377 1345 2403 δι
1359 2373 1503 2413 colligitur
1522 2382 1556 2401 ex
1573 2371 1665 2442 lapligle
1683 2373 1710 2402 S.

1643 2422 1673 2447 C:
