1866 2526
392 51 524 94 .DI

85 113 177 143 sulchi‘
190 132 200 146 ,
210 119 282 140 nuuc
291 111 347 140 Solo
360 131 368 139 .
391 121 417 149 3.
428 111 536 150 Tegula
545 131 553 139 .
565 122 592 146 4.
604 113 705 140 Turris
715 111 856 148 Libiffimis
868 133 876 144 ,

86 153 174 184 hodie
181 157 261 182 Porto
268 153 299 179 di
311 157 396 180 Torre
407 171 414 179 .
439 161 464 188 5.
473 157 576 181 Forum
585 156 707 189 Trajam‘
717 171 724 179 .
746 158 772 180 6.
784 153 875 181 Phau-

79 197 167 233 [μὴ
176 215 185 226 ,
197 192 262 221 aliis
272 193 416 230 Pausania
427 214 435 225 ,
455 192 542 231 vulgo
550 197 639 221 Terra
650 203 724 221 nova
734 213 741 219 .
761 191 877 231 Sanafer

85 235 160 264 :nin
169 233 302 263 Sardinia
317 254 324 265 ,
334 243 390 261 non
402 233 440 262 ita
451 243 555 262 certum
564 230 615 262 effe
624 233 708 262 dicit.
728 234 876 262 Baudran-

83 276 137 303 dus
148 280 161 310 [
173 283 241 302 voce
251 274 399 305 Sardinia]
409 274 480 303 olim
491 284 580 303 xviii.
589 274 665 302 urbes
673 275 804 303 Sardinia
816 275 876 313 epi—

84 314 103 343 s
101 315 190 353 copali
198 312 262 342 sede
271 314 408 343 decoratas
420 313 497 344 suiss'e
508 336 516 347 ,
526 325 598 343 nunc
614 326 629 344 v
636 326 643 344 i
650 325 669 344 1.
681 314 732 344 ess'e
742 315 874 344 adfirmat.

82 355 136 384 sed
147 354 405 394 quomodocumque
415 365 456 384 res
466 354 493 384 se
503 355 739 394 haber‚regionem
750 365 799 394 pro
809 357 876 385 duo-

84 395 227 434 deviginti
236 395 397 424 dioecefibus
413 394 476 424 satis
486 397 604 434 amplam
613 395 665 425 effe
677 398 791 425 constat.
803 399 876 426 Nam

83 439 231 466 Ferrarius
253 441 266 470 [
281 446 348 464 voce
358 438 513 469 Sardinia]
534 437 611 465 illam
623 438 734 476 longam
743 446 790 466 cc.
801 441 829 466 ὃς
839 438 874 465 la-

84 486 142 505 tam
151 486 238 505 (ixx.
250 476 321 504 mill.
332 475 397 514 pass.
409 477 511 507 statuis
526 479 715 506 Baudrandus
725 478 819 516 paullo
830 488 874 505 :in-

82 517 217 556 gustiores
228 527 253 546 ei
267 517 370 545 limites
381 517 588 551 circumscribit,
601 521 657 555 ejus
668 518 873 557 longitudinem

80 568 170 587 cxxx.
181 567 287 586 tantum
298 559 368 586 mill.
378 557 444 596 pass.
455 558 632 587 latitudinem
644 562 775 594 majorem
788 569 872 587 Lxxx.

82 598 234 626 circuitum
242 606 332 626 autem
343 608 448 628 cccci..
465 599 611 637 compleffl
629 599 775 628 adfirmans
787 620 794 627 .
817 599 872 634 Qui

83 648 164 668 terrae
177 639 274 667 trachis
293 639 415 677 qau'nque
435 639 479 667 vel
489 638 535 668 sex
544 649 654 678 magnas
672 639 804 668 dioeceses
816 661 823 672 ,
846 642 873 668 ὅ(

81 679 280 717 duodeviginti
298 683 416 714 majores
429 701 437 712 ‚
455 690 535 718 quam
553 689 613 718 quae
634 681 663 708 in
674 681 778 711 vicinia
788 687 872 711 Roma

84 720 194 748 fuerunt
207 741 214 751 ‚
224 719 361 748 conficere
372 721 477 757 poterit
488 740 495 747 .

101 781 154 809 1v.
176 781 408 810 PROVINCIA
431 781 802 812 ΜευιοιΑκεΝςις.

42 841 95 870 Sub
103 839 152 868 hac
163 840 314 870 Provincia
325 863 334 874 ‚
343 844 417 876 cujus
427 842 590 880 Metropolis
599 844 872 882 Mediolanum,qua—

82 890 147 910 tuor
158 881 255 908 civiles
266 882 433 915 Provinciae,
441 881 487 911 seu
500 883 651 922 Regiones,
663 884 719 913 fine
729 886 873 923 Metropo-

82 922 152 950 libus
173 921 363 950 Eccleiiasticis
381 923 594 952 continebantur
604 937 613 955 5
634 934 732 963 nempe
741 929 856 963 Liguria
866 949 872 958 ,,

82 962 167 999 Alpes
177 966 271 990 Cottia
283 985 291 996 ‚
305 963 412 992 Rhatta
419 968 512 1001 prima
522 987 530 998 ‚
540 969 568 994 δ(
580 966 687 995 Rhatia
693 967 827 1002 secunda)
839 967 873 995 de

84 1002 180 1040 qulbus
199 1002 342 1041 sigillatim
364 1013 436 1032 nunc
459 1005 538 1033 nobis
559 1004 649 1034 sermo
670 1016 722 1034 erit
730 1027 736 1033 .

356 1066 558 1099 honnu-

41 1127 174 1162 Liguri'a,
194 1135 254 1164 quae
265 1125 295 1154 in
306 1125 605 1163 historicisRomanis·,
625 1139 654 1158 ut
666 1131 814 1170 plurimum
826 1136 871 1159 In-

79 1166 179 1203 fubri:
189 1167 303 1195 nomine
315 1169 394 1196 venit
404 1191 412 1202 ,
433 1172 519 1208 ampla
533 1171 678 1208 provincia
687 1171 739 1200 suit
750 1194 757 1205 ,
777 1181 822 1200 om
828 1171 870 1199 nia

83 1216 157 1234 inter
166 1208 301 1237 Adduam
311 1212 338 1236 ἀ
350 1211 458 1238 Padum
469 1211 570 1239 fluvios
579 1233 587 1243 ,
607 1213 691 1249 Alpes
702 1222 810 1241 montes
821 1236 828 1245 ,
841 1222 867 1239 §.c

86 1246 212 1284 Athesim
232 1257 339 1276 amnem
349 1270 357 1281 ,
376 1260 390 1277 a
398 1254 517 1279 Veneriis
535 1261 594 1280 eain
613 1252 849 1281 disterminantem
863 1274 869 1284 ,

81 1286 226 1324 complexu
243 1286 290 1316 suo
308 1290 472 1319 continens.
505 1294 691 1321 Veruntamen
708 1292 753 1322 hic
774 1294 868 1322 decem

46 1340 53 1345 ν
84 1326 219 1355 duntaxat
230 1328 361 1358 dioeceses
372 1341 385 1358 a
395 1333 490 1361 Carolo
501 1344 519 1360 a
529 1339 554 1361 S.
566 1335 690 1366 Paulo,&
702 1343 797 1373 magna
805 1334 870 1362 Hol-

71 1368 164 1404 stenii
176 1368 312 1399 industria,
317 1371 378 1408 post
388 1371 471 1400 illuni
478 1374 591 1402 detetiae
603 1393 610 1400 .
624 1385 647 1402 i.
658 1376 850 1403 Mcdmc'anum
862 1396 869 1407 ,

86 1408 172 1446 vulgo
182 1409 300 1438 Milano.
314 1422 339 1439 ε.
350 1414 492 1449 Eporedia,
505 1415 591 1453 vulgo
599 1421 684 1444 lvrea
695 1413 738 1443 scu
750 1419 869 1444 Hivrea.

83 1458 110 1487 3.
119 1450 234 1478 Vercella
246 1470 255 1482 ‚
266 1451 353 1490 vulgo
367 1454 483 1482 Vercelli.
495 1467 521 1490 4.
533 1456 768 1494 Novariam’ulgo
777 1462 870 1485 Nova-

82 1499 116 1516 ra
125 1508 132 1514 .
157 1498 182 1524 5.
194 1494 328 1518 Ticinum
340 1513 348 1524 ‚
370 1491 558 1524 hodiemm‘a
570 1516 577 1523 .
597 1503 624 1524 6.
642 1501 716 1524 Laus
726 1501 849 1533 Pompeia
860 1518 867 1529 ,

82 1528 170 1566 vulgo
182 1530 247 1556 Lorii
258 1550 266 1556 -
276 1541 303 1562 7-
315 1535 450 1562 Cremona
458 1539 505 1563 .·8.
519 1539 622 1564 Brixia
631 1558 639 1569 ,
650 1537 737 1574 vulgo
751 1537 868 1573 Brescia.

77 1579 108 1604 9.
118 1572 280 1605 Bergomum
293 1592 300 1603 ,
320 1573 405 1611 vulgo
415 1580 560 1612 Bcrgamo.
578 1588 619 1604 io.
632 1581 749 1605 Comum
763 1599 770 1609 ,
784 1577 870 1616 vulgo

83 1612 164 1637 Coma
176 1629 182 1635 .
205 1612 245 1638 Ex
263 1609 338 1640 hisce
354 1615 546 1653 Mediolanum
566 1616 727 1655 amplissima
746 1617 869 1646 dioecefis

82 1649 171 1678 Italic
183 1649 242 1687 post
254 1656 369 1680 Romam
378 1655 480 1684 credita
490 1676 497 1683 .
519 1660 666 1685 Ferrarius
679 1679 686 1690 ,
706 1658 739 1686 ad
749 1666 870 1686 trecenta

81 1689 171 1718 millia
179 1689 323 1720 hommum
335 1694 362 1722 in
376 1695 422 1722 ista
433 1696 495 1724 urbe
506 1695 609 1725 censeri
623 1719 630 1729 ,
649 1697 719 1726 dicit
729 1719 735 1725 .
758 1698 810 1727 Sed
819 1697 864 1726 hic

82 1739 210 1773 numerus
219 1732 310 1760 minor
318 1735 449 1773 est‚quarn
458 1746 488 1764 ut
499 1737 618 1776 antiquae
629 1741 684 1772 ejus
698 1737 866 1778 magnitudi-

80 1769 434 1814 ni·respondeat.Proc0pius
444 1783 457 1811 [
469 1777 502 1806 de
513 1778 586 1806 bello
594 1777 696 1807 Gotth.
708 1779 783 1808 lib-2.
793 1789 835 1808 c.z
846 1791 867 1808 i.

81 1820 110 1853 p·
123 1821 192 1848 439.
213 1822 241 1855 cg
258 1816 318 1843 Par.
328 1817 509 1846 MDchu.
531 1818 577 1846 fol.
590 1821 602 1850 ]
621 1819 696 1847 enim
710 1821 865 1856 justiniam

82 1860 256 1888 imperatoris
265 1857 434 1893 temporibus
443 1879 451 1890 ‚
469 1859 580 1896 quando
591 1869 604 1888 2
615 1862 725 1888 Gotrhis
737 1871 868 1899 occupata

82 1891 136 1919 suit
148 1913 156 1924 ,
167 1900 290 1922 trecenta
299 1897 447 1925 minimum
458 1897 602 1927 hominum
614 1900 702 1928 millia
713 1901 808 1939 gladio
821 1911 865 1939 pe-

82 1942 206 1977 i·empta{
223 1934 292 1963 dicit
302 1956 309 1963 .
329 1938 447 1973 Quando
456 1941 614 1978 Ambrosius
625 1941 669 1968 hic
681 1941 868 1980 ep-scopatuin

83 1972 174 2012 geffit,
184 1975 285 2004 civitas
294 1979 445 2016 complures
454 1979 548 2008 habuit
560 1981 677 2010 bafilicas
686 1981 845 2012 christianas
857 2005 865 2016 ,

81 2024 195 2052 quarum
207 2018 348 2046 nonnulla:
367 2020 396 2047 in
407 2020 530 2058 epistolis
539 2020 591 2050 suis
603 2022 651 2060 ipsi
662 2032 848 2052 memorantur
860 2045 867 2055 ,

82 2056 203 2094 exempli
212 2058 298 2095 gratia
309 2081 316 2091 ‚
330 2060 449 2097 Basilica
461 2066 595 2091 Fortiana
607 2068 619 2098 [
630 2064 754 2092 Ambros‘.
766 2074 808 2103 cp.
820 2075 867 2102 33.

82 2096 116 2124 ad
126 2097 249 2126 Marcell.
261 2097 380 2128 sororem
392 2103 404 2132 ]
415 2111 490 2130 extra
501 2104 603 2131 moenia
614 2125 621 2135 ,
640 2107 668 2132 ὅ(
677 2104 800 2141 Basilica
809 2116 868 2133 ma-

80 2141 122 2172 jor
131 2157 140 2169 ‚
149 2136 196 2165 seu
207 2149 282 2168 nova
291 2140 364 2168 intra
380 2141 671 2181 Civitatem,Bafilica
681 2146 785 2181 Fausta
795 2150 808 2180 [
822 2145 867 2173 lib.

87 2187 98 2205 1
109 2188 133 2204 i.
155 2178 233 2216 epist.
263 2191 306 2216 ¹4·
327 2190 424 2217 tom.5.
442 2194 505 2222 opp.
527 2194 588 2223 pag.
610 2194 676 2219 205.
688 2185 715 2212 d.
733 2185 799 2213 edit.
811 2187 868 2214 Par.

84 2217 267 2248 MDCXLII.
278 2223 290 2252 ]
302 2226 330 2250 8(
341 2222 461 2259 Basilica
470 2225 653 2262 Ambrqfiana
665 2245 672 2252 .
690 2224 866 2264 Posteaquam

80 2267 172 2287 autem
182 2269 279 2289 civitas
289 2262 415 2292 universa
424 2285 433 2297 ‚
447 2264 553 2302 Christo
560 2276 662 2294 nomen
672 2265 750 2294 dedit
761 2288 767 2298 ,
780 2267 868 2294 inulto

79 2300 170 2337 plures
183 2301 313 2331 Eccleiias
324 2304 372 2332 uni
383 2303 512 2343 episcopo
520 2304 644 2334 subfiiiss'e
657 2329 664 2339 ,
684 2316 730 2344 pai·
741 2307 779 2335 est
790 2329 798 2340 ,
809 2318 867 2335 cre-

79 2340 191 2372 damus5
202 2352 342 2382 nunquam
351 2346 427 2373 enim
436 2345 504 2374 duos
513 2345 607 2376 habuit
616 2368 624 2380 ,
635 2347 685 2375 nifi
699 2345 866 2385 persecutio-

75 2381 233 2412 nisAriane
244 2385 507 2423 temporibusAExn-:i
514 2397 607 2417 muros
615 2386 733 2416 fortaffis
743 2390 860 2428 amplam

110 2423 301 2460 gierolaxicon
322 2430 415 2456 Macri
427 2447 435 2455 -

1244 52 1288 93 D
1319 53 1339 94 1
1599 69 1676 110 257

932 105 1015 136 etiam
1024 107 1166 137 dioecefim
1179 107 1276 138 habuit
1289 120 1295 140 ι
1307 109 1381 138 nulla
1391 108 1468 139 enim
1477 121 1510 140 ex
1523 122 1723 144 anteinemora-

932 148 967 176 tis
977 148 1084 176 urbibus
1095 148 1185 177 minus
1196 160 1245 178 xx.
1256 150 1327 178 mill.
1339 149 1406 187 pass.
1426 152 1492 180 inde
1512 151 1564 180 fuit
1582 153 1701 192 separata
1715 179 1724 190 ‚

935 187 997 217 aliis
1005 199 1074 217 xxx.
1087 189 1147 217 aliis
1159 201 1204 219 xi..
1214 190 1286 218 mill.
1296 189 1364 229 pass.
1376 191 1452 220 inter
1469 190 1496 220 se
1515 191 1723 228 diffideiitibus;

937 228 1024 259 Modo
1034 233 1162 260 Novaria
1170 234 1197 259 ὃ(
1209 231 1323 260 Vere-ella
1335 242 1363 260 x.
1375 232 1508 261 duntaxat
1521 234 1590 262 mill.
1600 234 1668 273 pass.
1687 237 1725 264 al-

936 279 993 297 tera
1001 270 1032 298 ab
1041 271 1125 299 altera
1134 270 1267 300 distabant
1278 293 1286 304 ,
1304 281 1402 311 utpote
1414 273 1460 302 fibi
1480 273 1604 303 invicem
1614 296 1622 309 ,
1643 286 1724 315 quam

935 310 1000 339 ullae
1010 310 1070 339 aliae
1081 311 1112 339 in
1121 310 1170 339 hac
1189 311 1337 350 provincia
1347 335 1356 346 ‚
1375 313 1527 343 viciniores
1537 334 1544 342 .
1564 319 1700 346 Cremona
1709 328 1722 346 a

934 351 1086 380 Placentia
1096 362 1186 381 xviii.
1206 363 1219 381 a
1240 355 1346 382 Brixia
1358 365 1427 383 xxx.
1447 365 1460 383 a
1469 358 1568 384 Ticino
1588 367 1632 385 xi..
1652 358 1723 386 mill.

934 390 1000 430 pass.
1011 402 1061 420 nec
1071 413 1080 425 ‚
1091 392 1110 421 fi
1121 393 1194 421 reste
1203 403 1345 432 computat
1355 399 1501 424 Ferrarius
1513 418 1521 428 ‚
1532 397 1700 434 paucioribus
1710 410 1724 427 a

933 436 1060 460 Mantua
1078 432 1186 464 :iberats
1207 438 1234 463 ὅ(
1247 434 1428 464 nihilominus
1445 446 1509 475 ager
1518 439 1704 476 Cremonensis
1716 462 1724 472 .

934 476 962 500 ὅ(
976 477 1154 502 Mantuanus
1163 485 1215 503 con
1217 475 1305 509 junfti
1316 476 1437 509 rherum,
1447 477 1678 514 quemadmodum
1688 490 1722 508 ex

931 512 1106 551 querimonia
1116 516 1221 552 Virgilii
1232 518 1353 551 c6jicere
1366 517 1445 545 nobis
1454 519 1519 546 licet
1528 519 1566 547 ita
1578 521 1703 548 canentis
1715 533 1722 547 :

974 574 994 586 ‚,
1002 559 1172 586 Mantua-va
1191 557 1291 593 misen
1309 562 1432 586 nimium
1450 561 1551 587 vicina
1560 563 1693 590 Cre-nme
1707 580 1715 588 .

933 595 1005 629 Quia
1013 604 1073 623 cum
1083 600 1218 626 OHavius
1230 599 1370 635 Augustus
1393 599 1528 629 militibus
1544 599 1599 629 suis
1617 611 1723 630 vetera-

933 635 976 663 nis
984 645 1080 673 agrum
1092 638 1313 675 Cremonensium
1323 660 1330 671 ,
1351 639 1402 678 qui
1417 639 1534 668 adveriis
1543 642 1662 679 partibus
1671 642 1723 672 stu-

933 677 1231 716 duerant‚adfignasset,
1244 689 1333 717 neque
1346 690 1412 708 vero
1424 680 1504 708 illum
1515 681 1544 709 in
1553 681 1724 711 divisionem

931 715 994 744 satis
1005 717 1056 746 effe
1067 739 1075 751 ‚
1085 718 1254 757 percepisset,
1263 724 1421 749 Mantuani
1432 731 1541 759 quoque
1550 723 1608 761 agri
1618 732 1722 760 partem

933 768 981 785 xv.
992 758 1061 786 mill.
1072 758 1190 795 passuuni
1205 760 1259 787 illis
1271 760 1414 798 dispertiri
1425 759 1533 797 jusserat
1546 781 1554 789 .
1573 763 1663 792 Unde
1673 763 1722 792 hu-

930 800 972 833 jus
981 798 1134 835 provinciae
1144 798 1276 828 dioeceses
1287 802 1372 839 longe
1383 803 1515 829 maximas
1526 801 1602 830 suissi?
1614 825 1621 835 ,
1645 803 1723 833 facile

931 838 1118 878 colligendum
1128 840 1404 880 est,quandoquidem
1414 841 1541 871 civitates
1549 843 1610 872 aliae
1621 844 1652 872 ab
1663 845 1723 873 aliis

934 888 1013 908 tanto
1023 880 1177 909 intervallo
1187 881 1295 910 fuerunt
1304 881 1432 922 separatae
1443 903 1452 910 .

1115 945 1245 972 Atriis
1288 944 1490 974 Cora-ia.

889 1003 1040 1031 Provincia
1050 1004 1160 1041 Alpina
1169 1026 1176 1037 ,
1189 1005 1274 1042 Alpes
1285 1008 1381 1038 Cottia
1394 1006 1465 1034 dieta
1477 1024 1486 1038 s
1497 1015 1511 1034 a
1523 1009 1641 1043 Liguria
1648 1007 1723 1036 Pado

929 1044 1018 1072 fluvio
1035 1043 1207 1082 separabatur
1220 1067 1227 1078 ,
1245 1056 1260 1073 a
1281 1056 1337 1084 quo
1357 1046 1390 1073 ad
1409 1056 1482 1074 mare
1497 1048 1618 1083 Tuscum
1636 1045 1720 1085 usque

929 1080 1059 1121 protenta
1069 1088 1344 1123 parteml’edemoati'i
1353 1090 1382 1115 δε
1392 1086 1649 1124 Montisferratc'‚&
1658 1088 1721 1116 uni-

929 1123 1036 1154 versam
1053 1126 1244 1164 rempublicam
1270 1128 1457 1164 Genuensem,
1477 1137 1529 1155 nec
1545 1139 1603 1156 non
1616 1138 1721 1167 partem

928 1164 1038 1195 ducatus
1048 1167 1259 1205 Mediolanensi}
1270 1168 1308 1195 cis
1322 1169 1429 1196 Padum
1440 1168 1597 1196 includebat
1606 1189 1613 1195 .
1627 1171 1661 1197 In
1672 1168 1720 1196 hac

929 1207 1075 1244 provincia
1088 1218 1102 1236 :t
1110 1209 1206 1237 Carolo
1227 1220 1246 1237 a
1256 1212 1281 1235 S.
1292 1209 1380 1236 Paulo
1390 1208 1485 1237 decem
1496 1208 1627 1237 dioeceses
1642 1221 1720 1238 uora-

930 1256 975 1275 tae.
992 1259 1015 1276 ι.
1024 1250 1151 1286 Augusta
1160 1253 1361 1282 Taurinorum,
1372 1250 1457 1288 vulgo
1466 1253 1571 1278 Turino
1580 1270 1588 1276 .
1603 1262 1628 1278 ε..
1640 1253 1721 1288 Asta,

928 1287 1014 1317 hodie
1023 1290 1095 1325 Asti.
1105 1300 1132 1327 3.
1144 1294 1278 1322 Dertona,
1291 1290 1376 1329 vulgo
1385 1295 1546 1325 Tarona-4.
1557 1291 1634 1319 Alba
1642 1297 1718 1320 Pom-

924 1335 989 1366 peJ'a
999 1350 1008 1363 ‚
1018 1328 1104 1358 hodie
1115 1331 1200 1359 Alba.
1215 1341 1240 1366 5.
1253 1334 1338 1369 Aque
1352 1331 1484 1359 Statiella
1497 1353 1505 1363 ‚
1517 1332 1603 1370 vulgo
1612 1335 1717 1371 Atqui.
1733 1331 1738 1334 ’

929 1375 957 1397 6.
967 1371 1143 1408 Albiganum
1153 1392 1162 1404 ‚
1185 1372 1270 1411 vulgo
1282 1371 1410 1409 Albenga
1418 1392 1426 1399 .
1447 1382 1475 1404 7.
1485 1373 1701 1409 Vigintemilium
1710 1394 1718 1405 ,

929 1411 1016 1450 vulgo
1025 1413 1219 1450 Vintimiglia.
1234 1417 1258 1441 8.
1269 1412 1386 1441 Bobium
1398 1433 1406 1444 ‚
1420 1412 1506 1450 vulgo
1518 1412 1597 1440 Bobio
1608 1433 1615 1439 .
1628 1424 1657 1449 9.
1667 1417 1720 1441 Ce-

928 1461 990 1480 nua
999 1473 1007 1485 ‚
1026 1453 1113 1491 vulgo
1124 1458 1238 1482 Genava
1248 1474 1255 1481 .
1278 1463 1320 1481 io.
1332 1458 1443 1482 Savona
1456 1474 1462 1484 ,
1483 1462 1565 1480 etiam
1577 1453 1720 1491 vulgOSa·

928 1502 1004 1521 vona
1014 1511 1024 1519 ·
1042 1493 1147 1528 Quibus
1158 1495 1313 1530 Holstenius
1333 1494 1452 1530 [adnot.
1472 1502 1500 1519 in
1513 1494 1630 1522 Cluver.
1652 1495 1714 1521 xtaf.

930 1541 956 1569 p·
969 1544 996 1568 4·
1006 1536 1120 1565 Nicia-J
1133 1540 1264 1567 Nicaam,
1277 1535 1362 1573 vulgo
1373 1539 1473 1563 Ntzza
1488 1533 1565 1561 addit
1576 1554 1583 1560 .
1596 1535 1648 1562 Hae
1661 1544 1719 1562 arii-

929 1572 982 1611 plae
995 1573 1105 1602 fuerunt
1115 1575 1246 1604 dioeceses
1256 1598 1263 1609 ,
1283 1585 1344 1602 mm
1357 1575 1473 1603 flabrum
1494 1574 1660 1602 viciniorem
1671 1575 1719 1604 fibi

929 1623 1009 1652 quam
1019 1615 1193 1644 Placentiam
1206 1627 1263 1644 non
1271 1615 1364 1643 habuit
1375 1637 1382 1648 ‚
1396 1624 1455 1653 qux
1468 1636 1475 1647 ‚
1487 1620 1614 1644 Ferraria
1625 1621 1637 1650 [
1648 1625 1716 1644 voce

925 1655 1042 1683 Bobium
1065 1657 1077 1687 ]
1106 1666 1283 1694 computante
1295 1678 1302 1688 ,
1326 1666 1394 1684 xxv.
1417 1656 1487 1683 mill.
1508 1653 1630 1694 passuum
1649 1657 1716 1684 inde

928 1694 1011 1723 abfuit
1025 1717 1032 1727 ‚
1055 1700 1153 1725 Genua
1170 1706 1258 1726 :uitem
1278 1701 1303 1725 ὃ(
1325 1702 1448 1725 Dertona
1466 1706 1556 1724 xxxV.
1576 1701 1716 1725 Sin-vonam

927 1735 1001 1763 inter
1020 1740 1047 1765 ἃ
1069 1741 1197 1765 Genuam
1211 1760 1218 1770 ,
1240 1737 1388 1766 secundum
1408 1735 1631 1764 accuratissimam
1651 1738 1717 1766 Hol-

919 1777 1006 1812 stenii
1041 1783 1054 1813 [
1073 1777 1102 1806 in
1121 1779 1237 1806 (luver-
1259 1779 1322 1807 ltal.
1342 1788 1404 1816 pag.
1435 1788 1463 1813 9.
1485 1779 1497 1808 ]
1531 1778 1716 1816 computatio—

926 1826 991 1844 nem
1005 1838 1012 1849 ,
1033 1829 1115 1847 xxvi.
1136 1819 1206 1847 mill.
1231 1819 1354 1857 passuum
1381 1824 1527 1847 Ferrarius
1559 1823 1571 1852 [
1584 1829 1650 1846 voce
1666 1824 1717 1847 Sa.

927 1859 1015 1888 vona]
1028 1859 1235 1888 interamnam
1245 1864 1271 1888 ἃ
1284 1860 1494 1897 Albingaunum
1506 1859 1716 1897 xxx-milhpass.

928 1897 1004 1927 litam
1014 1898 1081 1928 dicit
1090 1921 1097 1928 .
1118 1904 1201 1939 Aqua
1213 1901 1341 1928 Statiellae
1353 1900 1450 1928 ibidem
1463 1908 1539 1927 xxii.
1559 1900 1629 1928 mill.
1647 1899 1715 1938 pass.

927 1948 941 1966 a
950 1943 1062 1970 Savona
1071 1962 1080 1974 ,
1100 1941 1140 1970 uti
1152 1942 1339 1970 Baudrandus
1350 1949 1490 1978 computat
1499 1951 1507 1970 ς
1526 1938 1572 1968 sed
1581 1951 1639 1968 non
1648 1941 1716 1969 adeo

926 1981 1022 2018 procul
1042 1982 1074 2010 ab
1086 1984 1158 2019 Asta
1173 1986 1200 2010 ὃς
1215 1982 1291 2010 Alba
1303 1986 1427 2018 Pompeia
1437 2001 1444 2007 .
1464 1981 1537 2009 Nam
1550 1981 1626 2010 Alba
1647 1991 1712 2010 viii.

928 2030 1036 2050 tanturn
1046 2023 1115 2051 mill.
1128 2022 1193 2060 pass.
1205 2022 1231 2049 in
1250 2020 1475 2060 septemtrionem
1493 2021 1523 2049 ab
1531 2025 1624 2060 Aquis
1635 2025 1663 2050 ἃ
1673 2026 1714 2051 A·

921 2063 969 2098 sta
978 2072 1033 2091 xu-
1046 2064 1165 2101 plui-ibus
1175 2064 1246 2090 ultra
1257 2074 1266 2096 ς
1288 2061 1334 2090 sed
1354 2073 1381 2090 in
1391 2072 1481 2090 ortum
1500 2065 1528 2090 ὃ(
1537 2061 1662 2092 occasum
1671 2062 1714 2091 hx

928 2102 1059 2131 dioecescs
1070 2105 1148 2132 latius
1159 2102 1230 2131 forte
1241 2112 1386 2141 patuerunt
1397 2123 1404 2130 .
1416 2104 1489 2131 Nam
1500 2104 1627 2141 Augusta
1636 2108 1713 2132 Tau-

927 2154 1052 2171 rmorum
1072 2145 1196 2182 proxima
1216 2144 1306 2171 vicina
1323 2142 1446 2172 occasum
1467 2142 1558 2172 versus
1576 2155 1624 2172 xx.
1643 2145 1714 2172 mill.

926 2182 994 2221 pass.
1004 2185 1036 2213 ab
1045 2186 1116 2221 Asta
1126 2207 1134 2218 ,
1157 2188 1184 2213 ὃ(
1196 2194 1304 2212 xxviii.
1316 2185 1346 2213 ab
1357 2185 1433 2213 Alba
1445 2206 1452 2217 ,
1469 2187 1497 2214 ὃ(
1509 2189 1636 2213 Dertona
1647 2186 1713 2213 toti-

926 2224 989 2253 dem
1001 2226 1031 2253 in
1041 2235 1133 2253 ortuui
1144 2246 1153 2257 ‚
1163 2224 1311 2253 secundum
1321 2225 1559 2263 computationem
1570 2230 1694 2254 Ferrarii
1706 2248 1712 2257 ,

925 2265 1010 2293 abfuit
1021 2286 1027 2293 .
1042 2265 1261 2304 Vigintimilium
1270 2276 1318 2294 xx.
1331 2267 1401 2294 mill.
1411 2265 1476 2304 pass.
1487 2277 1500 2294 a
1510 2269 1595 2295 Nica
1605 2287 1614 2298 ‚
1624 2270 1650 2294 ζ(
1660 2271 1712 2295 Αἱ.

924 2306 1080 2344 bigaunum
1093 2318 1137 2335 xz„
1157 2306 1226 2334 mill.
1239 2305 1304 2344 pass.
1317 2317 1330 2334 :i
1344 2307 1527 2345 Vigintimi'la'o
1537 2328 1545 2339 ‚
1565 2309 1593 2334 ὅ(
1603 2311 1714 2334 Savona

926 2357 974 2374 xx.
988 2347 1099 2374 circiter
1108 2351 1135 2376 ὅ(
1147 2357 1216 2375 xxx.
1237 2347 1266 2374 ab
1275 2348 1455 2385 Albingauno
1466 2368 1473 2375 .
1491 2347 1587 2376 Totius
1596 2346 1713 2384 provin-

923 2387 972 2416 ciae
987 2387 1134 2427 longitudo
1153 2397 1198 2417 ci..
1216 2386 1288 2416 mill.
1299 2387 1363 2427 pass.
1384 2388 1541 2459 &Flatitudo
1559 2396 1645 2416 xxxv.
1663 2388 1711 2425 qui

1618 2436 1671 2455 am-
