1866 2526
470 13 582 58 AT
1216 18 1332 59 AU
1641 35 1699 73 91.

118 75 228 104 bentem
237 73 321 103 alium
332 78 434 112 piiaeter
441 71 580 112 seipsum,
592 73 766 113 indemequit
774 70 906 104 nifiincf-
962 73 1025 102 fleat
1035 93 1042 101 .
1067 79 1079 109 [
1099 72 1192 103 Surdis
1208 74 1324 104 reddere
1344 75 1514 105 audientiam
1525 97 1532 105 .
1549 80 1563 109 1
1584 78 1746 118 Aliquando

118 114 243 145 subilibus
252 114 390 144 attributis
399 113 538 144 nominari
549 137 558 149 ‚
571 114 684 145 &sanc
691 116 767 144 nulla
787 115 906 144 humana
959 113 1130 143 auditorium
1137 113 1216 143 sonat
1226 135 1233 143 .
1257 116 1332 144 Vide
1340 117 1527 146 Auditorium
1537 137 1544 145 .

118 155 256 196 sapientia
264 156 299 184 :id
309 154 394 184 instar
401 155 493 184 Attali
504 156 623 193 Matyris
632 155 770 185 divinitus
789 156 906 194 inspira-
921 155 1096 184 Amnum
1109 156 1312 185 Lirrenmwm
1323 176 1331 184 .
1354 158 1411 187 PR.
1421 157 1573 187 secretaria
1582 179 1591 192 ‚
1613 158 1660 188 seu
1670 161 1748 190 Can-

106 196 140 224 vti
153 219 160 230 ,
173 206 238 225 -tam
248 196 322 225 reete
333 195 461 234 potuiss'er
469 194 542 225 affari
553 219 560 230 ,
582 196 630 236 qui
641 197 742 225 de'Dei
753 197 792 226 sui
813 197 905 225 nomi-⁷
950 195 1089 224 cellaria..
1103 201 1116 230 t
1128 196 1212 224 Paete
1224 196 1254 225 in
1265 197 1405 227 audientia
1415 198 1570 228 litterarum
1581 200 1744 233 nostrarum.

118 247 154 266 ne
164 238 352 276 interrogatus
362 259 369 270 ‚
383 237 428 266 ,fic
438 236 569 274 stupende
580 237 740 276 respondit:
754 237 833 275 [Qui
844 237 904 276 plu—
953 239 1075 264 ‚Extraw
1085 246 1185 264 comm.
1196 237 1231 265 de
1240 237 1317 271 dolo,
1327 242 1354 267 ἀ
1365 240 1559 272 εοηωιηπὶει.]
1573 241 1646 269 v1de
1655 246 1728 270 Zeta
1739 262 1746 268 .

116 277 232 307 ressunt
245 299 254 311 ‚
277 275 665 308 nominibus2d1scernuntur:
690 278 738 316 qui
756 289 824 309 unus
845 278 884 306 est
894 275 906 309 ζ
920 277 1145 306 Αυυῐεκτιᾼως
1158 278 1289 306 Cuiam
1302 298 1308 305 .
1332 280 1389 308 FR-
1400 280 1538 309 Cedulam
1554 281 1697 310 citationis
1712 282 1746 311 ad

117 329 176 348 non
187 319 296 358 imfiget
306 319 419 347 nomine
427 339 436 347 .
689 318 692 319 ’
958 317 1172 355 comparandum
1182 318 1317 358 fignificat
1329 341 1337 352 ,
1359 319 1390 347 in
1401 320 1561 350 formulario
1571 321 1706 352 Mai-culfi.

75 362 218 390 Arnxsca
232 360 364 393 ,Crater
375 380 383 392 ,
413 360 558 398 poculum.
582 365 595 395 [
615 358 754 389 Libatorin
773 367 904 399 argentea
919 359 1120 387 Aummnum
1129 358 1271 387 Docron.
1285 362 1341 390 PR.
1351 360 1398 399 qui
1406 361 1617 392 catechumenos
1626 363 1749 392 instrue-⁷

114 400 170 429 duo
179 399 267 429 millia
276 399 456 441 quadringinta
467 422 475 434 ‚
497 400 607 430 athiscae
618 409 883 440 argenteaetriginta
893 420 902 432 ‚
960 397 1004 426 bat
1013 418 1020 426 .
1044 399 1206 437 [Opmtum
1216 399 1290 429 inter
1310 401 1425 430 lectores
1443 404 1598 433 Βοᾶοτιηη
1618 403 1744 433 Audien-

115 441 162 470 lib.
175 452 202 480 3.
214 440 291 470 Esdr.
302 450 361 479 cap.
373 452 400 470 2.
959 439 1029 467 tium
1040 439 1235 468 constituimus
1244 461 1251 468 .
1262 442 1352 480 Cypr.
1363 443 1442 481 epist.
1453 446 1522 479 ιαμ]
1535 444 1673 474 Officium
1683 453 1741 472 erat

73 483 226 511 Arnim
239 501 246 509 .
270 481 344 509 Vide
353 484 513 511 Arenan'us
526 503 534 515 ‚
556 483 732 519 Asceterium
741 501 749 509 .
896 506 898 509 .
958 489 1064 518 magnae
1074 480 1267 510 aestimationis
1277 504 1285 516 ,
1309 483 1384 521 quod
1403 485 1545 524 Origenes
1555 506 1563 518 ‚
1581 489 1724 515 Pantenus
1733 506 1741 517 ,

74 524 204 552 Aromus
218 544 225 550 .
249 521 325 551 Vide
335 523 580 559 Insubstantivus.
956 521 1108 553 Clemens,
1130 521 1301 557 Dionysius,
1323 524 1426 563 aliique
1435 524 1588 564 graviffimi
1608 525 1663 555 viri
1675 526 1743 555 Ale-

73 564 246 592 Amnius
260 584 268 595 ,
289 561 336 590 scu
344 563 482 600 Aniensis
493 584 502 596 ‚
513 562 590 592 *atrii
599 583 608 595 ‚
617 566 654 592 ’ἀ
663 560 785 600 porticus
794 560 882 591 custos
894 582 902 593 ‚
955 561 1293 595 xandriaeexercuerunc.
1317 565 1390 593 Vide
1399 570 1535 595 Zetarius
1546 587 1552 594 .

114 607 143 632 ὅ(
153 604 303 632 mundator
311 623 319 630 .
918 603 1054 630 Aumno
1063 623 1072 635 ‚
1084 612 1153 642 ,pars
1176 603 1207 632 in
1220 605 1354 635 Ecclefiae
1378 605 1467 644 spatio
1478 628 1485 635 .
1510 607 1586 636 Vide
1593 607 1720 645 ‚Ecclesia
1731 629 1738 639 ,

73 645 202 673 Anum
214 664 222 671 .
246 643 321 673 Vide
338 645 535 673 Coemeterium
545 664 553 672 .
585 643 662 674 Atrii
673 643 793 673 velum.
826 643 901 673 Vide
961 643 1090 671 Narthex.
1098 663 1105 669 .
1685 687 1690 691 1

117 685 224 714 Veliam.
922 685 1098 712 AumToREs
1110 686 1222 714 Rom.
1246 686 1319 715 Vide
1337 693 1424 718 Rota.
1447 690 1515 718 Sunt
1528 688 1692 718 subdiaconi
1703 690 1740 718 A-

72 726 301 754 ΑττΑεΗῐΑ-ῐυς
311 746 319 758 ,
341 734 463 757 nomen,
473 724 572 763 ligatus
585 745 592 753 .
604 728 639 754 Et
650 725 802 754 Attachior
811 746 820 759 ‚
841 735 904 753 ver-
949 724 1090 760 *postohci
1101 744 1108 752 .
1134 726 1208 753 Vide
1227 728 1415 758 Subdiaconus
1425 751 1432 758 .

112 765 175 793 bum
186 786 194 798 ‚
217 766 293 804 ligor
311 786 320 798 ,
342 775 356 792 a
373 756 476 804 gallico
498 765 630 794 vocabulo
638 766 791 798 ,Attacher
801 786 808 794 .
832 766 902 795 Inde
920 765 1117 794 Annuomum
1130 766 1315 798 ,Monialium
1325 769 1515 807 loquuturium
1525 791 1534 803 ,
1543 769 1587 798 ubi
1597 769 1668 808 saepe
1680 769 1738 797 ins-

111 807 317 834 Attacbiantes
330 826 338 837 ,
362 806 499 837 Satellites
510 807 656 835 dicuntur·-
949 805 1004 833 ,ωε
1014 805 1094 834 verba
1111 807 1306 844 expenduntur
1317 831 1325 842 ,
1344 807 1409 839 ideo
1421 810 1631 841 Auscultatrices
1653 810 1738 848 depu-

65 847 217 875 Arncus
231 868 239 879 ,
251 844 373 881 ἔποικος
383 859 392 878 ,-
404 847 442 875 est
452 847 560 876 locusta:
570 846 676 884 species
685 868 693 880 ‚
704 847 821 876 modicis
831 847 880 876 alis
892 868 901 880 ‚
957 854 1066 874 tantur:
1078 846 1182 875 dicitur
1192 848 1274 877 etiam
1285 850 1490 880 Salutatorium
1500 872 1507 879 .
1520 851 1595 880 Vide
1606 849 1654 880 suo
1662 851 1739 880 loco.

113 887 162 925 qui
172 891 200 915 δε
210 887 354 916 attelabus
364 889 395 916 ab
405 887 539 926 aliquibus
547 889 650 918 dicitur
660 909 668 920 ,
690 888 725 916 dc
736 899 792 926 quo
810 889 840 916 in
849 890 901 917 Lc-

109 928 163 956 vit.
173 938 196 956 c.
212 938 221 956 1
232 939 254 956 1.
274 927 309 955 sic
326 925 460 960 habetur5
483 930 636 972 Quidquid
652 930 902 959 autemrambulat

110 969 226 1005 quidem
228 969 312 1005 super
323 972 530 1006 quatuor.pades
540 971 558 1003 ,⁴
566 972 617 1008 sed
625 969 709 997 hahet
719 969 841 1006 longiora
859 982 899 999 re—

108 1017 122 1035 t
131 1019 159 1035 ro
168 1018 252 1036 crura
260 1029 268 1040 ‚
278 1016 324 1044 per
334 1010 469 1047 τμη-[αἶα
475 1012 558 1048 super
569 1020 675 1039 terram
687 1031 696 1042 ‚
709 1012 844 1038 comedere
855 1011 900 1040 de-

107 1048 192 1081 hetis,
201 1057 236 1075 ut
246 1049 282 1084 est
289 1049 424 1077 bracchus
436 1053 466 1079 in
472 1060 571 1086 genere
577 1052 627 1088 suo
635 1070 645 1082 ‚
655 1048 690 1082 &²
699 1058 812 1079 attacus
822 1072 830 1079 .
843 1053 899 1081 FR.

114 1089 148 1117 de
159 1087 208 1116 hac
219 1098 270 1115 ave
281 1089 413 1118 Horatius
425 1090 454 1119 in
467 1092 579 1128 epodon
589 1092 624 1121 fic
643 1091 735 1130 inquit
746 1103 754 1119 .-

957 888 1016 915 PR.
1027 886 1111 915 etiam
1123 888 1214 917 locum
1233 889 1263 917 in
1273 891 1380 919 Palatio
1397 892 1432 920 ad
1443 893 1612 921 audientiam
1623 891 1737 926 destina,

956 936 1015 955 tum
1026 927 1161 965 significat
1170 950 1176 956 .
1190 930 1290 964 [Sicut
1299 932 1436 961 Canonici
1447 932 1596 962 Curienses
1605 933 1635 961 in
1644 932 1736 960 nostro

954 968 1109 997 Auditorio
1127 970 1279 1000 retulerunt
1289 992 1296 999 .
1318 983 1378 1011 cap.
1398 973 1500 1002 veritas
1509 995 1516 1001 .
1538 974 1584 1003 Dc
1602 974 1669 1003 dolo
1678 994 1687 1006 ‚
1709 977 1740 1003 δι

957 1012 985 1037 ὅ(
1005 1011 1199 1040 contumacia]
1224 1012 1321 1050 Ibique
1337 1013 1432 1042 Glossiz
1446 1035 1453 1042 .
1474 1014 1680 1049 [Auditorium
1697 1013 1737 1042 est

957 1049 1032 1077 locus
1043 1071 1050 1082 ‚
1075 1050 1118 1078 ubi
1130 1050 1213 1079 caus-³3
1224 1054 1376 1081 tristantur
1385 1075 1392 1082 .

917 1091 1057 1119 Auorrus
1068 1111 1076 1122 ‚
1089 1093 1157 1121 Hi.
1167 1091 1328 1122 informatio
1339 1113 1347 1122 .
1362 1100 1374 1129 [
1387 1098 1421 1124 Et
1433 1094 1574 1131 injudicio
1584 1090 1733 1134 Episcopo-

154 1130 222 1157 Non
231 1137 342 1167 attagen
350 1131 460 1167 ionicus
888 1156 891 1159 ,
957 1139 1017 1158 rum
1028 1130 1174 1166 dejiciatur
1191 1133 1315 1168 auditus,
1337 1145 1398 1163 can.
1409 1136 1428 1164 fi
1445 1136 1506 1173 quis
1525 1136 1674 1174 Episcopus
1689 1147 1736 1166 so.

106 1170 263 1207 jucundior
272 1188 280 1196 ·
290 1171 302 1199 ]
313 1170 347 1198 de
357 1171 557 1200 eadem’Suidas
568 1193 577 1205 ‚
589 1170 789 1210 Aristophanes
801 1194 809 1205 ‚
820 1172 894 1201 Plin.
953 1181 999 1209 qu·
1011 1181 1025 1208 3
1035 1173 1062 1202 -]
1085 1172 1202 1201 Auditus
1211 1172 1300 1202 sensus
1310 1195 1317 1202 .
1341 1176 1414 1204 Vide
1426 1177 1588 1205 Audientia
1597 1196 1604 1204 .

105 1210 154 1238 lib.
179 1221 220 1238 ιο.
239 1219 297 1247 cap.
310 1217 357 1244 46.
369 1211 534 1240 Gelliuslib.
547 1224 573 1244 7.
584 1223 608 1240 c.
625 1219 668 1241 16.
679 1212 792 1242 Dicitur
810 1213 895 1242 etiam
912 1212 978 1239 AVE
1001 1213 1107 1240 MARIA
1128 1234 1135 1245 ‚
1159 1213 1267 1242 Utrum
1280 1215 1396 1244 dicatur
1417 1217 1447 1244 in
1470 1216 1610 1256 principio
1631 1215 1736 1255 Vespe‘-

106 1253 234 1287 ,attagen
245 1270 254 1282 ‚
275 1253 303 1278 ὃ(
312 1255 461 1289 Attagena
469 1267 478 1281 .-
502 1254 600 1282 Italice
611 1254 776 1282 Francoltno
787 1273 796 1282 .
952 1261 1041 1281 rarum
1049 1253 1177 1282 omnium
1195 1255 1386 1284 defunctorum
1397 1277 1405 1284 .
1427 1258 1500 1286 Vide
1521 1260 1627 1296 Vespera
1637 1278 1644 1285 .
1667 1258 1736 1294 Quis

66 1293 217 1320 Amen.-
228 1312 237 1324 ,
260 1294 287 1318 δι’
297 1295 443 1329 Attagena
452 1313 459 1321 .
482 1294 556 1323 Vide
568 1299 692 1323 Atratus
705 1314 712 1321 .
953 1292 1078 1321 instituit
1101 1294 1177 1322 illam
1200 1296 1370 1325 recitandam
1392 1307 1455 1326 :inte
1475 1299 1642 1327 concionem
1652 1318 1660 1327 .
1683 1300 1735 1327 Vi-

64 1333 208 1360 Aturus
222 1353 230 1364 ‚
241 1340 414 1370 pergamcnae
426 1333 530 1363 chartae
542 1334 718 1364 introductor
728 1355 735 1362 .
746 1334 820 1364 Vide
831 1341 893 1364 Per·
951 1333 985 1362 de
1009 1337 1189 1364 concionator
1201 1356 1207 1363 ·
1229 1338 1371 1367 Salmatia
1393 1340 1531 1376 Angelica
1542 1359 1550 1368 .

102 1370 240 1409 gamma}
909 1376 923 1389 *²
945 1375 1010 1402 Avis
1033 1376 1138 1404 ΜΛκιΑ
1159 1396 1166 1403 .
1196 1377 1320 1407 Primum
1348 1389 1362 1407 a
1384 1380 1410 1408 S.
1432 1379 1588 1409 ,Vincentio
1611 1379 1733 1410 Ferrerio

67 1413 240 1443 ΑττΑΜικο
252 1433 261 1445 ,
283 1413 362 1452 gusto
375 1434 382 1442 .
404 1416 431 1444 S.
451 1417 627 1450 Ambrosius,
649 1420 677 1445 ὅ(
695 1415 838 1445 Caffianus
864 1416 895 1445 in
949 1425 1014 1442 ante
1036 1413 1121 1443 sacras
1142 1418 1290 1446 conciones
1300 1433 1302 1435 >
1311 1420 1424 1448 recitata
1436 1442 1443 1448 .

104 1452 198 1481 collat.
211 1466 225 1482 ι.
236 1465 257 1482 ι.
269 1465 292 1482 c.
307 1463 352 1484 26.
363 1456 462 1493 gallice
472 1463 608 1486 Entamor
618 1457 728 1486 dicitur.
740 1459 797 1487 FR.
809 1457 894 1486 etiam
910 1457 1055 1485 Avmrzu
1066 1477 1074 1489 ‚
1096 1457 1192 1486 Avide
1202 1478 1209 1486 .
1234 1464 1247 1494 [
1267 1460 1382 1498 Raptim
1392 1461 1554 1490 *subduceris
1564 1483 1572 1495 ‚
1594 1461 1731 1490 melanti-

108 1493 227 1524 Arabes3
250 1495 360 1523 Atham
371 1516 380 1528 ,
403 1497 510 1535 gustare
519 1519 527 1531 ‚
551 1503 578 1528 ὃς
590 1499 678 1527 cibare
688 1499 784 1527 dicunt
795 1518 804 1526 .
933 1496 994 1526 abus
1003 1497 1134 1535 angustiis
1145 1520 1153 1531 ‚
1175 1503 1203 1528 ὅ(
1214 1502 1398 1530 contubernio
1407 1503 1501 1534 nostro
1522 1512 1636 1531 aventer:
1644 1501 1735 1531 inser-

66 1532 208 1561 ΑττεοιΑ
220 1555 227 1566 ,
248 1535 349 1562 testum
358 1556 366 1568 ,
397 1546 509 1575 tegmen
519 1561 527 1572 ,
549 1546 561 1574 [
574 1549 604 1568 ut
616 1540 732 1578 attegias
744 1538 872 1567 fenestras
885 1561 892 1572 ‚
940 1546 991 1566 ‚tus
1000 1537 1072 1566 fallis
1082 1538 1288 1570 dementiffimo
1307 1553 1336 1571 re
1343 1542 1412 1571 cessii
1430 1544 1638 1572 inclementiam
1656 1544 1732 1570 cani-

105 1575 134 1600 &
146 1573 233 1601 vicini
247 1575 416 1604 Dormitorii
426 1579 527 1608 tabulas
538 1579 672 1618 aggressus
682 1580 818 1617 diriperet
828 1601 836 1612 ,
846 1591 889 1608 ea·
947 1578 1065 1607 cularem
1077 1599 1084 1607 .
1103 1580 1231 1609 Sidonius
1254 1582 1300 1611 lib.
1313 1595 1339 1612 ι.
1359 1584 1438 1622 epist.
1463 1587 1511 1615 2.]
1526 1584 1595 1612 'Ubi
1605 1584 1732 1613 deamici

104 1623 164 1640 rum
176 1614 284 1652 ignibus
294 1615 340 1643 fibi
354 1618 499 1654 prandium
511 1616 676 1659 praepararet
686 1641 693 1648 .
715 1622 760 1659 Jo.
771 1621 891 1649 Diacon.
947 1618 1059 1648 discessu
1068 1622 1250 1659 conqueritur
1262 1645 1269 1656 ,
1292 1634 1372 1661 quem
1383 1624 1415 1652 in
1425 1624 1731 1653 diebustanicularibus

104 1653 134 1681 in
146 1654 205 1682 vita
215 1656 241 1684 S.
252 1657 339 1694 Greg.
350 1659 430 1695 Papae
440 1678 448 1686 .
470 1661 482 1691 ]
503 1661 619 1699 Proprie
636 1661 789 1700 Tugurium
809 1661 893 1700 figni-
948 1659 1076 1688 Sidonius
1095 1662 1177 1690 avide
1194 1661 1385 1702 hospitaverat
1395 1685 1402 1692 .

105 1693 186 1723 ficar.
909 1702 1026 1729 sziuA
1038 1722 1046 1733 ‚
1070 1701 1188 1731 fortune
1211 1703 1381 1744 bona,.quae
1410 1705 1476 1734 Itali
1488 1706 1516 1733 vl'
1527 1716 1629 1739 avere,
1652 1706 1729 1735 Galli

62 1735 188 1765 ArricA
200 1738 303 1766 Recto
313 1757 320 1764 .
343 1737 416 1767 Vide
426 1742 501 1770 Affla
510 1761 517 1768 .
947 1745 1033 1769 Amir
1043 1763 1051 1774 ‚
1070 1741 1189 1780 Hispani
1199 1746 1334 1774 Azienda
1343 1746 1441 1774 dicunt
1451 1767 1459 1774 .

63 1777 213 1805 Λττιςυκ
224 1781 392 1807 ΤΑιεκτωι
403 1799 410 1807 .
435 1781 509 1810 Vide
518 1783 670 1812 Talentum
679 1804 687 1811 .
905 1783 1038 1810 Avernus
1051 1803 1059 1814 ,
1082 1784 1230 1822 aurigarius
1242 1796 1325 1824 equus
1337 1807 1343 1814 .
1356 1787 1562 1816 Gallrovurier
1572 1787 1728 1825 operarium

63 1817 229 1846 Αττιτυιο
241 1839 250 1850 ,
272 1819 384 1848 titulum
395 1821 512 1860 impono
524 1843 531 1850 .
554 1830 565 1859 [
586 1827 626 1853 Ex
646 1823 690 1852 his
710 1823 846 1862 praecipue
855 1824 890 1852 li-
945 1832 1045 1860 equum
1066 1825 1205 1862 appellant
1217 1848 1224 1859 ‚
1248 1827 1282 1855 de
1305 1838 1359 1865 quo
1382 1828 1455 1856 Paris
1477 1829 1508 1856 in
1531 1828 1597 1856 vitis
1617 1829 1684 1858 Abb.

103 1856 156 1884 bris
168 1878 175 1890 ,
197 1868 264 1896 quos
273 1860 441 1890 Periarchon
451 1864 602 1892 attitulavit
617 1884 624 1891 .
637 1864 709 1894 Ruff.
723 1866 753 1893 in
765 1865 888 1905 Apolog.
907 1866 1238 1900 AvfiuuuucofErunco,
1251 1868 1369 1906 Extirpo
1380 1890 1388 1901 ,
1401 1870 1499 1898 Evcllo
1510 1890 1517 1901 ,
1527 1879 1541 1897 a
1555 1869 1637 1898 verbo
1648 1875 1726 1899 Run-

104 1907 155 1935 pro
164 1899 293 1937 Origene
304 1920 311 1927 .
334 1903 345 1932 ]
359 1902 432 1931 Vide
441 1906 603 1933 periarchon
614 1925 623 1934 .
944 1917 972 1933 co
983 1926 991 1937 ,
1013 1917 1044 1934 as
1056 1927 1064 1938 ,
1087 1908 1270 1945 compositum
1282 1929 1289 1936 .
1315 1915 1327 1944 [
1340 1911 1438 1938 Procul
1457 1920 1487 1937 ut
1505 1909 1608 1938 dicitur
1619 1932 1627 1943 ‚
1645 1920 1725 1939 :iver-

62 1939 247 1967 ΑττκιιιυτΑ
258 1940 374 1970 Divum
385 1963 392 1970 .
416 1944 492 1972 Vide
500 1950 587 1982 Opera
597 1966 605 1973 .
944 1956 1093 1975 runcenrur
1102 1958 1240 1977 amentiae.
1253 1949 1355 1978 Arnob.
1366 1951 1412 1978 lib.
1425 1962 1451 1988 3.
1462 1950 1656 1989 Namquehaec
1668 1961 1725 1980 ma-

63 1980 223 2008 Auum-ni
237 2001 245 2012 ‚
268 1983 441 2012 &Avarus.
464 1986 538 2014 Vide
559 1987 734 2026 Philargyria
745 2008 753 2019 ,
775 1991 804 2016 ὃς
825 1988 890 2016 Phi.
942 1986 968 2014 la
980 2007 988 2020 ,
1011 1987 1105 2025 quibus
1125 2000 1207 2022 uror,
1218 1999 1332 2017 ‘terreor
1344 2011 1352 2022 ‚
1374 1992 1464 2029 gestio
1480 2001 1661 2021 averruncare
1672 1992 1727 2021 cle-

101 2019 225 2061 largyrus
236 2040 244 2047 .
942 2028 1064 2056 mentia.
1076 2029 1146 2058 Ibid.
1159 2033 1171 2061 ]
1187 2032 1242 2059 PR.
1254 2029 1433 2060 Priscietiam
1444 2031 1497 2060 hoc
1509 2033 1593 2061 verbo
1605 2033 1643 2062 usi
1651 2031 1725 2061 sunt.

61 2061 150 2089 Auci«
163 2082 171 2093 ,
195 2059 301 2094 Anser,
326 2063 444 2093 volucris
452 2066 589 2105 aquaticus
600 2067 888 2104 domesticus,&sy1-
947 2068 1076 2102 [Placuit
1099 2071 1133 2099 ad
1152 2071 1384 2100 averruncandam
1402 2074 1496 2102 Deum
1515 2073 1583 2102 iram
1602 2073 1726 2102 vifflmas

101 2100 199 2129 vestris
208 2122 216 2134 2
240 2112 343 2130 nomen
352 2105 483 2142 gallicum
496 2112 580 2136 Auca
589 2128 596 2135 .
608 2113 619 2142 [
631 2108 711 2137 Oves
720 2109 888 2149 quadragin-
940 2108 1010 2138 caedi
1020 2128 1028 2135 ·
1051 2110 1145 2139 Livius
1159 2117 1183 2140 8.
1194 2112 1224 2139 ab
1236 2111 1306 2140 Urb.
1319 2113 1331 2142 ]
1343 2116 1370 2141 &
1382 2115 1587 2151 Avaerruncaffo
1598 2136 1606 2147 ‚
1619 2125 1670 2153 pro
1680 2125 1725 2143 eo-

100 2149 128 2168 ta
137 2162 146 2173 ‚
167 2152 239 2171 aucae
251 2144 404 2172 octodecim
414 2166 422 2173 .
444 2148 480 2175 In
489 2148 598 2176 Codice
609 2151 646 2176 M.
666 2149 692 2177 S.
713 2150 886 2180 Fuldenfium
927 2150 1003 2179 dem
1012 2152 1135 2180 Lucilius
1147 2152 1194 2180 lib.
1206 2158 1252 2180 26.
1276 2158 1287 2187 [
1299 2153 1349 2181 Dii
1358 2155 1508 2183 maluerint
1527 2155 1642 2184 meliora
1653 2177 1662 2189 ,
1685 2166 1725 2184 at—

99 2182 285 2212 traditionum
295 2206 303 2217 ,
314 2188 341 2213 &
350 2187 474 2215 Marculf.
484 2185 533 2216 lib.
549 2199 572 2218 ι.
583 2189 754 2228 formul-cap.
779 2201 802 2219 1.
812 2193 824 2222 ]
836 2191 888 2221 Vi-
941 2200 994 2230 que
1002 2192 1378 2231 amentiam-averruncaffint
1388 2204 1463 2224 tuam
1471 2215 1479 2224 .
1489 2197 1502 2227 ]
1513 2195 1601 2224 Unde
1610 2202 1703 2225 Deum
1714 2218 1723 2229 ,

99 2223 135 2251 de
143 2227 241 2253 Aneta
249 2244 257 2252 .
718 2229 721 2231 ’
939 2237 1140 2261 Ami-runcum
1152 2232 1283 2262 habebant
1293 2236 1416 2264 Romani
1428 2258 1435 2269 ‚
1456 2237 1504 2275 qui
1522 2237 1591 2265 mala
1602 2237 1725 2275 expelle-

57 2265 198 2293 Aumnm
209 2286 217 2297 ,
240 2264 364 2295 haeretici
376 2287 382 2294 .
406 2268 480 2297 Vide
488 2271 766 2309 Anthropomorphiu
779 2290 787 2299 .
938 2272 992 2305 bat,
1006 2273 1163 2306 Herculem,
1175 2284 1284 2312 nempe,
1295 2285 1309 2302 a
1318 2277 1425 2305 Graecis
1435 2278 1622 2306 Alexicacum
1631 2278 1725 2315 appel-

57 2306 236 2334 Aummus
247 2328 256 2339 ‚
280 2308 383 2345 publici
392 2309 562 2346 poenitentes
573 2330 581 2338 .
603 2311 678 2340 Vide
696 2317 864 2349 Hyemantes
874 2334 882 2342 .
939 2313 1025 2341 latum
1038 2334 1046 2346 ‚
1057 2318 1086 2343 δι
1098 2315 1417 2353 malorum-expulsorem
1425 2317 1506 2346 sonat
1519 2338 1526 2349 ,
1539 2327 1568 2345 ac
1578 2320 1635 2352 ejus
1643 2320 1725 2346 Tem-

52 2346 234 2376 Aumeuru
245 2369 254 2381 ,
277 2348 348 2386 apud
356 2349 538 2380 Prudentium
548 2373 557 2386 ‚
567 2350 675 2383 sensum
683 2352 882 2394 auditusfigni-
937 2355 1016 2393 plum
1025 2364 1131 2393 magnae
1143 2355 1332 2386 venerationis
1344 2357 1374 2385 in
1386 2358 1484 2388 Mefita
1493 2357 1632 2426 colebatuxlr
1643 2377 1650 2384 .
1663 2363 1675 2401 ζ
1688 2360 1726 2388 Α-

1633 2408 1691 2429 exi-
