1866 2526
431 22 542 70 AL

84 97 143 117 mm
159 84 245 115 eiiam
256 85 510 124 Metropolitanum
519 87 540 120 ‚⁹
551 82 674 124 aliosque
693 81 875 122 comprovin-

83 128 166 158 ciaies
175 125 325 166 Episcopos
335 125 491 155 consuleret
502 149 510 160 ‚
533 135 563 155 ut
573 135 639 154 num
650 125 750 154 idonea
761 123 827 153 css'ct
839 123 873 152 sic
1309 160 1316 169 ,
1423 157 1428 167 Ι

83 167 185 208 agendi
217 166 293 196 causa
307 188 316 200 ,
336 167 495 205 judicarent
513 187 521 195 .
550 166 716 196 Concilium
749 174 873 205 quai-tum
887 167 1061 196 Ammonia
1076 185 1084 197 ‚
1106 173 1196 202 graeca
1218 171 1274 191 vox
1296 165 1465 199 αᾉπγαεια,
1488 159 1596 191 sensum
1613 163 1709 191 diver-

85 208 308 245 Cartbaginense
321 229 329 240 ,
352 219 380 236 c.
389 219 437 246 32.
447 210 534 236 irrita
543 210 597 236 erit
608 227 616 239 ,
627 205 720 245 inquit
732 227 739 238 ,
762 207 873 234 donario

85 249 272 287 Epist-oporam
284 269 293 281 ‚
316 249 364 276 vel
395 248 542 280 venditio,
565 247 613 275 vel
629 249 811 276 commutatio
832 256 870 273 ret

84 289 261 327 ecclefifflicae
283 289 384 327 absque
415 291 599 317 conniventia
621 287 656 321 (ἐι
671 288 871 324 subscriptione

84 331 255 359 clericorum
272 348 279 355 .
303 332 338 358 Et
367 329 531 358 Concilium
562 328 632 356 item
654 326 870 364 Carthaginensi

84 370 215 409 quintum
225 391 233 402 ,
257 379 280 397 c.
292 381 318 404 4.
330 369 369 398 ait
379 382 385 397 :
395 374 423 398 Si
435 370 535 407 aliqua
542 369 679 407 neccffitas
689 371 757 405 cogit
768 388 776 400 ,
797 367 870 395 hanc

85 409 284 448 insinuandam
294 409 342 447 effe
351 413 472 439 Primam
479 412 627 447 provincia
636 407 717 447 ipsius
727 429 736 441 ‚
757 416 791 435 ut
806 416 868 435 cum

1210 22 1319 63 AL
1409 40 1412 55 ·
1605 37 1656 77 41

929 83 970 114 set
978 104 988 117 ,
1009 80 1108 122 mique
1118 89 1213 111 manus
1223 88 1272 118 per
1282 76 1447 108 Catholicos
1458 79 1608 121 Episcopos
1621 77 1710 110 fiiiss'et

930 124 1065 164 imposita.
1076 121 1186 152 Lucifer
1197 119 1316 152 Caralit-
1325 118 1417 157 Episc·
1429 129 1480 157 pro
1490 121 1707 152 D-Atlianafiod

927 206 985 235 sum
995 203 1132 244 significat
1143 225 1151 236 ,
1176 212 1277 241 nempe
1287 223 1295 234 ,
1305 201 1370 230 dum
1379 202 1460 229 :iliter
1467 211 1496 229 :ic
1505 201 1584 231 sonat
1596 203 1707 231 verbum

929 244 1146 284 intelligendum
1158 244 1230 272 illud
1239 242 1277 272 est
1287 265 1296 276 ,
1314 241 1349 270 fic
1359 243 1481 281 exempli
1502 242 1578 271 causa
1590 245 1622 272 in
1633 246 1706 271 Exo-

925 288 963 316 do
974 306 980 318 ,
1002 285 1112 325 sanguis
1121 283 1200 325 super
1212 293 1358 321 utrumque
1370 283 1475 321 postem
1485 305 1493 316 ‚
1514 284 1583 312 &in
1591 283 1706 322 superli-

929 327 1077 356 minaribus
1088 326 1190 364 positus
1201 347 1209 358 ‚
1231 323 1426 353 liberationem
1443 323 1567 353 fidelium
1577 335 1592 352 a
1601 323 1706 352 diaboli

925 367 1058 398 servitute
1077 377 1125 405 per
1143 366 1306 405 sanguinein
1317 363 1388 394 Chri
1395 365 1424 393 sti
1447 365 1506 394 veri
1518 365 1583 405 agni
1604 365 1706 394 imma-

924 409 1008 438 culati
1029 407 1165 447 significat
1175 427 1182 434 .
1206 406 1281 435 Vide
1303 409 1445 443 Anagogia
1454 425 1461 432 .

77 453 188 489 statuto
199 460 312 478 numero
324 451 510 487 Episcoporum
520 471 529 482 ‚
547 458 644 478 utrum
649 447 814 486 faciendum
816 446 867 483 fit,
885 454 1001 480 Αιιειυ
1009 460 1039 480 ’A
1051 469 1059 481 ,
1082 448 1207 476 hebraica
1218 457 1274 475 vox
1286 469 1294 480 ‚
1318 456 1378 484 quae
1389 448 1517 474 Laudare
1530 453 1623 476 Deum
1631 468 1641 480 ,
1658 445 1704 474 seu

81 492 238 521 arbitretur
252 510 259 517 .
276 493 309 518 Et
327 491 491 518 Concilium
503 489 658 528 Agathcnsc
668 509 677 520 ,
699 498 722 527 c.
736 499 761 519 7.
781 485 865 526 [Quod

77 530 247 570 fineccffiras
261 540 336 558 certa
345 530 505 567 compulerit
516 551 524 562 ,
546 539 580 558 ut
595 537 642 567 pro
654 527 770 565 Ecclesia
793 537 869 555 necc-

77 572 170 611 ffitate
180 580 230 599 aut
241 571 371 599 utelitate
381 592 389 602 .
402 571 448 599 vel
457 574 488 599 in
496 569 644 608 usufruc'su
654 590 662 601 ,
685 568 732 596 vc!
753 571 784 595 in
793 568 867 595 dire-

82 614 127 641 fsa
135 613 295 641 venditione
306 611 418 650 aliquid
425 611 597 647 distrahatur
607 622 619 642 ,-
640 610 714 647 apud
723 609 788 636 duos
798 608 867 644 tres-

81 664 118 680 ὐε
129 652 380 690 Comprovince'ales
392 672 399 683 ,
421 652 468 680 vel
489 654 596 680 vicinos
609 651 745 688 Epist-opos
762 648 846 683 cause
858 669 866 680 ‚

84 703 141 731 qua
150 691 291 729 neccffifit
301 692 406 724 vendi,
425 695 561 729 primitus
572 691 754 728 comprobetur
763 709 770 716 .
792 688 866 718 Talis

81 743 141 762 erat
156 733 250 772 legum
271 731 510 760 ecclesiasticarum
536 731 607 760 ratio
620 753 627 763 ,
651 729 781 768 quamdiu
798 728 866 766 Epi-

79 771 156 812 scopi
167 794 175 806 ‚
197 782 346 810 eorumque
355 772 462 801 Clerici
475 772 617 802 communi
627 771 766 799 redituum
777 770 864 798 eccle-

82 813 247 842 siasticorum
256 816 316 848 jure
325 814 480 851 gaudebant
490 834 497 841 .
520 811 604 842 Nihil
613 813 732 841 alienari
745 819 863 849 poterat,

80 854 132 883 nisi
141 864 254 892 utraque
265 862 342 891 parte
361 854 553 882 consentiente
568 875 573 885 ,
596 858 624 882 δι
644 852 864 890 Metropolitano

79 905 108 922 ac
121 893 319 933 Episcoporum
328 895 546 932 provincialium
559 894 674 930 Synodo
684 892 863 930 comproban—

80 945 108 962 te
118 955 125 962 .
148 936 193 964 Ut
211 935 279 963 adeo
298 934 400 964 summa
420 935 568 974 diligentia
590 944 757 974 praecautum
783 942 864 970 atque

79 974 220 1013 provisum
231 975 315 1004 fuerit
324 998 333 1009 ,
355 986 391 1005 ne
410 976 455 1004 vel
473 975 638 1004 necessitatis
647 996 655 1008 ‚
679 975 724 1003 vel
744 973 864 1001 caritatis

80 1017 198 1044 obtentu
208 1017 278 1045 bona
289 1021 316 1045 ὅ(
327 1017 431 1044 reditus
444 1017 569 1044 Ecclefiae
582 1014 798 1044 distraherentur
809 1034 817 1040 .

39 1058 227 1085 Animam
237 1076 244 1083 .
264 1058 322 1085 PR.
347 1055 464 1084 sumitur
487 1065 685 1094 nonnunquam
708 1065 758 1094 pro
776 1053 865 1082 haere-

81 1097 140 1124 tico
149 1117 158 1128 ‚
179 1106 238 1125 can.
250 1107 325 1125 cave.
337 1101 382 1125 28.
395 1108 421 1135 q.
438 1108 460 1125 i.

39 1139 157 1165 Atini-A
168 1157 185 1175 ,ἑ
198 1147 288 1175 graeca
296 1146 352 1166 vox
365 1134 504 1172 οἱλείπτπς
513 1158 523 1170 ,
545 1138 592 1176 qui
602 1139 667 1166 oleo
678 1137 805 1166 Athletas
815 1146 864 1163 un-

79 1177 172 1215 gebnt5
196 1180 282 1215 &per
294 1177 505 1205 translationem
524 1176 578 1205 hoc
590 1177 723 1206 vocabulo
741 1176 801 1204 usus
826 1176 862 1203 est

77 1218 217 1255 eleganter
227 1217 423 1245 Nazianzenus
435 1239 442 1249 ,
461 1217 571 1255 quando
591 1219 640 1247 tali
653 1217 782 1256 epitheto
796 1217 861 1244 San-

35 1279 38 1281 .
76 1257 133 1285 ἂος
142 1255 316 1286 Confess'ores
330 1258 498 1290 celebravit,
519 1259 565 1296 qui
577 1269 627 1297 pro
637 1259 691 1287 fide
710 1258 793 1285 variis
804 1267 859 1285 tor-

77 1296 180 1325 mentis
190 1297 304 1326 cruciati
316 1297 418 1326 suerint
429 1319 436 1330 ,
460 1309 489 1326 ac
501 1300 612 1327 tandem
624 1300 686 1327 viti
698 1297 839 1326 evaserant
852 1320 860 1330 ,

73 1348 191 1376 quorum
200 1338 329 1371 exemplo
342 1361 348 1370 ,
373 1342 401 1367 ὃ(
410 1337 607 1368 exhortatione
616 1339 711 1368 czteri
723 1339 816 1367 fideles
827 1339 860 1367 ad

81 1379 215 1413 martyria
227 1378 383 1408 sustinenda
393 1379 616 1409 confortabantur
626 1403 634 1413 ‚
656 1381 804 1418 :minioque
816 1379 859 1407 in-

41 1450 58 1457 s
79 1419 243 1448 duebantur:
259 1425 271 1454 [
284 1421 364 1448 Hanc
378 1420 554 1449 Athletarum
567 1422 723 1450 nostrorum
734 1420 858 1458 plerique

74 1458 235 1498 superarunt
246 1481 253 1492 ,
265 1460 313 1488 alii
323 1461 356 1488 :td
368 1471 487 1489 mortem
497 1461 580 1500 usque
590 1463 752 1490 diminutes
763 1482 771 1494 ‚
794 1462 858 1489 ideo

79 1501 212 1529 videlicet
222 1522 230 1532 ‚
241 1501 342 1533 relicti,
353 1511 383 1530 ut
397 1502 521 1530 victoriae
531 1501 585 1530 sur
597 1502 681 1531 efl'ent
690 1501 856 1541 superstites,

77 1550 127 1567 nec
147 1540 178 1567 in
197 1539 256 1577 ipso
267 1543 417 1570 certamine
426 1553 546 1571 animam
573 1543 717 1576 efflarent,
739 1541 786 1570 sed
795 1543 858 1570 aliis

79 1580 192 1623 virtutis
200 1580 294 1618 altpt-e
308 1603 316 1613 ,
327 1583 389 1611 vivi
402 1584 549 1618 Martyres,
563 1582 697 1622 spirantes
707 1584 856 1614 columns,

76 1629 214 1658 tantaque
232 1623 371 1658 pra-“coniti
392 1623 615 1661 relinquerentur
625 1644 632 1651 .
652 1626 735 1654 Orat.
745 1624 776 1652 in
786 1624 855 1652 laud.

76 1661 102 1688 S·
114 1660 204 1688 33ίῖΗί
218 1663 249 1691 ·]
276 1662 332 1690 FR.
342 1663 394 1690 hoc
406 1665 603 1692 encomiastico
615 1663 740 1702 epitheto
750 1675 764 1692 a
775 1666 857 1693 Grae-

80 1701 120 1728 cis
133 1701 257 1729 Andreas
267 1703 406 1732 Cretensis
417 1704 550 1742 Archiep.
561 1705 708 1734 celebratus
719 1706 757 1734 est
767 1726 775 1738 ‚
795 1715 858 1743 pro-

81 1750 141 1779 pter
152 1743 382 1779 compositionem
393 1744 468 1772 illius
480 1745 574 1783 magui
587 1747 700 1774 canonis
710 1768 717 1778 ,
730 1756 786 1784 quo
798 1756 858 1783 pec-

74 1791 180 1810 catores
190 1783 224 1810 ad
232 1784 432 1820 poenitentiam
443 1785 615 1814 confortavit
627 1808 634 1819 ‚
645 1791 672 1815 δ(
686 1787 719 1814 ad
730 1785 856 1824 superan-

77 1821 126 1865 dos
135 1821 289 1860 spirituales
300 1826 445 1853 confliftus
454 1825 616 1854 exhortatus
628 1828 665 1856 est
676 1848 683 1855 .
694 1828 818 1866 Ideoque
828 1827 857 1855 in

77 1868 146 1889 teria
163 1872 190 1891 v.
210 1863 269 1900 post
288 1865 469 1894 Dominicam
494 1877 520 1894 v.
541 1867 680 1907 Quadrag.
699 1878 728 1895 ut
746 1869 858 1897 Rimaie

77 1903 242 1930 Graecorum
253 1903 407 1941 prescribit
418 1929 425 1939 ,
445 1906 584 1945 legebatur
594 1929 604 1940 ‚
624 1913 650 1937 ἃ
661 1910 807 1937 Triodium
815 1908 859 1936 di-

73 1942 197 1970 cebatur.
213 1944 331 1973 Aberrat
338 1956 406 1984 ergo
418 1948 594 1976 Vocabularii.
613 1947 715 1977 Eccles.
735 1949 856 1982 Austor,

76 1992 125 2021 qui
139 1981 192 2025 hoc
204 1993 307 2013 nomen
316 1987 466 2023 plagarum
481 1989 643 2024 sanatorem
664 1990 856 2026 interpretatus

75 2023 115 2066 ei}
125 2042 132 2048 .
157 2023 230 2066 Vide
240 2028 389 2055 Dominam
399 2029 569 2058 orthodoxia
577 2048 586 2064 ,
599 2031 634 2058 In
643 2040 699 2067 quo
710 2027 787 2058 sensu
800 2033 858 2059 Vo-

75 2062 165 2107 piscus
184 2073 215 2107 in
235 2064 383 2095 Saturnino
400 2067 509 2097 dixerat
530 2070 610 2104 [Qui
631 2068 658 2098 se
667 2070 777 2099 Christi
791 2074 855 2109 Epi-

73 2103 278 2141 scopidicunt.
299 2106 393 2135 Nemo
413 2108 472 2137 illic
485 2109 732 2149 Archisynsigogus
747 2112 857 2147 Iudaeo-

76 2153 136 2172 rum
149 2165 158 2177 ,
178 2154 260 2172 nemo
269 2144 413 2176 Samarites
423 2170 431 2181 ,
451 2160 534 2178 nemo
546 2146 771 2181 Cliiiihanoruin
782 2149 857 2190 pres-

73 2185 174 2253 pethter,
203 2196 261 2214 non
290 2185 516 2224 Mathematicus,
544 2201 604 2219 non
632 2190 771 2231 Aruspes,
799 2205 857 2224 non

126 2234 201 2263 ptes.

866 836 875 1301 l

921 496 996 520 Laus
1006 495 1062 518 Deo
1071 488 1206 528 fignificat
1217 499 1224 515 :
1247 498 1310 516 nam
1319 487 1415 516 Allelu
1426 508 1433 519 ‚
1444 487 1550 517 laudate
1559 498 1621 516 cum
1634 487 1704 523 jubi-

924 532 970 561 lo;
990 534 1017 559 Β(
1029 530 1078 559 lah
1087 530 1126 558 est
1135 538 1220 556 unum
1241 538 1274 556 ex
1289 529 1343 557 Dei
1366 528 1523 556 nominibus
1534 550 1541 561 ‚
1560 529 1632 566 quod
1640 530 1702 567 Qui

923 575 976 600 erit
989 570 1066 599 sonat
1076 591 1083 597 .
1106 572 1242 608 Tempore
1253 568 1361 597 Damasi
1373 570 1452 606 Papae
1472 569 1501 596 in
1515 569 1599 597 latina
1609 570 1703 597 Eccle-

921 612 957 640 sia
967 611 1155 639 introductum
1167 611 1217 638 fuit
1235 619 1268 637 cx
1280 607 1512 647 Jerosolymitantt
1527 631 1535 642 ‚
1559 614 1586 639 ὃ(
1599 619 1656 637 non
1667 618 1700 636 cx

920 663 1009 691 grieca
1021 652 1138 680 Ecclesia
1150 673 1157 683 ,
1177 651 1243 679 ficut
1264 650 1350 688 aliqui
1361 659 1504 687 perperam
1521 651 1680 679 existimant
1692 669 1702 680 ‚

919 693 950 721 id
959 693 1100 731 Gregorio
1112 694 1215 731 Magno
1225 691 1402 719 attribuentes
1412 712 1420 723 ,
1437 691 1484 728 qui
1504 701 1514 719 t
1523 701 1601 719 tmen
1611 692 1642 719 ab
1651 690 1701 718 ista

919 733 1056 761 calumnia
1074 733 1121 760 lib.
1132 743 1158 764 7.
1178 738 1279 769 ep.63.
1299 730 1326 759 sc
1344 730 1489 764 defendit,
1509 741 1606 760 contra
1630 741 1702 759 non-

919 774 1011 802 nullos
1019 773 1143 802 diceutes
1156 772 1243 810 ipsum
1263 772 1294 800 iu
1306 774 1462 801 Romanam
1472 772 1619 801 Ecclesiam
1627 781 1702 810 grae-

919 814 1027 843 canicos
1038 813 1106 841 ritus
1123 811 1321 841 introduxisse:
1344 812 1411 840 licet
1434 822 1529 840 verum
1552 812 1584 841 sit
1595 834 1603 845 ,
1626 810 1702 851 quod

918 854 976 894 ipse
994 855 1095 883 nedum
1114 854 1226 892 quidem
1257 862 1381 890 tempore
1406 851 1529 881 paschali
1546 874 1556 886 ‚
1585 852 1632 881 sed
1651 862 1701 891 per

919 906 1010 924 totum
1027 905 1129 923 annum
1145 894 1249 923 cantari
1269 892 1430 922 decreviss'et
1442 915 1449 926 ‚
1472 904 1502 922 ut
1523 893 1606 922 refert
1616 895 1701 922 Baro-

919 937 979 965 nius
992 936 1025 965 ad
1034 947 1098 964 ann.
1110 940 1178 974 384.
1188 946 1216 963 n.
1231 946 1276 966 27·
1296 938 1323 962 ὃ(
1335 945 1393 962 non
1411 932 1495 962 semel
1515 934 1542 963 in
1553 945 1628 963 anno
1638 956 1646 967 ‚
1669 943 1701 963 ut

920 979 1067 1006 Sozomen.
1077 977 1124 1005 lib.
1134 988 1161 1008 7.
1173 976 1235 1003 hist.
1246 976 1319 1003 Eccl.
1339 985 1362 1002 c.
1378 985 1421 1011 ¹9·
1440 976 1557 1003 errando
1567 975 1676 1004 dixerat
1686 986 1697 1006 5

920 1018 977 1045 imo
996 1018 1028 1045 in
1037 1017 1201 1046 fiineralibus
1219 1025 1328 1054 quoque
1339 1016 1467 1052 Alleluja
1483 1017 1647 1049 canebatur,
1670 1024 1700 1043 ut
1738 1044 1743 1046 ,

921 1069 954 1086 ex
967 1058 1044 1096 epist.
1055 1059 1092 1086 D.
1105 1057 1274 1091 Hieronymi
1290 1056 1323 1083 ad
1334 1056 1479 1084 Oceanum
1499 1055 1574 1085 minti
1594 1057 1680 1095 liquet
1692 1067 1700 1084 ε

920 1099 966 1127 ubi
977 1100 1011 1127 de
1028 1098 1151 1137 exequiis
1162 1097 1277 1126 Fabzolae
1301 1095 1436 1130 scribens,
1455 1097 1511 1125 ait:
1537 1097 1699 1132 [Sonabant

920 1138 1035 1177 psalmi,
1054 1143 1081 1167 ἃ
1093 1148 1184 1166 aurata
1193 1139 1262 1166 tec-“ta
1271 1140 1338 1166 Tem
1344 1139 1455 1175 plorum
1473 1138 1504 1166 in
1513 1136 1624 1166 sublimi
1632 1148 1699 1176 qua·

920 1180 1004 1207 tiebat
1015 1179 1136 1213 Alleluia
1147 1199 1153 1206 .
1167 1181 1179 1209 ]
1203 1178 1287 1214 Quod
1297 1179 1419 1206 retinent
1439 1179 1469 1205 in
1480 1178 1642 1206 funeralibus
1652 1178 1700 1206 ad-

918 1219 970 1248 huc
981 1220 1072 1249 Gracci
1085 1240 1092 1246 .
1111 1219 1200 1248 Unde
1219 1222 1246 1246 ὅ(
1268 1217 1475 1247 insuneralibus
1486 1219 1601 1257 Agapiti
1619 1221 1698 1257 Papae

917 1261 948 1289 iu
959 1260 1037 1289 Urbe
1050 1259 1366 1297 Constantinopolitana
1374 1259 1515 1288 celebratis
1532 1270 1565 1288 ex
1577 1259 1699 1298 quodam

917 1311 953 1329 m.
964 1313 983 1329 a.
995 1299 1127 1329 Biblioth.
1140 1300 1230 1328 Vatic.
1249 1311 1274 1327 n.
1292 1309 1342 1337 153
1351 1305 1375 1328 8.
1396 1299 1561 1329 conservato
1573 1323 1580 1333 ,
1598 1300 1700 1329 haben·

917 1341 1028 1370 turh.ec
1042 1341 1136 1369 verba:
1152 1346 1164 1375 [
1177 1341 1302 1370 Aderant
1311 1339 1480 1369 diversarum
1492 1341 1699 1379 provinciarum

917 1381 1102 1411 numeroffimi
1115 1381 1262 1420 Episcopi,
1282 1384 1309 1409 δ(
1329 1382 1506 1410 Seoerdotum
1516 1404 1525 1416 ,
1544 1381 1698 1410 Monacho-

915 1434 1028 1462 rumque
1045 1423 1122 1451 chori
1146 1433 1214 1460 pene
1227 1422 1334 1450 Urbem
1356 1422 1546 1461 impleverunt
1558 1443 1565 1450 .
1583 1426 1653 1451 Tota
1662 1423 1697 1451 ad

916 1465 994 1492 sunus
1005 1467 1060 1499 ejus
1071 1463 1240 1498 Byzantium
1259 1463 1335 1491 turba
1354 1464 1504 1492 convenit.-
1523 1463 1699 1502 sacrilegium

915 1505 1025 1543 putabat
1037 1526 1044 1537 ,
1059 1514 1106 1542 qui
1116 1515 1175 1532 non
1185 1504 1235 1532 tali
1244 1503 1379 1532 Pontifici
1396 1505 1525 1532 ultimum
1535 1503 1696 1532 reddidisset

919 1546 1060 1573 officium:
1078 1543 1209 1573 sonabant
1222 1543 1317 1582 psalmi
1331 1566 1338 1577 ,
1358 1544 1501 1573 &excelsa
1518 1547 1587 1573 tecta
1598 1545 1698 1574 domo-

913 1596 973 1614 rum
985 1585 1138 1614 reboansin
1149 1585 1263 1614 sublime
1272 1585 1393 1621 Alleluia
1412 1586 1590 1624 quatiebat-J
1613 1586 1698 1614 Cele-

914 1627 1006 1655 brarur
1015 1625 1059 1654 hic
1070 1626 1202 1654 Pontifex
1215 1636 1352 1664 prxcipue
1370 1636 1484 1664 propter
1493 1625 1698 1664 depositionem

914 1679 928 1696 a
939 1666 1125 1696 patriarchatu
1138 1667 1246 1695 Antimi
1258 1665 1382 1694 haeretici
1394 1688 1402 1699 ‚
1421 1668 1451 1694 in
1459 1670 1534 1702 cujus
1551 1668 1612 1694 loco
1633 1677 1698 1704 pro-

916 1708 982 1746 priis
1002 1708 1125 1735 manibus
1144 1705 1349 1735 consecraverat
1370 1707 1520 1740 Mennam,
1537 1717 1600 1735 cum
1613 1718 1688 1736 anno

919 1759 950 1786 53
958 1754 984 1777 6.
996 1748 1028 1776 ad
1041 1748 1224 1785 justinianum
1234 1749 1435 1785 Imperatorem
1453 1758 1504 1785 pro
1513 1748 1584 1786 pacis
1598 1749 1695 1776 trasta-

914 1799 944 1817 tu
955 1798 1015 1816 cum
1027 1788 1203 1817 Theodorico
1214 1789 1301 1817 Italiae
1313 1790 1392 1827 Rege
1404 1787 1505 1816 ivifl'et.
1516 1790 1612 1826 Itaque
1623 1787 1696 1817 hunc

914 1828 1003 1857 solum
1013 1828 1177 1857 Pontificem
1194 1828 1247 1856 suis
1258 1829 1381 1857 manibus
1390 1829 1578 1858 Patriarcham
1597 1828 1693 1857 conse-

914 1868 994 1898 nasse
1005 1869 1120 1908 legimus
1131 1891 1137 1898 .
1158 1872 1193 1898 In
1201 1870 1311 1899 Officio
1321 1869 1461 1901 Gothico,
1485 1869 1530 1898 seu
1543 1870 1698 1900 mozarabi-

914 1921 947 1938 co
958 1911 1078 1938 adinstar
1088 1912 1250 1940 Graecorum
1261 1911 1328 1938 ritus
1346 1909 1459 1938 habetur
1468 1921 1498 1938 :n
1510 1911 1632 1949 exequiis
1641 1911 1697 1940 Al-

914 1952 1020 1986 leluia.
1041 1951 1120 1980 Idem
1138 1952 1312 1980 Gallicanam
1333 1951 1477 1982 Ecclesiam
1495 1950 1639 1980 observare
1656 1961 1696 1980 :iit

915 1993 1013 2020 Baton.
1035 1992 1069 2020 ad
1086 2002 1150 2020 ann.
1164 2003 1229 2027 590.
1251 1994 1333 2020 Nunc
1352 2001 1419 2019 vero
1437 1991 1538 2020 latii-ius
1547 1992 1615 2020 ritus
1624 1992 1655 2020 in
1663 1993 1698 2022 fi-

896 2042 998 2100 ⁸{num
1018 2032 1155 2060 moestitiae
1178 2032 1266 2060 limile
1284 2031 1422 2060 canticum
1439 2032 1564 2065 omittit,
1585 2033 1619 2061 de
1628 2043 1696 2066 cori-

927 2083 979 2100 ecr.
990 2072 1052 2101 dist.
1068 2084 1090 2100 i.
1100 2076 1127 2101 δι
1138 2073 1250 2101 concil.
1263 2072 1355 2101 Tolet.
1365 2073 1444 2102 XIV.
1464 2084 1522 2102 can.
1537 2084 1580 2102 10.
1590 2073 1656 2106 sicut
1666 2079 1696 2104 δι

910 2115 964 2150 jam
976 2124 1010 2142 ex
1023 2113 1175 2142 Alexandri
1185 2115 1225 2141 11.
1236 2112 1302 2147 ,uss'u
1316 2123 1373 2141 uon
1390 2113 1515 2143 dicitura
1525 2115 1696 2153 Septuagesi-

914 2163 957 2182 im
967 2152 1049 2191 usque
1061 2154 1094 2182 ad
1106 2154 1248 2181 Sabbatum
1258 2152 1381 2181 sanctum
1393 2166 1401 2185 ς
1413 2155 1515 2183 namin
1526 2154 1577 2183 hoc
1587 2163 1696 2194 tempo-

915 2204 944 2222 re
960 2195 1054 2222 moesta
1064 2194 1322 2232 primiPromplaili
1341 2195 1473 2224 memoria
1490 2196 1608 2233 incipit,
1630 2206 1653 2223 c.
1664 2196 1694 2224 hi

914 2235 969 2263 duo
979 2235 1013 2263 de
1032 2233 1152 2262 consecr.
1171 2234 1233 2262 dist.
1249 2245 1282 2270 1..
1293 2234 1366 2263 Vide
1383 2242 1399 2265 S
1402 2236 1590 2274 eptuagefima.
1611 2239 1695 2265 Eum-

915 2275 978 2303 dem
990 2275 1154 2303 Pontificem
1164 2275 1203 2302 bis
1212 2275 1337 2313 replicari
1349 2276 1383 2304 :td
1393 2275 1527 2314 Vesperas
1537 2277 1696 2314 praeceden-

917 2316 952 2343 tis
965 2316 1070 2343 Sabbatt
1081 2315 1237 2344 Dominicae
1249 2316 1376 2355 Septuag.
1385 2316 1521 2345 ordinasse
1530 2337 1537 2344 .
1551 2319 1651 2346 Baton.
1661 2319 1695 2347 ad

917 2365 981 2384 ann.
995 2366 1005 2384 i
1012 2366 1079 2394 073.
1091 2355 1175 2384 refert
1187 2376 1195 2384 .
1206 2357 1278 2386 Item
1287 2366 1337 2386 nec
1347 2357 1487 2388 dicebatur
1498 2358 1527 2386 in
1537 2358 1565 2386 C
1568 2359 1699 2388 ircumc'i·

1575 2397 1660 2428 sionis

28 2269 210 2297 ‚Antistius-
234 2267 308 2295 Vide
329 2268 500 2306 Alythinut.
533 2287 535 2289 ·

33 2309 230 2340 Aitmnrio·
255 2308 330 2336 Vide
351 2311 520 2347 Prosecurio-

32 2347 154 2387 Africo
163 2366 172 2380 ,
197 2355 247 2384 pro
257 2348 379 2389 eligere:
404 2355 417 2387 [
429 2352 520 2381 Nifiis
530 2373 539 2386 ,
563 2362 645 2392 quem
656 2355 731 2384 Deus
745 2354 856 2395 allegis-
