1866 2526
456 57 578 102 AN

91 122 192 162 pa'bant
204 140 211 147 .
234 119 332 156 Itaque
344 113 690 155 Antigraphusaqualiter
705 115 822 152 scrIptor
840 110 884 155 in-

89 159 287 200 terpretandus
297 156 361 186 ess'et
371 179 379 190 ‚
402 156 450 196 qui
462 166 560 196 nempe
572 166 650 194 aeque
661 177 668 189 ‚
691 159 718 184 δι
731 154 884 198 conformo

94 211 136 230 ter
145 200 240 230 scribit
251 221 258 232 ,
281 198 356 237 quod
367 197 439 226 clarc
449 208 482 226 cx
493 197 580 226 citato
592 206 673 225 textu
692 197 731 225 D.
748 197 882 234 Gregorii

91 241 239 281 colligitur
250 251 258 271 ;
281 240 347 268 dum
365 237 576 277 Antigtaphuut
598 246 678 276 rogat
690 259 696 269 ,
719 246 748 264 ut
771 246 828 264 non
851 234 884 262 dc

93 284 179 312 verbo
201 281 233 310 ad
256 280 370 308 verbum
391 278 553 308 tran'cribat
564 300 572 311 ‚
594 277 639 306 seu
654 277 796 306 transferat
807 298 815 310 ‚
837 273 884 303 scd

92 321 201 352 sensum
213 321 338 350 attendat
359 320 389 348 in
409 318 589 348 describendo
601 340 608 351 ,
631 322 659 346 &
676 316 882 355 Antigraphum

97 363 170 392 idem
183 384 190 396 ,
209 362 287 401 quod
299 361 446 399 originalis
463 359 606 398 scriptur-,e
624 359 708 397 copia
720 379 728 391 ,
750 358 864 386 deuouit
875 376 882 387 ,

95 407 123 432 ὃ(
135 414 185 432 nos
195 403 292 432 Italice
304 402 388 429 etiam
407 401 524 429 dicimus
544 401 574 428 la
593 401 795 436 Controscritta
805 418 813 429 ‚
835 396 883 424 de-

91 443 201 482 sumpta
213 442 376 481 metaphora
386 453 399 470 a
410 441 522 480 speculo
533 462 540 473 ,
564 439 639 478 quod
651 439 766 478 sigui-am
776 446 882 480 contra-

87 484 172 523 positi
181 483 328 523 originalis
341 483 371 510 in
379 481 406 512 se
417 481 554 514 continet,
564 491 624 519 qua:
636 475 799 509 ‹irrina-noc,
814 477 882 505 idest

91 534 188 553 contra
197 545 206 557 ‚
230 524 275 552 vel
286 523 399 562 aequalis
410 523 494 561 figura
509 531 621 551 vocatur
632 541 639 547 .
663 519 737 547 vide
748 522 851 555 Appar.

51 566 268 594 Atzriutaeuswn
278 585 285 592 .
310 563 383 590 Vidc
393 564 496 592 Altare
509 583 516 590 .

50 606 235 635 Ammonos
247 626 254 637 ,
277 614 367 643 graeca
377 613 432 631 vox
445 600 603 638 άντῖνομος,
627 599 759 638 i‘destlegi
773 607 882 627 contra-

91 647 148 674 rius
160 667 166 678 ,
192 656 247 684 quo
258 645 340 672 titulo
349 643 476 672 haeretici
487 643 603 680 Joannis
615 641 755 678 Agricola:
766 638 881 668 sestato-

88 696 132 714 res
155 685 286 724 appellati
304 684 367 712 sunt
378 703 385 711 .
408 682 538 712 Rainald.
561 683 591 710 in
612 680 716 710 Annal.
739 681 812 708 Eccl.
837 690 880 708 an.

95 737 104 754 ι
115 737 181 762 5²9·
191 727 238 764 qui
248 724 343 754 docuit
357 723 488 752 inutilem
498 721 550 751 ess'e
568 721 696 750 divinam
715 721 806 759 legem
818 742 826 753 ‚
848 721 880 749 ad

87 769 162 801 cujus
173 765 374 794 observantiam
394 763 559 802 Evangelici
579 762 710 791 homines
720 772 784 790 non
803 771 880 790 tene-

90 806 186 834 bantur
198 826 206 833 .

47 849 229 876 Ait-uocum
240 845 314 874 varia
327 845 460 883 Epitheta
470 865 477 872 .
501 845 576 873 Vide
587 844 723 881 Theopolts
737 863 744 870 .

48 889 182 916 ANTH’EL
190 896 306 915 Axomis
319 908 326 919 ,
338 897 427 925 graeca
439 895 493 913 vox
504 883 675 922 α’ντι-πελοίρ)
683 893 738 914 wis
747 892 879 920 compen-

86 926 160 955 satio
170 948 178 959 ,
201 927 348 955 retributio
360 938 368 959 ‚-
392 937 447 965 quo
458 926 591 954 vocabulo
601 925 627 954 S.
642 924 754 953 Basilius
765 923 841 952 hom.
853 930 879 951 6.

90 967 121 996 in
133 969 252 996 Hexam,
262 967 321 996 usus
333 968 371 995 est
385 987 393 995 .

47 1009 274 1036 Axium-murum
292 1028 299 1035 .
334 1015 346 1043 [
366 1007 443 1036 Fecit
463 1017 539 1046 aqua:
567 1015 660 1034 manus
692 1005 880 1043 antipcmptor

93 1047 234 1075 deauratas
245 1067 253 1074 .
276 1047 372 1076 Anast-
385 1047 456 1076 Bibl.
468 1048 498 1074 in
507 1049 599 1075 Leone
612 1048 668 1074 111.
679 1047 689 1076 ]
701 1055 831 1083 corrupte
841 1054 880 1073 ta-

94 1097 158 1115 men
169 1109 178 1120 ‚
202 1087 352 1125 legendum
362 1091 516 1124 Antipcnte
527 1108 535 1120 ‚
559 1097 591 1114 ex
604 1097 696 1125 graeco
706 1083 767 1115 dm}
779 1107 786 1118 ,
809 1093 881 1123 oppo-

90 1127 182 1165 situm
195 1149 203 1160 ‚
227 1131 254 1156 ὃ(
266 1124 347 1158 πέντε
357 1149 365 1160 ‚
388 1131 511 1165 quinque
520 1149 528 1160 ‚
552 1127 641 1159 idest,
668 1126 792 1164 quinque
813 1126 879 1154 vasis

88 1168 140 1196 alia
150 1169 272 1206 quinque
282 1168 407 1205 opposita
419 1167 485 1195 fecit
496 1186 502 1193 .

49 1209 272 1237 AxrxperAsinA
285 1228 293 1241 ‚
315 1218 405 1246 graeca
426 1218 482 1236 vox
501 1205 702 1242 οινγιπέτυεσμα
723 1228 730 1239 ,
761 1206 879 1235 Pallium

88 1248 191 1278 Altaris
202 1269 211 1281 ,
233 1247 262 1276 in
281 1258 337 1286 quo
355 1248 508 1288 antiquitus
528 1248 632 1276 Cruces
654 1247 778 1286 effigiare
799 1247 877 1275 sole-

89 1289 171 1317 bant.

45 1332 264 1362 Animi-rum,
276 1330 394 1359 donatio
402 1329 493 1369 sponsi
505 1328 610 1367 sponsa:
624 1328 803 1358 faCtaintuitu
814 1328 876 1359 vio-

76 1369 202 1398 *lationis
211 1391 219 1403 ‚
242 1381 353 1410 agraeca
365 1383 434 1400 voce
454 1368 568 1406 α’ννῖφαῚ
577 1382 600 1400 ον
611 1393 618 1404 ‚
641 1371 671 1399 ab
682 1367 744 1400 :ivri
757 1392 764 1403 ,
789 1370 858 1398 idest
871 1391 878 1402 ‚

86 1419 139 1448 pro
150 1432 157 1443 ‚
180 1421 260 1449 atque
268 1409 352 1450 φανεὶς
363 1434 370 1445 ,
396 1413 464 1440 fama
478 1433 485 1445 ,
508 1409 616 1439 scilicet
628 1432 636 1443 ‚
659 1410 810 1439 honestatis
821 1432 828 1443 ‚
852 1415 878 1438 ἃ

80 1460 202 1480 „vocatur
213 1474 222 1484 ‚
246 1452 332 1490 vulgo
343 1454 484 1482 clotarium
497 1473 504 1484 ‚
527 1451 572 1478 scu
584 1453 791 1480 anttdotarium
803 1471 810 1478 .
822 1453 878 1480 PR.

86 1489 195 1519 fortasse
207 1503 240 1520 ex
252 1494 335 1520 verbo
345 1504 438 1532 graeco
449 1493 578 1529 έγῃφωνῶ
589 1504 630 1521 σοι
641 1513 647 1523 ,
660 1491 785 1529 spondeo
797 1513 804 1524 ,
816 1502 878 1529 pro-

87 1530 171 1558 mitto
182 1551 190 1563 ,
212 1533 311 1560 suidas
324 1553 332 1564 ,
356 1534 402 1561 vel
419 1545 452 1562 ex
466 1533 592 1562 dictione
610 1529 745 1570 ἐντῖφερνκ
758 1554 765 1564 ,
789 1532 858 1562 idest
870 1554 877 1564 ,

86 1572 286 1608 antenupn'ah's
298 1594 305 1604 ‚
328 1573 346 1600 l.
359 1574 408 1601 uit.
428 1575 464 1604 C.
475 1575 509 1602 de
529 1573 726 1601 donationibus
746 1583 809 1600 ante
827 1583 876 1601 nu-

87 1610 160 1648 prias
172 1631 178 1638 .
202 1611 218 1638 l.
230 1622 261 1639 cx
282 1622 371 1641 morte
383 1615 419 1642 C.
430 1615 463 1642 de
474 1613 556 1652 paestis
567 1635 574 1646 ,
598 1614 632 1641 de
645 1624 697 1651 qua
711 1614 828 1641 Hotom.
850 1614 878 1641 in

86 1649 225 1679 observat.
236 1653 268 1680 ad
282 1663 337 1680 vet.
348 1655 468 1692 nuptiar.
481 1655 524 1682 tit.
543 1664 566 1681 c.
578 1665 604 1685 7.
614 1664 711 1682 caetera
733 1663 800 1682 vero
809 1655 879 1682 bona

87 1692 215 1719 mulieris
226 1690 376 1731 νεκῗὲβῖφερνκ
387 1695 550 1723 dicebantur
561 1714 568 1721 .
591 1695 608 1722 l.
621 1694 640 1722 fi
651 1705 704 1733 ego
715 1714 722 1721 .
745 1693 772 1722 ff.
784 1695 818 1724 de
837 1698 878 1732 ju—

85 1741 117 1761 re
126 1731 200 1760 dotis
211 1753 219 1764 ,
242 1733 328 1761 latine
340 1740 496 1772 Receptitia
507 1757 514 1768 ‚
537 1734 606 1762 idest
621 1756 629 1767 ‚
641 1745 720 1763 extra
729 1735 824 1763 dotem
835 1736 878 1764 di—

86 1782 202 1801 cuntur.
225 1773 243 1800 l.
255 1773 367 1802 maritus
378 1795 385 1802 .
396 1774 421 1803 ff.
432 1775 465 1803 ad
476 1777 494 1803 l.
508 1775 647 1803 falcidiam
657 1797 664 1802 .
676 1775 750 1804 Vide
762 1778 876 1815 Hypobo-

84 1813 142 1840 lon.
162 1812 364 1850 >jurisconsulti
393 1825 487 1844 tamen
515 1817 664 1844 maximam
689 1815 877 1845 differentiam

89 1852 244 1891 agnoscunt
253 1855 328 1883 inter
348 1857 418 1884 bona
437 1858 562 1889 dotaba,
581 1857 799 1895 paraphernalia
811 1878 820 1890 ,
843 1857 877 1890 ὠ·

89 1897 235 1930 receptitia
245 1915 252 1922 .

48 1937 112 1962 AN]
123 1944 231 1962 H‘HONA
243 1955 252 1967 ,
273 1946 362 1974 groeca
372 1949 426 1966 vox
441 1935 575 1975 Α’ντιῳώιη
583 1938 724 1976 reciproca
746 1937 878 1967 vocifera-

90 1974 133 2002 tio
141 1992 150 2005 ι
174 1974 321 2004 sctundum
332 1989 399 2007 vero
409 1978 568 2017 psalmodiae
579 1980 711 2008 rubricam
733 1979 813 2007 verba
828 1979 875 2007 illa

87 2015 289 2054 intelliguntur
299 2038 307 2049 ‚
317 2028 376 2055 quae
389 2020 420 2047 in
430 2019 529 2058 psalmi
541 2019 682 2058 principio
691 2020 856 2048 intonantur
870 2042 877 2052 ,

87 2056 124 2083 :id
134 2065 250 2094 quorum
262 2066 358 2086 tonum
367 2060 601 2098 uterqueChorus
613 2060 793 2099 prosequitur.
807 2066 819 2095 [
831 2062 876 2099 Ig-

88 2097 182 2124 natius
196 2096 357 2126 Antiochiae
368 2100 454 2134 Syriae
469 2101 566 2129 tertius
578 2102 638 2139 post
649 2101 814 2140 Apostolum
827 2103 877 2130 Pe-

89 2145 165 2164 trum
179 2137 329 2175 Episcopus
344 2140 418 2168 vidit
437 2143 612 2179 Angelorum
633 2142 767 2171 visionem
779 2163 787 2175 ,
809 2152 878 2180 quo-

89 2177 176 2205 modo
185 2179 352 2216 antiphonas
364 2180 466 2209 Sanfloe
476 2183 607 2211 Trinitati
616 2182 784 2215 dicebant‚&
795 2181 878 2217 hym-

90 2226 142 2244 nos
154 2228 162 2247 ς
185 2217 262 2256 isque
272 2220 385 2248 modum
406 2221 519 2250 visionis
528 2222 717 2252 Antiochenae
739 2221 878 2252 tradidisse

86 2257 224 2296 probatur
242 2261 388 2294 Ecclesiae,
411 2264 438 2289 ὅ(
458 2271 491 2290 ex
503 2261 557 2291 hoc
569 2263 602 2292 ad
626 2266 733 2292 cunctas
752 2263 877 2292 transivit

88 2298 224 2327 Ecclesias
233 2319 240 2327 .
263 2301 354 2329 Valaf.
366 2302 400 2329 dc
412 2301 466 2329 reb.
477 2303 577 2331 Eccles.
588 2313 646 2341 cap.
660 2317 673 2333 2
682 2314 706 2339 ς.
717 2307 729 2336 ]
750 2303 879 2333 Theodo-

83 2347 165 2381 cretus
178 2360 187 2371 ,
210 2343 237 2368 ὅ(
253 2341 347 2369 Suidas
359 2341 438 2378 hujus
459 2342 600 2372 alternatae
618 2345 758 2374 cantionis
775 2345 878 2382 primos

83 2387 255 2417 inventores
268 2382 470 2415 Flavianum&
481 2383 642 2415 Diodorum
651 2384 801 2416 Monachos
814 2385 877 2416 suis-

127 2420 323 2454 Hiero'lexicon
345 2427 439 2455 Matri
448 2444 455 2452 .

199 2469 209 2479 Ο

1207 51 1328 96 ΑΝ
1612 60 1660 107 65

939 109 967 139 se
977 132 985 144 ‚
1009 110 1124 140 asserunt
1134 131 1142 143 ‚
1164 110 1212 148 qui
1230 108 1394 140 Constantii
1415 111 1486 147 Imp.
1498 119 1622 148 tempore
1645 112 1724 140 vixe-

935 161 998 181 rant
1009 163 1016 183 ‚²
1035 151 1084 180 sed
1093 150 1137 179 isti
1149 149 1255 180 sortasl'e
1265 151 1436 189 reciprocum
1446 160 1556 179 cantum
1567 151 1597 178 in
1607 151 1724 189 psalmo-

935 192 1010 221 diam
1022 191 1236 221 introduxerant
1246 213 1253 224 ,
1277 203 1308 220 ut
1318 200 1351 219 ex
1362 191 1534 221 Tlieodoreti
1546 192 1636 220 verbis
1645 194 1725 221 colli-

935 233 1014 272 gitur
1023 254 1031 266 ,
1055 233 1090 263 fic
1108 232 1223 269 uicatim
1245 238 1256 267 [
1277 231 1318 262 Hi
1339 233 1414 260 enim
1435 232 1520 270 primi
1548 230 1725 270 psallentium

938 273 1026 302 choro
1041 274 1071 302 in
1079 274 1144 302 duas
1156 283 1244 311 partes
1253 271 1346 303 diviso
1364 298 1368 305 ,
1390 272 1510 308 hymnos
1521 272 1676 302 Davidicos
1685 274 1725 301 al-

939 314 1024 343 ternis
1035 315 1161 343 canendo
1173 313 1352 342 instituerunt
1361 334 1368 341 .
1393 316 1404 345 ]
1426 313 1558 342 Momchi
1578 314 1654 343 enim
1665 336 1672 347 ,
1697 323 1726 341 ut

942 355 1025 383 refert
1032 354 1179 384 caffizmus
1188 354 1235 383 hb.
1252 366 1274 383 1.
1284 355 1318 382 de
1329 353 1417 382 instit.
1429 355 1538 383 coenob.
1548 365 1605 393 cap.
1620 365 1643 389 5.
1654 354 1725 383 sole-

940 397 1003 424 bant
1014 396 1044 424 in
1057 396 1150 424 medio
1159 394 1252 425 Chori
1261 395 1355 424 sedere
1365 416 1373 427 ‚
1386 405 1537 434 magnaque
1550 395 1704 424 devotione
1716 416 1724 427 ‚

939 440 965 465 ὃ(
977 437 1136 465 attentione
1145 446 1230 465 unum
1241 447 1273 465 ex
1285 436 1324 464 eis
1338 445 1428 464 totum
1439 433 1571 473 psalmum
1582 436 1723 475 legentem

938 477 1031 505 audire
1041 498 1049 505 .
1068 479 1194 516 ›Itaque[
1205 477 1361 506 Ambrosius
1373 475 1523 515 Episcopus
1531 477 1616 505 ritum
1625 487 1726 505 canen-

940 517 968 544 ‹li
979 516 1143 555 antiphonas
1154 518 1184 546 in
1194 518 1310 546 Ecclesia
1321 517 1424 555 primus
1435 518 1468 545 ad
1478 517 1591 546 Latinos
1610 518 1725 546 transtu-

939 557 973 585 lit
986 569 1000 586 a
1009 559 1114 587 Graecis
1125 580 1134 592 ,
1157 558 1230 598 apud
1240 569 1306 598 quos
1316 558 1361 586 hic
1376 558 1443 586 ritus
1454 561 1508 593 jam
1525 559 1680 587 inoleverat
1690 568 1724 587 ex

938 597 1070 626 instituto
1081 601 1106 627 5.
1125 599 1230 638 Ignatii
1245 598 1419 628 Antiocheni
1439 599 1586 638 Episcopi.
1608 599 1726 638 Sigiber.

938 637 968 665 in
987 638 1098 667 Chr-on.
1116 650 1174 678 cap.
1200 650 1242 668 12.
1255 642 1266 671 ]
1288 640 1372 677 Quod
1389 641 1473 668 etiam
1486 641 1524 669 D.
1537 643 1612 679 Aug.
1632 640 1678 668 lib.
1696 651 1726 675 9.

936 678 1150 708 confessionum
1161 690 1218 719 cap.
1232 687 1258 709 6.
1269 684 1296 710 δ(
1309 692 1335 713 7.
1354 681 1426 709 clarc
1435 681 1554 710 affirmat
1566 703 1574 714 ,
1596 680 1728 718 additque

937 720 963 747 S.
977 720 1150 749 Ambrosium
1171 721 1204 749 ad
1216 721 1426 750 similitudinem
1435 721 1592 751 Orientalis
1603 720 1726 750 Ecclesia:

938 759 972 788 ad
982 759 1106 789 fidelium
1115 760 1339 790 consolationem
1349 784 1356 795 ,
1367 763 1413 800 qui
1424 772 1486 790 tunc
1496 763 1610 799 Justinae
1622 761 1727 790 Valent*

938 800 1040 829 riniani
1050 803 1121 839 Imp.
1135 802 1228 830 matris
1246 803 1357 831 Arianae
1368 802 1445 831 seetae
1456 802 1579 831 fautricis
1600 801 1726 839 persecu-

940 841 1020 869 tione
1039 842 1206 871 vexabantur
1217 865 1225 876 ‚
1248 841 1595 883 liujusmodi·recipt⁴otum
1607 852 1725 870 cantum

939 881 1084 910 institnisse
1093 903 1099 910 .
1115 883 1199 920 Quod
1210 884 1312 912 deinde
1325 884 1435 914 Damasi
1447 887 1526 922 Papae
1537 884 1649 913 decreto
1659 893 1724 911 con-

937 922 1073 951 firmatum
1084 922 1181 956 suit,ex
1192 936 1242 964 qua
1254 925 1399 953 pontificis
1411 925 1632 956 Constitutione,
1644 923 1721 952 inad-

938 965 1183 1004 vcrtcnterssliqui
1203 976 1253 1004 pro
1275 965 1364 1003 primo
1396 966 1555 994 institutore
1574 963 1724 995 D.1masum

940 1002 1041 1033 faciunt
1053 1026 1060 1036 ‚
1073 1006 1148 1043 quod
1159 1016 1191 1033 cx
1206 1006 1388 1035 Ambrosiano
1399 1006 1529 1036 instituto
1541 1005 1615 1035 suiss‘e
1627 1028 1635 1039 ,
1644 1006 1724 1044 supra

938 1044 1172 1073 manifestavimus
1184 1066 1190 1073 .
1215 1048 1279 1082 Quo
1289 1058 1356 1076 vcro
1365 1047 1398 1076 ad
1410 1047 1639 1086 significationem
1659 1047 1728 1074 reci*

937 1086 1012 1122 proci
1023 1086 1096 1113 istius
1107 1097 1199 1114 cautus
1211 1087 1363 1126 Gregorius
1381 1087 1457 1116 hom.
1470 1099 1496 1126 3.
1507 1089 1538 1117 in
1548 1087 1650 1116 Ezech.
1669 1086 1724 1115 ait:

939 1125 1030 1160 [Ideo
1040 1125 1156 1163 psalmos
1168 1128 1272 1156 alterna
1284 1129 1476 1156 modulatione
1485 1138 1624 1157 cantamus
1634 1150 1641 1160 ,
1665 1127 1727 1166 quia

937 1175 1013 1194 amor
1023 1166 1042 1194 si
1055 1177 1113 1195 non
1125 1167 1157 1195 sit
1167 1178 1273 1196 mutuus
1285 1190 1291 1200 ‚
1314 1169 1446 1205 jucundus
1458 1167 1508 1197 css'e
1530 1180 1588 1197 non
1607 1168 1703 1206 potest.
1714 1170 1728 1198 ]

939 1207 1073 1244 Idemque
1083 1206 1169 1235 sentit
1179 1208 1332 1237 Amalarius
1344 1209 1390 1237 lib.
1405 1221 1430 1244 4.
1441 1220 1499 1248 cap.
1512 1222 1538 1246 4.
1551 1208 1725 1247 Antiphonae

937 1247 968 1274 in
976 1246 1143 1276 solemnibus
1157 1248 1350 1278 festivitatibus
1361 1250 1555 1288 duplicantur,
1578 1250 1640 1288 quia
1661 1248 1726 1277 cha-

937 1287 1001 1315 ritas
1013 1298 1078 1315 tunc
1088 1290 1174 1327 magis
1186 1290 1264 1318 debet
1278 1289 1430 1318 fervescere
1440 1312 1448 1324 ‚
1471 1301 1497 1319 at
1509 1291 1539 1319 in
1555 1291 1617 1319 aliis
1626 1290 1727 1319 -diebus

937 1328 1108 1366 principium
1126 1340 1233 1358 tantum
1255 1330 1419 1369 antiphonae
1439 1331 1550 1360 canitur
1568 1341 1632 1361 ante
1656 1330 1728 1369 psal-

939 1379 1012 1397 mum
1025 1391 1032 1401 ‚
1056 1371 1086 1398 in
1097 1373 1170 1406 cujus
1186 1370 1240 1399 fine
1254 1372 1362 1411 integre
1372 1373 1540 1410 replicatum
1565 1383 1627 1402 nam
1636 1372 1726 1400 chari-

938 1419 977 1439 tas
989 1432 996 1443 ‚
1019 1411 1154 1450 aitHugo
1164 1423 1180 1440 a
1192 1413 1217 1440 S.
1231 1413 1345 1441 Victore
1358 1435 1365 1445 ,
1388 1413 1416 1441 in
1427 1412 1476 1441 liae
1488 1413 1546 1443 vita
1559 1413 1674 1451 incipit,
1697 1416 1726 1441 δε

936 1450 966 1479 in
978 1450 1067 1480 futura
1078 1452 1292 1490 pei-sestionatur
1302 1475 1308 1481 .
1332 1453 1376 1482 Ab
1395 1463 1451 1482 uno
1460 1453 1529 1482 solo
1542 1454 1668 1483 initiatur
1678 1464 1726 1482 an-

935 1491 1051 1529 tiphona
1061 1514 1068 1525 ,
1088 1503 1151 1532 *qux
1163 1504 1177 1522 a
1188 1494 1347 1522 canentibus
1359 1493 1537 1523 *reasl‘umitur
1547 1517 1555 1528 ,
1577 1495 1642 1536 quia
1662 1493 1725 1522 cha—

935 1532 1000 1560 ritas
1010 1554 1017 1565 ,
1041 1544 1100 1572 quae
1112 1544 1126 1562 a
1138 1533 1254 1563 Christo
1265 1545 1394 1573 tanquam
1408 1535 1484 1564 fonte
1494 1535 1595 1568 scatet,
1619 1536 1649 1563 in
1667 1537 1725 1571 ejus

936 1573 1063 1602 membris
1075 1596 1082 1607 ,
1107 1585 1206 1613 nempe
1218 1597 1226 1608 ‚
1250 1575 1375 1604 fidelibus
1385 1576 1554 1606 dii-amaturs
1580 1576 1642 1604 idco
1655 1584 1724 1603 tem-

935 1624 1002 1652 pore
1012 1614 1134 1643 Paschali
1148 1616 1176 1644 in
1186 1617 1322 1644 matutino
1335 1625 1425 1654 pauca*
1437 1615 1596 1654 antiphonae
1608 1615 1727 1644 recitan-

933 1664 979 1683 tur
989 1677 996 1688 ‚
1011 1656 1074 1693 quia
1084 1665 1149 1685 tunc
1159 1656 1325 1695 supponitur
1335 1656 1515 1685 abundantius
1525 1656 1621 1695 augeri
1631 1656 1661 1684 in
1672 1666 1724 1685 no-

934 1695 974 1723 bis
989 1695 1153 1725 charitatem
1165 1718 1174 1729 ,
1197 1697 1231 1725 ob
1242 1697 1552 1726 meinoriamrccentem
1564 1695 1636 1726 effusi
1648 1696 1725 1736 Agrii

933 1735 1075 1775 sanguinis
1084 1758 1093 1769 ,
1118 1746 1148 1765 ut
1161 1737 1238 1766 nobis
1250 1748 1312 1767 vera
1323 1739 1490 1766 tribueretur
1502 1748 1553 1776 pax
1564 1758 1571 1765 .
1591 1737 1723 1776 Andega-

934 1777 1022 1806 veniis
1034 1778 1149 1806 Ecclesia
1161 1778 1190 1806 in
1203 1778 1563 1816 aliquibus‘solcinnitatibus
1573 1788 1637 1807 ante
1657 1776 1725 1807 Mis-

933 1816 1164 1857 saefivangelium
1175 1820 1286 1848 canebat
1306 1819 1490 1858 antiphonam
1512 1819 1546 1847 ad
1556 1819 1721 1848 Benedtdus

933 1858 1007 1886 illius
1017 1858 1073 1887 diei
1085 1858 1245 1898 assignatam
1257 1882 1265 1893 ,
1289 1871 1349 1898 quae
1359 1865 1436 1889 Ante
1446 1859 1635 1897 Evangelaum
1645 1860 1721 1888 dice-

934 1898 1030 1927 batur⁴
1055 1901 1164 1937 Septem
1175 1901 1230 1928 illae
1242 1900 1416 1938 Antiphonx
1427 1922 1435 1932 ‚
1445 1910 1509 1938 quas
1521 1909 1648 1938 tempore
1662 1900 1720 1929 Ad-

934 1948 1033 1967 ventus
1044 1940 1078 1968 ad
1089 1941 1256 1978 Magnificat
1269 1951 1332 1969 ante
1349 1940 1454 1979 septem
1474 1940 1532 1969 dics
1554 1941 1722 1970 Nativitatis

935 1980 1056 2008 Domini
1066 1980 1244 2010 Universalis
1256 1981 1372 2010 Ecclesia
1385 1981 1483 2019 incipit
1495 1991 1610 2015 canere,
1622 1982 1721 2010 dicun-

935 2030 979 2048 tur
990 2032 1105 2056 majores
1117 2042 1124 2049 .
1147 2024 1186 2050 At
1198 2022 1227 2050 in
1240 2021 1358 2050 Ecclesia
1375 2020 1578 2050 Paristen.sunt
1599 2033 1714 2056 novem,

933 2071 963 2088 ut
973 2061 1002 2089 in
1013 2059 1062 2089 suo
1070 2062 1287 2091 Parascevastnco
1300 2062 1376 2100 prael.
1398 2074 1425 2098 4.
1447 2062 1574 2100 Theoph.
1585 2064 1722 2099 Raynaud

934 2101 1064 2134 testatus,
1088 2103 1134 2141 qui
1149 2103 1189 2130 ait
1211 2112 1253 2130 ter
1263 2102 1391 2140 replicari
1403 2124 1411 2136 ,
1433 2112 1546 2142 excepta
1565 2103 1640 2132 sexta
1660 2109 1722 2133 An-

934 2143 1003 2179 tzph.
1013 2152 1072 2180 quae
1086 2142 1261 2171 inhonorem
1273 2145 1298 2172 S.
1317 2142 1432 2172 Thomae
1451 2144 1581 2182 Apostoli
1600 2144 1704 2173 dicitur
1714 2167 1722 2178 ,

933 2192 1033 2222 nempe
1042 2204 1051 2216 ,
1064 2183 1091 2211 in
1103 2183 1241 2222 principio
1253 2205 1260 2216 ,
1282 2184 1349 2212 &in
1361 2183 1416 2212 fine
1426 2185 1524 2212 cantici
1536 2185 1701 2222 Magnificus
1715 2208 1723 2218 ,

936 2223 1022 2251 tertio
1033 2224 1093 2261 post
1104 2225 1199 2252 Gloria
1208 2227 1289 2252 Patri
1300 2246 1307 2256 ‚
1331 2234 1412 2262 atque
1422 2236 1494 2254 nona
1517 2226 1605 2253 Beatae
1627 2226 1722 2254 Mariae

937 2264 1053 2303 Virgini
1063 2264 1101 2292 est
1111 2264 1237 2293 dedicata
1248 2284 1254 2291 .
1278 2266 1313 2293 In
1326 2264 1461 2304 Hispania
1473 2275 1565 2294 autem
1575 2276 1608 2294 ex
1629 2266 1721 2304 singu<

936 2304 985 2332 lari
995 2305 1148 2343 privilegio
1170 2304 1306 2343 Gregorii
1323 2307 1408 2334 xm„
1425 2306 1468 2334 hae
1480 2305 1586 2345 septem
1604 2308 1722 2344 Antiph.

934 2343 1072 2383 incipiunt
1082 2354 1096 2373 :2
1106 2346 1150 2372 die
1168 2345 1358 2374 16.Decembr.
1369 2356 1433 2375 nam
1443 2347 1476 2376 ad
1493 2358 1501 2374 ι
1509 2359 1535 2379 7.
1550 2357 1646 2376 vacant
1656 2357 1722 2385 pro—

933 2395 995 2424 Pter
1004 2385 1156 2416 solemnem
1164 2386 1376 2419 celebrationem
1387 2387 1588 2425 expestationis
1600 2387 1724 2426 virgina-

1421 2431 1441 2458 E
1650 2429 1680 2458 lis
