1866 2526
455 41 551 85 DI

102 97 494 134 monssteniof'etinendacum,
506 105 534 130 σε
545 101 580 130 de
594 102 703 132 ratione
712 101 833 132 docendi
842 113 896 137 eas,

92 147 135 174 ¹&
143 142 320 178 de‘ejlefflone
328 141 547 171 Diaconin'arum
557 163 565 176 ,
587 145 615 170 ὃ(
624 144 720 172 officio
733 165 740 177 ,
753 153 834 186 atque
845 143 895 173 usu

102 193 194 215 anim
203 184 242 218 εΗ·
253 182 347 212 Graeci
357 191 450 212 tamen
460 179 630 214 Διακίνιοιςᾶυ
640 184 762 214 Diaconi
781 194 894 215 uxorem

101 225 243 266 appellant
251 245 260 258 ,
284 232 344 262 quae
356 223 387 251 in
396 224 513 253 Ecclelia
523 223 676 254 honoratur
687 237 695 257 ς
708 224 861 264 praestando
870 225 895 254 ei

103 266 265 306 digniorem
283 264 357 292 inter
380 263 508 296 soeminas
517 265 607 293 locum
618 286 625 297 ,
646 266 820 304 candidoque
830 267 895 294 velo

102 308 207 346 tegitur
216 327 224 339 ,
234 314 285 334 nec
294 315 360 333 auro
371 326 380 338 ‚
389 303 559 344 gemmisque
568 307 672 339 ornari,
683 317 732 335 nec
743 307 839 335 crebro
849 317 894 346 pu.

100 347 172 376 blice
180 356 309 386 apparere
321 346 504 385 permittitur,
514 357 544 374 ac
553 345 638 374 semel
651 347 772 380 viduata,
784 347 803 376 fi
811 347 845 376 ad
855 346 892 375 se-

100 387 204 417 cundas
213 387 324 425 nuptias
332 385 469 415 transterit
479 408 488 419 ,
501 386 592 415 invisa
602 409 609 420 ,
618 391 646 416 dt
654 387 744 426 spreta
755 397 877 416 remanet
886 408 893 415 .

99 428 175 458 vide
185 429 278 465 Cusbri
280 439 299 456 x
308 447 316 454 .
326 431 455 455 Dias-ona
465 447 473 455 .

59 469 240 499 DiAconirA
251 489 258 496 .
271 470 328 497 FR-
340 468 405 496 iicur
417 467 516 496 Levita
525 489 533 501 ‚
547 467 584 498 ita
594 468 744 497 Diaconita
753 468 893 497 Diaconus

97 511 252 549 ‘appellatus
259 509 326 537 suit:
340 513 352 542 ἱ
364 508 501 538 Omnium
510 508 555 536 hic
566 507 784 537 deservientium
793 509 891 552 Diaco-

100 552 221 580 nitarum
232 571 239 578 .
255 550 333 588 Apud
342 549 501 588 Torrigium
512 549 547 578 de
556 550 660 587 Crypr.
672 549 764 578 Vatic.
773 549 890 588 impress.

93 590 217 623 secunda
225 601 295 630 pag:
303 600 315 626 5
322 601 334 628 3
341 601 368 622 7.
626 630 632 635 ι

57 632 218 669 Diiicoieus
231 654 237 665 ‚
250 635 280 660 ni
294 653 301 664 ,
313 634 340 659 ὅ(
352 633 459 659 Diacon
471 653 478 664 ‚
490 634 535 659 nis
545 651 554 663 ,
563 631 663 659 Levita
675 653 682 664 ,
695 642 728 659 ex
737 641 830 670 graeco
842 641 890 659 vo-

100 674 196 702 cabulo
206 669 338 706 Διοῖκονος
349 692 356 703 ,
371 671 438 699 idest
448 692 456 704 ‚
467 670 592 699 minister
600 691 607 698 .
628 673 683 700 FR.
695 671 798 700 dicitur
807 673 890 701 etiam

99 718 271 743 Diaconita.
283 712 355 740 Vide
363 709 441 750 supra
451 731 458 739 .
470 715 506 740 Et
514 714 668 740 Diacomus
678 734 685 745 ,
699 713 796 751 gradus
805 734 813 741 .
826 719 839 749 [
853 717 892 742 A·

101 755 206 784 lienum
214 754 254 782 est
267 763 282 781 ει
299 750 498 781 consuetudine
508 752 682 782 ecclesiastica
691 775 699 786 ,
722 763 752 782 ut
763 755 810 792 qui
821 765 891 792 pres-

93 796 216 832 byterali
225 794 343 826 honore,
353 802 398 821 aut
407 793 536 822 diaconio
545 793 631 832 gradu
642 793 684 823 sue
689 794 744 822 rint
751 795 891 823 consecra<

100 837 144 871 tl,
153 847 212 865 caii.
221 836 342 864 alienum
354 855 361 866 ,
371 833 436 862 dist,
449 844 494 870 50.
506 836 517 866 ]
529 836 604 863 Cum
614 834 703 873 igitur
713 846 726 863 :i
736 836 890 864 ministran-

98 878 138 907 do
147 877 287 906 Diaconus
297 876 415 907 dicatur,
425 885 454 904 ut
464 876 494 903 in
502 875 569 904 dist.
580 878 720 905 Dias-onia
729 877 833 905 dictum
843 878 891 906 cib

96 921 158 954 ejus
168 928 267 947 munus
275 917 327 946 crit
338 916 487 955 praedicare
496 938 504 949 ‚
515 920 542 945 δ(
552 916 739 952 eleemosynas
750 917 891 946 distribue·

100 969 130 988 re
142 981 150 992 ,
160 970 220 990 can.
231 960 260 987 in
272 957 369 990 sansta,
379 957 442 985 dist.
453 969 501 993 92.
514 960 548 985 Et
558 967 621 986 ante
630 958 786 986 Sacerdotes
797 959 893 997 praedi.

103 1000 199 1028 cabant
210 1020 218 1031 ,
228 1009 288 1026 can.
298 998 420 1026 Diaconi
429 997 503 1029 sunt,
513 998 574 1026 dist.
584 1008 632 1035 93.
645 998 681 1026 ibi
690 997 893 1033 Gioss‘a.[1.evi-

99 1050 134 1068 εκ
146 1049 208 1068 anre
219 1039 376 1068 Sacerdotes
385 1038 780 1076 orant,idest‚praedicit.]Qui
791 1039 894 1068 succes-

101 1080 194 1108 serunt
204 1080 233 1108 in
244 1081 332 1108 locum
343 1078 560 1108 Natliinaeorum
571 1100 577 1106 .
603 1079 675 1108 Vide
688 1081 873 1109 subdiaconus
885 1103 893 1109 .

99 1122 208 1160 Jejunia
220 1120 388 1159 publicabant
400 1140 407 1147 .
420 1119 646 1155 VideJejunium
656 1140 664 1147 .
675 1121 747 1149 Item
757 1121 892 1158 Populum

100 1162 180 1191 filere
203 1161 385 1190 admonebant
395 1170 521 1197 tempore
543 1161 713 1188 recitationis
724 1161 873 1190 leftionum
885 1183 891 1190 .

101 1204 175 1232 Vide
186 1205 280 1232 Lemo.
293 1202 365 1229 Item
374 1201 560 1229 custodiebant
571 1200 698 1229 concilii
708 1204 827 1237 januam.
841 1205 878 1231 Vi

101 1245 135 1273 de
145 1245 264 1281 Observa
273 1263 280 1270 .
291 1243 328 1271 D.
340 1242 530 1276 Hieronymus
541 1242 626 1269 multa
634 1242 823 1270 Diaconorum
834 1254 890 1272 inn-

96 1294 165 1314 nera
174 1292 362 1315 connumerat,
373 1287 399 1311 δ(
411 1283 483 1310 inter
494 1282 555 1314 alia,
568 1283 659 1321 inquit
673 1294 679 1310 ε
695 1284 816 1317 [Sufficit
827 1283 890 1313 huic

99 1325 194 1355 ordini
208 1335 254 1363 per
264 1326 356 1353 Deum
367 1324 561 1356 conceflum,ut
573 1334 630 1351 non
641 1323 713 1352 soles
726 1325 852 1353 Sacerdos
863 1327 890 1354 iii

100 1367 209 1404 templo
218 1366 275 1394 Dei
286 1374 376 1393 totum
386 1374 475 1403 agere,
485 1368 512 1392 ὃ(
523 1364 638 1402 implere
652 1365 788 1398 videatur,
799 1367 890 1395 d.d1st.

101 1418 150 1446 93.
163 1410 175 1439 ]
189 1406 378 1441 :11:Diacomis
389 1416 422 1433 ex
435 1405 545 1433 licentia
555 1404 702 1443 Episcopi,
721 1404 765 1434 seu
777 1407 890 1436 Parochi

101 1448 191 1488 petest
201 1448 264 1475 dai-e
276 1447 409 1475 viaticum
419 1446 600 1479 moribundis,
609 1450 635 1474 ὅ(
647 1457 677 1474 in
686 1446 744 1475 casu
755 1449 888 1487 urgentia?

100 1488 198 1526 absque
208 1489 264 1516 ulla
275 1487 388 1515 licentia
399 1509 405 1519 ,
415 1497 445 1515 ut
455 1498 487 1515 ex
497 1488 533 1515 D.
546 1486 599 1515 Th.
612 1486 641 1514 in
653 1499 679 1522 4.
689 1487 752 1515 dist.
770 1500 814 1527 ¹3·
825 1500 852 1528 q.
867 1501 888 1517 1.

102 1539 152 1557 art.
164 1539 190 1566 3.
201 1529 346 1565 colligitur
357 1549 364 1559 ,
377 1527 418 1555 ubi
430 1527 464 1555 sic
475 1526 585 1566 inquit:
608 1528 769 1562 [Diaconiis
778 1540 835 1558 non
845 1530 891 1558 de-

100 1571 145 1598 bet
155 1579 252 1606 corpus
265 1560 421 1606 (inpensae
431 1590 438 1601 ‚
462 1568 512 1596 nisi
523 1569 557 1596 de
569 1569 700 1597 mandato
720 1571 872 1605 Presbyteri
884 1593 890 1604 ‚

101 1611 147 1639 vel
158 1609 286 1647 Episcopi
297 1620 306 1639 ς
318 1609 362 1637 vel
372 1609 534 1644 Presbytero
545 1610 629 1647 longe
641 1610 730 1647 polito
740 1612 768 1640 in
776 1611 837 1641 casu
850 1623 891 1640 ne.

102 1649 232 1680 cessitaiis
242 1672 248 1678 .
262 1652 274 1681 ]
287 1650 348 1678 Alii
361 1659 453 1678 tamen
463 1650 559 1678 dicunt
571 1672 577 1683 ‚
589 1651 664 1688 quod
674 1651 799 1682 deferens
810 1652 891 1682 viati-

100 1702 162 1720 cum
174 1690 590 1723 Sacerdotiinfirn10‚D1'aconus
602 1703 659 1720 non
669 1693 762 1722 debeat
775 1694 890 1733 propriis

95 1732 224 1765 ‚manibus
246 1731 325 1759 illum
334 1732 557 1763 communic-wrm
580 1733 667 1761 sedin
690 1733 763 1764 iliius
772 1736 890 1763 mmibm

95 1773 209 1802 tradere
219 1773 313 1801 debeat
323 1772 521 1801 Eucharistiam
533 1795 539 1805 ,
562 1784 591 1802 ut
602 1774 721 1812 propriis
733 1776 852 1804 manibus
864 1775 890 1804 se

953 101 1069 142 periodo
1079 102 1117 133 est
1126 101 1243 133 infirmis
1255 126 1263 138 ‚
1286 115 1346 134 non
1354 113 1445 133 autem
1462 105 1742 140 ministrantibusim«

953 144 1073 184 politum
1084 144 1152 183 ‚¹qui
1160 143 1215 173 hoc
1226 155 1305 185 agene
1315 155 1446 175 tenentur
1456 146 1545 176 debita
1554 148 1682 180 decentia
1691 172 1698 183 ‚
1710 162 1740 179 :ic

953 184 1108 214 reverentia
1119 197 1125 212 :
1135 187 1164 214 ὅ(
1176 186 1237 214 vice
1248 185 1324 216 vei-sa
1336 186 1462 216 infirmus
1472 209 1480 220 ‚
1491 188 1558 218 dum
1568 190 1613 223 ei,
1632 191 1680 229 qui
1690 194 1741 219 Ειι-

953 223 1109 254 charistiam
1119 226 1292 256 administret
1302 248 1311 261 ,
1327 238 1388 256 non
1399 229 1536 266 reperitur
1545 229 1659 260 idoneus
1670 253 1679 264 ‚
1700 241 1742 259 re-

952 275 1044 295 manet
1052 277 1065 295 2
1076 266 1159 295 fimili
1167 267 1339 306 obligatione
1347 278 1508 308 exemptum
1527 274 1555 300 ὃς
1564 271 1631 300 licet
1641 271 1740 301 Scotiae

952 307 1070 346 Reginae
1086 318 1122 337 ex
1139 307 1266 337 facultate
1286 311 1316 338 B.
1326 310 1369 338 Pii
1380 311 1416 338 V.
1427 309 1582 349 permistum
1592 312 1673 341 luerit
1683 335 1692 347 ‚
1711 321 1742 342 ut

951 358 1016 376 ante
1023 351 1079 385 ejus
1089 349 1252 383 martyrium
1263 348 1348 388 pollet
1358 350 1662 382 fibimerEucharistiam
1672 363 1743 393 με·

951 389 1013 416 bere
1022 411 1030 422 ,
1052 390 1081 418 in
1092 399 1147 428 quo
1156 391 1284 428 exemplo
1293 391 1370 429 prior
1381 391 1480 430 opinio
1490 393 1629 433 praecipue
1641 395 1742 424 inniti-

952 438 996 458 tur
1007 441 1012 457 :
1024 429 1077 458 hoc
1087 439 1179 458 tamen
1189 429 1276 460 solum
1287 432 1414 470 probaret
1425 453 1433 466 ,
1455 433 1530 471 quod
1540 456 1548 467 ,
1562 445 1661 474 nempe
1670 456 1679 468 ,
1692 436 1725 464 iai
1734 453 1741 458 -

949 480 993 497 cus
1004 470 1034 498 in
1052 471 1100 499 tali
1110 470 1268 505 neceffixate
1278 472 1362 511 poss’et
1369 471 1399 502 se
1419 473 1508 513 ipsum
1518 477 1721 504 communicare
1733 498 1740 509 ,

949 511 1025 549 quod
1043 521 1075 540 ex
1086 511 1198 550 pietatis
1214 513 1390 551 congruitate
1406 525 1463 544 non
1483 525 1578 553 patum
1602 517 1740 555 probabile

950 551 1078 580 videtur:
1100 563 1159 581 non
1170 563 1238 582 vero
1253 554 1329 592 quod
1337 554 1420 583 laicus
1439 555 1525 594 poss'et
1545 557 1576 585 in
1588 556 1669 586 ssmi'li
1679 557 1740 588 casu

947 591 1009 619 aliis
1020 592 1153 622 viaticum
1163 593 1316 622 ministrare
1327 614 1334 622 .
1345 595 1430 625 AEtas
1438 618 1445 629 ,
1466 607 1527 636 quae
1540 599 1689 637 requiritur
1707 598 1741 627 ad

948 631 1154 670 suscipiendum
1171 635 1341 664 Diaconatus
1360 636 1488 666 ordinem
1497 638 1557 676 post
1575 639 1740 668 Concilium

947 673 1144 702 Tridentinuui
1155 675 1233 704 debet
1243 676 1294 704 esse
1312 676 1346 704 :td
1356 677 1517 715 vigesimum
1531 678 1682 709 secundum
1691 691 1741 709 :in-

950 723 1015 741 num
1024 734 1032 741 .
1057 714 1102 742 De
1112 716 1210 744 δαηᾶο
1222 726 1289 744 vero
1306 716 1430 746 Caesario
1447 720 1600 749 Arelatensi
1618 721 1722 759 legitur
1729 742 1739 755 ,

948 755 1024 792 quod
1042 760 1056 789 [
1069 755 1182 791 Adjecit
1193 757 1277 785 criniti
1286 756 1338 786 boc
1348 779 1355 790 ‚
1366 767 1396 786 ut
1408 780 1416 791 ‚
1437 769 1574 799 nunquam
1585 761 1615 789 in
1624 762 1740 790 Eccleiiz

948 794 993 823 sua
1003 796 1162 824 Diaconum
1181 797 1322 828 ordinaret
1331 808 1392 827 ante
1403 799 1572 839 trigelimum
1584 800 1640 830 suae
1651 802 1740 830 ztatis

949 846 1052 864 annum
1061 857 1068 863 .
1083 838 1187 866 Verum
1195 840 1277 867 etiam
1288 837 1341 866 hoc
1350 839 1469 874 addidit,
1478 850 1508 869 ut
1519 853 1568 871 nec
1579 843 1609 871 in
1620 843 1739 881 qualibet

949 877 1047 913 majori
1059 887 1139 906 aetate
1149 889 1287 917 nunquam
1297 880 1473 910 ordinaretur
1482 903 1491 915 ‚
1512 883 1564 912 nifi
1574 893 1690 922 quatuor
1700 893 1713 908 v
1720 893 1741 911 1-

949 917 1063 946 cibusin
1072 918 1170 948 ordine
1183 920 1267 949 libros
1286 922 1388 950 veteris
1405 923 1670 963 testamentilegerit
1682 945 1690 957 ,
1711 928 1740 953 ὅ(

949 968 1067 995 quatuor
1078 961 1190 992 noxie]
1214 963 1249 989 In
1267 961 1445 991 ordinatione
1454 964 1575 993 Diaconi
1584 964 1688 994 solebat
1709 965 1740 993 in

949 999 1041 1028 Gallia
1059 999 1203 1029 chrismate
1221 1012 1314 1031 manus
1333 1005 1451 1043 perungi
1459 1025 1468 1033 ,
1499 1005 1573 1034 Vide
1590 1006 1721 1043 chrisma
1731 1025 1740 1033 .

949 1040 1067 1074 Quando
1078 1041 1139 1079 quis
1157 1041 1187 1069 in
1196 1043 1363 1072 Pontificem
1384 1045 1483 1073 eleetus
1493 1045 1589 1074 debeat
1599 1047 1740 1074 Diacona-

951 1090 1010 1108 tum
1019 1079 1153 1119 suscipere
1162 1103 1169 1109 .
1191 1084 1264 1111 Vide
1272 1089 1347 1122 Papa
1355 1105 1363 1112 .
1383 1087 1429 1114 An
1439 1086 1581 1114 Diaconus
1602 1085 1684 1125 poffit
1693 1087 1739 1115 be-

950 1121 1076 1150 nedicere
1086 1143 1092 1150 .
1115 1123 1188 1151 Vide
1197 1127 1298 1153 Cereus
1314 1126 1472 1162 paschalis,
1496 1130 1530 1156 Et
1539 1138 1571 1156 ex
1591 1127 1740 1156 abundanti

947 1162 1045 1191 addam
1055 1161 1101 1190 hic
1114 1185 1121 1195 ,
1141 1164 1215 1203 quod
1224 1174 1334 1203 rogatus
1342 1164 1502 1204 scripseram
1510 1188 1521 1200 ,
1539 1169 1680 1197 occafione
1690 1169 1740 1197 du—

950 1203 987 1231 bii
997 1204 1030 1231 in
1040 1203 1096 1231 Sac.
1108 1205 1168 1233 Rit.
1179 1206 1414 1245 Congregatione
1427 1207 1532 1246 agitati:
1542 1212 1590 1239 An
1599 1209 1740 1238 Dracon-i>

948 1243 1030 1273 Card.
1045 1243 1126 1281 poffit
1136 1244 1166 1273 in
1176 1243 1221 1274 sua
1232 1246 1368 1276 Diaconia
1376 1247 1537 1278 benedicere
1547 1270 1553 1277 .
1566 1253 1593 1278 ἃ
1606 1260 1663 1279 mea
1675 1251 1741 1278 alle-

948 1285 1027 1323 gatio
1039 1286 1100 1312 talis
1110 1284 1163 1314 fuit
1174 1307 1181 1318 ,
1193 1296 1293 1325 nempe
1302 1310 1310 1322 ‚
1321 1288 1510 1327 Aiiipliffimus
1519 1291 1678 1320 cardinalis
1688 1292 1739 1321 Al—

949 1326 1033 1354 bi'rius
1043 1346 1051 1358 ‚
1074 1327 1121 1364 qui
1133 1337 1191 1355 non
1202 1325 1290 1356 solum
1312 1331 1468 1358 Romanam
1478 1331 1593 1360 Curiam
1605 1332 1738 1361 eruditio-

947 1366 987 1394 nis
998 1365 1052 1394 suae
1065 1366 1131 1395 fama
1143 1389 1151 1400 ‚
1162 1366 1208 1396 sed
1220 1379 1315 1397 ornnes
1325 1370 1409 1408 longe
1418 1371 1515 1408 politas
1524 1374 1652 1402 nationes
1661 1374 1739 1401 miri-

948 1406 998 1435 fice
1007 1417 1166 1437 commovet
1178 1430 1186 1441 ,
1209 1410 1238 1438 in
1253 1410 1488 1448 locupleiitiffimo
1498 1435 1507 1446 ‚
1526 1413 1739 1452 doffiffimoque

947 1449 1059 1476 trastatu
1071 1449 1105 1477 dc
1113 1448 1311 1488 Jur'isdic‘tiorie
1322 1452 1514 1481 Cardinalium
1524 1454 1553 1484 in
1564 1454 1617 1483 suis
1626 1456 1739 1489 Titulis,

945 1489 1028 1517 docet
1044 1490 1207 1519 cardinales
1223 1491 1365 1521 Diaconos
1385 1492 1458 1532 poste
1477 1493 1641 1524 solemniter
1651 1505 1740 1534 popu-

948 1530 1004 1558 lum
1014 1531 1176 1560 benedicere
1188 1553 1196 1565 ‚
1214 1542 1294 1570 quani
1305 1533 1416 1571 quidem
1428 1533 1581 1564 dot-“trinam
1591 1535 1654 1564 satis
1665 1558 1674 1569 ,
1695 1536 1739 1565 su-

949 1580 1051 1610 perque
1070 1573 1272 1612 comprobatam
1291 1584 1420 1612 tanquam
1431 1585 1538 1614 magnae
1558 1577 1658 1605 mentis
1675 1587 1739 1616 pro-

948 1612 1002 1640 lem
1020 1623 1145 1641 venerari
1155 1614 1246 1652 potius
1260 1636 1268 1647 ,
1290 1625 1369 1652 quam
1379 1616 1554 1646 corroborare
1570 1616 1614 1645 liis
1623 1619 1688 1646 meis
1699 1629 1739 1647 ra-

948 1653 1069 1682 tionibus
1079 1653 1155 1683 ausus
1163 1653 1231 1686 suni,
1244 1665 1279 1683 ne
1291 1655 1384 1684 ridear
1395 1657 1503 1685 noctuas
1515 1656 1638 1686 Athenas
1648 1658 1738 1689 deser-

949 1704 977 1722 re
987 1715 994 1721 .
1017 1694 1141 1723 Pei-susus
1151 1695 1238 1733 igitur
1257 1698 1311 1730 ejus
1322 1696 1406 1724 >radiis
1416 1719 1424 1729 ,
1445 1698 1519 1735 quod
1530 1698 1559 1727 in
1569 1699 1655 1737 genio
1673 1710 1738 1730 meo

948 1734 1048 1773 assequi
1059 1746 1168 1777 nequeo
1178 1757 1185 1768 ‚
1209 1739 1264 1772 ejus
1275 1736 1407 1767 doftrinae
1426 1738 1558 1768 beneficio
1572 1739 1654 1769 fretus
1664 1741 1736 1770 iaca-

951 1775 1049 1804 lescam
1061 1796 1068 1803 .

100 1812 190 1852 ipsum
207 1814 389 1841 communicet
401 1825 408 1843 ;
430 1814 467 1841 ita
479 1815 554 1842 enim
573 1814 721 1843 del-Initum
742 1816 852 1845 videtur
863 1818 889 1845 in
908 1815 1017 1849 Quanta
1030 1817 1112 1845 suerit
1124 1818 1154 1846 i'n
1163 1818 1277 1848 Ecclesia
1287 1829 1342 1847 tam
1354 1819 1460 1853 Latina,
1471 1831 1550 1859 quam
1561 1823 1657 1851 Graeca
1668 1822 1738 1852 Dia-

100 1855 188 1893 prima
199 1854 314 1881 Nicen:
325 1854 439 1889 Synodo
450 1875 458 1886 ,
478 1865 537 1883 can.
554 1867 596 1887 ¹7·
617 1856 661 1883 ubi
672 1858 706 1885 fic
716 1856 891 1895 disponitur-r

102 1895 170 1930 [Ut
182 1893 212 1922 :ib
221 1892 264 1920 his
276 1915 283 1926 ,
295 1895 341 1932 qui
352 1895 513 1933 potestatem
524 1907 580 1924 non
592 1896 693 1925 habent
703 1897 847 1931 offerendi,
860 1899 891 1927 il-

101 1936 132 1968 li,
142 1935 189 1973 qui
199 1932 315 1962 offerunt
326 1956 332 1967 ‚
343 1935 451 1964 Christi
461 1946 558 1975 corpus
567 1938 704 1975 accipiant
715 1940 746 1970 .]
761 1940 889 1968 Nonnul-

101 1976 201 2005 livero
219 1985 278 2002 non
290 1974 340 2003 ell'e
352 1975 522 2005 necessiiriam
532 1977 601 2006 hanc
613 1979 813 2008 limitationem
827 1979 890 2008 ass'e-

101 2025 166 2045 i·unt
180 2027 187 2047 5
199 2025 303 2044 certum
313 2017 387 2044 enim
399 2016 436 2045 est
445 2038 453 2049 ,
478 2018 551 2056 quod
563 2019 740 2048 Diaconusse
755 2020 840 2058 ipsum
852 2031 889 2049 et-

104 2057 158 2086 iam
167 2057 370 2085 communicare
381 2057 484 2095 potest:
504 2059 589 2087 immo
598 2071 648 2088 nec
657 2061 754 2089 desunt
764 2061 889 2100 gravissi—

99 2098 139 2126 mi
150 2097 285 2126 Auc'tores
303 2099 424 2126 aSnarez
434 2119 442 2130 ‚
453 2108 521 2126 tom.
534 2110 560 2137 3.
583 2099 654 2138 disp.
668 2112 715 2132 72.
726 2101 789 2130 seet-
800 2113 827 2140 3.
838 2107 863 2131 ὅ(
876 2114 889 2132 :i

99 2138 199 2171 Diana,
211 2147 278 2166 tom.
293 2150 317 2166 2.
330 2137 410 2166 resol.
420 2140 513 2169 moi-21.
523 2141 630 2175 tractui.
641 2141 675 2169 de
686 2142 796 2170 Sacram.
808 2143 888 2172 resol.

101 2190 147 2212 ⁴7·
157 2179 246 2211 relati,
256 2179 304 2217 qui
314 2179 346 2206 ad
355 2179 438 2207 laicos
446 2190 554 2218 quoque
563 2179 633 2209 hanc
643 2181 796 2210 &cultatem
808 2183 837 2211 in
847 2195 889 2212 ca-

97 2218 126 2246 su
137 2219 270 2257 praedicto
290 2218 617 2249 neceffitatisextendunt
628 2243 635 2254 ‚
659 2223 697 2250 ita
709 2232 736 2250 ut
749 2223 832 2252 variis
843 2235 888 2252 ex-

97 2260 197 2298 emplis
205 2269 342 2288 conentur
352 2260 464 2298 probare
473 2261 554 2290 laicos
566 2262 639 2301 polle
651 2263 682 2290 in
699 2262 782 2292 simili
791 2264 851 2293 casu
862 2265 889 2295 se

96 2299 169 2338 ipsos
184 2301 386 2329 communicare
399 2313 404 2329 :
426 2301 512 2330 sedre
523 2312 586 2331 vera
596 2324 603 2335 ,
625 2314 680 2343 quo
691 2304 724 2332 ad
733 2304 843 2333 dubium
854 2306 888 2335 de

96 2340 235 2374 Laicis,est
245 2341 331 2380 magis
342 2341 373 2370 in
384 2342 460 2381 praxi
471 2343 568 2382 opinio
580 2345 728 2375 contrarias
740 2355 804 2373 nam
817 2355 885 2384 pra:-

88 2390 206 2420 ceptum
215 2382 344 2411 divinum
354 2381 481 2412 sumendi
491 2384 623 2423 viaticum
634 2385 666 2415 in.
682 2394 806 2415 extremo
817 2388 882 2416 vite

130 2423 326 2454 uimlcxe'con
347 2427 440 2454 Macri
449 2444 456 2452 .

358 2479 364 2493 Ι

948 1867 1082 1886 coriorum
1091 1859 1235 1887 au&oritas
1246 1881 1253 1892 ‚
1273 1863 1299 1889 ὅ(
1311 1861 1475 1889 excellentia
1486 1883 1494 1894 ,
1517 1862 1575 1891 luce
1583 1864 1736 1893 meridiana

948 1899 1046 1927 clarius
1055 1900 1092 1928 est
1104 1898 1241 1928 sacrorum
1253 1901 1354 1929 rituum
1365 1902 1470 1940 ρει-ἱείς,
1481 1912 1510 1930 ut
1521 1913 1553 1931 ex
1564 1904 1736 1934 Occumeni-

948 1940 986 1968 cis
995 1940 1135 1968 conciliis
1147 1962 1154 1973 ‚
1176 1939 1312 1980 sacrisque
1334 1942 1493 1971 canonibus
1511 1944 1654 1974 manifeste
1671 1956 1737 1975 con-

951 1980 1000 2009 stat
1013 1992 1020 2008 ι
1045 1980 1085 2009 nil
1096 1982 1182 2020 igitur
1201 1992 1299 2010 mirum
1312 1982 1368 2014 est,
1391 1983 1409 2011 fi
1422 1983 1621 2014 Archidinconi
1641 1988 1737 2016 nolue-

952 2021 1007 2048 rint
1018 2023 1178 2050 Sacerdotio
1190 2021 1291 2050 initiari
1305 2044 1312 2054 ‚
1336 2033 1365 2051 ut
1376 2033 1409 2051 ex
1420 2024 1517 2054 Saudo
1528 2027 1671 2065 Gregorio
1689 2028 1736 2058 ha-

946 2062 1097 2101 bemu5‚qui
1110 2062 1208 2091 acriter
1221 2062 1397 2100 reprehendit
1408 2064 1572 2104 Episcopum
1581 2068 1736 2097 solitarium

946 2113 1091 2141 cogentem
1101 2102 1176 2131 suurn
1188 2103 1426 2133 Ai·cliidi:c0num
1436 2106 1469 2134 :id
1477 2105 1680 2145 suscipiendum
1689 2121 1734 2138 or*

945 2144 1038 2172 dinem
1051 2144 1347 2182 Sacerdotalem2quare
1356 2144 1496 2186 Episcopi&
1508 2158 1559 2186 per
1569 2149 1735 2179 Dalmatiam

946 2183 1050 2223 scripsit
1061 2185 1091 2212 iii
1102 2184 1161 2212 haec
1172 2185 1260 2213 verba:
1275 2186 1440 2220 [Pi‘aefatum
1450 2187 1694 2224 Archidiaconem‚
1707 2203 1735 2220 iit

945 2226 1049 2254 dicitur
1059 2247 1066 2257 ,
1076 2235 1171 2253 contra
1180 2235 1284 2254 morem
1292 2227 1326 2255 ad
1336 2226 1478 2257 tortiorem
1489 2227 1626 2259 honorem
1637 2242 1733 2269 prore-

945 2265 1013 2294 hens
1026 2275 1138 2294 conatus
1150 2265 1187 2294 est
1197 2266 1297 2296 callide
1308 2267 1459 2306 degradare
1471 2291 1478 2302 ,
1500 2270 1549 2298 lib.
1561 2283 1587 2300 2.
1606 2282 1650 2310 ep.
1666 2283 1674 2299 i
1685 2283 1708 2307 ς.
1722 2276 1733 2304 ]

946 2308 1020 2335 Hinc
1044 2308 1164 2334 Zonaras
1183 2307 1322 2336 Diacones
1341 2310 1478 2347 appellare
1498 2321 1555 2339 non
1574 2311 1611 2340 est
1633 2321 1735 2340 veritus

945 2348 1036 2385 χειρῐίν
1057 2345 1162 2383 71‘7rov‚
1184 2348 1247 2386 quia
1258 2349 1290 2376 :id
1302 2349 1512 2379 similitudinem
1522 2361 1614 2380 manus
1625 2362 1682 2380 non
1692 2352 1736 2381 so-

942 2389 998 2417 lum
1021 2388 1049 2416 in
1070 2387 1193 2418 Ecclefiae
1207 2387 1347 2420 thesauros
1356 2411 1365 2424 ,
1389 2390 1436 2419 sed
1455 2391 1535 2421 etiam
1545 2392 1616 2421 circa
1632 2390 1735 2422 sacrum

1426 2432 1454 2467 Q
1616 2433 1695 2463 Aiia-
