1866 2526
449 49 550 96 SC

102 111 168 143 dida
179 109 230 152 piae
240 110 370 142 castitatis
379 111 447 141 acies
455 111 572 140 illustrat
584 131 592 143 ‚
603 120 667 150 quas
676 119 726 139 nec
737 110 851 140 carnalis
862 107 896 140 il-

97 155 208 183 lecebrae
216 153 308 192 caligo
316 152 506 186 obtundit,nec
518 150 612 190 spinea
621 149 808 180 obscoenitatis
819 153 895 196 glau-

97 205 176 224 coma
193 193 325 223 suffundit
333 213 345 230 ‚
364 203 420 232 quo
432 193 592 232 plerumque
612 198 624 227 (
634 191 687 222 heu
695 192 845 236 dolendum
855 193 895 237 di.

96 236 141 263 (ku
163 239 176 266 )
195 233 276 262 etiam
295 233 479 272 perfectorum
497 234 630 271 palpebre
651 243 697 272 gra
703 243 774 261 viter
795 233 895 271 grosse-

97 275 176 304 scunt
185 295 192 306 ,
205 277 234 302 δε
248 275 294 313 qui
307 275 468 312 putabantur
478 274 610 312 pudicitia
621 274 731 314 praediti
743 295 750 306 ‚
768 273 834 302 dum
845 272 893 302 sae-

98 325 132 353 pe
142 314 291 343 humanum
300 315 404 343 lallitiir
413 314 558 350 judicium,
572 315 644 353 quasi
656 313 892 344 scotomaticorum

98 355 202 384 lumina
211 356 331 384 tenebris
341 354 680 384 obturantur-Aldhelmus
689 355 723 384 de
736 355 797 384 Vir.
806 365 844 384 c.i
855 357 891 387 i.]

98 396 173 424 Vide
194 396 333 424 Helucux.

55 433 236 468 Scoromci,
259 436 409 465 Haeretici.
434 436 507 465 Vide
532 436 694 473 Bonofiani.

56 474 178 505 Scorrn
191 496 197 503 .
215 477 270 505 FR-
282 477 392 505 malleus
403 498 412 510 ‚
431 487 486 515 quo
505 475 566 506 saxa
586 476 776 515 percutiuntur
787 497 795 508 ,
814 479 841 504 δε
851 485 890 504 te-

96 525 193 544 runtur
205 537 211 543 .
235 518 340 546 Volcns
351 518 453 546 molam
466 517 612 546 emendare
621 538 630 550 ‚
651 525 764 554 accepto
772 525 888 554 ancipiti

97 555 171 584 ferro
182 577 189 588 ‚
202 556 275 594 quod
290 559 375 596 vulgo
384 556 500 586 scottam
512 566 623 590 vocant,
633 557 718 595 coepit
730 566 819 585 terere
829 566 888 586 mo-

97 596 150 624 lam
160 616 167 623 .
188 598 224 625 In
242 597 297 625 vita
309 599 334 626 S.
346 598 519 636 Austregifili
539 596 665 636 Episcopi
675 617 682 624 .

56 636 195 665 Scorumi
207 657 215 664 .
237 637 311 666 Vide
333 641 424 675 Bugs'a
433 659 440 666 .
863 677 878 681 ..

53 677 177 706 Scm‘uat
188 698 197 710 ,
220 677 356 711 exmffio,
377 678 502 711 exastio,
524 677 666 717 exigentia
678 699 685 711 ,
709 677 824 711 sive‚ut
835 678 881 722 alii

93 717 199 746 malunt
208 739 216 750 ‚
227 717 330 747 donum
341 718 475 757 fignificat
488 741 496 752 ,
506 729 540 748 ex
551 718 616 747 diet.
627 719 755 748 saxonica
760 719 783 756 s
779 728 829 751 cot,
843 718 883 747 id-

92 757 141 790 est,
152 757 257 785 donum
270 779 278 791 ,
290 769 320 787 ut
329 759 358 787 in
366 759 430 787 diet.
441 762 561 788 Scotatio
569 759 670 788 distum
680 759 718 788 est
728 758 806 797 supra
816 780 823 786 .
836 763 885 795 [Et

93 798 178 828 volo,
198 798 272 835 quod
289 798 500 828 distiMonachi
519 801 572 829 lint
593 800 701 838 quieti,
721 799 840 828 &soluti
854 801 885 829 ab

91 837 170 865 omni
189 836 284 866 sc0t0.
303 839 458 878 Ingulphus
471 841 539 870 Abb.
562 840 591 867 in
600 843 656 876 ejus
667 839 778 868 Chron.
797 841 841 870 ubi
852 841 886 870 de

92 877 203 906 Edi-edo
213 880 370 918 Anglorurn
383 883 461 918 Rege
482 881 520 909 ait
530 900 537 908 .
560 881 635 910 Vide
644 884 764 909 scotatio
775 901 782 908 .

51 916 102 945 Seii
110 928 262 947 AMAsAxus
273 940 280 947 .
305 920 378 948 Vide
399 925 475 949 Saxa
485 941 492 949 .

49 957 184 986 Senem
197 980 205 991 ,
227 963 255 987 δε
274 965 395 989 Sereana
404 982 411 993 ,
431 961 528 990 domus
545 960 715 991 subterranea
727 973 734 992 ς
755 961 804 997 [Si
831 971 885 991 tres

89 997 217 1027 homines
230 999 377 1038 ingenuam
395 1002 512 1039 puellam
523 1003 557 1030 de
574 1001 630 1030 casa
642 1024 650 1036 ,
673 1012 719 1032 aut
729 1003 764 1031 de
773 1001 884 1031 screona

92 1038 231 1076 rapuerint
241 1043 294 1068 ἃς.
303 1040 334 1069 in
344 1042 362 1069 l.
374 1040 452 1071 salica
463 1064 470 1075 ,
483 1043 527 1072 tit.
542 1054 585 1078 14·
596 1053 620 1071 c,
635 1052 659 1079 5.
672 1045 684 1074 ]
698 1047 737 1072 Ex
748 1044 885 1082 germani—

91 1089 120 1107 ca
131 1079 196 1106 dist.
211 1081 358 1118 Eschrenes
368 1102 375 1109 .

49 1121 161 1150 Scitum
172 1141 179 1152 ‚
193 1121 299 1150 Doctor
310 1123 438 1152 Hebraeus
448 1124 477 1153 in
487 1123 604 1153 Mosaica
617 1125 676 1164 lege
687 1147 695 1158 ‚
707 1124 753 1164 qui
763 1135 883 1154 commu-

1248 53 1277 96 S
1308 54 1348 96 C
1607 62 1688 112 605

949 112 1018 137 non.
1029 107 1103 139 Vide
1113 112 1246 141 Murtias
1256 131 1264 139 .
1287 113 1345 142 ΕΚ.
1363 112 1399 142 de
1420 113 1473 143 lioc
1494 115 1627 145 vocabulo
1637 115 1751 147 habetur*

951 149 1061 179 mentio
1071 151 1101 179 in
1112 152 1132 179 l.
1145 162 1170 186 ς.
1182 152 1323 180 Decretal.
1334 152 1378 180 tit.
1389 164 1416 187 7.
1428 165 1452 182 c.
1467 165 1498 184 η
1508 161 1537 190 .[
1552 156 1639 184 Vobis
1650 158 1749 187 Advo-

950 189 1028 223 catis‚
1038 194 1067 220 δι
1077 191 1234 220 Scriniariis
1243 191 1360 221 firmiter
1371 194 1527 224 inhibemus
1538 216 1545 224 .
1558 198 1569 227 ]
1584 199 1617 224 Et
1627 207 1650 224 c.
1660 198 1693 226 ad
1702 208 1748 228 au-

950 230 1086 260 dientiam
1094 253 1102 265 ‚
1122 231 1157 260 de
1176 231 1425 271 praescriptionibus
1435 257 1444 269 ,
1463 235 1565 265 dicitur
1576 247 1584 268 ς
1607 237 1749 272 [δετίηἰειη

951 271 1005 299 rius
1023 272 1077 300 alio
1101 272 1186 301 modo
1203 271 1346 312 scripfisset
1364 275 1436 304 dicta
1455 276 1566 305 testium
1577 298 1585 310 ‚
1607 287 1687 316 quam
1695 296 1698 297 ν
1706 279 1749 306 di—

949 309 1050 340 xissent
1060 315 1079 347 ,ξ’
1097 314 1110 343 ]
1131 314 1278 342 Dicebatur
1297 315 1380 343 etiam
1401 318 1533 354 Magister
1564 321 1667 346 scrinii
1677 339 1685 346 .
1703 319 1748 347 Sic

949 351 1024 380 enim
1034 353 1208 391 appellatura
1224 355 1382 384 Sozomeno
1392 378 1401 389 ,
1420 357 1467 385 lib.
1479 368 1507 390 7.
1524 368 1582 396 cap.
1599 369 1642 396 ¹3·
1653 360 1698 388 ubi
1709 360 1748 388 de

950 393 1083 430 Magistro
1092 393 1191 422 Scrinii
1205 396 1318 424 nomine
1327 397 1480 431 Benivolo‚
1494 398 1541 436 qui
1550 409 1564 427 a
1573 399 1678 436 Justina
1692 402 1747 428 Va-

946 432 1098 461 lentiniani
1111 435 1151 462 11.
1163 435 1343 473 Imperatoris
1353 438 1443 466 Matre
1454 459 1462 471 ‚
1472 447 1502 466 ut
1514 439 1577 468 Arii
1587 438 1684 468 falsum
1693 441 1745 469 do-

946 482 1008 510 gma
1017 472 1220 503 observandum
1231 475 1347 505 stabilita
1356 477 1417 516 lege
1426 477 1554 508 scriberet
1564 479 1644 514 jussus
1653 502 1661 513 ‚
1681 490 1746 519 pto-

947 511 1075 541 miffione
1085 514 1194 549 majoris
1206 517 1389 554 promotionis
1398 519 1496 557 gradus
1505 540 1514 552 ,
1534 519 1554 548 fi
1564 519 1616 548 hoc
1627 521 1724 550 faceret
1736 543 1745 554 ,

944 553 976 580 ab
987 562 1017 581 ea
1025 554 1145 585 allectum
1156 555 1206 584 ille
1219 555 1401 587 nihilominus
1410 559 1444 587 ad
1454 560 1535 598 pedes
1545 561 1637 599 impiae
1648 565 1745 601 Augu-

943 593 989 620 stae
1001 594 1127 630 protinus
1136 597 1254 633 projecit
1262 597 1406 636 cingulum
1417 600 1589 639 magistratus
1599 623 1607 634 ,
1617 612 1646 630 ac
1657 603 1745 631 intre-

943 633 1008 670 pide
1019 633 1163 672 respondit
1174 657 1182 669 ‚
1205 635 1232 665 se
1243 647 1292 675 pro
1304 648 1360 667 tam
1369 641 1520 669 execranda
1529 641 1671 680 impietate
1683 644 1745 672 nul-

942 673 1000 701 luin
1019 674 1164 713 dignitatis
1173 675 1309 706 honorem
1318 690 1517 718 acceptaturum
1528 702 1534 708 .
1555 683 1694 721 Cingulus
1712 694 1742 712 e—

942 714 1000 741 nim
1013 715 1185 753 Magistratus
1196 718 1301 756 lignum
1313 729 1369 748 erat
1380 742 1387 753 ‚
1396 721 1450 749 sinc
1459 732 1514 760 quo
1524 721 1595 751 haud
1603 723 1702 752 licebat
1712 724 1743 753 in

941 753 1086 792 conspeftu
1105 758 1242 795 Principis
1251 769 1407 798 comparere
1417 783 1425 794 ‚
1447 762 1495 800 qui
1505 761 1565 790 usus
1587 774 1644 792 non
1653 763 1744 793 solum

941 804 999 822 erat
1009 804 1093 833 penes
1103 798 1217 825 Graecos
1226 819 1233 831 ‚
1245 809 1274 827 ut
1285 809 1318 828 ex
1332 800 1536 836 Chrysostonio
1547 824 1553 834 ,
1563 801 1693 833 serm-20.
1701 803 1744 834 su-

940 844 990 873 per
1000 845 1057 874 cap.
1071 841 1095 864 8.
1106 846 1149 875 cp.
1161 838 1257 876 primae
1268 840 1303 868 ad
1313 841 1448 870 Corinth.
1461 842 1573 871 habetur
1584 865 1592 876 ,
1605 843 1651 873 sed
1659 845 1743 874 etiarn

941 885 1024 913 penes
1035 877 1148 906 Latinos
1159 899 1167 910 ,
1180 889 1209 906 ut
1221 880 1249 907 iri
1260 890 1319 909 can.
1330 881 1421 910 nullus
1430 882 1590 922 Episcopus,
1609 895 1618 913 1
1631 896 1653 913 i.
1662 895 1708 924 qu.
1718 897 1741 914 i.

941 919 1016 951 cujus
1025 915 1083 944 haec
1095 917 1158 946 sunt
1170 919 1267 948 verba:
1282 927 1293 956 [
1306 921 1478 960 Magistratus
1487 925 1572 958 enim,
1582 926 1628 963 qui
1637 925 1690 954 hoc
1698 927 1742 960 ju-

946 956 1009 984 bere
1018 956 1093 986 ausus
1104 957 1185 988 fuerit
1195 982 1202 993 ‚
1214 960 1384 991 ammiffione
1393 973 1482 992 rerum
1493 986 1501 997 ‚
1520 969 1548 994 &
1558 966 1664 1005 cinguli
1675 977 1741 996 con-

939 997 1121 1027 demnatione
1131 1000 1266 1038 pledetur
1276 1022 1283 1029 .
1295 1004 1308 1033 ]
1331 1004 1378 1031 De
1386 1002 1527 1033 scriniario
1538 1006 1631 1035 Glossa
1641 1007 1671 1036 in
1681 1018 1740 1046 cap.

940 1038 973 1066 ad
981 1038 1150 1067 audientiam
1161 1061 1168 1072 ,
1180 1041 1224 1069 lib.
1237 1053 1263 1070 2.
1273 1042 1376 1071 decret.
1388 1044 1421 1072 de
1431 1044 1692 1084 praescriptionibus‚
1705 1049 1740 1078 fic

939 1078 976 1105 ait
991 1088 997 1105 :
1009 1085 1021 1114 [
1032 1079 1171 1108 Scriniarii
1182 1082 1355 1120 appellantur
1366 1085 1528 1115 tabelliones
1539 1107 1547 1119 ,
1560 1091 1587 1116 ὃ(
1597 1088 1634 1116 est
1646 1089 1742 1128 vulga-

940 1129 969 1146 re
979 1121 1169 1149 Romanorum
1181 1143 1188 1149 .

89 1162 164 1189 niter
175 1160 258 1190 hodie
270 1163 408 1193 Rabbinus
416 1165 532 1198 dicitur,
550 1166 595 1203 qui
604 1164 704 1194 solebat
714 1164 764 1194 ess‘e
775 1167 809 1195 de
821 1159 1236 1195 Tri--SCR1N1UM5Archivum
1246 1185 1254 1197 ‚
1264 1165 1308 1194 ubi
1317 1164 1515 1197 conservantur
1526 1168 1683 1208 sci-iprum,
1695 1180 1741 1198 cu-

88 1203 122 1231 bu
133 1202 245 1232 Simeon
257 1225 266 1236 ,
278 1214 308 1232 ut
317 1204 438 1233 dicemus
448 1206 479 1235 in
488 1206 601 1234 tra&atu
613 1228 620 1238 ‚
635 1211 709 1242 cujus
719 1207 815 1236 titulus
826 1207 863 1236 est
874 1229 881 1239 ‚

88 1243 334 1272 Contradiftiones
352 1255 512 1283 apparentes
522 1247 580 1274 sac.
590 1246 735 1284 Scripturae
746 1268 754 1279 ‚
772 1248 802 1276 in
812 1249 882 1276 calce

88 1281 167 1318 hujus
186 1284 279 1322 operis
297 1286 422 1323 appolito
433 1308 441 1319 ‚
462 1287 505 1315 ubi
515 1286 596 1314 etiam
607 1287 749 1315 ostendam
760 1289 882 1318 verifica-

87 1323 192 1352 tionem
203 1324 359 1363 prophetiae
372 1327 455 1364 Jtcob
466 1326 630 1355 patriarche
643 1349 651 1360 ,
663 1328 748 1365 quod,
763 1339 861 1367 nempe
872 1351 880 1362 ‚

87 1365 183 1393 Tribus
194 1366 283 1399 Levi,
301 1369 328 1395 ὃ(
342 1366 452 1396 Simeon
462 1366 588 1406 dispersa-:³
600 1367 719 1396 habitare
730 1369 880 1398 debuissent

87 1405 162 1433 inter
172 1404 355 1435 Israeliticum
367 1409 498 1446 populum
510 1419 518 1438 ς
530 1408 616 1445 prima
625 1430 632 1441 ,
644 1419 743 1447 nempe
754 1432 761 1442 ,
774 1411 881 1439 ratione

89 1446 178 1473 officii
191 1467 198 1477 ,
219 1450 246 1475 ὅ(
256 1447 354 1485 gradus
365 1448 474 1477 levitici
486 1470 493 1481 ,
510 1447 734 1488 sacerdotalisque
747 1461 755 1480 ς
766 1449 881 1480 secunda

89 1494 156 1512 vero
165 1485 198 1513 ad
208 1486 397 1516 instruendum
411 1489 542 1527 populum
552 1489 582 1516 in
593 1489 655 1527 lege
666 1511 672 1521 ,
684 1494 712 1518 &
723 1491 882 1520 traditioni-

86 1525 132 1552 bus
143 1544 150 1551 .
169 1526 225 1554 FR-
236 1526 372 1562 Quamvis
381 1538 395 1555 a
405 1527 548 1558 Phariseis
559 1529 811 1567 distinguerentur5
833 1542 882 1570 po-

89 1574 181 1592 terant
191 1575 282 1594 tamen
293 1567 388 1595 Scribae
398 1568 482 1606 aliqui
501 1567 552 1597 elle
561 1568 691 1598 Pharisaei
704 1592 712 1603 ,
731 1571 797 1599 licut
808 1571 881 1601 inter

86 1615 137 1633 nos
147 1605 322 1635 Christianos
339 1609 513 1646 reperiuntur
532 1609 667 1648 Religioli
688 1611 766 1639 simul
785 1614 880 1642 &Do-

86 1646 190 1674 flores:
212 1647 264 1676 Sed
274 1648 370 1676 melius
381 1668 389 1675 .
409 1649 482 1678 Vide
494 1649 523 1677 in
531 1649 596 1678 dist.
608 1651 759 1688 Pharisaeus
769 1672 777 1680 .

46 1686 153 1716 semo
166 1707 175 1719 ‚
197 1698 300 1716 nomen
311 1710 318 1721 ,
341 1687 491 1717 satellitum
502 1689 638 1719 Presestus
649 1711 657 1718 .
678 1696 690 1727 [
702 1693 766 1727 Quo
785 1694 880 1723 audito

84 1727 208 1765 Augusta
218 1729 290 1758 mifit
302 1728 478 1758 Arthemium
499 1730 658 1760 Scribonem
671 1753 678 1760 .
701 1733 823 1762 Anastas.
835 1736 879 1765 Bi-

937 1202 980 1235 jus
989 1199 1148 1235 synonyma
1158 1224 1165 1230 .
1180 1203 1250 1232 Vide
1259 1206 1435 1236 Archi-vium
1445 1228 1453 1236 .

897 1241 1046 1270 Sentinum
1057 1263 1066 1274 ‚
1077 1242 1165 1282 bulgae
1177 1265 1185 1276 ‚
1196 1254 1231 1273 ex
1241 1244 1374 1276 saxonica
1386 1258 1455 1278 voce
1463 1252 1567 1288 Scrippe
1576 1272 1584 1284 ‚
1602 1251 1638 1280 de
1647 1261 1697 1290 qua
1707 1250 1739 1280 fit

937 1282 1044 1310 mentio
1064 1282 1093 1311 in
1103 1285 1220 1319 Synodo
1241 1285 1289 1314 sub
1299 1289 1377 1326 Rege
1396 1289 1499 1328 Pipino
1508 1292 1637 1320 celebrata
1647 1314 1655 1325 ,
1675 1303 1698 1320 c.
1709 1302 1738 1327 4·

939 1320 984 1350 his
997 1323 1100 1351 verbis.-
1122 1326 1302 1364 [Peregrinis
1322 1327 1448 1359 (imiliter
1457 1332 1665 1366 constituimus,
1689 1332 1737 1371 qui

940 1372 1056 1401 propter
1073 1365 1229 1394 Dominum
1240 1368 1273 1395 ad
1283 1370 1402 1398 Romam
1411 1392 1420 1404 ‚
1444 1373 1488 1400 vel
1499 1373 1563 1402 alibi
1575 1374 1678 1402 vadunt
1689 1395 1697 1406 ,
1707 1382 1738 1401 ut

937 1404 986 1440 spii
997 1413 1045 1442 per
1056 1406 1158 1433 nullam
1170 1407 1340 1437 occasionem
1349 1410 1382 1438 ad
1392 1421 1489 1448 pontes
1499 1434 1508 1446 ‚
1521 1417 1549 1442 ὅ(
1557 1414 1590 1442 ad
1600 1414 1719 1443 exclusas
1728 1436 1737 1446 ,

936 1454 980 1472 aut
998 1444 1115 1483 navigio
1124 1456 1181 1475 non
1201 1447 1379 1478 detineantur
1396 1462 1509 1490 propter
1531 1452 1637 1492 scrippa
1647 1453 1708 1483 sua:
1721 1456 1735 1486 ]

935 1483 1004 1513 idest
1017 1507 1024 1517 ‚
1044 1495 1073 1513 ut
1084 1497 1141 1514 non
1152 1488 1332 1518 molestentur
1341 1489 1448 1520 solvere
1458 1493 1562 1522 datium
1575 1517 1581 1526 ,
1603 1505 1647 1523 aut
1657 1496 1740 1523 aliam

936 1524 1143 1563 impositionem
1157 1538 1206 1565 pro
1226 1529 1302 1558 rebus
1313 1530 1396 1560 illatis
1406 1534 1436 1560 iu
1446 1543 1542 1563 eorum
1550 1535 1639 1573 bulgis
1650 1557 1658 1568 ‚
1680 1536 1737 1565 sive

937 1563 1048 1594 sacculis
1058 1586 1065 1593 .
1078 1568 1150 1596 Vide
1160 1569 1296 1605 Bnffacms
1308 1590 1315 1598 .

896 1605 1104 1640 Sem-romum,
1116 1609 1189 1636 locus
1201 1619 1230 1637 in
1242 1611 1419 1647 monasterio,
1430 1614 1473 1643 ubi
1485 1614 1617 1644 Monachi
1627 1616 1660 1644 ad
1670 1614 1737 1644 scri-

935 1647 1053 1675 bendum
1071 1651 1276 1679 conveniebant
1295 1661 1420 1691 tempore
1439 1654 1583 1694 hyberno,
1604 1657 1652 1697 qui
1663 1658 1736 1686 locus

937 1686 1031 1716 conser
1037 1688 1146 1717 vabatur
1155 1691 1256 1719 calidus
1265 1713 1273 1724 ‚

897 1729 1072 1758 SCRIPTURA
1083 1730 1181 1759 Saena
1193 1751 1200 1759 .
1211 1733 1285 1762 Vide
1294 1735 1391 1764 Biblta
1401 1756 1407 1764 .

89 1766 190 1795 blioth.
203 1768 233 1797 in
243 1769 355 1808 Vigilio
367 1771 445 1813 P³P².·
459 1773 471 1801 ]
492 1773 534 1800 Ac
543 1771 606 1799 alibi
615 1771 689 1801 idem
698 1775 797 1812 repetit
810 1780 823 1811 [
835 1776 880 1805 Ο-
896 1770 1069 1799 SCRIPTURA
1079 1771 1214 1801 summm
1227 1793 1233 1800 .
1247 1775 1303 1803 FR.
1326 1775 1416 1814 idest,
1427 1778 1618 1808 testamentum
1627 1800 1636 1812 ,
1658 1779 1733 1808 Cod.

85 1809 236 1846 mnes,qui
253 1811 283 1838 in
292 1810 406 1839 consilio
425 1809 486 1849 ipso
505 1811 613 1840 fuerant
624 1833 632 1845 ,
653 1813 796 1849 imbojatos
807 1816 879 1846 milit

83 1848 248 1877 Ravennam
265 1860 313 1888 per
333 1860 425 1880 manus
445 1851 566 1881 Mani-ini
584 1851 715 1883 scribonis
727 1875 734 1882 .
753 1855 831 1884 Idem
850 1857 879 1886 in

84 1886 236 1917 Theodoro
247 1910 253 1916 .
272 1891 284 1920 ]
296 1890 428 1926 Quamvis
438 1892 475 1920 D.
485 1894 571 1931 Greg.
582 1893 628 1922 hb.
652 1899 677 1923 8.
691 1894 767 1934 epist.
779 1902 825 1926 60.
836 1898 878 1926 of-

85 1927 177 1956 ficium
187 1928 350 1960 honoratius
359 1932 500 1972 intelligat
509 1953 517 1961 .

37 1966 154 1997 Setino
167 1990 176 2002 ‚
186 1995 189 1998 Δ
201 1970 311 1998 verbum
324 1991 331 1999 .
350 1972 424 2001 Vide
433 1974 567 2002 obumbra
577 1994 585 2002 .

42 2008 232 2039 Sciunuitius
244 2022 252 2041 ς
263 2012 394 2041 Notarius
403 2034 412 2046 ,
426 2012 511 2043 scriba
520 2036 528 2048 ‚
537 2014 683 2044 archivista
692 2037 700 2049 ‚
710 2016 757 2055 qui
767 2017 833 2046 licet
846 2018 875 2047 in

84 2049 232 2086 primitiva
250 2052 365 2081 Ecclesia
381 2054 416 2082 ad
433 2055 591 2094 colligenda
601 2058 759 2093 Mmyrum
769 2059 824 2087 asta
834 2059 873 2088 in-

81 2090 171 2119 stituti
182 2090 302 2126 fuerint,
324 2103 354 2121 ut
362 2094 426 2123 alibi
439 2095 542 2124 dictum
552 2096 602 2124 fuit
614 2118 622 2129 ,
643 2097 763 2135 procefl'u
781 2108 872 2128 tamen

83 2131 216 2169 temporis
243 2133 276 2161 ad
304 2132 456 2163 formandas
485 2137 646 2175 apostolicas
663 2139 746 2167 bullas
772 2139 872 2169 addic'ti

81 2169 164 2204 sunt,
185 2182 215 2201 ut
226 2182 260 2201 ex
281 2174 509 2215 EpistolisSergii
530 2179 584 2206 1v.
594 2178 754 2218 colligitur:
779 2181 872 2215 [Scri-

82 2221 161 2249 ptum
177 2222 226 2250 per
243 2223 340 2243 manus
362 2217 505 2246 Benedicti
525 2219 639 2247 Notarii
660 2221 827 2258 Regionarii
845 2225 871 2250 δ(

937 1809 972 1838 de
981 1809 1121 1839 haereticis
1129 1833 1137 1844 ‚
1148 1813 1173 1844 ξ.
1185 1815 1353 1844 Manichaeos
1363 1837 1369 1844 .

893 1852 1079 1880 SCRITOBONI
1091 1872 1098 1879 .
1118 1855 1174 1883 FR.
1192 1855 1337 1885 Saltatores
1348 1879 1356 1890 ,
1374 1857 1603 1898 seprentrionales
1613 1860 1732 1898 Populi.

933 1892 1028 1920 Paulus
1037 1893 1175 1922 Diaconus
1184 1895 1215 1922 in
1225 1894 1289 1924 hist.
1299 1900 1453 1936 Longobar.
1465 1901 1512 1928 lib.
1528 1911 1550 1928 i.
1562 1911 1584 1928 c.
1598 1911 1623 1935 5.
1643 1905 1671 1930 δε
1683 1905 1732 1930 28.

931 1935 959 1960 ὅ(
971 1934 1027 1967 ejus
1048 1934 1184 1962 Adnotat.
1196 1935 1297 1964 ibidem
1308 1959 1315 1966 .
1338 1939 1397 1968 Alii
1409 1950 1499 1969 tamen
1515 1942 1684 1978 ScriphInios
1695 1942 1731 1970 le„

929 1982 999 2012 gunt
1011 1972 1041 2000 in
1060 1972 1133 2003 hunc
1150 1977 1226 2004 Pauli
1237 1978 1327 2007 locum
1338 2001 1346 2012 ,
1365 1980 1421 2009 five
1432 1982 1567 2018 Scrrfinios
1578 1982 1734 2018 aScrtfim'a

931 2013 1045 2052 regione
1064 2014 1251 2046 Scandinaviae
1266 2039 1274 2050 ‚
1293 2029 1354 2058 qux
1365 2030 1500 2060 perpetuo
1517 2023 1625 2052 nivibus
1637 2023 1708 2061 riget
1718 2034 1728 2054 ς

929 2058 957 2083 8(
969 2057 1022 2089 ejus
1032 2055 1130 2084 incolae
1143 2067 1235 2086 carnes
1246 2059 1360 2088 ferarum
1370 2063 1462 2091 crudas
1475 2063 1560 2092 edunt
1573 2085 1580 2096 ,
1602 2061 1729 2102 pellibus-

930 2105 982 2134 que
991 2105 1086 2124 eorum
1095 2107 1210 2135 corpora
1218 2099 1262 2128 sua
1272 2110 1426 2141 contegunt
1437 2125 1445 2136 ‚
1454 2114 1488 2132 ex
1498 2104 1560 2133 eod.
1571 2104 1727 2132 Paul-Diac-

890 2138 1042 2166 Senonum
1053 2158 1060 2170 ‚
1073 2139 1154 2166 vestis
1167 2140 1304 2170 muliebris
1312 2140 1421 2181 species.
1433 2150 1446 2180 [
1456 2144 1518 2173 Istae
1532 2146 1659 2173 mulieres
1671 2154 1728 2172 am-

926 2176 1019 2205 bulant
1038 2177 1204 2208 discalceatae
1214 2202 1222 2213 ‚
1242 2191 1381 2220 portantes
1392 2183 1522 2215 scrobulas
1540 2185 1623 2225 usque
1632 2185 1665 2214 ad
1675 2195 1726 2213 ter-

926 2227 982 2246 ram
993 2237 1000 2244 .
1019 2220 1044 2248 S.
1056 2219 1173 2262 Oderic.
1185 2221 1216 2249 in
1227 2226 1365 2262 peregrin.
1377 2236 1400 2254 c.
1416 2237 1438 2254 i.
1447 2227 1473 2258 §.
1485 2238 1512 2262 4.

80 2251 218 2281 scriniarii
236 2254 262 2282 S·
275 2256 312 2284 R.
333 2259 364 2284 E.
384 2258 397 2288 ]
417 2257 457 2286 Hi
479 2258 624 2286 duodecim
645 2270 762 2290 numero
778 2272 854 2290 erant
866 2285 873 2296 ‚
886 2259 1057 2295 Sciturmo,
1081 2262 1210 2298 inquiro,
1241 2267 1370 2294 examino
1385 2289 1393 2300 ‚
1417 2266 1576 2306 investigo,
1604 2267 1727 2296 scrutor.

78 2303 196 2330 quorum
213 2295 316 2332 primus
336 2299 580 2335 Protoscriniarius
601 2299 754 2329 dicebatur:
777 2301 836 2330 imo
847 2306 872 2331 &

76 2333 246 2371 Archivtsta
253 2356 264 2372 ,
286 2337 518 2367 Bibliothecarius
530 2361 539 2372 ‚
553 2341 747 2370 Cancellarius
757 2363 765 2375 ‚
784 2348 875 2372 Proto-

70 2374 231 2411 scn'narius
241 2397 250 2411 ,
269 2382 475 2408 protonotarius
485 2401 494 2414 ,
506 2379 540 2409 de
552 2380 649 2420 quibus
660 2379 716 2412 suis
728 2383 797 2412 locis
809 2404 816 2411 .
828 2384 878 2419 Sy-

930 2306 943 2335 [
955 2301 1096 2331 Scrutabor
1107 2301 1255 2340 Jerusalem
1266 2305 1297 2333 in
1307 2307 1422 2336 lucernis
1431 2328 1438 2335 .
1459 2308 1581 2347 Sophon.
1591 2319 1614 2336 c.
1630 2308 1676 2338 i.]
1696 2310 1726 2336 δι

931 2341 963 2369 ad
974 2351 1031 2370 rem
1044 2357 1050 2372 ;
1063 2350 1075 2378 [
1088 2343 1249 2374 Scrutinabo
1260 2346 1433 2377 Hierusalem
1444 2359 1505 2378 cum
1514 2349 1633 2378 lucernis
1642 2367 1650 2375 ·
1673 2349 1727 2378 Lu-

932 2381 1002 2412 cifer
1011 2383 1103 2414 Caral.
1114 2383 1160 2415 lib.
1175 2395 1196 2414 i.
1206 2386 1310 2418 advers.
1323 2388 1422 2420 Const-
1603 2431 1619 2461 S

1622 2441 1691 2462 cau-
