1866 2526
477 33 598 78 NA

1257 33 1305 74 N
1342 32 1376 74 A
1645 44 1724 86 453

123 95 189 126 calis
200 93 268 136 pilei
280 116 289 128 ,
307 103 385 133 quam
398 91 500 132 pariter
510 91 539 121 in
549 92 600 121 liae
610 91 691 121 noste
703 93 771 130 Papa
782 90 867 120 facere
877 89 920 119 so-
939 91 1102 120 Nauarum
1112 110 1121 118 .
1131 91 1188 120 FR.
1199 89 1324 121 Navium
1337 89 1480 119 fabricator
1491 111 1500 123 ,
1511 100 1544 118 ex
1553 99 1645 128 graeco
1654 92 1778 121 Νκυπὶῑέ

124 139 164 166 let
174 157 181 165 .
194 136 266 165 Vide
276 137 375 163 Lemo.
386 135 458 163 Item
472 133 547 172 quod
558 132 577 161 h
583 133 605 161 ic
614 133 673 161 dies
683 133 841 171 Epiphania
848 131 919 160 dice-

124 178 210 207 batur.
220 175 293 205 Vide
303 175 459 212 Epiphania
470 193 477 200 .
489 175 560 202 Item
571 174 645 212 quod
655 174 687 202 ad
699 175 725 202 S.
736 173 852 201 Mai-iam
864 173 920 200 Ma-

120 220 209 255 jorem
230 215 260 244 in
283 215 422 243 Matutino
439 214 520 250 hujus
543 214 630 242 nostis
649 213 848 242 Invitatoriiim
863 222 919 240 non

125 257 263 286 dicebatur
274 276 281 283 .
303 255 376 283 Vide
387 258 592 284 Invitatorium
604 275 611 281 .
622 255 694 284 Item
705 254 780 292 quod
792 254 820 282 in
834 253 919 291 prima

977 128 1025 169 yc'g
1037 141 1044 158 ε
1065 129 1100 159 fic
1109 131 1260 169 appellatus
1270 130 1307 160 est
1319 129 1437 159 Michael
1450 132 1604 169 Imperator
1619 152 1625 163 .
1646 131 1709 168 quia
1719 132 1775 164 eius

979 173 1095 207 majores
1105 172 1134 199 in
1144 170 1333 210 Paphlagonia
1342 171 1453 200 navium
1468 170 1642 199 fabricatores
1655 170 1774 199 fuerant.

978 211 1139 250 Aliquando
1150 211 1284 250 fignificat
1294 211 1406 241 navium
1417 211 1580 240 restaurator
1592 232 1599 244 ,
1621 210 1689 239 idest
1701 232 1709 244 ,
1728 210 1776 241 κε’-

978 249 1111 291 λαφσὶτης
1119 274 1127 285 ,
1137 253 1306 290 Calaphates
1318 272 1325 280 .

124 295 201 326 Missa
214 306 272 325 non
281 295 362 324 debet
372 295 427 323 dici
440 297 484 324 Iic
494 294 567 323 miss'a
578 294 616 323 est
627 314 634 322 .
647 295 720 323 Vide
729 299 776 323 Ita
786 294 865 331 miffa
874 293 918 329 est·
938 295 1050 322 Nauali
1062 314 1071 325 ‚
1094 293 1169 321 Vide
1184 293 1357 330 ⁴Mesonauta
1369 314 1375 325 ,
1386 293 1554 331 MuttoIogus
1563 312 1571 320 .

121 339 158 367 In
177 337 272 365 officio
292 335 372 372 huJus
391 336 477 363 noetis
499 336 705 373 cooperiebatur
728 335 823 363 Aliare
836 334 918 361 tribus
939 336 1146 366 ΝΑυτιεΑτιο,
1157 333 1301 371 navigatio
1310 339 1323 369 [
1332 335 1384 362 Per
1393 333 1550 372 diagrapha,
1561 331 1606 361 seu
1616 331 1707 370 capita
1717 355 1726 366 ,
1736 339 1776 360 at-

123 377 192 405 velis
201 376 317 405 diverfis
327 376 462 404 coloribus
471 397 478 409 ,
491 379 518 404 ἀ
528 385 610 414 quare
619 396 627 403 .
638 375 711 404 Vide
721 375 826 403 Altare
837 394 845 401 .
856 374 918 403 Cae-

122 427 180 446 tera
190 437 197 445 .
219 417 295 445 Vide
304 422 413 446 Neuma
424 436 431 443 .
443 416 508 445 Noel
516 435 523 443 .

85 461 265 488 Numa-21.
274 459 330 486 PR.
345 463 356 492 [
370 457 456 485 Vobis
467 466 577 495 quoque
588 465 682 484 notum
695 454 802 483 facimus
811 453 845 482 de
855 453 901 481 uni

125 499 207 527 νεῶς
217 496 406 527 Sacerdotibus
417 518 424 529 ‚
434 500 461 525 ὃ(
472 496 577 525 LeVitis
588 518 597 530 ,
617 500 643 524 ἃ
654 495 806 524 cantoribus
817 515 825 526 ,
845 497 872 522 δε
882 495 916 528 ja.

122 539 305 573 nitoribus,&
318 536 486 569 Nathinaeis,
497 540 525 565 δε
537 536 670 564 ministris
681 537 789 564 Domus
798 534 851 562 Dei
863 533 900 561 hu

975 384 1027 412 que
1039 374 1238 402 nauticationes
1249 394 1256 400 .
1277 373 1371 402 Anast.
1381 374 1513 402 Biblioth.
1532 374 1560 401 in
1573 373 1706 402 Vitalian.

940 416 1148 443 Nam-oroma
1162 436 1169 447 ‚
1180 411 1346 451 νωιτολὸγσς
1356 435 1363 442 .
1374 416 1430 444 FR.
1443 414 1603 446 Nauclerus,
1619 411 1776 442 navarchus·

977 450 1063 492 λα’·γος
1082 454 1158 482 enim
1177 454 1262 483 latine
1276 453 1365 483 sermo
1375 455 1430 487 est,
1449 456 1512 493 quia
1532 453 1703 483 sermonibus
1716 475 1723 486 ,
1749 457 1778 481 δε

977 496 1120 533 praeceptis
1130 505 1230 524 navem
1240 495 1341 534 dirigit
1352 515 1359 522 .
1373 500 1385 529 [
1399 495 1456 528 Hi,
1466 495 1513 534 qui
1522 494 1775 527 catechizantmau-

977 536 1081 574 tologis
1090 535 1267 565 conferantur
1276 555 1283 562 .
1306 536 1331 564 S.
1342 536 1474 564 Clemens
1487 545 1530 574 ep.
1548 547 1571 564 i.

124 582 165 614 jus
175 601 182 612 ,
197 589 219 607 ¹-
232 577 308 606 Esdr·
317 588 374 617 tap-
386 588 412 609 7·
425 581 451 606 ἃ
461 577 525 605 allbi
534 596 542 603 ·
553 578 565 607 ]
577 577 686 604 Familia
693 584 750 604 erat
762 585 821 613 qua:
835 574 903 602 Levi
936 577 1094 604 NAZARkus
1106 597 1114 604 .
1135 578 1191 605 PR.
1203 575 1327 604 hebraica
1347 586 1401 604 vox
1414 579 1505 605 Nazir
1514 598 1522 609 ,
1543 576 1612 605 idest
1622 598 1630 609 ,
1651 575 1778 615 segrega-

122 620 158 648 tis
168 618 338 647 ministrabat
347 640 354 651 ,
368 627 397 646 ut
408 628 441 645 ex
458 628 480 645 i.
490 616 581 645 Esdrae
592 627 650 655 cap.
664 621 687 644 8.
700 615 813 644 habetur
822 637 831 648 ‚
842 625 916 642 nem-

121 670 166 698 pe,
180 665 194 694 [-
203 662 238 687 Et
246 659 283 688 de
293 658 453 687 Nathinaeis
461 679 470 690 ,
480 667 546 695 quos
558 657 674 696 dederat
682 656 786 688 David,
797 659 824 684 δε
837 654 917 684 Prin-

122 710 184 738 ceps
195 700 227 728 ad
237 698 387 727 ministeria
395 698 555 726 Lei-itarum
564 717 571 724 .

84 743 208 771 Nar-rii,
220 738 410 767 theutonicum
421 738 579 766 vocabulum
591 742 687 769 Natte,
699 736 774 775 quod
785 745 916 775 tegetem,

122 781 180 809 five
191 780 305 808 stoream
318 779 444 806 denotat.
455 781 489 806 Et
497 787 527 806 ut
538 788 665 817 ageretur
676 778 845 809 miraculum,
858 785 918 804 nat-

125 829 153 848 ta
167 841 175 853 ‚
193 829 245 857 qua
255 819 407 847 accumbere
418 818 539 847 solebant
550 828 658 847 orantes
668 840 676 851 ‚
699 818 845 846 incolumis
855 826 917 845 ante

120 859 295 888 mausolaeum
307 869 411 897 reperta
422 879 429 887 .
442 861 475 888 In
486 860 543 887 vita
553 860 578 888 S.
590 859 714 887 Vulstani
726 857 817 896 Episc-

88 902 221 930 Nan-vni
232 921 239 927 .
252 902 308 929 FR-
322 905 333 934 [
345 900 487 928 Imitatrix
499 900 630 928 vitiorum
640 899 741 929 dicitur
751 920 758 932 ‚
781 909 841 927 can.
851 900 917 927 Pro—

120 941 209 970 clivus
219 962 227 973 ,
251 951 296 969 20.
308 940 402 978 quaest.
414 951 441 978 3.

84 983 264 1011 NAtuiiAus
278 983 374 1009 Fitius
387 1001 394 1007 .
419 980 491 1008 Vide
512 985 634 1009 Manzer
644 1000 650 1007 .

82 1023 288 1050 Nixuritaoniir.
299 1023 356 1049 Ries
369 1022 442 1049 suas
454 1041 461 1047 .
485 1022 541 1050 FR.
553 1020 710 1058 disperdere
719 1041 727 1052 ,
741 1020 784 1048 vel
795 1018 916 1058 periculo

123 1072 262 1100 exponere
272 1081 279 1089 .
297 1060 390 1089 Gloss.
399 1062 429 1089 in
440 1062 456 1088 l.
468 1068 495 1089 6.
507 1061 540 1089 de
550 1060 681 1099 prohibit.
693 1060 801 1088 alienat.
814 1060 915 1088 minor,

81 1104 188 1132 NATus
201 1122 207 1129 .
220 1104 276 1131 PR.
288 1102 437 1139 aliquando
447 1111 498 1140 pro
507 1100 625 1129 satellite
635 1100 785 1139 usurpatur.
800 1107 812 1136 [
825 1103 864 1129 Ac
874 1101 917 1137 ip·

122 1142 149 1171 se
162 1141 289 1180 illiusque
301 1141 356 1170 nati
369 1164 376 1175 ,
399 1141 445 1171 seu
465 1141 593 1169 satellites
603 1164 611 1174 ‚
635 1151 739 1170 certum
749 1141 896 1169 officialem
908 1161 915 1172 ‚

121 1182 168 1211 seu
185 1185 434 1211 Locuiiiienentem
445 1182 604 1210 Monasterii
626 1182 707 1210 vestri
727 1182 917 1210 inhumaniter

121 1222 337 1252 interfecerunt.
357 1224 458 1252 Bullar.
478 1223 572 1251 Calin.
584 1232 651 1251 tom.
666 1236 691 1252 2.
713 1223 836 1252 Constit.
849 1233 881 1260 33
892 1232 916 1257 5.

123 1264 235 1301 Jacobus
247 1264 279 1292 de
291 1263 400 1291 Sabellis
409 1263 582 1292 Domicelltis
592 1266 813 1295 Ronianus‚tunc
824 1263 855 1290 in
865 1263 917 1291 hu-

123 1314 212 1332 manis
223 1314 304 1342 agens
317 1326 325 1336 ‚
343 1304 457 1332 castrum
469 1305 578 1332 Nazani
590 1326 598 1336 ,
617 1303 750 1343 Nepelin.
762 1304 841 1332 Diec.
856 1314 916 1332 cum

121 1346 245 1373 omnibus
253 1345 356 1380 juribus
368 1365 376 1376 ,
385 1348 412 1373 ὅ(
422 1344 597 1383 pertinentiis
606 1344 659 1372 suis
670 1342 818 1384 poffidens.
831 1343 917 1373 illius-

122 1396 175 1425 que
185 1387 254 1418 nati,
273 1385 318 1413 seu
326 1384 415 1413 satelli
423 1395 460 1414 tes
470 1407 478 1418 ,
489 1395 593 1414 certum
603 1385 766 1414 officialem
777 1407 785 1418 ‚
808 1384 854 1414 seu
865 1387 918 1414 Lo-

122 1435 328 1455 cumtenentem
337 1426 504 1455 Monasterii
514 1428 569 1454 §.P⁴
581 1425 619 1454 uli
631 1425 820 1454 inhumaniter
831 1427 916 1454 inter-

123 1467 244 1495 fecerant
254 1487 261 1494 .
274 1467 345 1495 Ibid.
355 1470 465 1494 constit.
475 1477 540 1501 407.
553 1466 641 1502 [Vide
650 1476 716 1504 puer
727 1468 809 1495 cume
822 1468 852 1495 in
863 1467 916 1495 dic.

123 1512 193 1535 Puer
208 1515 238 1534 in
254 1506 332 1534 sensu
349 1505 476 1534 satellitis
487 1526 494 1533 .
513 1507 564 1535 Sed
584 1516 614 1534 re
627 1516 689 1534 vera
701 1507 771 1534 illud
790 1513 841 1536 Seu
853 1507 918 1536 stare

124 1556 191 1585 puto
203 1546 266 1574 loto
277 1551 316 1574 Et
325 1568 332 1579 ‚
350 1556 380 1574 ut
391 1556 422 1574 in
431 1546 496 1574 dict.
508 1552 559 1575 Seu
569 1547 688 1575 dicemus
701 1568 708 1579 ‚
731 1550 758 1575 S<
779 1549 814 1577 fic
826 1549 918 1586 Jacobi

123 1587 175 1615 filii
194 1597 245 1614 una
265 1596 325 1614 cum
336 1585 498 1615 satellitibus
518 1588 553 1616 ad
574 1587 794 1616 interstitionem
816 1589 918 1628 praedi·

123 1628 193 1655 c‘tam
203 1628 368 1655 conturriile
377 1628 430 1655 erit
441 1627 656 1667 intelligendum
666 1649 672 1656 .
776 1658 780 1661 ,

83 1670 207 1699 NAuius
219 1688 228 1699 ‚
237 1677 293 1696 arca
304 1668 394 1706 lignea
404 1690 412 1700 ‚
423 1666 603 1707 sarcophagus
613 1691 621 1702 ‚
643 1669 673 1697 in
694 1679 748 1707 quo
760 1670 918 1699 conduntur

123 1709 254 1737 cadavera
267 1715 277 1744 [
290 1709 381 1737 Sancta
392 1718 507 1746 corpora
517 1710 596 1747 paliis
606 1731 613 1742 ,
636 1720 664 1738 ac
677 1709 759 1738 nausis
770 1720 900 1739 exornata
911 1731 918 1738 .

124 1751 211 1787 Greg.
222 1752 363 1777 Turonen.
382 1749 417 1777 de
435 1750 529 1788 gloria
551 1749 695 1779 conseslor.
707 1752 720 1782 ]
742 1752 806 1781 Alii
826 1761 918 1780 tamen

124 1791 220 1826 Naffics
231 1791 327 1828 legunt
336 1809 342 1817 .
369 1790 417 1825 [Si
427 1800 488 1829 quis
500 1800 637 1820 mortuum
647 1789 790 1820 hominem
801 1814 809 1825 ‚
831 1802 876 1820 aut
889 1793 918 1820 in

123 1828 196 1857 naffo
210 1850 217 1861 ‚
237 1840 281 1858 aut
294 1839 322 1858 in
341 1839 417 1868 petra
428 1852 435 1863 ,
456 1840 516 1869 quae
526 1830 586 1860 vasa
598 1842 630 1860 ex
643 1830 689 1860 usu
698 1831 856 1871 sarcophagi
877 1832 913 1861 di-

124 1879 223 1897 cuntur
233 1892 241 1902 ‚
253 1868 334 1907 super
345 1871 427 1899 alium
438 1872 544 1900 miserit
554 1894 562 1905 ‚
577 1872 619 1901 lex
631 1872 769 1900 Salicatit.
787 1883 828 1905 i7.

83 1912 185 1939 Navi<
191 1921 248 1938 υιΛ
261 1931 268 1939 .
281 1909 417 1939 vasculum
429 1933 437 1944 ,
460 1913 488 1940 iii
506 1923 560 1951 quo
578 1922 692 1951 ponitur
713 1912 854 1942 incensum
873 1923 923 1952 pro

128 1951 280 1983 thuribulo,
292 1951 327 1979 sic
337 1953 478 1990 appellata,
492 1954 554 1991 quia
564 1953 635 1982 solet
643 1963 726 1982 ovata
739 1953 825 1982 forma
836 1954 869 1982 ad
880 1954 922 1981 in-

123 1995 176 2019 itar
189 2001 266 2019 navis
278 1990 389 2019 formari
402 2004 407 2019 ε
427 1995 483 2028 ejus
503 1992 662 2030 synonyma
673 2015 679 2021 .
703 1994 777 2022 Vide
796 1999 920 2027 Acerra,

125 2037 280 2069 Hannapus
291 2054 297 2063 ,
308 2034 494 2069 Incenson'um
505 2055 513 2066 ,
522 2039 605 2074 Pyxis
620 2055 626 2061 .

84 2072 97 2088 ⁴
108 2073 315 2101 Navieutmi
327 2092 334 2099 .
346 2074 430 2101 Certa
443 2074 561 2103 Societas
570 2075 725 2106 hominurn,
736 2075 783 2112 qui
793 2074 923 2103 anniver-

120 2111 221 2141 sarium
231 2112 361 2141 frumenti
371 2114 502 2142 tributum
512 2124 545 2143 ex
559 2115 650 2144 Africa
660 2137 668 2148 ‚
680 2120 707 2144 &-
717 2115 852 2155 AEgypto
863 2119 925 2144 Ro-

976 625 1016 643 tus
1028 637 1034 643 .
1057 623 1069 651 [
1081 618 1172 645 Naz:r
1184 616 1315 654 significat
1326 615 1446 655 separare
1455 615 1540 645 semet
1558 617 1687 645 adeliciis
1699 625 1779 643 mun-

975 657 1002 684 di
1015 678 1022 689 ,
1035 657 1100 684 inde
1109 656 1140 685 fit
1153 658 1299 685 Nazaraeus
1308 679 1316 690 ‚
1327 657 1373 695 qui
1385 656 1519 695 separatus
1528 668 1542 686 a
1553 658 1621 686 vino
1632 679 1640 691 ,
1650 661 1678 686 δε
1690 666 1775 695 popu-

976 698 995 726 li
1009 696 1161 735 frequentia
1173 720 1181 731 ,
1193 707 1223 725 ut
1235 697 1321 736 magis
1329 698 1517 727 sanftimoniae
1528 698 1695 726 incumberet
1704 718 1711 724 .
1722 698 1779 726 Da-

975 738 1025 767 rid
1034 738 1067 766 de
1078 737 1172 769 Pontis
1184 758 1191 765 .
1217 742 1228 772 [
1241 738 1370 766 Nazaraei
1392 739 1476 776 igitui-
1494 750 1550 767 non
1560 738 1648 768 solum
1667 750 1681 767 a
1701 748 1779 766 mero

975 778 1144 806 abstinebant
1156 799 1165 811 ‚
1174 777 1224 806 sed
1233 789 1246 806 a
1257 789 1422 817 quocunque
1433 789 1499 817 potu
1512 779 1664 808 inebriante
1675 800 1682 807 .
1705 780 1780 807 Item

975 819 1044 848 ferre
1056 828 1179 852 comam,
1194 829 1245 847 iiec
1256 820 1388 848 novacula
1400 821 1441 848 uti
1452 841 1458 852 ‚
1481 831 1531 848 nec
1541 821 1574 849 ad
1593 818 1724 848 fuitei-alia
1735 818 1780 846 iri-

976 859 1116 888 tervenire
1125 858 1268 890 solebant5
1291 860 1348 888 imo
1359 861 1431 889 nefas
1443 861 1497 889 illis
1508 870 1566 889 erat
1576 870 1687 900 tangere
1701 859 1776 887 cada-

975 910 1039 929 vera
1051 922 1059 933 ‚
1069 904 1097 928 ὅ(
1107 910 1279 930 mortuorum
1289 901 1342 930 oss'a
1354 923 1360 933 ,
1371 901 1427 930 five
1435 902 1486 930 alia
1496 903 1529 931 de
1535 901 1688 930 functorum
1699 911 1779 928 uten-

974 941 1031 970 silia
1041 961 1048 968 .
1059 946 1188 970 Nazaraei
1201 942 1268 970 item
1277 942 1395 980 duplicis
1404 942 1504 981 speciei
1515 952 1592 971 erant
1604 964 1611 975 ,
1631 942 1742 981 quidam
1752 939 1779 967 se

974 982 1159 1020 astringebant
1169 983 1202 1010 ad
1212 991 1319 1021 tempus
1328 982 1392 1011 huic
1403 984 1532 1012 instituto
1541 1005 1548 1016 ,
1558 993 1588 1011 ut
1600 983 1630 1011 in
1639 994 1662 1010 c.
1683 988 1708 1011 6.
1719 982 1779 1010 Nu-

975 1032 1040 1050 mer.
1052 1022 1155 1060 legitui·
1167 1034 1173 1054 5
1185 1023 1297 1061 quidam
1309 1033 1398 1054 autem
1411 1035 1458 1062 per
1471 1034 1560 1052 totuin
1572 1024 1638 1052 vitae
1651 1022 1757 1051 cursum
1770 1043 1778 1053 ,

974 1072 1003 1092 ut
1013 1063 1123 1091 suerunt
1135 1064 1246 1092 Samson
1260 1086 1267 1097 ‚
1279 1065 1386 1093 Samuel
1399 1069 1441 1094 ,δε
1453 1065 1560 1093 ssmiles.
1570 1065 1713 1101 Inceperat
1725 1061 1778 1091 hoc

974 1103 1102 1132 institutt'i
1113 1105 1185 1132 inter
1195 1105 1305 1142 Judaeos
1316 1115 1329 1132 a
1340 1106 1442 1141 Moysis
1452 1105 1658 1143 temporibus&
1668 1103 1780 1133 duravit

974 1143 1057 1182 usque
1066 1145 1099 1172 ad
1111 1145 1308 1183 Apostolorum
1321 1156 1341 1173 te
1347 1156 1410 1174 i‘iim
1422 1157 1430 1176 ς
1441 1146 1513 1174 unde
1525 1146 1559 1174 de
1570 1146 1606 1174 D.
1619 1146 1702 1173 Paulo
1712 1144 1782 1173 dici-

974 1195 1018 1213 tur
1029 1184 1108 1213 illum
1118 1187 1283 1214 Nazaraeuin
1294 1185 1368 1214 suissi:
1378 1197 1441 1215 ante
1452 1187 1663 1215 tonverstonem
1675 1205 1682 1212 .
1703 1185 1781 1214 Licet

974 1234 1064 1254 autem
1075 1225 1104 1253 in
1115 1225 1216 1255 Genes.
1229 1237 1284 1266 cap.
1295 1238 1343 1262 49.
1355 1227 1514 1256 inveniatur
1527 1226 1678 1264 Josephum
1690 1227 1782 1254 Naza-

974 1276 1058 1294 r.1:um
1071 1266 1144 1295 fuisse
1157 1288 1164 1299 ,
1176 1268 1222 1305 qui
1235 1277 1327 1296 tamen
1344 1268 1434 1296 multo
1443 1278 1507 1296 ante
1519 1266 1638 1302 Moysen
1649 1266 1758 1294 vixerat
1771 1287 1779 1298 ,

973 1307 1007 1334 de
1019 1317 1074 1345 quo
1084 1306 1205 1342 ibid.[Et
1214 1307 1244 1335 in
1258 1309 1361 1337 vertice
1371 1309 1499 1337 Nazaraei
1511 1309 1585 1337 inter
1596 1307 1691 1335 fratres
1702 1305 1778 1337 suos]

975 1358 1033 1375 non
1043 1347 1118 1375 enim
1131 1349 1280 1377 Nazaraeus
1290 1359 1322 1378 ex
1336 1359 1368 1377 eo
1379 1370 1387 1381 ,
1406 1349 1480 1387 quod
1492 1351 1690 1378 Nam-rasorum
1701 1347 1779 1375 insti-

975 1397 1066 1415 tutum
1075 1387 1238 1417 obscrvafl'ct
1250 1411 1258 1422 ‚
1281 1389 1400 1420 dieitur3
1421 1389 1467 1418 sed
1480 1390 1543 1427 quia
1561 1389 1589 1417 in
1602 1389 1694 1416 multis
1703 1399 1716 1416 a
1727 1386 1780 1415 suis

975 1428 1100 1456 fratribus
1109 1427 1243 1467 separatus
1264 1430 1350 1458 suerat
1364 1452 1371 1462 ‚
1393 1440 1474 1468 quare
1495 1430 1600 1457 dietum
1613 1429 1727 1457 Geiielis
1738 1429 1780 1456 lo-

975 1478 1037 1496 cum
1048 1468 1200 1498 Clialdaica
1212 1471 1301 1499 verfio
1310 1470 1407 1498 habet:
1420 1475 1432 1504 [
1445 1472 1529 1508 Super
1539 1469 1691 1508 viruui,q·.ii
1703 1467 1781 1507 sepa-

977 1519 1048 1538 ratus
1067 1510 1106 1538 el’t
1124 1521 1138 1538 a
1152 1510 1279 1539 fratribus
1299 1511 1351 1539 suis
1363 1531 1369 1537 .
1382 1512 1392 1541 ]
1413 1514 1542 1539 Nazaraei'
1563 1511 1631 1538 item
1650 1509 1781 1548 appellati

978 1550 1038 1578 sunt
1049 1549 1205 1580 Christiani
1216 1573 1224 1584 ‚
1236 1552 1297 1590 quia
1307 1563 1319 1580 a
1332 1550 1448 1580 Mortuis
1461 1573 1468 1583 ,
1480 1551 1547 1579 idest
1559 1573 1567 1583 ,
1579 1551 1665 1579 Idolis
1675 1550 1759 1578 alieni
1771 1571 1779 1582 ‚

977 1595 1004 1620 δέ
1013 1589 1147 1630 segregati
1157 1591 1228 1620 fiint:
1243 1592 1344 1620 mortui
1355 1592 1430 1620 enim
1440 1602 1453 1619 a
1465 1590 1635 1620 Christianis
1647 1591 1778 1618 vocaban-

977 1641 1022 1659 tur
1034 1632 1122 1660 Idola.
1134 1632 1208 1660 Vide
1218 1638 1347 1661 Mortuus
1358 1653 1364 1660 .
1378 1632 1453 1660 Hinc
1467 1632 1632 1660 Prudentius
1645 1631 1660 1659 l.
1679 1642 1702 1659 i.
1714 1641 1779 1659 con-

979 1681 1019 1700 tra
1030 1670 1224 1706 Symmachum
1236 1673 1395 1701 Gentilium
1404 1671 1577 1701 defensorem
1596 1671 1695 1699 cecinit
1708 1682 1714 1698 :

1018 1713 1136 1750 Jamque
1158 1713 1212 1741 ruit
1234 1714 1324 1750 paucis
1346 1716 1446 1751 tarpeja
1467 1712 1497 1741 in
1521 1723 1587 1751 rupe
1609 1712 1719 1740 πεισθεὶς

1020 1752 1066 1780 Ad
1088 1753 1189 1781 fincera
1212 1754 1305 1782 virum
1328 1753 1479 1791 penetralia
1501 1754 1716 1782 Nazaraeorum.

980 1794 1059 1821 Inter
1069 1795 1182 1822 Gi-aecos
1194 1803 1284 1822 tamen
1294 1800 1446 1823 Nazaraeus
1458 1796 1534 1829 juxta
1546 1793 1700 1821 hebraicum
1713 1791 1778 1821 sen-

978 1832 1038 1860 sum
1049 1843 1099 1871 pro
1110 1834 1250 1862 Monacho
1259 1835 1394 1872 accipitur
1405 1857 1410 1865 ,
1426 1833 1491 1862 idest
1503 1855 1510 1866 ,
1522 1833 1594 1862 solus
1606 1855 1613 1866 ,
1624 1833 1779 1872 segregatus

980 1877 1033 1902 δεῖ.
1055 1875 1214 1911 []ο.ιηι]ειτι
1224 1875 1381 1903 Andronici
1393 1874 1482 1902 filium
1493 1885 1523 1902 iii
1534 1875 1724 1903 Macedoniam
1736 1874 1780 1902 ab·

980 1914 1099 1947 drictum,
1111 1915 1254 1943 communi
1266 1913 1367 1943 :iss'ensu
1381 1936 1387 1947 ‚
1399 1913 1580 1953 applausuque
1592 1917 1701 1953 Regem
1711 1915 1780 1943 deii-

981 1964 1067 1992 gnat5
1081 1954 1153 1984 inito
1163 1965 1250 1994 regno
1261 1977 1268 1987 ,
1280 1956 1508 1983 Canracuzenuui
1519 1966 1547 1983 in
1560 1957 1758 1985 Nazaraeorum
1771 1977 1780 1989 ,

980 1996 1036 2024 live
1050 1995 1251 2024 Monachoruni
1263 1996 1390 2023 ordinem
1403 1996 1544 2023 transtulit
1555 2017 1563 2028 ,
1581 2005 1662 2033 quein
1672 2005 1779 2024 mutato

980 2036 1096 2064 nomine
1110 2035 1273 2064 Matthaeum
1283 2037 1437 2074 appellavit
1448 2056 1454 2063 .
1465 2035 1652 2065 Chalcondila
1663 2037 1709 2065 lib.
1719 2036 1778 2065 i.de

980 2077 1035 2104 reb.
1047 2076 1207 2109 Turcicis‚]
1228 2077 1274 2114 qui
1284 2077 1375 2104 austor
1393 2075 1464 2114 saepe
1475 2075 1528 2105 hoc
1542 2077 1672 2106 vocabulo
1692 2077 1779 2106 utitur

979 2117 1011 2145 :id
1020 2116 1227 2155 lignificandum
1238 2116 1416 2155 Religiosum
1428 2137 1435 2144 .

123 2163 195 2181 mam
204 2158 231 2182 ὃ(
243 2154 522 2192 Constantinopolim
532 2154 753 2194 transportabant
762 2177 769 2184 .
788 2158 922 2194 Augusti·
938 2158 1137 2186 Nummus.
1155 2159 1210 2185 FR.
1221 2157 1327 2195 gentile
1346 2167 1359 2185 a
1368 2156 1506 2187 Nazareth
1519 2178 1527 2190 ‚
1546 2168 1578 2186 ex
1590 2158 1710 2186 Hebraeo
1721 2162 1778 2186 Na-

0 2218 5 2240 i
124 2204 175 2221 nus
186 2193 267 2222 serm.
280 2205 329 2230 49.
339 2194 374 2222 dc
384 2194 498 2224 diversis
509 2216 515 2223 .

82 2235 214 2263 Navioo
224 2254 231 2261 .
244 2236 300 2263 PR,
312 2234 441 2263 Uxorem
452 2236 522 2265 duco
532 2257 540 2264 .
554 2236 720 2275 [Navigasti
732 2259 740 2270 ,
754 2237 821 2266 idest
834 2259 841 2269 ,
851 2248 919 2266 uxo-

121 2284 179 2303 rem
189 2274 301 2308 duxisti,
314 2286 372 2303 can.
383 2286 430 2304 nos
442 2279 580 2309 novimus,
590 2288 596 2305 i
605 2277 758 2316 7.qu:est.2.
770 2278 812 2307 Ibi
823 2278 918 2308 Gloss.

78 2315 207 2345 ΝΑνιυΜ
217 2317 339 2344 Geumi
354 2336 360 2343 .
376 2317 447 2345 Vide
457 2318 645 2347 Chelaadium
656 2339 665 2352 ,
677 2319 820 2356 Cohmpha
830 2340 837 2352 ,
848 2323 918 2348 Dro-

118 2366 181 2384 mon
193 2376 200 2382 .
214 2358 358 2394 myoparo
370 2368 400 2385 :n
411 2357 476 2386 diet.
487 2363 560 2388 Hero
569 2378 576 2387 .

158 2397 352 2434 &eroli-‚ticon
372 2402 466 2429 Macri
481 2419 488 2428 .

979 2209 1028 2227 zer
1039 2219 1047 2230 ‚
1059 2198 1134 2235 quod
1143 2196 1281 2225 surculum
1298 2197 1432 2236 significat
1442 2219 1450 2230 ‚
1460 2198 1533 2226 unde
1544 2198 1634 2236 postea
1646 2198 1778 2226 denomi-

980 2248 1043 2266 nata
1063 2238 1101 2266 est
1122 2238 1234 2266 Civitas
1253 2238 1401 2266 Nazareth
1409 2259 1416 2266 .
1435 2240 1508 2267 Item
1530 2242 1675 2268 Nazareni
1697 2238 1779 2265 etiam

978 2279 1090 2318 quidam
1101 2277 1207 2306 sectarii
1220 2278 1352 2316 appellati
1362 2277 1436 2312 sunt,
1446 2280 1494 2317 qui
1505 2289 1630 2317 quamvis
1641 2277 1778 2307 Christia-

977 2329 1040 2348 nam
1049 2318 1230 2356 Religionem
1242 2317 1388 2347 sectaretur
1399 2341 1407 2352 ‚
1434 2329 1502 2347 ritus
1519 2329 1610 2347 minen
1628 2317 1729 2347 veteris
1738 2327 1778 2349 te-

977 2358 1294 2398 stamcntisequebantur
1303 2381 1312 2394 ,
1324 2370 1371 2396 ²4·
1384 2359 1476 2430 qufaest.
1489 2370 1516 2398 3.
1529 2370 1587 2389 can.
1600 2369 1682 2427 39.N

1199 2412 1201 2414 ·
1385 2401 1404 2430 1³
1465 2409 1478 2438 3
1686 2408 1735 2428 tp.-
