1866 2526
476 39 585 83 013

115 103 338 134 Extravxomn.
353 95 388 126 de
399 97 512 128 decimis
521 120 528 127 .
551 99 624 127 Item
637 108 686 137 pro
697 95 793 130 fabrica
804 118 812 127 .
829 99 901 128 Item

114 144 227 174 ratione
238 139 349 175 alicujus
357 137 517 169 festivitatis
525 160 534 169 .
555 139 661 168 Ibidem
672 143 698 173 ξ.
708 142 742 170 de
752 139 904 174 eleemosy-

114 185 167 218 nis,
178 182 224 212 seu
231 181 356 209 oblation
363 180 596 218 ibus-Hujusmodi
603 182 760 211 ‘oblationes
770 181 826 210 live
835 182 905 210 elee-

114 223 237 260 mosynae
248 233 262 250 a
273 221 450 261 largientibus
461 222 489 250 in
502 221 619 251 Ecclesia
628 223 724 252 oblarae
748 222 839 251 multis
849 232 895 250 mo

114 266 157 294 dis
167 263 250 302 recipi
261 272 393 292 vetuntur
404 264 433 291 in
442 274 499 292 can.
511 262 665 291 oblationes
676 285 683 295 ,
693 263 756 292 dist.
767 274 816 299 90.
836 262 909 292 &ibi

112 303 204 334 Glossa
216 325 222 332 .
235 305 309 333 Item
323 304 492 336 Oblationes,
502 314 561 342 qua:
575 303 761 333 minutissimae
771 303 910 335 dicuntur,

114 355 214 384 nempe
224 367 232 378 ‚
244 355 294 384 pro
303 344 449 383 sepulturis
459 366 466 377 ,
477 348 503 373 ὅ(
515 344 612 372 dandis
623 345 802 383 poenitentiis
816 365 823 372 .
842 344 911 373 Ibid.

112 387 140 418 §.
152 385 277 424 Insuper.
292 387 364 414 Item
376 385 481 414 oblatio
494 384 629 424 significat
640 384 831 413 Missam.Vide
841 385 910 422 M‘s·

108 428 162 464 sa:
176 428 192 461 Η
207 439 213 455 2
235 427 318 456 Oi-do
328 429 468 456 Romanus
479 426 591 454 modum
611 424 740 454 describit
750 447 757 457 ,
777 435 833 463 quo
842 427 912 462 Papa

114 468 145 496 iii
155 467 310 496 Pontificali
321 467 504 496 celebratione
515 467 667 494 oblationes
679 467 755 503 panis
764 486 772 498 ,
793 469 820 494 δε
834 466 893 494 vini
906 487 913 498 ,

113 518 252 546 acceptare
264 506 365 536 solebat
378 529 385 535 .
404 506 594 537 Descendebat
615 516 733 545 namque
750 505 781 535 ad
803 512 913 535 Senato-

115 552 192 577 rium
205 571 213 581 ,
237 550 310 577 locus
320 558 411 577 autern
421 558 478 576 erat
489 548 533 575 hic
545 557 596 585 pro
606 546 777 585 Principibus
794 547 912 575 destino.-

114 598 158 617 tus
167 611 175 621 ,
198 600 211 617 a
221 589 314 628 quibus
326 589 445 628 propriis
454 588 577 616 manibus
586 587 739 615 oblationes
747 587 892 626 recipiebat
903 613 908 618 ,

115 630 226 658 tradens
238 628 295 669 ipse
305 630 396 668 postea
407 639 506 668 panem
517 628 689 666 Regionario
700 628 911 659 Subdiacon0,&

115 668 160 698 hic
170 669 291 699 secundo
301 670 474 699 Subdiaeono
485 668 658 707 consignabat
670 690 678 701 ,
701 669 746 707 qui
759 679 819 697 eum
830 670 858 697 in
870 679 911 696 to-

113 710 182 738 balia
195 712 295 739 munda
304 722 317 739 a
325 711 428 739 duobus
440 710 570 745 Acolytis
579 709 666 738 delata
687 709 911 748 reponebat,quae

119 752 295 788 offertorium
304 751 444 780 dicebatur
455 771 462 778 .
474 750 547 779 Vide
557 751 734 789 offertorium
747 752 846 788 infine.
859 753 912 779 Ar—

109 790 289 820 chidiaconus
312 802 403 821 autem
422 801 530 830 accePta
549 803 562 819 a
583 790 730 820 Pontificis
751 801 831 820 manu
851 791 910 819 vini

114 830 255 860 oblatione
267 854 272 865 ‚
285 833 354 861 illud
366 834 395 861 in
404 833 486 862 calice
497 843 510 860 a
522 831 692 860 Subdiacono
701 830 849 860 sustentato
870 832 910 859 in—

113 871 253 906 fundebat,
265 877 292 902 5<
306 874 357 902 illo
368 874 486 913 impleto
498 872 676 901 evacuabatur
687 872 802 901 inaliud
817 882 871 904 νας,
882 873 912 900 ab

113 913 241 948 Acolyto
254 915 393 946 delatum5
406 914 533 943 transibat
542 913 643 941 deinde
654 913 784 942 Pontifex
796 924 844 951 per
854 914 911 940 Ma-

114 962 256 982 tronarum
268 955 359 984 locum
369 977 378 988 ,
401 960 428 984 ὃ(
439 955 469 983 ab
482 953 543 992 ipsis
553 953 647 982 eadem
657 955 822 982 caeremonia
833 952 911 982 adhi-

111 994 166 1022 bita
178 1016 187 1027 ‚
209 994 308 1024 similes
318 996 472 1025 oblationes
491 993 640 1033 recipiebat
651 1016 658 1022 .
677 993 826 1033 Episcopus
845 1004 911 1023 vero

112 1034 350 1069 hebdomadarius,
363 1047 376 1065 a
389 1036 492 1075 populo
503 1045 601 1074 panem
611 1035 769 1074 colligebat,
780 1037 911 1074 illumque

114 1075 148 1103 in
158 1076 258 1105 tobalia
268 1077 415 1116 reponebat
427 1099 435 1110 ‚
447 1081 472 1106 δε
484 1087 498 1105 a
508 1077 636 1105 Diacono
645 1075 782 1105 associatus
794 1098 802 1109 ‚
814 1077 879 1104 vinu
885 1086 910 1103 in

107 1117 262 1154 acceptabat
274 1128 282 1149 ς
307 1128 339 1146 ex
350 1117 401 1146 hac
414 1116 492 1146 masta
501 1117 578 1155 panis
587 1117 677 1146 oblata
690 1116 910 1146 Archidiaconus

110 1150 422 1196 sumebatstquantitatem
442 1168 493 1197 pro
513 1158 708 1186 communione
719 1158 815 1196 populi
834 1157 910 1186 suffi-

109 1197 228 1226 cientem
241 1219 248 1226 .
270 1201 332 1227 Hoc
344 1200 452 1237 pensio
461 1197 592 1227 Pontifex
613 1198 644 1226 in
653 1197 769 1227 Throno
780 1197 887 1228 sedebat
901 1221 906 1230 ,

959 94 1037 125 tandi
1050 118 1057 130 ,
1069 105 1126 125 non
1136 94 1237 125 habent
1251 37 1396 124 ligula}
1405 93 1468 128 huc,
1481 94 1600 134 illucque
1609 42 1766 127 ‹nigri-cn-

961 137 989 165 di
1002 159 1008 169 ,
1019 146 1049 165 ut
1061 136 1163 176 singuli
1175 136 1292 166 offerant
1303 145 1365 164 cum
1376 135 1486 165 caeteris
1497 150 1504 164 .·
1521 136 1648 166 statutum
1659 139 1697 167 est
1707 140 1744 168 eis
1756 160 1765 172 .

965 187 994 205 ut
1013 177 1122 215 penitus
1140 188 1198 206 non
1218 177 1272 206 sint
1293 186 1416 206 extorres
1436 186 1450 204 a
1460 174 1592 205 sacrificio
1602 199 1610 209 ‚
1629 180 1765 209 custodire

933 226 941 227 ‘⁷
964 227 1080 256 aquam,
1101 217 1208 247 &hanc
1218 228 1300 247 unam
1310 217 1407 247 offerre
1427 227 1478 256 pro
1498 218 1622 247 caeteris.
1648 221 1769 248 Amalar.

967 259 1016 287 lib.
1031 269 1054 287 ι.
1073 259 1108 287 de
1119 257 1220 288 Eccles.
1232 258 1278 288 σθ’.
1288 268 1345 297 cap.
1362 269 1404 294 ¹9·
1416 261 1428 290 ]
1453 258 1536 293 Quod
1557 258 1660 288 dictum
1673 260 1724 288 suit
1737 270 1768 289 in

967 299 1033 327 dict.
1045 302 1191 338 Aquarii,
1203 304 1229 329 ὃ(
1240 300 1405 336 Camisatus
1415 320 1422 327 .
1444 298 1639 328 Recitabantur
1657 298 1766 339 insuper

967 340 1037 368 elata
1049 349 1117 368 voce
1128 340 1240 369 nomina
1251 341 1342 370 oblata
1364 339 1548 369 tribuentium
1560 361 1568 372 ‚
1591 344 1619 369 δε
1629 340 1769 370 dicebatur

968 385 1070 409 Nomen
1084 381 1176 418 offerre
1187 403 1194 414 ‚
1213 392 1275 420 quae
1287 380 1358 410 affin
1369 390 1499 419 tanquam
1512 390 1581 410 vana
1591 391 1604 409 a
1616 382 1651 410 D.
1665 383 1768 411 Hiero-

969 430 1055 456 nymo
1073 421 1104 449 in
1117 422 1241 450 Hiercm.
1265 422 1310 450 lib.
1323 433 1348 450 2.
1367 431 1424 460 cap.
1451 432 1458 449 ι
1471 432 1493 449 1.
1513 421 1687 460 redarguitur
1699 444 1707 456 ‚
1731 425 1766 453 iic

967 464 1073 496 aiente:
1096 467 1107 496 [
1121 464 1203 491 Nunc
1214 463 1319 501 publice
1329 462 1478 490 recitantur
1490 460 1665 491 offerentium
1677 465 1768 492 nonii-

972 512 1005 529 na
1018 524 1025 534 ‚
1046 506 1073 531 &
1087 503 1242 541 redemptio
1256 513 1428 541 peccatorum
1441 511 1562 532 mutatur
1575 503 1604 531 in
1614 503 1722 533 laudem
1731 526 1738 532 .
1752 507 1766 536 ]

970 543 1049 570 Hanc
1068 553 1156 572 autem
1167 544 1313 572 nominum
1325 544 1517 572 recitationem
1534 544 1567 572 ad
1587 544 1670 573 alium
1680 545 1767 574 Miss'ae

968 582 1059 611 locum
1071 584 1209 612 transtulit
1223 584 1406 613 Innocentius
1415 586 1487 622 Papa
1496 605 1505 617 ,
1517 594 1567 613 can
1581 596 1606 613 τ..
1618 586 1662 614 tibi
1672 595 1710 615 ita
1719 587 1766 615 de-

969 633 1092 652 creverat
1105 636 1111 652 ;
1125 627 1136 656 ]
1157 626 1200 653 De
1213 625 1370 653 nominibus
1381 634 1447 653 vero
1458 624 1607 654 recitandis
1617 636 1766 666 antequam

967 673 1058 701 preces
1069 665 1198 693 Sacerdos
1210 667 1287 694 iaciat
1299 687 1307 698 ,
1320 676 1399 704 :itque
1412 674 1506 694 eorum
1516 666 1671 696 oblationes
1679 690 1687 701 ,
1697 678 1766 706 quo-

967 714 1027 732 rum
1040 705 1154 734 nomina
1166 706 1303 734 recitanda
1314 705 1377 735 sunt
1389 727 1397 738 ,
1418 706 1462 734 sua
1478 707 1606 736 oratione
1624 718 1767 738 commen.

966 745 1013 773 det
1024 767 1032 778 ,
1044 756 1122 784 quam
1132 744 1297 784 superfluum
1307 747 1339 775 fit
1351 768 1358 779 ‚
1380 746 1437 784 ipsc
1448 756 1496 784 per
1507 758 1579 775 tuam
1590 750 1765 786 prudentiam

967 786 1144 825 recognoscis
1158 811 1163 821 ,
1182 797 1210 815 ut
1223 790 1296 822 cujus
1305 787 1422 816 hostiam
1442 797 1492 816 nec
1502 788 1568 816 dum
1578 789 1640 817 Deo
1649 789 1744 819 offeras
1753 811 1763 823 ,

968 829 1025 863 ejus
1034 837 1097 855 ante
1106 837 1208 856 nomen
1219 828 1346 861 insinuas,
1357 828 1481 867 quamvis
1490 827 1532 856 illi
1543 828 1718 868 incognitum
1730 831 1765 860 sit

967 868 1040 896 nihil
1052 889 1059 895 .
1072 870 1147 897 Prius
1158 878 1226 907 ergo
1235 869 1387 897 oblationes
1399 868 1461 898 sunt
1473 871 1700 900 commendandae
1713 894 1720 905 ,
1734 875 1764 899 ὅ(

967 917 1034 937 tunc
1045 919 1140 937 eorum
1150 910 1265 938 nomina
1276 931 1284 942 ,
1295 919 1411 948 quorum
1420 909 1483 939 sunt
1493 910 1650 940 oblationes
1661 934 1669 945 ‚
1682 913 1765 942 eden-

966 949 999 977 da
1009 970 1015 976 .
1027 952 1039 981 ]
1053 951 1097 978 De
1109 960 1160 988 qua
1171 961 1199 978 re
1210 951 1314 979 duflum
1326 951 1363 979 est
1373 951 1403 978 in
1411 951 1577 980 dictionibus
1586 956 1685 981 Canon
1695 953 1765 989 Mis-

962 991 997 1027 sa
1009 1012 1016 1022 ,
1028 990 1199 1027 Diptychum
1212 1013 1220 1024 ‚
1231 997 1343 1020 Nomen.
1355 993 1390 1020 In
1400 991 1516 1021 Ecclesia
1527 993 1706 1022 Ambrosiam
1716 994 1762 1022 liic

966 1031 1111 1058 oblationis
1121 1040 1189 1059 ritus
1200 1032 1234 1060 sic
1243 1031 1403 1061 observatur
1414 1054 1421 1065 ‚
1434 1041 1464 1060 ut
1474 1033 1529 1060 duo
1538 1033 1664 1062 Seniores
1674 1044 1706 1063 ex
1720 1046 1763 1063 vi-

965 1081 1057 1099 rorum
1067 1081 1143 1110 parte
1153 1082 1207 1100 tres
1217 1072 1316 1101 hostias
1326 1094 1333 1105 ,
1356 1077 1383 1101 δε
1396 1083 1480 1101 unum
1493 1082 1538 1100 vas
1559 1074 1612 1102 albi
1625 1075 1685 1104 vini
1696 1075 1763 1104 offe-

966 1122 1026 1140 rant
1037 1134 1044 1145 ,
1066 1113 1100 1141 sic
1114 1112 1176 1141 vice
1188 1115 1332 1142 mulierum
1351 1114 1409 1142 duae
1422 1115 1558 1143 Matronae
1569 1113 1672 1143 faciunt
1683 1135 1690 1143 .
1710 1117 1763 1150 Sy*

966 1153 1078 1181 nonima
1088 1174 1094 1181 .
1108 1153 1181 1182 Vide
1191 1155 1340 1192 Anaphora
1351 1176 1359 1187 ,
1369 1160 1487 1183 Ferrum
1499 1176 1506 1187 ‚
1515 1156 1623 1192 Offeifio
1633 1177 1642 1188 ,
1663 1161 1762 1185 Pecca-

964 1203 1027 1222 tum
1038 1214 1045 1221 .
1056 1194 1167 1222 Caetera
1179 1215 1186 1222 .
1198 1195 1272 1223 Vide
1280 1197 1456 1233 offertorium
1470 1217 1476 1227 ,
1489 1197 1604 1232 scyphus
1613 1217 1622 1225 .

108 1242 135 1267 ὁ(
146 1237 273 1267 offerebat
284 1240 345 1268 vini
357 1240 504 1278 ampullam
518 1239 546 1267 in
557 1239 680 1268 manibus
689 1239 853 1268 Subdiaconi
864 1239 907 1268 O·
922 1235 1066 1264 Omsslo
1076 1236 1243 1264 PUERORUM
1254 1257 1261 1268 ‚
1286 1246 1316 1264 in
1330 1237 1423 1275 aliquo
1442 1236 1504 1265 loco
1523 1235 1599 1264 sacro
1617 1239 1762 1276 quomodo

112 1278 269 1308 bletionarii
283 1302 290 1313 ,
310 1279 356 1308 hic
368 1290 459 1308 autem
469 1279 583 1308 eandem
603 1280 748 1318 ampullam
762 1279 907 1309 Archidia-

963 1275 1042 1304 fiebat
1051 1294 1058 1303 .
1082 1275 1155 1304 Vide
1171 1277 1252 1304 Palla
1262 1297 1268 1304 .

107 1330 180 1349 cono
192 1320 351 1360 porrigebat
361 1342 369 1354 ‚
383 1321 430 1360 qui
440 1331 489 1360 per
500 1320 665 1349 colatorium
675 1330 835 1359 argenteum
849 1326 860 1354 (
874 1320 907 1349 de
921 1316 1171 1346 OBLATIONARws
1179 1338 1186 1350 ‚
1197 1317 1335 1346 dicebatur
1344 1317 1526 1347 subdiaconus
1536 1339 1544 1351 ‚
1555 1319 1600 1357 qui
1612 1319 1760 1359 recipiebat

110 1371 166 1399 quo
176 1371 206 1389 in
217 1361 282 1389 diet.
293 1362 488 1394 Colatorium)
507 1361 655 1390 instillabat
667 1382 676 1398 ,
695 1365 722 1389 ὃ(
743 1361 905 1390 instillatum

109 1401 207 1430 vinum
225 1402 255 1430 in
267 1402 352 1431 calice
369 1413 432 1431 cum
443 1401 576 1441 aliquibus
593 1413 667 1441 aquae
679 1401 765 1441 guttis
776 1402 871 1432 delata:
893 1413 904 1430 a

111 1442 284 1471 Subdiacono
301 1444 460 1481 imponebat
472 1463 478 1470 .
500 1442 629 1481 Surgebat
647 1454 660 1471 a
678 1442 793 1471 Throno
814 1444 906 1482 postea

108 1482 264 1515 Pontifex,
286 1483 440 1512 conferebat
459 1481 486 1511 se
505 1482 538 1510 ad
560 1483 673 1515 Altarc,
695 1483 740 1511 ubi
759 1485 904 1522 recipiebat

108 1521 262 1550 oblationes
279 1533 293 1550 a
304 1524 466 1558 Presbytero
477 1522 706 1553 hebdomadatim
729 1525 840 1553 tandem
854 1529 904 1553 Ar-

110 1560 289 1590 chidiaconus
298 1573 330 1591 ex
345 1564 467 1592 manibus
478 1563 668 1593 Oblationarii
681 1562 788 1593 sumens
810 1575 905 1603 panem

962 1357 1118 1384 oblationes
1128 1357 1157 1385 in
1169 1357 1249 1387 Miii'a
1258 1380 1267 1391 ,
1289 1368 1318 1386 ut
1330 1359 1432 1387 dictum
1445 1360 1483 1387 est
1500 1360 1530 1388 in
1541 1360 1606 1388 dict.
1626 1362 1756 1389 oblatio:

963 1398 1148 1432 [Benedictus
1167 1398 1365 1432 subdiaconus,
1385 1403 1412 1428 ἀ
1433 1400 1660 1429 Oblationarius.
1683 1402 1760 1430 Luit-

962 1438 1079 1476 prandiis
1091 1439 1137 1467 lib.
1150 1446 1176 1467 6.
1188 1450 1244 1478 cap.
1257 1441 1307 1470 6.]
1333 1441 1390 1469 Ubi
1403 1441 1436 1469 de
1446 1442 1557 1469 concii.
1577 1443 1661 1469 Rom.
1683 1442 1739 1480 :igit
1749 1461 1758 1470 .

963 1479 1096 1514 [Deinde
1107 1479 1327 1509 Archidiaconus
1346 1480 1459 1519 suscipit
1469 1481 1581 1510 Oblatas
1594 1482 1657 1510 duas
1670 1482 1703 1510 de
1714 1483 1758 1512 O·

960 1519 1125 1549 blationario
1135 1543 1143 1554 ‚
1165 1525 1192 1550 ὃ(
1211 1521 1259 1549 dat
1279 1521 1410 1549 Pontifici
1425 1542 1431 1548 .
1454 1522 1528 1551 Ord.
1551 1524 1636 1551 Rom.
1657 1522 1692 1552 de
1711 1522 1760 1552 off.

959 1559 1047 1589 Missae
1059 1582 1066 1589 .

109 1606 163 1639 jam
176 1603 298 1631 oblatum
310 1603 339 1631 in
349 1604 465 1633 Throno
477 1615 489 1632 :i
499 1605 635 1633 Pontifice
646 1626 652 1637 ,
674 1604 697 1632 ei
708 1605 805 1634 iterum
818 1606 904 1644 poi-ri-
919 1601 1096 1631 OBLIGATm
1106 1606 1299 1633 stmtm'm
1308 1623 1316 1630 .
1330 1603 1402 1631 Vide
1413 1603 1591 1639 Personasus.

108 1644 189 1682 gebat
207 1642 236 1672 in
248 1643 337 1672 Altari
351 1666 358 1679 ,
382 1643 460 1683 super
491 1644 545 1672 uod
555 1646 623 1683 Papa
642 1646 760 1683 proprii>
782 1647 905 1675 manibus
919 1643 1104 1672 ornicum<
1118 1665 1124 1671 .
1139 1643 1295 1672 Fascinator
1306 1665 1314 1676 ‚
1326 1645 1522 1672 incaiitantor:
1538 1645 1735 1688 [Prxcipimus
1745 1666 1754 1679 ‚

107 1684 275 1722 reponebat,
299 1685 420 1714 &interi
469 1696 483 1714 a
495 1694 570 1723 parte
589 1686 699 1714 dextera
717 1687 792 1724 panis
809 1686 904 1716 conse-

105 1726 202 1754 crandi
215 1724 431 1754 Archidiaconus
440 1725 553 1754 calicem
564 1728 637 1755 vino
650 1748 656 1759 ‚
677 1737 705 1755 ut
714 1726 792 1765 supra
801 1738 904 1766 praepa—

109 1775 196 1795 ratuni
208 1766 356 1795 collocabat
367 1787 373 1793 .
399 1768 451 1795 HJ:
462 1767 634 1795 ceremoniae
647 1768 727 1795 etiam
750 1769 780 1796 ab
792 1768 903 1807 Episco-

108 1807 149 1843 pis
161 1806 189 1834 in
200 1807 316 1844 propriis
326 1807 494 1836 Dioecesibus
511 1807 708 1836 adhibebantur
718 1830 726 1841 ‚
745 1807 791 1837 sed
811 1809 901 1838 mino-

108 1847 177 1874 ribus
189 1846 406 1876 solemnitatibus
419 1859 426 1878 ς
449 1848 538 1887 sicque
557 1859 570 1876 a
588 1849 701 1886 reliquis
714 1850 901 1879 Sacerdotibus

107 1886 258 1925 respeetive
271 1908 278 1919 ,
302 1888 348 1925 qui
361 1889 479 1927 propriis
489 1889 609 1917 manibus
628 1889 704 1927 panis
714 1890 866 1920 oblationes
887 1903 898 1919 a

108 1930 211 1965 popu‘o
221 1925 362 1956 sumebant
374 1949 382 1960 ‚
401 1929 470 1957 acin
480 1929 578 1958 tobalia
588 1952 596 1962 ‚
616 1940 629 1957 a
639 1930 740 1958 duobus
750 1931 900 1966 Acolytliis

960 1693 989 1711 ut
1000 1694 1050 1711 nec
1059 1686 1243 1714 cauculatores
1253 1706 1261 1717 ‚
1283 1695 1332 1713 nec
1343 1686 1506 1724 tempestarii
1529 1686 1695 1724 obligatores
1715 1689 1755 1713 sa-

960 1724 1035 1752 ciant
1046 1725 1356 1763 &c.1ncapitularilib.
1374 1737 1395 1753 i.
1406 1737 1461 1765 cap.
1474 1729 1536 1760 ⁶4.]
1547 1728 1603 1756 FR.
1616 1737 1682 1765 quos
1692 1728 1756 1754 Ma-

959 1767 1084 1793 trimonii
1096 1766 1208 1795 invidos
1216 1767 1335 1804 appellat
1344 1768 1380 1795 D.
1394 1768 1585 1801 Hieronymus
1596 1789 1603 1799 ‚
1615 1768 1752 1805 inquiens.-

961 1811 971 1840 [
986 1806 1038 1836 Rei
1050 1807 1169 1836 Uxoriae
1180 1805 1270 1835 hostes
1280 1808 1400 1845 quinque
1413 1808 1456 1835 rel
1467 1817 1609 1846 perpetuas
1620 1830 1627 1840 ‚
1648 1809 1692 1837 vel
1711 1817 1755 1836 ni·

958 1847 1042 1875 mium
1054 1847 1193 1876 diuturnas
1205 1857 1358 1885 nuptiarum
1372 1848 1448 1876 serias
1468 1849 1554 1876 feriali
1565 1849 1685 1877 carmine
1695 1869 1702 1881 ,
1725 1851 1753 1876 ὅ(

958 1887 1033 1916 nodo
1043 1888 1172 1917 indicunt
1182 1890 1204 1919 .]
1218 1889 1291 1917 Vide
1303 1893 1437 1926 Caragus,
1450 1891 1664 1929 Hydromantia‚
1673 1894 1753 1917 Tem-

955 1930 1066 1966 pestarn
1076 1949 1083 1956 .

106 1969 193 1996 delata
205 1969 383 2005 reponebant.
396 1973 459 1998 Erat
471 1969 545 1997 enim
557 1970 698 1998 dedecoris
711 1981 774 1999 nota
785 1971 856 2000 inter
867 1972 899 2000 fi·
916 1969 1096 1998 Oizuussno
1107 1992 1115 2002 ‚
1128 1970 1213 2001 idest,
1225 1980 1320 1998 contra
1333 1970 1453 2008 aliquem
1468 1981 1626 1999 murmuro.
1641 1976 1652 2005 [
1667 1972 1752 2000 Anno

106 2009 179 2037 deles
189 2008 341 2046 antiquitus
351 2009 384 2037 ad
393 2010 616 2039 communionem
626 2012 752 2039 accedere
765 2012 819 2040 sine
830 2023 900 2051 pine-

108 2049 150 2077 via
161 2050 301 2077 oblatione
312 2071 318 2081 ,
332 2050 406 2088 quod
416 2061 449 2078 eit
461 2051 565 2080 Sanctis
575 2052 695 2079 Patribus
705 2052 898 2085 manifestatum

958 2011 1042 2038 etiam
1052 2012 1145 2038 Poeta:
1157 2011 1214 2038 haec
1229 2011 1304 2038 nobis
1313 2010 1418 2049 semper
1428 2011 1540 2039 obmuffi
1546 2021 1608 2040 tent
1618 2032 1625 2039 .
1634 2011 1752 2040 Tertull-

956 2052 989 2079 de
1003 2051 1103 2080 Anima
1111 2059 1170 2089 eap-
1181 2057 1208 2079 8.

105 2090 178 2118 unde
191 2089 303 2128 August.
315 2088 394 2118 serm.
408 2102 439 2120 21
450 2100 475 2126 ς.
494 2092 528 2120 de
536 2101 662 2130 tempore
674 2092 763 2130 inquit
776 2104 782 2119 :
809 2099 820 2127 [
834 2097 898 2122 Eru-
915 2092 1104 2120 Onxoxario
1114 2113 1121 2119 .
1136 2094 1192 2121 l-R.
1202 2091 1338 2121 concessio
1348 2092 1510 2123 ususfructus
1519 2092 1630 2130 alicujus
1641 2094 1696 2125 rei‚·
1708 2103 1750 2122 re-

104 2129 211 2158 bescere
232 2131 311 2159 debet
322 2130 407 2159 horno
417 2131 532 2160 idoneus
544 2153 550 2164 ,
571 2132 589 2161 fi
609 2133 643 2161 de
661 2133 749 2160 aliena
759 2134 899 2163 oblatione

103 2171 353 2200 communicaverit
363 2192 370 2199 .
382 2174 394 2204 J
420 2175 513 2211 Atque
524 2173 681 2210 Cyprianus
694 2172 774 2201 serm.
785 2173 818 2202 de
829 2176 898 2204 elee-

101 2210 170 2240 mos.
180 2211 264 2247 ajebat
285 2217 298 2246 [
311 2212 444 2251 Locuples
453 2235 462 2246 ‚
485 2216 512 2241 δι
522 2213 600 2241 dives
611 2213 639 2242 in
652 2214 834 2243 Dominicum
844 2215 899 2245 sine

102 2251 238 2280 sacrificio
252 2251 330 2280 venis
342 2274 350 2285 ‚
363 2257 388 2282 &-
401 2262 498 2291 panem
508 2254 541 2281 de
550 2252 685 2282 sacrificio
696 2275 702 2286 ,
715 2255 790 2292 quod
800 2265 900 2294 pauper

99 2292 202 2321 obtulit
223 2314 230 2325 ‚
252 2291 333 2321 sumis
346 2295 358 2326 ]
381 2294 433 2322 Sed
452 2296 589 2323 Cantores
607 2295 637 2323 in
656 2294 755 2324 Choto
774 2297 901 2335 occupati

958 2142 1038 2160 tenio
1049 2142 1140 2160 tamen
1151 2133 1286 2161 dominio.⁴
1305 2139 1315 2168 [
1327 2133 1431 2163 Charta
1443 2135 1636 2163 obnoxationis
1647 2135 1675 2162 in
1685 2134 1751 2163 filiis

959 2173 1022 2201 [πᾶα
1033 2193 1039 2199 .
1051 2172 1175 2202 Malculfi
1188 2174 1232 2202 lib.
1246 2185 1271 2202 z.
1281 2184 1338 2212 cap.
1351 2186 1378 2211 9.
1390 2177 1401 2206 J
1415 2175 1494 2208 idest,
1505 2177 1575 2204 bona
1586 2185 1706 2203 materna
1719 2175 1751 2203 fi·-

957 2215 1000 2242 liis
1011 2214 1131 2242 concessa
1141 2224 1200 2242 cum
1211 2213 1326 2243 clausula
1337 2216 1477 2253 pnedffta,
1489 2227 1524 2245 ne
1536 2216 1690 2244 dominium
1702 2218 1752 2244 Pa-

958 2265 1000 2283 ter
1009 2254 1151 2283 amitteret
1163 2276 1170 2287 ‚
1182 2256 1228 2293 qui
1238 2253 1325 2283 solum
1335 2256 1399 2285 filiis
1408 2255 1605 2286 usumfructum
1614 2256 1751 2284 dictorum

956 2296 1089 2326 bonorum
1111 2295 1273 2324 concesserat
1285 2316 1292 2323 .

99 2343 195 2371 aquam
204 2332 353 2366 offerebant
365 2355 372 2362 .
395 2337 456 2370 [At
468 2336 604 2364 Cantores
614 2357 623 2368 ‚
644 2335 762 2373 quisunt
774 2336 808 2365 de
817 2347 898 2375 gene·
914 2336 1061 2366 Oenoxio
1074 2359 1081 2370 ,
1092 2336 1204 2374 obligo:
1218 2339 1274 2371 [Et
1289 2347 1342 2375 ego
1351 2337 1387 2366 de
1397 2338 1472 2366 rebus
1482 2339 1547 2367 meis
1558 2360 1564 2369 ,
1577 2336 1649 2366 unde
1660 2337 1750 2366 vestra

99 2384 129 2402 re
138 2373 298 2402 Levitarum
310 2395 318 2407 ,
340 2375 614 2414 propterinssanteiu
631 2375 818 2408 neceiiitatem
835 2389 900 2408 can-

138 2415 328 2446 liierolexicon
342 2420 435 2447 Mam·
445 2436 453 2449 ο

360 2459 367 2473 0

956 2377 1087 2417 beneficia
1097 2377 1247 2416 rependere
1256 2377 1401 2408 debuissem
1414 2400 1421 2411 ‚
1432 2389 1488 2407 non
1500 2379 1603 2409 habeos
1622 2377 1687 2406 ideo
1697 2389 1748 2417 pro

1395 2421 1421 2460 Q
1432 2429 1451 2459 g
1651 2417 1703 2447 hoc
