1866 2526
478 50 582 93 BE

78 113 266 142 Emit-‚meno
285 109 430 138 Soztnsls
441 129 450 136 .
482 111 539 138 PR.
561 106 712 137 secundum
731 106 855 140 Gloss'am
873 106 902 137 in

118 151 260 181 Clement.
272 149 306 178 de
318 149 412 187 privil.
423 153 451 178 &
462 148 558 178 excell}
568 148 662 187 privil.
673 158 695 176 c.
704 159 718 176 ε.
732 168 739 175 .
750 148 775 179 ξ.
788 149 906 177 Benedi-

120 191 221 220 cat-Est
231 190 404 228 illa,quando
414 189 565 228 Episcopus
575 189 719 225 dicit,[Sit
733 199 836 218 nomen
846 190 906 218 Do-

120 232 188 260 mini
207 231 426 264 benedictum,]
451 240 486 259 ex
506 241 562 269 quo
579 229 740 268 sequeretur
752 228 904 268 Episcopos

115 273 145 301 in
153 271 240 301 Miffis
251 271 370 311 primitis
380 272 421 302 uti
431 280 490 300 non
497 271 596 300 debere
607 271 738 310 praedicta
759 270 904 299 verborum

115 312 201 341 forma
211 333 219 340 .

76 354 91 370 '¹
101 355 292 383 Btuzmcrio
304 374 311 380 .
333 353 450 382 Vetusta
459 351 629 382 consuetudo
641 351 801 381 inclinandi
810 361 900 380 corani

117 393 258 432 Episcopis
270 400 353 431 caput
369 394 403 422 ad
416 394 603 432 recipiendam
623 403 717 422 eorurn
728 392 901 420 benedietio-

113 444 178 464 nem
189 456 198 467 ,
220 443 302 473 quam
319 433 548 462 consuetudinem
567 433 617 471 ipii
639 435 822 471 Imperatores
841 443 900 461 non

112 475 298 504 detrectabant
309 485 316 502 :
340 475 430 504 Hilar.
450 476 512 503 adv.
531 475 749 503 Constantinum
759 492 768 500 .

71 518 350 545 BENEDiCTloxAUS
363 537 371 547 ,
393 516 480 549 liber,
499 516 530 544 in
542 524 596 553 quo
607 514 831 542 benedictionum
842 512 897 541 sor-

113 557 194 585 mulae
215 556 430 584 conrnieb-zntur
441 578 449 589 ‚
469 566 528 594 quae
547 554 650 592 populo
669 555 699 582 in
708 553 785 582 Missa
805 564 896 591 preca-

111 597 209 626 bantur
221 619 228 629 ,
242 607 303 624 nain
317 597 399 624 varia:
413 597 564 634 antiquitus
575 604 653 623 erant
664 616 672 627 ,
689 598 766 632 juxta
789 594 895 622 festivi-

112 647 198 666 tatum
209 637 392 669 divenitates,
401 646 432 665 ut
443 637 471 664 in
481 637 520 664 D.
531 638 618 674 Creg.
629 633 846 664 sacramentario
857 635 895 662 le-

109 678 185 716 gitur
195 697 202 704 .
217 678 338 711 [Statim
349 675 485 714 Episcopo
494 676 606 704 dicente
617 697 625 708 ,
635 678 686 704 Pei·
696 676 788 704 omnia
799 674 894 703 saecula

108 718 155 745 sse(
165 719 273 746 iilorum
283 739 291 749 ,
314 718 456 746 Diaconus
464 717 581 754 accipiat
603 716 852 744 benedictionalem
862 716 894 743 li-

108 759 186 786 brum
197 780 205 790 ‚
224 761 251 786 &
260 756 408 786 conversus
428 758 462 786 ad
471 758 603 796 populum
613 757 687 785 dicat
700 769 706 784 :
727 756 893 785 Humilitate

109 808 158 826 vos
168 798 201 826 ad
212 798 434 826 benedictionem
447 809 454 829 ς
473 802 501 826 ὃ(
512 799 601 827 Clero
610 796 798 835 respondente
808 818 816 829 ,
829 797 894 826 Deo

108 838 206 876 gratias
214 859 223 870 ‚
245 838 368 877 porrigat
388 837 526 876 Episcopo
544 838 643 866 librum
655 858 662 866 .
683 838 757 868 Ord.
768 840 852 867 Rom.

66 879 254 908 Btnrnicws
266 901 274 912 ‚
287 880 360 907 idem
370 890 398 907 ac
409 878 584 908 Christianus
595 900 603 911 ,
616 879 690 907 Vide
700 879 875 914 Christianus
886 899 892 906 .

65 919 255 948 Bmmcrus
268 920 330 950 Qui
339 922 451 949 -Vzuir
469 923 521 948 ἃς.
533 920 623 948 Verba
643 919 702 947 haec
722 930 737 947 a
746 920 771 947 S.
782 919 893 949 lenutio

105 969 228 994 martyre
240 960 271 988 in
281 959 360 989 Missa
380 960 471 989 addita
491 961 601 988 suerunt
612 981 619 987 .
639 962 752 997 Remig.
764 958 852 997 Episc.
864 970 891 987 in

106 1000 222 1037 exposit.
242 1001 328 1029 Mifl‘ae
340 1022 347 1028 .
368 1004 403 1029 Et
421 1001 482 1028 cani
504 1001 603 1028 debent
622 1000 682 1038 post
702 1000 889 1028 elevationem

107 1041 209 1068 Calicis
219 1043 297 1075 juxta
315 1041 518 1078 expolitionem
529 1039 616 1077 Episc.
628 1041 747 1068 Caerem.
759 1040 777 1067 l.
791 1051 817 1068 2.
828 1050 851 1067 c.
866 1044 890 1068 8.

106 1081 170 1108 Hoc
181 1081 261 1108 etiam
275 1091 305 1108 in
314 1080 394 1110 Missa
404 1081 596 1109 defunCtorum
605 1079 806 1109 observandum
816 1080 889 1113 erit‚·

104 1120 166 1148 haec
187 1120 225 1149 est
244 1120 319 1149 enim
335 1121 424 1159 praxis
432 1122 538 1160 Papalis
557 1121 701 1159 Cappcllae
721 1120 751 1148 iri
770 1121 890 1159 qualibet

106 1159 183 1188 iiiiii&
193 1181 200 1189 .
224 1161 299 1190 Vide
319 1163 467 1198 Hosanna.

64 1202 256 1230 Bisimcrus
267 1222 277 1234 ‚
299 1201 434 1229 canticum
445 1221 453 1229 .
477 1201 551 1230 Vide
575 1204 729 1230 Canticum
738 1221 745 1229 .

63 1242 246 1270 Bruti-›icini‹
257 1263 266 1274 ‚
284 1245 312 1270 ὃ(
321 1243 505 1278 Beneficiatus
516 1256 525 1271 .·
535 1245 586 1271 Per
595 1241 757 1271 beneficium
767 1240 888 1279 antiqui-

104 1289 146 1308 tus
157 1281 266 1310 feudum
276 1281 484 1320 intelligebatur
495 1304 504 1315 ,
522 1287 549 1312 δ(
560 1283 729 1320 Beneficiare
747 1282 888 1310 infeudare

101 1326 114 1355 (
125 1331 154 1349 ut
166 1325 240 1358 ajunt
252 1322 442 1361 )s1gnificabat
453 1343 460 1350 .
476 1328 488 1357 [
501 1323 596 1352 Postea
607 1325 763 1361 Imperator
773 1322 888 1351 seditio-

105 1371 140 1389 ne
152 1361 340 1395 i'astassoat‘tus
353 1363 533 1392 Valentianas
542 1363 678 1393 Baldumo
687 1363 797 1393 Comiti
807 1364 887 1391 bene-

103 1401 211 1431 ficiavit
221 1424 230 1436 ‚
249 1413 279 1432 ut
288 1403 337 1432 fibi
346 1414 444 1432 contra
463 1414 553 1432 motus
574 1403 684 1432 suorum
693 1404 796 1432 auxilio
805 1403 869 1432 efl‘et
879 1425 886 1431 .

102 1442 188 1481 Sigib.
202 1444 232 1471 in
242 1443 352 1473 Chron.
363 1447 418 1473 An.
426 1456 434 1472 i
442 1447 524 1477 007.]
538 1445 689 1474 FR-Etiam
698 1447 767 1482 Papa
776 1445 886 1473 feudum

103 1483 226 1512 Ecclefiae
238 1484 399 1513 beneficium
413 1487 531 1524 appellat
541 1505 548 1512 .
561 1491 572 1520 [
583 1487 764 1524 Iniungentes
774 1485 864 1513 eidem
877 1507 885 1518 ‚

101 1531 131 1549 ut
142 1523 180 1551 ibi
189 1534 248 1552 non
260 1534 386 1562 tanquam
396 1526 446 1554 tibi
455 1550 463 1558 ,
483 1524 532 1553 sed
550 1535 574 1553 ta
580 1536 677 1564 nquam
687 1524 788 1554 Eccles.
800 1528 886 1554 Rom.

103 1567 115 1595 (
127 1566 200 1598 cujus
209 1564 370 1592 austeritate
384 1566 464 1594 debes
473 1567 614 1604 percipere
625 1588 633 1599 ‚
646 1569 720 1601 cujus
731 1566 811 1594 etiam
824 1576 887 1604 pro-

100 1612 161 1640 pter
170 1604 299 1642 praedista
310 1605 438 1634 beneficia
449 1605 573 1635 vassallus
583 1607 690 1639 existis)
699 1607 755 1635 fine
766 1606 886 1635 difficul-

102 1653 158 1672 tate
185 1643 322 1682 persolvat
333 1665 340 1672 .
363 1646 408 1674 De
438 1645 689 1684 praescriptionibus
717 1657 774 1685 cap.
797 1657 838 1685 ¹3·
869 1650 880 1679 ]

103 1686 140 1718 :i{:
153 1685 236 1722 Apud
246 1687 387 1714 Romanos
396 1687 520 1715 officium
529 1696 586 1715 erat
596 1687 712 1716 honoris
723 1702 731 1716 :
743 1687 809 1716 inde
818 1688 884 1716 dicti

100 1723 163 1753 stiiit
172 1726 357 1762 Benefici-vii,
366 1729 394 1754 δι
405 1728 570 1763 Beneficiati
582 1728 725 1756 officiales.
735 1729 884 1757 'Ieriullia-

102 1774 151 1794 iitis
160 1765 244 1794 utitur
256 1766 309 1794 hoc
318 1766 435 1795 nomine
455 1768 488 1796 ad
499 1767 694 1806 significandos
705 1769 865 1798 Publicanos
876 1791 884 1803 ,

101 1806 149 1844 qui
161 1806 303 1845 veftigalia
311 1807 474 1846 exigebann
497 1809 555 1836 imo
565 1809 713 1847 aliquando
730 1809 764 1837 de
773 1810 884 1845 justitiae

102 1845 234 1875 ministris
244 1867 252 1879 ‚
261 1851 290 1876 ὃς
298 1849 518 1886 exploratoribus
530 1870 538 1882 ‚
549 1849 642 1877 italice
651 1853 709 1887 spic
720 1851 864 1888 appellatis
875 1872 883 1884 ‚

106 1886 314 1925 intelligebatur
323 1910 332 1921 ,
355 1899 418 1928 quia
436 1899 451 1918 a
467 1889 568 1927 plebeis
586 1891 788 1928 gravaminibus
807 1901 885 1919 erant

102 1928 225 1964 exemPti
237 1939 243 1955 ι
258 1933 270 1963 [
281 1927 386 1956 Nescio
396 1929 548 1959 dolendum
558 1951 565 1962 ‚
576 1941 610 1958 an
621 1929 832 1960 erubescendum
841 1931 883 1965 lit,

102 1978 161 1996 cuni
173 1978 202 1995 in
220 1968 376 1997 Matricibus
392 1970 626 1999 beneficiariorum
639 1993 646 2004 ,
670 1976 698 2000 ἀ
717 1971 885 2000 curiosorum

100 2009 175 2037 inter
196 2008 360 2038 tabernarios
370 2029 379 2042 ‚
400 2013 428 2038 ὃς
454 2011 543 2039 lanios
553 2032 562 2044 ‚
584 2012 698 2040 lenones
729 2012 885 2041 Christiani

100 2059 211 2089 quoque
231 2049 378 2088 vestigales
393 2051 572 2081 continentur
581 2072 588 2079 .
611 2053 728 2082 Tei-tull.
745 2053 779 2082 de
803 2053 865 2093 fuga
875 2073 882 2080 .

81 2099 158 2129 ‘cap.
175 2100 217 2127 ¹3·
229 2091 241 2120 ]
254 2089 334 2118 Idem
343 2089 457 2119 habetur
467 2092 497 2120 in
506 2093 622 2122 Novell.
637 2103 680 2131 13.
690 2097 718 2122 ὃ(
740 2093 807 2122 ibid.
824 2096 882 2123 Cu-

96 2133 149 2168 jac.
161 2136 173 2165 [
184 2133 286 2159 Tamen
295 2141 330 2158 ne
339 2153 348 2163 ‚
371 2131 441 2160 vela
457 2131 636 2161 beneficiariis
648 2155 654 2166 ,
679 2134 723 2161 vel
743 2135 802 2162 aliis
821 2136 882 2173 qui-

101 2170 263 2209 buscumque
293 2171 474 2200 contumelias
482 2193 492 2205 ,
513 2173 625 2210 injurias
636 2195 644 2207 ‚
667 2175 805 2203 molestias
814 2197 822 2208 ,
853 2180 880 2204 δε

101 2210 269 2240 turbationes
278 2214 335 2250 pati
354 2222 486 2251 cogantur
495 2234 504 2246 ‚
525 2213 569 2242 his
579 2215 663 2243 etiam
684 2216 786 2244 litteris
808 2225 882 2244 tuam

97 2251 187 2281 animi
196 2253 420 2291 magnitudinem
430 2253 630 2283 admonean
650 2266 744 2284 curavi
758 2276 765 2283 .
787 2255 881 2285 Euseb.

100 2293 135 2321 de
152 2290 306 2321 Chriltian.
324 2293 372 2322 lib.
385 2295 435 2324 8.]
457 2295 514 2324 FR.
526 2298 617 2333 Atque
634 2296 666 2325 in
685 2297 790 2325 eodem*
805 2296 881 2325 sensu

99 2331 254 2371 Spartianus
264 2333 295 2362 in
303 2334 433 2363 Adriano
442 2333 553 2363 Caesare
562 2334 703 2374 scripserat
714 2349 720 2364 ι
743 2344 756 2372 [
768 2337 881 2366 Pedibus

98 2372 152 2404 iter
160 2371 258 2407 ficiens
268 2395 278 2410 ,
299 2373 423 2413 ejusdem
431 2375 558 2406 Serviani
576 2377 787 2415 Beneficiarium
806 2387 882 2416 ante-

1242 48 1346 91 BE

963 105 1044 136 venit
1052 127 1060 135 .
1071 106 1134 142 1:11:
1145 105 1240 136 Hodie
1248 115 1342 136 tamen
1352 115 1401 145 per
1410 105 1577 142 Beneficium
1596 105 1745 146 praebenda

962 147 1138 177 ecclesiastica
1158 146 1327 186 intelligitur
1343 157 1405 176 cum
1421 156 1507 175 onere
1526 146 1659 176 recitandi
1676 147 1742 176 offi-

960 188 1052 221 cium,
1075 188 1119 216 vel
1129 188 1240 217 alterius
1249 187 1448 228 obligationis,
1470 197 1501 215 ut
1511 187 1545 216 ad
1561 186 1652 216 Missas
1669 187 1740 216 celc-

960 228 1071 258 brandas
1081 232 1229 258 &c.Antea
1238 229 1314 257 enim
1325 228 1424 259 Clerus
1432 227 1509 257 suum
1519 228 1686 257 menstruum
1695 228 1744 255 ssi-

960 270 1091 308 pendium
1102 269 1250 307 recipiebat
1260 292 1269 303 ‚
1291 269 1393 299 deinde
1404 279 1471 297 vero
1482 268 1520 298 eis
1529 268 1660 307 Episcopi
1683 268 1741 297 vita

958 311 1075 339 durante
1088 311 1218 339 Ecclelias
1227 309 1414 339 concesserunt
1427 331 1434 342 ,
1458 320 1517 348 quae
1539 310 1679 345 Beneficia
1698 308 1743 336 di-

957 351 998 379 &a
1007 350 1070 379 sunt
1083 372 1091 383 ‚
1114 351 1176 389 quia
1186 372 1194 384 ,
1217 352 1287 380 utin
1299 350 1420 388 Epistola
1429 350 1463 378 ad
1481 349 1633 379 Caesarium
1645 349 1743 379 Arela-

957 391 1061 420 tensem
1071 390 1220 430 Episcopus
1238 390 1416 427 Symmachus
1436 392 1507 428 Papa
1524 389 1617 418 scribit
1628 412 1637 424 ‚
1659 390 1742 418 bene-

955 433 1060 460 meritis
1070 441 1176 461 tantum
1186 433 1406 461 concedebantur
1419 454 1426 465 ‚
1449 441 1530 470 atque
1549 430 1680 460 Pontifex
1691 430 1741 459 liic

953 473 1147 501 beneficiorum
1161 472 1236 501 usum
1247 474 1320 502 inter
1330 472 1528 502 Ecclefiasticos
1538 471 1742 503 introduxerat,

954 523 1022 551 quos
1032 514 1070 542 D.
1083 514 1244 551 Cyprianus
1253 515 1371 542 clericos
1377 513 1546 551 postulantes
1569 512 1720 550 appellavit
1729 532 1738 538 .

951 554 1066 581 Dicitur
1081 553 1164 582 etiam
1181 556 1415 590 Praestifnonium,
1437 552 1482 582 seu
1514 553 1739 590 Prastsmontaljs

947 598 1034 630 portio
1045 615 1052 621 .
1074 596 1148 622 Item
1158 596 1325 631 Personatus
1336 615 1342 622 .
1365 596 1557 623 Portionarius
1568 613 1575 621 .
1599 594 1672 622 Vide
1682 592 1738 620 suis

1588 58 1685 102 ‘109

926 632 928 635 ”
949 634 1033 661 locis.
1057 635 1146 663 Valde
1166 635 1304 663 laudabilis
1320 644 1377 663 erat
1400 634 1513 664 Nicolai
1525 634 1622 663 111.in
1633 633 1736 662 benefi-

950 675 1057 703 tiorum
1067 675 1259 704 distributione
1270 674 1434 705 methodus;
1456 673 1569 703 habebat
1588 675 1664 703 enim
1674 673 1736 702 ido-

949 725 1068 743 neorum
1080 716 1249 754 Catalogum
1268 714 1488 754 diligentissimis
1504 715 1736 754 inquisitionibus

949 765 1077 784 notatum
1089 777 1096 789 ,
1119 760 1147 785 ὃ(
1167 757 1255 784 statim
1275 767 1303 784 ac
1323 756 1486 785 beneficium
1508 757 1619 784 vacabat
1632 777 1641 788 ‚
1664 755 1734 783 illud

949 797 995 824 uni
1006 807 1039 824 ex
1052 797 1159 826 idoneis
1171 818 1179 829 ,
1202 807 1350 835 autequam
1367 808 1381 825 a
1398 806 1590 835 magnatorum
1602 794 1735 824 interces-

948 837 1023 865 sione
1044 848 1278 876 praeoccuparetur
1289 859 1297 870 ‚
1321 837 1477 866 conferebat
1487 856 1495 863 .
1517 837 1658 866 Odoricus
1680 835 1733 865 Ri-

947 878 1039 906 nal.in
1048 877 1151 906 Eccles.
1163 879 1266 906 Amul.
1279 889 1322 907 an.
1337 883 1421 907 1280.
1435 887 1509 906 num.
1529 888 1576 910 27.
1596 876 1734 906 Beneficia

949 918 1026 946 enim
1036 918 1360 956 Ecclesiasticistipendia
1378 918 1504 956 suntpro
1524 918 1660 947 virtutum
1682 917 1734 946 ali-

948 968 1047 987 mento
1057 981 1065 992 ‚
1091 959 1136 987 vel
1154 969 1206 997 pro
1225 958 1369 997 psallendo
1388 968 1418 986 ln
1437 958 1536 988 Choro
1545 980 1553 991 ,
1577 969 1623 987 aut
1631 957 1735 987 sacrifi-

947 999 1035 1028 cando
1048 999 1158 1028 fundata
1167 1020 1173 1026 .
1197 1002 1254 1028 FR.
1265 1001 1335 1029 Non
1345 1000 1382 1028 est
1393 999 1480 1027 minus
1500 999 1675 1038 ponderanda
1694 1000 1734 1027 D.

947 1040 1081 1068 Bernardi
1091 1040 1250 1078 redargutio
1270 1040 1299 1068 in
1318 1040 1492 1068 conferentes
1513 1039 1649 1068 nobilium
1666 1039 1732 1067 liliis

948 1080 1077 1108 beneficia
1087 1080 1174 1108 adhuc
1185 1081 1274 1118 pueris
1286 1103 1293 1113 ,
1316 1084 1344 1109 δε
1357 1080 1527 1118 incapacibus
1537 1101 1545 1108 .
1567 1080 1640 1109 Vide
1648 1083 1732 1109 Prin-

945 1124 1001 1158 cipo
1012 1140 1019 1147 .
1043 1122 1124 1157 Item¹
1133 1121 1314 1149 beneficiandi
1327 1142 1333 1152 ,
1357 1130 1458 1158 praeter
1467 1121 1633 1158 probitatem
1645 1121 1711 1149 virzi:
1720 1141 1732 1154 ,

945 1160 1045 1189 debent
1055 1160 1154 1189 habere
1164 1160 1295 1189 notitiam
1307 1161 1427 1200 legendi,
1437 1161 1613 1189 construendi
1628 1182 1636 1194 ,
1647 1164 1676 1190 δε
1687 1171 1732 1188 ca-

944 1201 1029 1230 nendi
1041 1222 1048 1228 .
1061 1200 1148 1230 Gloss2
1160 1202 1189 1230 in
1199 1203 1343 1231 Clement.
1353 1201 1387 1230 de
1398 1200 1512 1230 concess'.
1524 1202 1676 1240 praebendae
1689 1202 1732 1233 .§.

942 1244 1112 1280 Reputamus
1123 1262 1130 1270 .
1153 1244 1191 1277 εΗι
1214 1242 1417 1271 Beneficiorum
1428 1242 1569 1280 pluralitas
1579 1243 1608 1270 in
1618 1253 1671 1271 una
1687 1241 1732 1271 so-

943 1282 968 1310 la
987 1282 1104 1320 persona
1123 1284 1307 1311 communiter
1324 1284 1488 1316 damnatur,
1510 1286 1539 1312 δι’.
1556 1284 1694 1321 praecipue
1716 1294 1731 1311 a

942 1324 1086 1352 Gulielmo
1096 1322 1243 1353 Parifiensc
1253 1346 1262 1358 ,
1285 1324 1359 1363 quod
1372 1324 1401 1352 in
1423 1323 1557 1363 Collegio
1574 1322 1730 1352 Eruditiili-

941 1373 1050 1392 morum
1060 1363 1270 1404 Theologorum
1278 1365 1447 1393 unanimiter
1456 1364 1664 1402 comprobatum
1673 1364 1731 1392 fue-

942 1414 983 1433 rat
992 1425 1002 1437 ‚
1025 1416 1083 1433 non
1093 1404 1165 1442 polle
1175 1427 1183 1438 ‚
1204 1405 1309 1434 scilicet
1320 1427 1328 1438 ,
1351 1415 1514 1444 quemquam
1526 1406 1581 1433 duo
1601 1405 1730 1434 beneficia

941 1444 1019 1473 simul
1029 1444 1165 1483 possidere
1176 1466 1184 1479 ‚
1204 1447 1314 1484 quando
1325 1456 1410 1474 unum
1430 1456 1462 1474 ex
1475 1445 1517 1474 liis
1529 1445 1642 1474 excedat
1654 1446 1731 1474 valo-

942 1495 999 1513 rem
1009 1497 1138 1525 congruae
1155 1485 1386 1515 sustentationis:
1411 1487 1486 1524 quod
1495 1486 1658 1524 Collegium
1679 1487 1728 1515 lia-

941 1526 1026 1554 bitum
1041 1526 1094 1555 fuit
1103 1527 1136 1555 de
1147 1537 1221 1555 aiino
1237 1538 1286 1566 123
1295 1533 1320 1557 8.
1331 1527 1383 1557 Sed
1401 1528 1463 1565 quia
1483 1526 1630 1564 Philippus
1651 1528 1730 1555 Can-

934 1567 1065 1595 ‘cellarius
1075 1567 1299 1606 huicopinioni,
1323 1566 1604 1604 obinultiplicitatem
1626 1567 1728 1596 benefi-

941 1607 1046 1636 ciorum
1059 1629 1067 1641 ,
1090 1618 1150 1648 quae
1163 1607 1330 1646 possidebat,
1352 1607 1524 1636 succumbere
1535 1608 1730 1637 nolueratzid·

942 1658 975 1676 eo
994 1649 1028 1677 ad
1049 1658 1164 1677 aeternas
1185 1659 1279 1687 poenas
1298 1649 1378 1676 illum
1397 1649 1555 1676 damnatum
1574 1647 1648 1676 suisse
1666 1649 1728 1686 post

942 1698 1078 1722 mortem,
1101 1693 1129 1718 δε
1148 1689 1238 1717 eidem
1256 1690 1398 1718 Gulielmo
1418 1687 1565 1726 apparuisse
1593 1687 1676 1716 refert
1696 1689 1728 1718 in

943 1729 1178 1767 Epitom.Annal.
1191 1729 1340 1758 Ectlcliast.
1359 1729 1536 1767 Spondanus.
1555 1727 1658 1757 Abusus
1681 1728 1727 1758 hic

938 1770 1078 1808 originem
1086 1769 1179 1798 habuit
1191 1780 1221 1797 in
1230 1771 1397 1808 temporibus
1417 1770 1618 1798 mortalitatum
1640 1769 1730 1799 maxi-

942 1821 988 1839 mo
998 1820 1112 1840 numero
1122 1811 1330 1849 ingruentium,
1354 1811 1465 1849 quando
1484 1809 1614 1848 Episcopi
1623 1811 1658 1838 ob
1679 1821 1728 1849 pe-

940 1851 1047 1879 nuriam
1069 1851 1264 1884 Clericmum,
1287 1862 1322 1880 ne
1341 1851 1473 1880 benefitia
1489 1851 1726 1888 deperderentur,

940 1892 1052 1931 singulis
1069 1892 1262 1920 Ecclesiasticis
1282 1892 1311 1920 in
1329 1891 1538 1923 commendam,
1561 1895 1590 1920 ὃ(
1610 1901 1724 1921 oecono-

939 1933 1021 1961 miam
1032 1933 1110 1970 plura
1121 1932 1251 1961 beneficia
1260 1933 1411 1961 concedere
1430 1931 1596 1970 cogebantur
1606 1953 1614 1964 ,
1634 1932 1724 1962 donec

939 1973 1046 2002 Clerici
1065 1973 1161 2001 idonei
1181 1983 1384 2011 reperirentur.
1403 1975 1441 2001 At
1460 1971 1559 2001 sensim
1577 1972 1669 2011 postea
1689 1974 1726 2004 de

938 2014 1104 2042 commenda
1114 2023 1175 2041 cum
1184 2013 1434 2052 ingenticlericalis
1453 2013 1534 2042 status
1555 2012 1724 2044 detrimento

937 2054 971 2082 :id
982 2064 1073 2083 veram
1087 2076 1094 2087 ‚
1113 2058 1142 2083 ὃς
1151 2055 1251 2082 realem
1263 2052 1419 2092 possidendi
1429 2054 1566 2082 astionem
1576 2064 1616 2082 res
1627 2055 1724 2084 transi-

938 2095 998 2123 vit.
1021 2096 1100 2123 Sacra
1118 2094 1176 2123 haec
1196 2104 1312 2132 namque
1331 2094 1433 2127 fames,
1449 2094 1589 2133 percipere
1607 2096 1724 2125 minime

935 2145 1010 2163 curat
1030 2135 1190 2173 Apostolica
1209 2136 1257 2162 illa
1277 2135 1400 2168 monita,
1423 2135 1498 2174 quod
1515 2136 1583 2163 alius
1610 2136 1724 2174 quidem

936 2175 1020 2203 esurit
1030 2196 1038 2208 ,
1049 2177 1117 2204 alius
1126 2185 1216 2203 autem
1226 2176 1314 2203 ebrius
1325 2176 1362 2204 est
1375 2188 1381 2204 :
1405 2186 1434 2204 ac
1444 2175 1602 2214 frequenter
1610 2177 1721 2214 accidit,

935 2227 965 2245 ut
976 2215 1082 2255 semper
1093 2217 1173 2255 digni
1182 2214 1332 2244 esurientes
1342 2238 1350 2249 ‚
1372 2220 1400 2246 ὅ(
1411 2216 1505 2244 inanes
1523 2216 1702 2245 dimittantur
1712 2238 1721 2250 ‚

936 2261 964 2286 ὃ(
982 2257 1073 2296 ignari
1090 2256 1241 2295 prebendis
1261 2257 1418 2295 repleantur
1436 2258 1531 2285 bonis:
1555 2267 1721 2295 quapropter

937 2298 1067 2326 Melliflui
1087 2296 1270 2330 sententiam,
1292 2297 1333 2325 uti
1361 2296 1547 2329 verissimam,
1572 2299 1721 2336 Angelicus

935 2337 1253 2376 Dodort‘zTheologiae
1273 2338 1403 2377 Magister
1422 2337 1596 2376 amplectitur
1608 2359 1616 2369 ,
1639 2338 1723 2374 nimi7

938 2388 1014 2410 rum:
1032 2384 1053 2416 Δ[
1064 2378 1118 2418 Qui
1128 2388 1187 2408 non
1195 2388 1281 2413 unuS,
1303 2378 1351 2408 sed
1361 2380 1453 2418 plures
1462 2378 1500 2407 cst
1517 2378 1547 2406 in
1558 2377 1699 2408 beneficiis
1709 2401 1720 2414 ,

1623 2428 1682 2448 non
