1866 2526
454 40 562 83 ΑΡ

101 100 157 132 Sed
165 99 200 130 nd
207 99 357 129 relatorum
367 98 517 129 Salvatoris
527 96 615 128 nostri
623 96 822 135 Apostolorum
833 105 894 140 pro·
912 104 915 115 ι

104 142 224 182 positum
235 151 286 169 nos
297 141 443 169 redeuntes
452 140 568 170 dicimus
577 160 587 173 ,
608 138 685 178 quod
695 141 751 173 ejus
760 136 856 166 festum
864 147 884 165 ιι

101 192 176 212 cano
196 191 260 210 aevo
273 181 450 210 aditalendas
461 182 544 216 Maias
562 179 745 208 celebrabatur
754 199 761 206 .
785 177 878 214 [Festi

103 222 176 252 vitas
194 223 357 252 &nostorum
377 221 488 259 Jacobi,
511 220 675 259 &Philippi
689 241 695 251 ,
717 223 744 249 ὃ(
766 219 843 247 omni

102 264 303 302 Apostolorum
315 283 324 296 ,
346 262 496 302 Mitrolog.
506 271 564 300 cap.
586 271 631 296 55.
644 263 655 292 ]
670 262 738 290 Haec
749 270 842 290 tamen
854 258 892 287 se-

100 304 208 334 stivitas
220 313 302 343 penes
311 305 426 334 Graecos
434 303 587 331 celebratur
595 303 641 330 die
650 312 663 339 3
670 313 696 330 0.
709 301 785 338 Junii
796 323 804 334 ‚
815 299 892 332 idest,

102 345 164 384 post
185 345 387 384 Apostolorum
404 343 479 373 Petri
492 365 500 376 ‚
519 348 551 372 δε
573 342 651 372 Pauli
670 340 876 370 solemnitatem
886 360 892 367 .

104 388 164 415 FR.
174 387 210 416 In
219 384 317 415 Miss'ali
329 384 417 413 citato
428 385 459 413 in
469 382 688 421 dist-Agniferus
699 383 836 420 reperitur
844 380 892 410 sub

694 423 805 461 quando
818 425 894 459 Apo-

102 467 168 497 stoli
177 468 211 497 ad
222 466 429 506 praedicandum
440 475 488 504 per
499 466 607 495 Orbem
619 463 700 492 divifi
709 462 773 492 sunt
782 462 828 491 sub
840 462 893 508 ltoc

103 508 191 537 titulo
210 508 321 545 Divisio
340 507 524 544 Apestolorum
534 526 541 533 .
565 504 713 543 Apostolos
741 504 894 547 Diotiylius

103 551 208 587 Areop.
217 553 379 578 laniatores
402 556 482 575 vocat
491 567 498 573 .
523 553 535 582 [
546 547 671 575 Divinos
690 544 798 573 nostros
808 554 837 572 in
855 542 894 572 sa-

102 589 158 618 cris
180 591 346 619 Initiatores
357 609 366 620 ,
387 587 422 616 de
433 586 535 617 Eccles.
545 587 655 615 Hierar.
669 587 680 617 ]
694 586 766 614 Vide
776 586 893 622 Discen-

101 426 150 456 die
166 433 208 456 16.
220 426 290 465 Julii
300 424 558 454 commemoratore
576 422 654 453 Miffa
664 445 672 456 ‚

1234 39 1337 82 ΑΡ
1621 58 1672 96 75

953 95 1076 134 apluviri
1086 95 1208 125 securum
1218 96 1374 137 fignificat,
1397 107 1430 125 eo
1451 97 1552 130 modo,
1575 110 1630 138 quo
1653 101 1739 131 latine

950 137 1138 174 conpluvia,
1161 141 1189 166 δε
1215 139 1402 177 Sympluvia:
1425 137 1460 166 sic
1491 140 1641 176 Apluvia‚
1670 145 1740 181 apud

952 176 1103 207 Africanos
1126 178 1278 216 Scriptores
1305 179 1425 212 dicitur,
1449 174 1582 219 addirffie
1605 184 1741 218 Apuliam

945 217 1040 257 Regni
1060 219 1244 257 Neapolitani
1259 220 1439 259 provinciam
1460 220 1527 249 inde
1554 223 1686 260 appellari
1707 225 1741 252 ob

949 268 1077 297 aquarum
1099 279 1109 290 1
1135 264 1162 289 δε
1178 260 1335 299 pluviarum
1366 260 1527 299 penuriam,
1546 261 1594 291 scd
1611 264 1748 293 Pamcliut

949 300 1017 328 oriri
1035 310 1050 328 a
1066 309 1160 339 graeco
1172 302 1304 331 vocabulo
1323 299 1424 333 αι’-πύλη
1443 302 1526 330 docet
1538 324 1545 335 ,
1565 307 1593 332 δε
1606 303 1743 342 fignificat

949 350 1027 368 extra
1049 350 1141 379 portas
1154 364 1162 375 ,
1185 343 1231 371 vel
1249 344 1407 372 columnas.
1434 345 1490 372 PR.
1508 345 1545 372 La
1560 345 1654 373 Cerda
1673 355 1742 374 vero

949 391 1032 409 extra
1062 391 1173 420 portum
1202 384 1233 413 iu
1263 384 1409 412 additione
1427 383 1558 423 Calepini
1585 384 1741 424 fignificat-e

949 423 1062 450 astruit:
1086 425 1166 453 verba
1186 426 1325 463 Cypriam
1344 423 1408 452 sunt
1429 423 1508 456 haec÷
1533 426 1641 462 [Quod
1662 427 1739 456 Deus

949 462 1035 491 etiam
1053 474 1130 493 extra
1149 475 1284 498 cameras,
1307 464 1460 504 &graduffi
1483 467 1621 504 &2121111115
1635 468 1731 496 oculos

942 502 1028 531 ,habet
1039 505 1087 535 lib.
1099 506 1133 535 de
1144 505 1227 545 spect.
1239 509 1251 537 ]
1275 507 1328 535 Sed
1341 515 1403 534 cum
1415 506 1519 534 Latinii
1528 508 1662 545 opinione
1671 519 1739 537 con—

948 546 1114 574 currendum
1143 548 1233 586 potius
1255 548 1404 580 existimo,
1428 556 1492 576 nam
1513 549 1544 578 ab
1564 549 1666 578 Horat.
1693 550 1741 578 hb.

949 585 1030 622 epod.
1041 589 1190 625 siticulosa
1201 589 1310 627 Apulia
1321 588 1425 628 dici-tur
1437 607 1445 615 .

75 646 82 661 ι
103 639 146 658 tes
156 651 163 658 .
188 632 223 659 In
234 630 335 659 Bullar.
346 628 476 658 casinen.
487 637 554 656 tom.
567 639 592 656 ι.
605 627 726 656 Constit.
742 635 806 662 ¹95·
817 635 891 654 num.
910 626 1028 654 Amans
1039 648 1047 659 ,
1072 626 1260 667 Vide‘opyrus
1273 649 1282 657 .
1396 636 1435 647 N

106 682 134 699 2·
151 670 267 700 habetur
280 691 288 698 .
311 675 325 705 t
346 671 382 698 In
401 668 664 697 commemoratione
682 676 808 696 omnium
825 668 893 696 San·
911 667 998 701 AQJA
1010 668 1211 698 BApnfflAms
1223 690 1230 697 ,
1254 669 1328 698 vide
1340 671 1501 707 Bapnsmm
1513 691 1521 699 ‚

103 712 229 744 ftorum,
250 714 278 740 δι
301 708 479 739 solemnitate
496 710 625 738 omnium
642 708 842 746 Apostolorum
853 728 859 734 .
879 709 891 738 ]
909 708 999 741 Aqua
1013 709 1133 739 Fam
1144 731 1152 742 ,
1176 709 1221 738 seu
1231 712 1354 740 Mendax
1366 724 1375 738 x
1398 711 1472 740 Vide
1482 713 1642 749 Baptismus
1661 734 1668 740 .

102 753 177 781 Item
187 751 326 789 Apostolus
335 750 440 778 dicitur
448 750 570 788 Epistola
583 750 614 780 in
623 748 701 778 Mifl'a
710 769 718 776 .
740 749 815 778 Vide
828 751 892 785 Epi-

97 792 170 829 stola
179 811 187 818 .
209 792 255 821 SS.
265 789 466 829 Apostolorum
476 791 598 829 antiquae
618 790 731 829 pisturae
743 799 804 818 cum
815 789 893 818 volu-

102 833 180 862 mine
191 832 222 860 in
233 841 312 861 manu
326 852 333 864 ,
355 830 423 869 quid
434 831 590 881 significent
599 851 607 859 .
630 830 704 860 Vide
714 830 817 861 Rutula
827 850 834 858 .

59 874 259 903 Aramum
273 894 281 906 ,
303 882 394 912 graece
421 868 617 909 απονέλεσμει
636 893 645 905 ,
676 871 891 910 Astrologorum

98 913 232 952 judicium
241 916 320 950 juxta
329 912 551 941 costellationem
561 934 570 946 ‚
590 917 619 942 &
629 913 799 951 planetarum
818 911 891 950 aspe-

99 955 192 987 ξὶιιιπ,
214 954 249 982 de
269 964 324 993 quo
342 953 476 983 vocabulo
487 953 639 993 Gregorius
658 954 797 982 Nazianz.
818 953 892 981 Vide

100 998 302 1024 Anavivazon
312 1015 320 1022 .
344 995 419 1023 Vide
439 995 523 1023 etiam
533 994 736 1031 Astrologorum
757 996 872 1022 termina·
885 1013 892 1019 .

60 1035 249 1064 Avoi-uzosis
260 1056 268 1067 ‚
290 1045 378 1073 greca
389 1045 446 1063 vox
461 1032 631 1067 α’·ποθέωσις,
651 1033 805 1063 Delficatio
817 1055 825 1066 ‚
837 1043 892 1071 quo

103 1075 188 1103 titulo
197 1075 298 1103 librum
308 1073 483 1112 inscripserat
495 1074 660 1103 Prudentius
668 1084 752 1112 poeta
770 1073 891 1103 christia-

102 1125 153 1144 nus
163 1135 173 1148 ,
198 1114 388 1144 defensionem
397 1114 567 1144 Divinitatis
575 1124 672 1143 contra
684 1115 817 1144 Infideles
825 1126 892 1144 con-

101 1155 260 1184 tinentem.
283 1155 588 1192 VideAmartigmia.
627 1168 631 1173 »

60 1197 265 1226 ΑΡΡΑΝΑειυΜ
283 1215 292 1222 ·
316 1197 374 1225 PR.
399 1205 454 1225 vox
478 1195 596 1235 gallica,
619 1194 827 1225 firmamentum
845 1206 891 1235 pa-

101 1237 146 1265 nis
155 1237 291 1269 denotat,
312 1234 358 1265 seu
376 1236 493 1276 penfio,
515 1246 576 1277 quae
593 1246 646 1275 pro
665 1236 815 1267 minoribus
827 1237 890 1266 filiis

100 1277 271 1316 relinquitur
282 1297 290 1305 .

62 1319 164 1347 Arima
179 1339 187 1350 ,
210 1317 412 1357 transumptum
425 1340 433 1352 ‚
455 1318 502 1348 seu
520 1319 600 1358 copia
620 1318 766 1358 Scripturae
778 1340 785 1348 .
808 1323 891 1358 [Ap-

98 1367 192 1396 parem
202 1358 282 1398 ipfius
294 1359 454 1388 donationis
462 1367 513 1399 per
520 1361 640 1390 eundem
652 1360 820 1389 Eucherium
844 1361 892 1389 ad-

97 1396 179 1428 scribi
189 1398 290 1430 faciet-,³
301 1399 360 1438 ipse
371 1399 620 1430 christianissimus
632 1404 693 1430 Rex
707 1403 873 1431 Francorum
885 1423 892 1430 .

98 1440 196 1469 Anast.
204 1439 236 1470 in
245 1441 340 1479 Steph.
350 1443 407 1471 111.
419 1444 430 1474 ]
456 1443 531 1471 Vide
544 1443 704 1480 Antigmph
713 1454 732 1471 a
739 1454 751 1471 s
763 1463 771 1470 .

57 1481 232 1509 Αιψειιςοκο
243 1501 251 1509 .
273 1484 330 1512 PR.
343 1483 506 1512 Concedere
516 1505 524 1516 ,
538 1484 582 1512 vel
594 1482 777 1523 personaliter
785 1483 893 1512 tradere

99 1518 298 1557 poss‘effionem
309 1523 391 1552 alicui
409 1524 442 1552 in
463 1524 661 1563 aliquoofficio
672 1545 680 1556 ,
703 1525 749 1553 vel
767 1524 892 1563 dignita—

104 1568 133 1588 te
145 1580 153 1587 .
180 1561 382 1597 [Gylibertum
401 1564 436 1592 de
454 1565 483 1593 C
482 1565 571 1599 ymaii
583 1564 823 1603 praesentaverunt
843 1575 893 1603 po-

102 1600 236 1630 stulantes
246 1624 255 1636 ‚
277 1613 307 1632 ut
329 1604 489 1642 praedieam
499 1606 646 1635 Ecclesiam
667 1606 692 1633 ei
703 1606 870 1634 concederet
882 1629 890 1641 ‚

99 1644 129 1669 ὃ(
139 1651 202 1670 eum
212 1643 408 1682 :ppei-sonaret
419 1665 426 1672 .
449 1645 550 1674 Matth.
561 1645 645 1675 Paris.
658 1647 688 1674 in
699 1647 749 1675 vit.
764 1647 831 1676 Abb.

59 1682 234 1712 Apvrriws
245 1704 251 1711 .
273 1686 330 1714 FR.
343 1690 356 1719 [
367 1685 496 1715 Aurelius
508 1685 599 1724 Episc-
609 1687 682 1716 dixit
693 1709 701 1720 ,
718 1686 825 1716 servata
836 1687 891 1716 for-

106 1731 151 1751 ma
168 1722 328 1763 disciplinae
345 1736 404 1754 non
427 1726 606 1756 extitmbitur
623 1728 779 1766 appetitus,
801 1739 860 1757 can.
872 1730 892 1758 fi

97 1762 254 1802 quisquam.
270 1775 314 1794 ιι.
334 1767 429 1805 quaest.
449 1777 473 1795 ι.
495 1769 508 1798 ]
532 1768 574 1796 Ibi
594 1768 690 1798 Gloss'a
708 1769 859 1807 Appetitas
882 1791 889 1802 ,

102 1801 172 1832 idest
181 1825 190 1837 ,
212 1805 316 1840 injuria
326 1806 462 1836 laceffitus
473 1810 593 1846 exponit
603 1829 611 1836 .

65 1845 263 1875 Appomnus
273 1868 283 1880 ,
305 1847 437 1877 innixus·
462 1850 538 1883 [Per
557 1849 743 1878 summitatem
753 1848 889 1886 cujusdam

102 1881 181 1913 scalae
191 1885 303 1915 brachio
316 1889 418 1917 Crucis
428 1889 585 1927 appodiatae
601 1912 607 1918 .
632 1893 666 1920 In
680 1891 765 1929 Epist.
787 1893 832 1929 Jo:
842 1894 892 1921 Pa-

101 1934 144 1968 p52
157 1935 192 1954 ex
204 1925 314 1956 Chi-on.
325 1930 420 1958 Boem.
438 1940 498 1968 cap.
512 1942 556 1959 ιο.
568 1933 580 1962 ]
606 1932 694 1961 Unde
710 1933 828 1961 Fadium
848 1933 891 1961 di-

102 1974 175 1994 citur
184 1987 192 1998 ‚
216 1968 292 2006 quod
299 1969 467 2007 ItaliPoggio
478 1981 580 2001 vocant
590 1994 599 2005 ,
622 1975 771 2011 &Pogium
784 1992 792 2000 .
816 1973 890 2003 Vide

101 2009 214 2043 Pogium
224 2028 230 2034 .
253 2010 310 2038 FR-

144 2049 193 2076 An
206 2049 338 2091 quoniam
348 2050 427 2089 podii
437 2052 555 2081 meliore
577 2053 609 2082 in
619 2062 696 2092 parte
705 2053 832 2083 sedentes
841 2075 848 2083 .

93 2087 268 2118 -Prudeutius
280 2090 325 2119 lib.
337 2103 362 2120 z.
370 2101 467 2121 contra
478 2093 674 2128 Symmachum
690 2095 724 2123 de
737 2095 891 2125 Vestalibus

59 2127 297 2214 Appilti’iilbliitsius
309 2192 316 2204 ‚
339 2172 481 2202 officialis
498 2174 596 2204 Palatii
615 2177 714 2215 Apost.
733 2176 782 2216 qui
802 2176 875 2217 figul

103 2208 268 2246 plumbeam
278 2212 366 2240 Bullis
375 2223 513 2251 apponere
522 2226 554 2244 cu
559 2226 615 2245 ram
626 2215 709 2245 habet
717 2237 725 2244 .

59 2249 146 2277 Apsis
157 2269 165 2276 .
189 2251 265 2279 Vide
275 2252 398 2290 Absida.
419 2255 562 2292 Purapfis.

58 2289 179 2318 Anum
192 2311 200 2323 ‚
224 2293 385 2322 vocabulum
414 2305 430 2323 a
439 2296 618 2326 Tertullum
647 2298 772 2327 usitatum
784 2320 791 2332 ‚
814 2300 888 2338 quod

100 2327 248 2361 secundum
258 2333 433 2363 eruditiffimi
440 2336 546 2365 Latinii
564 2338 780 2376 explicationem
790 2338 821 2368 in
836 2341 884 2369 ob-

98 2369 301 2405 servationibus
310 2375 421 2414 praefati
428 2377 559 2408 Austoris
567 2379 705 2410 obtectum
722 2380 815 2411 lomim
826 2403 834 2416 ‚
858 2386 884 2411 δι

910 749 999 781 Αᾳυιι
1012 749 1204 784 Britain-A,
1227 761 1240 779 a
1259 752 1286 780 S.
1299 750 1434 780 Matthaeo
1458 753 1595 790 Apostolo
1614 753 1740 783 instituta

951 789 990 816 ita
1000 789 1133 819 Clemens
1142 794 1213 830 Papa
1225 792 1256 819 in
1265 792 1408 821 constitut.
1419 793 1504 831 apost.
1516 792 1562 821 lib.
1575 798 1599 823 8.
1621 803 1681 832 cap.
1692 805 1704 832 3
1715 804 1739 829 ς.

949 829 1113 860 Alexander
1122 834 1193 870 Papa
1203 833 1312 861 Primus
1333 832 1404 862 hanc
1426 834 1620 862 caeremoniam
1637 835 1738 864 confir-

948 870 1035 899 mavit
1044 882 1103 901 can.
1114 875 1194 912 Aqua
1214 871 1269 902 sale
1277 873 1312 902 de
1318 873 1444 904 consecr.
1455 874 1518 902 dist.
1532 884 1558 912 3.
1580 876 1642 904 Hoc
1653 873 1740 904 sacra-

949 915 1069 941 mentale
1079 914 1248 942 elementum
1256 914 1392 943 unionem
1401 914 1512 944 Christi
1533 914 1738 954 hypostaticam

947 952 1084 991 fignificat
1095 967 1106 988 ,ς
1126 955 1170 983 Sal
1181 955 1256 983 enim
1268 954 1387 983 infusum
1398 956 1436 984 est
1447 956 1595 994 Sapientis:
1608 958 1738 986 increata·

948 994 1108 1028 mysterium
1118 1016 1128 1029 ,
1149 1006 1217 1034 aqua
1228 1005 1296 1024 vero
1307 994 1431 1024 humanae
1443 1005 1546 1026 naturae
1565 996 1720 1032 symbolum
1731 1020 1740 1032 ,

948 1033 1067 1063 humana
1076 1037 1153 1064 enim
1165 1046 1259 1064 natura
1272 1037 1339 1071 [Ut
1351 1047 1418 1074 aqua
1430 1037 1570 1066 dilabitur.
1586 1040 1657 1067 2.Re
1666 1061 1683 1078 ς
1697 1051 1737 1073 ¹4·

954 1085 998 1109 ¹4·
1008 1077 1019 1106 J
1031 1077 1066 1104 Iit
1079 1076 1125 1105 illa
1135 1086 1225 1105 autem
1234 1087 1301 1115 aqua
1313 1095 1326 1109 r
1342 1087 1403 1114 quae
1415 1088 1466 1116 pro
1482 1078 1677 1108 benedicendis
1690 1083 1741 1108 Ec-

947 1115 1034 1144 clcfiis
1054 1116 1087 1145 fit
1099 1138 1107 1150 ‚
1130 1115 1258 1146 miscetur
1281 1118 1379 1145 vinum
1392 1139 1398 1149 ,
1421 1122 1449 1146 a&
1459 1119 1531 1147 cinis
1541 1140 1550 1152 ‚
1572 1119 1685 1149 allusive
1705 1121 1741 1149 ad

947 1155 1045 1184 vinum
1057 1177 1065 1189 ‚
1089 1161 1118 1186 ὃ(
1130 1158 1253 1186 cinerem
1273 1157 1369 1186 vitulae
1391 1159 1474 1187 rubrae
1486 1181 1494 1192 ,
1519 1158 1616 1198 quibus
1627 1159 1742 1195 Moyses

944 1197 1056 1232 jubente
1072 1199 1138 1227 Deo
1149 1198 1329 1227 instrumenta
1339 1199 1519 1228 Tabernaculi
1540 1200 1719 1230 benedixerat
1731 1221 1740 1229 .

947 1238 1128 1268 Benedicitur
1139 1239 1255 1278 populus
1264 1249 1332 1278 aqua
1343 1239 1487 1268 benediCta
1496 1241 1527 1268 in
1538 1241 1654 1271 Ecclefia
1677 1242 1740 1271 lati·

946 1289 981 1307 ria
992 1279 1086 1308 diebus
1095 1281 1257 1311 Dominicis
1267 1302 1275 1313 ,
1302 1292 1332 1310 m
1352 1281 1516 1309 memoriam
1536 1281 1638 1311 lavacri
1660 1294 1739 1322 rege-

947 1321 1070 1349 nerantis
1083 1342 1092 1355 ,
1103 1321 1180 1360 quod
1189 1321 1218 1350 in
1227 1320 1285 1350 sola
1294 1320 1403 1351 Paschae
1414 1322 1569 1351 Dominica
1578 1323 1739 1353 confereba-

949 1369 1009 1389 tur.
1019 1364 1125 1400 Ruper.
1136 1363 1182 1391 lib.
1194 1373 1221 1395 7.
1231 1372 1289 1401 cap.
1301 1374 1347 1401 30.
1359 1372 1645 1404 commemoraturque
1654 1365 1738 1394 etiam

946 1401 1054 1432 Christi
1074 1402 1228 1442 Baptismus
1239 1426 1247 1437 ‚
1271 1404 1335 1432 ideo
1358 1404 1430 1432 trina.
1451 1403 1605 1442 asperfione
1625 1406 1739 1434 benedi—

946 1444 1020 1472 citur
1031 1442 1128 1473 AItare
1140 1465 1149 1477 ,
1173 1446 1248 1484 quod
1258 1453 1353 1474 tamen
1370 1456 1426 1473 non
1447 1446 1479 1474 fit
1500 1446 1611 1484 quando
1621 1447 1660 1475 est
1670 1448 1736 1476 San-

948 1483 1017 1512 &iffi
1023 1494 1097 1513 mum
1105 1486 1261 1524 expolitum
1273 1508 1281 1519 ,
1291 1497 1322 1514 ut
1333 1488 1477 1515 Gavantus
1486 1487 1618 1516 admonet
1626 1508 1637 1516 .
1655 1490 1737 1516 Gra:-

947 1526 973 1554 ci
995 1535 1062 1554 vcro
1083 1526 1113 1554 in
1129 1527 1252 1565 qualibet
1277 1537 1365 1566 prima
1384 1527 1480 1556 mensis
1491 1528 1644 1557 Dominica
1654 1538 1736 1558 reno-

949 1574 1016 1594 vant
1035 1577 1131 1605 aquam
1153 1568 1324 1596 benedictam
1336 1590 1343 1601 ‚
1366 1572 1394 1597 ὅ(
1406 1569 1537 1607 populum
1556 1567 1703 1608 aspergunt
1726 1591 1736 1604 ‚

949 1617 1032 1646 quarn
1059 1609 1254 1637 caeremoniam
1267 1607 1423 1646 Α’γιασμᾶν
1444 1631 1451 1642 ,
1474 1609 1542 1637 idest
1554 1610 1735 1641 ‚benediffio-

946 1658 1008 1677 nem
1020 1669 1027 1681 ‚
1050 1650 1356 1687 aursanc'h'ficationem
1367 1659 1467 1677 vocant
1478 1671 1485 1682 ,
1508 1653 1536 1678 ὃ(
1553 1649 1684 1678 desistunt
1703 1651 1735 1681 in

947 1688 1050 1717 duobus
1063 1690 1196 1719 mentibus
1206 1712 1214 1723 ,
1237 1690 1360 1728 januarii
1371 1711 1378 1722 ,
1399 1688 1508 1718 scilicet
1518 1712 1524 1722 ,
1535 1691 1570 1718 ob
1580 1689 1735 1721 solemnem

947 1730 1173 1759 benedictionem
1203 1729 1369 1769 Epiphaiuz
1388 1751 1397 1763 ‚
1428 1731 1459 1759 in
1486 1741 1538 1769 qua
1566 1731 1735 1769 BaPtismum

946 1769 1056 1799 Christi
1069 1771 1210 1800 celebrant
1221 1793 1228 1804 ,
1251 1775 1280 1801 ὅ(
1290 1771 1456 1810 Septembris
1465 1792 1473 1804 ‚
1497 1772 1526 1800 in
1539 1782 1593 1810 quo
1606 1771 1678 1801 hanc
1687 1774 1734 1803 be-

890 1818 892 1821 ’
947 1811 1138 1840 ηεάιᾶιοιιειῐι
1149 1812 1317 1842 transferunt
1328 1813 1362 1841 ad
1381 1812 1640 1851 decimainquartam
1656 1814 1735 1843 diem

946 1851 1067 1888 ejusdem
1077 1875 1085 1886 ,
1109 1863 1223 1892 propter
1244 1853 1340 1882 festum
1351 1853 1536 1882 Exaltationis
1546 1854 1649 1882 sanetae
1659 1856 1733 1885 Cru-

946 1894 1002 1926 cis,
1026 1897 1053 1922 δ(
1070 1893 1160 1922 solent
1181 1895 1212 1922 in
1231 1894 1385 1933 aspersione
1403 1904 1478 1931 aquae
1499 1894 1649 1923 benedistae
1671 1895 1733 1926 loco

947 1932 1088 1973 aspergilli
1108 1935 1148 1963 uti
1172 1935 1313 1964 frondibus
1334 1935 1445 1970 ocymi;
1470 1944 1554 1967 nam.
1574 1944 1605 1963 ut
1633 1939 1731 1972 ajunt,

946 1973 1028 2014 super
1039 1975 1146 2004 telluris
1155 1976 1271 2015 spatium
1284 1998 1291 2008 ‚
1311 1976 1354 2004 ubi
1367 1976 1445 2005 Crux
1456 1974 1565 2005 Christi
1574 1986 1632 2006 erat
1642 1975 1733 2015 sepul-

947 2025 995 2049 ta,
1017 2025 1148 2051 ocymum
1174 2016 1326 2048 olesccbat,
1350 2015 1414 2044 ideo
1434 2013 1582 2048 Βασιλικός
1604 2039 1612 2051 ,
1641 2017 1711 2048 idest
1724 2041 1732 2051 .

947 2060 1050 2094 Regia,
1073 2067 1186 2086 vocatur
1203 2057 1263 2086 haec
1285 2056 1386 2089 herba,
1409 2055 1473 2095 quia
1493 2055 1585 2086 evulsa
1596 2058 1648 2086 fuit
1665 2058 1732 2097 jiissu

947 2098 986 2126 D.
998 2098 1115 2126 Helenae
1127 2098 1226 2127 Crucis
1236 2097 1401 2127 inventricis
1410 2118 1417 2125 .
1429 2099 1489 2127 Nos
1499 2108 1567 2127 vero
1579 2099 1609 2128 in
1617 2099 1729 2129 benedi-

947 2137 1043 2166 cendis
1053 2138 1179 2167 Ecclefiis
1189 2160 1196 2171 ,
1218 2142 1246 2167 dc
1256 2138 1286 2167 iri
1305 2137 1481 2177 purificandis
1493 2139 1631 2169 Altaribus
1641 2140 1671 2169 in
1691 2141 1729 2170 fc-

947 2177 988 2207 ria
1005 2188 1032 2207 v.
1052 2178 1231 2208 hebdomadae
1251 2179 1362 2217 majoris
1379 2178 1497 2218 hyllbpo
1524 2181 1646 2214 utimur,
1670 2191 1729 2211 tum

945 2219 1049 2258 quiain
1060 2220 1149 2250 veteri
1161 2219 1326 2248 testamento
1343 2220 1461 2249 eandem
1470 2220 1582 2250 herbam
1601 2222 1631 2250 in
1648 2222 1732 2252 bene-

945 2260 1113 2289 didionibus
1125 2260 1290 2289 adhibebant
1301 2282 1308 2294 ‚
1331 2270 1391 2290 tum
1404 2262 1489 2290 etiam
1501 2262 1566 2300 quia
1575 2262 1626 2291 hac
1637 2263 1729 2301 planta

946 2310 1091 2330 monemur
1099 2301 1202 2330 nostras
1213 2300 1396 2330 conscientias
1407 2303 1549 2341 purificare
1561 2314 1567 2334 ς
1592 2313 1653 2331 nam
1665 2324 1675 2336 ‚
1697 2314 1728 2333 ut

945 2341 1105 2372 Ambrosius
1122 2342 1232 2380 inquit:
1259 2341 1422 2382 [Hyssbpus
1443 2342 1526 2372 herba
1541 2343 1655 2372 humilis
1671 2344 1731 2379 est,

943 2382 1011 2413 &in
1030 2383 1115 2423 petris
1133 2381 1260 2413 nascens:
1284 2383 1425 2414 humilitas
1435 2383 1545 2415 Christi
1563 2383 1732 2423 significatur

1640 2433 1692 2464 per
