1866 2526
451 64 470 68 -
767 59 822 88 ex
853 47 887 89 Ι.
917 39 1090 101 Regum
1104 52 1114 88 .'

1648 59 1729 102 747

104 121 112 132 ,-
131 119 177 150 8¹³
185 104 378 145 vestricqufl·
387 103 506 145 elegistis
516 102 595 135 vobis
606 125 616 137 ,
634 107 664 134 ae
672 114 732 134 non
741 103 871 134 exaudiet
879 113 917 134 vo
944 103 1016 143 Cap.
1033 115 1076 140 ¹4·
1087 114 1114 133 v.
1131 113 1157 142 3.
1181 107 1195 138 [
1207 100 1306 133 Achias
1317 101 1387 132 filius
1401 101 1557 138 Achitob.]
1580 110 1613 136 Et
1623 111 1714 136 tmen
1723 117 1780 146 cap.

133 149 288 184 Dominp·
297 148 312 178 ]
331 146 387 177 Cui
398 147 564 176 contradicit
574 145 683 175 Textus
691 145 759 175 alius
768 167 777 179 ‚
795 145 927 175 nimirum

132 196 235 229 c.9.vda
240 194 268 218 ⁶.
280 187 353 217 infra
362 209 370 221 ‚
381 193 394 223 [
408 188 481 225 Quia
488 186 597 226 respexi
607 187 740 225 populum
746 196 840 216 meum
850 198 857 215 :
881 197 898 215 v

133 230 260 262 nitenim
269 228 372 257 clamor
383 238 478 258 eorum
487 228 523 257 ad
533 238 577 257 me
588 248 594 255 .
607 228 623 259 3
643 227 812 266 Respondeo
824 249 834 261 ‚
845 236 927 266 negat

130 272 208 302 Deus
215 268 244 299 se
253 269 406 298 auditurum
416 269 513 309 populi
521 270 680 301 clamorem,
691 269 834 302 nimirum,
842 278 925 311 quan-

986 157 1032 175 η.
1041 145 1176 185 legimus:
1201 150 1214 180 [
1226 142 1408 174 Achimelech
1426 143 1515 174 filium
1527 147 1647 177 Achitob
1655 168 1662 176 -
1675 149 1687 179 ]
1711 148 1783 183 Κείζ

982 186 1093 225 pondeo
1101 207 1109 220 ,
1129 185 1256 215 sacerdos
1266 184 1316 215 iste
1325 184 1429 224 duplici
1439 187 1582 217 vocdntur
1591 189 1706 218 nomine
1719 211 1729 223 ,
1747 189 1782 218 fix

982 231 1072 256 cut‘&
1080 227 1128 256 alii
1141 227 1223 256 multi
1232 226 1341 256 binonii
1352 248 1361 260 ‚
1372 227 1421 266 qui
1433 225 1526 266 passim
1536 228 1566 258 in
1575 228 1647 258 sacra
1657 229 1779 269 Scriptu-

982 279 1011 298 ra
1021 277 1169 298 occurrunt
1179 287 1189 296 .

130 312 169 341 do
178 311 334 340 clamabunt
352 323 366 339 a
378 309 446 340 facie
455 310 542 350 Regis
554 309 636 338 nimis
643 309 706 338 duri
716 331 725 343 ‚
747 319 830 348 quem
840 318 926 347 petie·
941 309 1052 338 Ibidem
1062 331 1071 343 ‚
1093 319 1121 338 v.
1131 319 1145 347 3
1153 319 1179 346 ς.
1202 307 1393 345 [AEdificavit
1403 319 1491 338 autem
1499 309 1560 339 Saul
1570 311 1668 340 Altare
1676 312 1778 341 Domi-

104 379 108 382 .
131 363 214 382 runt:
238 361 298 379 non
307 360 401 380 tamen
416 360 499 390 negat
508 349 538 380 se
555 350 710 379 auditurum
721 360 816 379 eorum
825 350 926 378 clamo-

131 405 171 422 res
181 394 212 422 in
219 391 280 420 aliis
289 391 483 421 afflistionibus
491 411 499 419 .

90 435 161 473 Cap.
177 445 187 463 1
198 445 220 463 1.
230 445 258 462 v.
273 443 296 461 ι.
318 438 332 468 [
344 436 379 463 Et
393 432 491 461 faaum
499 431 540 461 est
547 431 618 471 quasi
627 431 687 470 post
696 431 818 461 mensem
828 452 836 464 ‚
848 433 861 462 ]
874 429 925 459 sci-

130 475 218 504 liceta
234 473 320 504 Saulis
331 474 467 503 elestione
479 484 488 505 ς
513 479 528 509 [
538 472 674 502 Ascendit
693 475 765 502 Naas
778 471 925 501 Ammoni-

129 525 171 545 tes
181 538 188 549 ,
211 519 239 545 &
251 514 468 554 pugnarecoepit
487 511 615 543 adversus
623 514 702 551 Jabes
714 513 820 541 Galaad
831 536 837 543 .
851 514 863 544 ]
890 515 924 541 Et

127 567 222 586 tamen
234 558 304 585 Naas
322 565 387 584 ante
395 554 480 584 Saulis
497 554 661 583 clefflonem
668 553 798 582 adversus
815 552 923 582 Israeli-

131 606 169 626 tas
182 607 292 626 venerat
301 617 308 628 ‚
318 606 349 625 ut
357 596 503 635 colligitur
511 605 545 624 ex
555 604 611 632 cap.
621 594 677 634 seq.
689 604 717 622 v.
736 594 923 638 12.[Viden-

129 649 169 667 tes
179 647 268 667 autem
278 659 287 670 ,
309 637 384 676 quod
393 638 463 666 Naas
472 638 535 666 Rex
546 635 666 664 filiorum
677 638 799 664 Ammon
808 634 923 664 ventilet

130 677 270 708 adversum
280 687 330 707 vos
339 699 348 711 ‚
357 677 464 706 dixistis
473 676 543 704 mihi
554 687 560 703 :
585 677 765 715 Nequaquam
774 697 783 709 ‚
802 675 851 704 sed
861 677 921 704 Rex

981 361 1038 382 no‚·
1061 359 1183 388 tuncque
1191 350 1310 389 primum
1322 350 1408 387 coepit
1416 350 1551 379 aedificare
1569 351 1664 381 Altare
1674 353 1776 382 Domi-

982 402 1019 419 no
1029 412 1035 419 .
1048 393 1060 423 ]
1086 392 1150 420 Hoc
1159 390 1302 419 manifeste
1312 390 1480 419 contradicit
1501 393 1574 420 Gen.
1587 397 1612 421 8.
1623 401 1650 421 v.
1664 404 1710 422 ιο.
1733 393 1779 423 ubi

979 432 1082 460 dicitur
1090 433 1155 460 Noe
1168 430 1309 460 :edificasse
1321 431 1416 460 Ahare
1425 432 1488 460 Deo
1500 453 1507 464 ,
1529 436 1557 460 ὃ(
1568 433 1627 461 aliis
1636 435 1782 473 quamplu-

980 472 1058 500 rimis
1069 472 1134 501 locis
1145 474 1229 502 Sacrae
1239 472 1385 510 Scripturae
1396 492 1403 500 .
1415 472 1566 508 Quomodo
1576 483 1642 512 ergo
1653 475 1714 504 Saul
1725 476 1780 513 pri„

979 522 1038 541 mus
1049 513 1135 551 coepit
1145 512 1282 542 aedificare
1293 513 1388 542 Altare
1399 517 1408 542 Ξ
1419 512 1591 552 Rcfpondeo
1600 535 1608 546 ,
1622 515 1682 543 Saul
1693 516 1780 545 aedifi-

980 554 1053 582 cavit
1064 555 1162 583 Altare
1173 553 1248 583 inter
1257 564 1335 594 reges
1345 554 1446 592 primus
1457 575 1464 586 ,
1489 554 1533 582 vel
1546 552 1695 583 secundum
1705 566 1780 585 vete-

979 604 1038 622 rum
1059 595 1241 623 Hebraeorum
1250 594 1453 633 expolitionem
1474 595 1535 624 Saul
1550 595 1654 634 primus
1665 606 1777 625 manum

979 635 1057 672 operi
1069 635 1194 664 admovit
1206 657 1214 669 ‚
1224 636 1326 665 deinde
1336 634 1546 675 carerisequuti
1556 635 1620 665 sunt
1631 637 1718 676 Regis
1727 647 1778 666 ex-

979 676 1101 713 emplum
1111 695 1119 703 .

128 719 272 758 imperabit
280 718 357 747 nobis
368 738 375 745 .
386 719 398 749 ]
422 718 492 750 Quae
505 716 586 745 verba
597 716 705 746 fuerunt
723 728 736 745 a
746 718 850 755 populo
861 726 921 754 pro·
939 714 1009 754 Cap.
1027 727 1069 748 ¹7·
1081 726 1108 744 v.
1119 727 1132 754 3
1142 726 1167 751 5.
1186 724 1200 754 [
1211 720 1244 746 Et
1254 728 1314 746 non
1333 716 1407 746 vidit
1417 717 1523 746 Samuel
1541 719 1610 748 ultra
1620 720 1680 749 Saul
1690 717 1777 758 usque

127 761 182 790 lara
198 759 314 788 samueli
333 768 396 786 ante
426 757 592 787 elefflonem
607 758 710 786 Saulis.
732 757 903 795 Respondeo
914 777 922 789 ‚

126 809 223 829 verum
243 799 281 828 est
293 800 366 827 Naas
382 798 592 837 expeditionem
609 797 750 837 suscepisse
759 796 885 826 adversus
894 798 923 826 1-

124 840 316 870 sraelitasantc
338 840 422 868 Saulis
432 840 598 868 elestionem
609 861 617 872 ,
638 837 685 868 sed
695 839 828 867 videntur
836 838 923 867 Israe-

127 881 186 910 litae
199 890 261 909 cum
279 880 331 908 illo
340 879 436 909 talibus
451 881 574 919 qualibus
590 879 799 908 conditionibus
816 878 921 908 transe-

125 921 193 961 gisse
203 941 210 949 .
233 922 318 950 Nunc
327 930 395 950 vero
403 930 510 960 arrepta
530 921 579 950 hac
591 929 662 950 nova
672 921 814 951 occasione
822 920 922 949 bellum

125 962 298 1001 redintegrat
307 971 440 997 tyrannus
449 981 456 989 .

86 1003 156 1041 Cap.
172 1013 214 1040 ¹3·
227 1012 254 1030 v.
271 1013 293 1030 1.
314 1001 420 1039 [Filius
431 1002 511 1032 unius
520 1002 586 1032 anni
598 1011 654 1031 erat
665 1002 745 1034 Saul,
755 1011 816 1030 cum
825 1011 920 1041 regna-

125 1053 155 1072 re
164 1041 288 1082 coepislet
299 1063 307 1071 .
330 1044 443 1072 Duobus
454 1053 544 1072 autern
561 1042 642 1072 annis
658 1044 789 1082 regnavit
798 1041 878 1081 super
895 1043 921 1070 I-

979 756 1009 784 in
1020 756 1094 785 diem
1106 758 1201 786 mortis
1209 757 1263 787 suae
1273 779 1280 786 .
1293 761 1305 790 ]
1319 759 1382 787 Hoc
1395 767 1531 798 repugnat
1539 770 1602 788 cum
1616 759 1705 790 verbis
1714 770 1774 799 cap.

985 807 1029 833 19.
1042 807 1069 825 v.
1081 809 1126 832 24.
1138 797 1220 831 hujus
1232 799 1310 832 libri,
1321 799 1481 828 ubidicitur
1491 801 1643 830 Samuelem
1656 799 1778 839 prophe-

980 836 1042 866 taffe
1051 841 1149 867 coram*
1160 840 1235 868 Saule
1249 849 1307 868 tota
1328 839 1391 868 die.
1415 839 1583 879 Respondeo
1595 863 1601 869 .
1624 848 1639 878 [
1653 844 1723 871 Non
1733 842 1776 871 vi-

978 878 1022 906 dit
1032 879 1136 909 Samuel
1148 881 1216 909 ultra
1225 881 1305 913 Saul,
1317 883 1330 912 ]
1345 880 1411 909 idest
1422 891 1478 910 non
1489 891 1549 910 eum
1562 882 1660 912 invisit
1669 882 1757 911 officii
1768 904 1776 915 ,

977 929 1022 948 aut
1033 920 1161 949 amicitiae
1172 922 1260 960 gratia
1274 943 1280 953 .
1303 922 1444 960 quomodo
1453 931 1532 951 antea
1543 921 1645 952 solebat
1656 945 1663 957 ,
1676 934 1712 952 ita
1725 925 1778 952 Va-

977 960 1030 989 tab.
1050 961 1154 989 &alm
1179 961 1252 990 vidit
1263 971 1357 990 tamen
1376 972 1437 991 eum
1458 963 1645 1001 prophetans,
1669 964 1777 993 &alie—

977 1011 1025 1029 nus
1038 1013 1050 1029 a
1069 1001 1185 1031 semibus
1196 1024 1204 1036 ‚
1226 1003 1302 1042 quod
1313 1013 1370 1032 non
1389 1003 1429 1032 cst
1448 1003 1569 1034 invisere
1579 1026 1587 1037 ,
1609 1005 1646 1034 de
1661 1015 1718 1044 quo
1727 1004 1774 1034 hic

976 1042 1013 1069 est
1023 1041 1110 1071 sermo
1119 1064 1127 1070 .

125 1083 210 1112 srael.
225 1086 236 1115 ]
260 1084 372 1112 Dicitur
391 1084 480 1113 filium
493 1084 573 1113 unius
589 1083 656 1112 anni
668 1084 702 1112 ob
722 1083 808 1111 animi
817 1083 919 1111 cando·
935 1083 1004 1120 Cap.
1016 1094 1029 1111 2
1041 1093 1100 1110 nv.
1115 1093 1124 1111 1
1162 1089 1176 1119 t
1190 1085 1278 1113 Venit
1289 1094 1379 1114 autem
1389 1085 1484 1114 David
1504 1086 1534 1115 in
1546 1087 1626 1115 Nobe
1642 1086 1675 1116 ad
1689 1085 1776 1117 Achi-

122 1134 181 1154 rem
193 1147 200 1158 ,
217 1134 300 1163 quem
320 1124 406 1154 initio
420 1125 499 1164 regni
511 1125 666 1153 ostenderat
680 1145 687 1152 .
710 1123 764 1153 Sed
774 1133 869 1152 contra
878 1125 920 1152 ul-

122 1166 202 1194 timas
211 1165 354 1203 particulas
365 1166 509 1195 maximam
519 1164 636 1194 offerunt
656 1165 849 1193 difficultatem
859 1174 919 1193 ver-

123 1207 153 1234 ba
163 1206 246 1234 relata
265 1207 361 1235 Astor.
378 1217 420 1244 ¹3·
434 1216 461 1234 v.
477 1218 522 1235 ιο.
545 1205 677 1241 [Exinde
687 1206 858 1243 postularunt
880 1216 919 1235 re-

123 1256 187 1285 gem
198 1268 206 1278 ,
225 1249 252 1274 &
262 1246 338 1275 dedit
348 1246 404 1275 illis
413 1248 488 1276 Deus
498 1247 558 1276 Saul
569 1246 656 1274 filium
667 1247 718 1275 Cis
730 1245 820 1274 virum
828 1246 862 1275 de
872 1247 920 1275 tri-

126 1288 160 1316 bu
170 1288 316 1322 Benjamin
331 1287 410 1315 annis
419 1287 600 1326 quadraginta
611 1288 640 1318 .]
664 1285 831 1324 Respondeo
844 1308 852 1320 ,
876 1287 919 1316 isti

122 1327 303 1366 quadraginta
331 1327 396 1356 anni
417 1326 570 1366 respiciunt
591 1337 647 1355 tam
666 1327 800 1356 Samuelis
809 1349 817 1360 ,
841 1338 920 1366 quam

120 1368 206 1397 Saulis
216 1368 342 1406 regimen
351 1387 359 1394 .
382 1368 538 1406 Utriusque
549 1368 625 1396 enim
642 1377 765 1406 tempora
773 1379 825 1396 con
827 1370 921 1403 junxit

128 1408 165 1436 ibi
185 1407 296 1436 SanEtus
313 1407 429 1438 Pauluss
453 1409 526 1436 unde
545 1408 604 1436 Saul
621 1418 734 1446 regnare
751 1409 838 1446 coepit
847 1419 921 1438 anno

123 1447 265 1486 trigesimo
284 1448 382 1475 octavo
401 1448 567 1486 praefeftnrae
585 1448 732 1477 Samuelis:
755 1452 785 1477 ὅ(
801 1449 835 1478 fic
854 1450 921 1478 duos

125 1497 234 1516 tantum
243 1497 328 1515 annos
337 1487 461 1516 tribuunt
480 1487 565 1527 aliqui
575 1490 677 1527 Regno
689 1489 773 1517 Saulis
782 1510 790 1517 .
812 1491 856 1518 Ita
865 1492 910 1519 He

123 1529 189 1558 braei
201 1549 210 1560 ‚
220 1527 336 1556 Gerard.
348 1530 464 1557 Mercat.
477 1530 556 1558 Arias
567 1531 695 1557 Montan.
706 1530 752 1559 lib.
764 1530 798 1558 de
807 1528 921 1564 saeculis,

976 1123 1083 1152 melech
1093 1122 1268 1154 sacerdotem.
1281 1129 1293 1158 ]
1307 1125 1362 1154 Hic
1373 1124 1497 1154 sacerdos
1506 1128 1577 1155 Mar.
1591 1138 1616 1156 ε..
1630 1138 1646 1155 ν
1668 1135 1714 1157 26.
1726 1138 1775 1156 vo-

975 1173 1050 1192 catur
1062 1164 1210 1201 Abajathar
1220 1186 1227 1193 .
1237 1165 1409 1205 Respondeo
1421 1178 1427 1194 :
1438 1177 1504 1196 tunc
1514 1167 1626 1206 quando
1637 1167 1695 1196 haec
1706 1168 1777 1197 acci-

974 1205 1074 1233 derunt
1084 1227 1092 1238 ,
1115 1206 1208 1235 aderat
1232 1207 1316 1236 etiam
1339 1206 1533 1236 Achimelcchi
1555 1207 1638 1237 Filius
1660 1210 1776 1238 nomine

974 1245 1107 1282 Abjathat
1119 1267 1126 1279 ,
1149 1247 1329 1287 quijugulato
1348 1257 1423 1286 patre
1438 1248 1519 1277 faetus
1536 1249 1574 1278 est
1590 1249 1718 1289 princeps
1738 1249 1780 1279 sa-

974 1287 1118 1315 cerdotum
1128 1310 1134 1320 ,
1159 1292 1186 1316 3<
1197 1287 1242 1316 hic
1253 1298 1366 1328 propter
1374 1289 1560 1328 magistratum
1571 1290 1620 1318 diu
1629 1291 1775 1320 obtentum

976 1328 1070 1356 notior
1081 1338 1138 1357 erat
1150 1350 1157 1361 ,
1180 1328 1217 1356 ita
1228 1330 1299 1358 Beda
1310 1352 1317 1363 ,
1335 1330 1436 1358 Salian.
1446 1330 1564 1360 Marian.
1576 1334 1604 1360 a<
1616 1334 1709 1360 Eman.
1721 1331 1755 1362 SR
1768 1353 1778 1361 .

976 1368 1038 1397 Nisi
1049 1369 1124 1397 malis
1134 1369 1223 1398 dicere
1235 1380 1295 1399 cum
1308 1369 1417 1409 Jansen.
1428 1371 1519 1399 Tolet.
1528 1371 1642 1400 Salmer.
1661 1375 1690 1401 δε
1699 1373 1775 1401 Sanc.

975 1419 1030 1436 mm
1041 1419 1144 1448 patrem
1154 1432 1162 1443 ,
1171 1420 1251 1448 quam
1263 1411 1351 1439 filium
1361 1411 1501 1439 binomios
1512 1410 1586 1440 fuisse
1595 1433 1603 1444 ,
1624 1413 1700 1451 quod
1708 1423 1778 1442 con-

976 1449 1099 1480 firmatur
1109 1461 1142 1479 ex
1159 1462 1181 1478 1.
1193 1452 1250 1479 Par.
1260 1463 1267 1480 ι
1278 1461 1302 1486 5.
1314 1455 1341 1480 δι
1357 1462 1364 1480 ι
1375 1456 1398 1480 8.
1411 1452 1455 1480 ubi
1467 1461 1602 1490 regnante
1609 1452 1720 1482 Davide
1733 1454 1777 1483 di-

976 1499 1075 1519 cuntur
1092 1491 1166 1519 fuiss'e
1185 1492 1340 1521 Sacerdotes
1351 1492 1436 1521 modo
1457 1493 1542 1521 Sadoc
1553 1514 1562 1526 ‚
1584 1493 1755 1529 &Abjathar
1766 1517 1776 1530 ‚

975 1531 1061 1560 modo
1070 1531 1176 1561 sadoch
1189 1554 1195 1564 ,
1205 1535 1233 1561 ὃ(
1247 1531 1426 1562 Achimelech
1437 1553 1444 1560 .

126 1568 269 1598 Adricom.
288 1578 362 1597 anno
371 1568 467 1598 mundi
489 1575 576 1605 2850.
595 1570 682 1599 Sana.
704 1570 732 1599 in
753 1582 762 1599 1
772 1592 778 1598 .
790 1573 863 1610 Reg.
880 1583 921 1610 ¹3.
935 1571 1005 1610 Cap.
1018 1577 1065 1600 28.
1078 1582 1104 1600 v.
1121 1583 1163 1610 ¹3·
1175 1573 1272 1608 [Deos
1284 1573 1358 1602 vidit
1368 1573 1544 1602 ascendentes
1556 1574 1590 1602 de
1601 1578 1697 1608 terra]
1712 1575 1776 1606 sunt

126 1613 166 1639 At
177 1609 298 1638 Salianus
315 1619 378 1638 ann-
392 1618 478 1645 2904.
496 1609 587 1639 afferit
601 1611 710 1640 Saulem
726 1612 815 1649 plures
835 1622 920 1641 annos
977 1613 1056 1641 verba
1069 1612 1262 1648 Phythoniss'ae
1275 1614 1397 1643 videntis
1407 1615 1574 1648 Samuelem,
1597 1618 1624 1643 ὃ(
1634 1616 1734 1646 deinde
1747 1628 1775 1647 ν.

124 1648 247 1689 regnass'e
258 1671 266 1682 ,
289 1649 335 1679 sed
349 1650 416 1678 duos
425 1659 531 1679 tantum
539 1650 673 1679 inoffenso
683 1653 750 1690 pede
765 1652 921 1690 praecurris-

123 1689 151 1719 se
160 1712 168 1723 ,
180 1691 210 1719 in
219 1691 316 1729 quibus
329 1700 392 1719 vere
403 1691 536 1729 puerilem
547 1691 755 1730 repraesentavit
763 1693 920 1726 candorem,

123 1734 151 1760 ὅ(
161 1730 308 1760 secundum
327 1740 486 1770 computum
497 1730 576 1766 hujus
597 1733 724 1761 AuEtoris
735 1734 918 1773 Saulregnare

123 1771 209 1809 coepit
220 1782 284 1800 ann.
298 1782 344 1809 23.
355 1771 521 1810 praefesturae
531 1772 660 1801 Samuelis
668 1791 677 1801 .

86 1811 158 1841 Ibid.
171 1821 198 1839 v.
214 1822 257 1848 ¹3·
282 1818 293 1847 [
306 1813 389 1847 Quod
399 1813 418 1842 fi
429 1823 487 1841 non
499 1811 601 1841 secist’es
610 1834 618 1846 ‚
627 1815 681 1848 jam
693 1824 764 1842 nunc
774 1815 920 1854 praeparas-

123 1850 164 1879 set
177 1852 316 1880 Dominus
326 1863 442 1891 regnum
459 1862 536 1881 tuum
547 1853 626 1892 super
636 1853 719 1882 Israel
732 1853 762 1883 in
776 1854 920 1894 sempiter-

122 1901 189 1921 num
201 1893 231 1923 .]
254 1895 288 1920 Et
301 1901 393 1921 tamen
414 1895 545 1932 Regnum
566 1892 747 1923 Israeliticum
762 1895 918 1933 promiffum

123 1933 211 1961 fuerat
228 1931 310 1960 tribui
330 1934 408 1971 Judae
421 1954 428 1962 .
450 1935 524 1963 Gen.
535 1945 583 1971 49.
608 1936 699 1970 [Non
720 1935 855 1965 auferetur
864 1936 918 1966 sce-

123 1983 215 2012 ptrum
223 1973 258 2000 de
266 1973 335 2011 Juda
343 1993 350 2001 .
362 1976 375 2006 ]
399 1975 549 2008 Quomodo
561 1985 629 2014 ergo
639 1975 733 2004 domui
745 1976 830 2006 Saulis
849 1988 916 2016 prae-

122 2012 232 2052 pai-aflet
243 2013 383 2043 Dominus
399 2025 515 2054 regnum
526 2016 555 2044 in
567 2015 765 2055 sempiternum
778 2041 784 2051 ,
804 2018 850 2056 qui
862 2029 919 2048 erat

981 1663 1025 1688 14.
1034 1654 1090 1681 ait:
1114 1654 1167 1682 Vir
1185 1645 1268 1682 senex
1278 1653 1398 1683 ascendit
1409 1657 1440 1687 ,]
1463 1655 1587 1693 loquitur
1608 1665 1676 1686 vero
1687 1658 1721 1686 de
1730 1669 1774 1687 eo.

977 1694 1038 1721 dem
1049 1705 1055 1721 ι
1077 1704 1126 1722 cur
1135 1694 1221 1732 igitur
1233 1705 1312 1723 vocat
1323 1696 1472 1724 Samuelem
1483 1695 1567 1724 modo
1576 1695 1651 1725 Deos
1662 1720 1668 1731 ‚
1688 1698 1774 1728 modo

974 1732 1066 1762 senem
1078 1738 1088 1763 ἒ
1099 1734 1268 1773 Respondeo
1279 1748 1285 1763 .·
1296 1735 1400 1764 Phrafis
1412 1736 1526 1764 Hebraea
1534 1734 1606 1773 saepe
1617 1737 1702 1766 utitur
1714 1740 1775 1778 pln-

975 1775 1086 1812 ralipro
1103 1774 1232 1813 singulari
1244 1776 1277 1804 ad
1296 1775 1494 1815 designandum
1509 1774 1630 1814 personae
1650 1778 1773 1818 dignita·

973 1824 1030 1843 tem
1041 1837 1048 1848 ‚
1061 1815 1096 1844 fic
1105 1816 1194 1844 Exod.
1206 1827 1219 1854 3
1228 1828 1254 1844 2.
1264 1816 1298 1844 de
1309 1816 1392 1844 unico
1404 1817 1493 1845 vitulo
1503 1817 1603 1845 dicitur
1616 1831 1622 1846 :
1636 1824 1648 1853 [
1661 1821 1699 1848 Hi
1711 1818 1774 1849 sunt

976 1855 1027 1885 Dii
1049 1855 1089 1883 tui
1100 1878 1107 1888 ,
1121 1858 1131 1887 ]
1155 1859 1182 1884 ὃ(
1194 1856 1332 1886 manifeste
1343 1857 1490 1896 colligitur
1501 1857 1562 1886 haec
1572 1859 1721 1896 explicatio
1739 1871 1774 1890 ex

976 1896 1059 1924 Saulis
1071 1895 1247 1934 responsione
1260 1918 1266 1929 ‚
1284 1897 1331 1935 qui
1343 1898 1411 1926 bene
1421 1898 1563 1926 intellexit
1581 1898 1776 1934 Phytoniffam

975 1936 1009 1964 de
1020 1947 1076 1964 uno
1087 1938 1207 1965 locutam
1218 1937 1293 1966 suifle
1303 1959 1310 1970 ‚
1331 1938 1447 1976 ideoque
1459 1938 1612 1978 interrogat
1623 1951 1629 1967 :
1656 1947 1668 1977 [
1679 1941 1774 1977 Qualis

975 1977 1012 2005 est
1025 1977 1111 2005 forma
1120 1980 1192 2013 ejus:
1205 1980 1216 2009 ]
1230 1987 1295 2006 tunc
1306 1977 1361 2016 ipsa
1373 1980 1469 2007 τείιᾶο
1480 1989 1595 2008 numero
1606 1980 1704 2019 plurali
1713 1980 1773 2011 sub-

975 2017 1085 2056 jungit:
1110 2019 1185 2053 [Vir
1194 2017 1278 2047 senex
1291 2021 1321 2050 .]
1346 2021 1401 2048 PR.
1415 2021 1450 2046 V.
1463 2020 1491 2047 in
1502 2020 1612 2049 Hierol.
1621 2025 1693 2050 Dii.

123 2065 156 2083 cx
166 2054 237 2083 tribu
249 2055 412 2089 Beniamin?
435 2055 603 2094 Respondeo
612 2078 621 2090 ‚
639 2056 782 2095 promiffio
792 2057 840 2086 ista
850 2058 917 2088 fasta
934 2058 1005 2091 Ibid.
1019 2069 1046 2087 v.
1063 2069 1106 2094 ¹9·
1118 2064 1130 2094 [
1142 2059 1212 2087 Cras
1221 2068 1312 2087 autem
1321 2069 1348 2087 tu
1360 2081 1367 2092 ,
1389 2063 1417 2089 ὃ(
1426 2059 1526 2089 filiitui
1537 2071 1642 2090 mecum
1652 2061 1729 2090 eritis
1741 2083 1747 2089 .
1760 2065 1772 2094 ]

122 2095 195 2124 sauli
204 2116 212 2128 ‚
223 2095 261 2123 est
273 2096 464 2125 conditionata
475 2107 483 2128 5
494 2098 540 2125 illa
548 2107 617 2126 vero
626 2097 710 2126 tribui
719 2097 798 2135 Judae
809 2120 817 2131 ‚
827 2089 866 2128 est
874 2100 904 2129 ab

120 2135 210 2164 soluta
223 2146 230 2163 :
253 2139 282 2164 δι
293 2136 356 2174 quia
364 2146 414 2174 per
423 2136 568 2166 scientiam
579 2137 800 2166 conditionatam
811 2139 918 2170 viderat

116 2177 194 2206 Deus
202 2177 308 2205 Saulem
319 2177 490 2207 defluxumm
501 2189 515 2207 a
522 2178 806 2217 conditione‚poterat
816 2182 917 2218 praede.

119 2227 233 2246 cernere
243 2226 291 2255 per
302 2216 448 2248 scientiam
457 2219 607 2248 absolutam
617 2218 754 2258 sceptrum
762 2221 916 2250 trasferen-

117 2259 183 2287 dum
192 2259 223 2287 in
235 2258 336 2287 tribum
344 2259 496 2297 Judaicam.
506 2261 549 2289 Ita
556 2259 725 2289 scholastici.
736 2262 917 2300 Insempiter-

117 2310 184 2327 num
193 2320 202 2332 ‚
220 2301 298 2334 juxta
309 2299 468 2329 consuetum
476 2300 624 2340 Scripturae
636 2310 744 2329 morem
756 2323 764 2335 ,
781 2302 915 2341 significat

112 2341 230 2379 longum
241 2349 346 2379 tempus
358 2352 366 2373 ‚-
378 2341 436 2370 imo
445 2340 517 2381 saepe
527 2353 541 2370 a
552 2342 685 2371 Rabbinis
694 2341 755 2371 haec
765 2353 822 2372 vox
833 2342 915 2374 sumi-

116 2390 162 2410 tur
173 2390 224 2420 pro
231 2378 356 2420 tempore
365 2382 487 2421 Jubilaei,
498 2382 577 2417 idest,
587 2383 789 2423 quinquagina
797 2390 913 2415 annorfi.

975 2098 1126 2135 Quomodo
1136 2098 1190 2127 hoc
1201 2109 1295 2127 verum
1307 2098 1357 2128 ess'e
1368 2109 1493 2138 poteram
1517 2111 1579 2130 nam
1590 2103 1651 2131 Saul
1661 2103 1774 2131 damua-

976 2150 1019 2168 tus
1031 2139 1082 2167 fnit
1092 2161 1099 2172 ‚
1118 2149 1148 2167 ut
1158 2139 1300 2178 colligitur
1311 2151 1343 2168 ex
1360 2151 1382 2168 i.
1394 2142 1454 2170 Par.
1470 2151 1511 2169 ιο.
1525 2151 1552 2170 ν.
1567 2153 1610 2180 ¹3·
1623 2145 1771 2177 [Mortuus

975 2180 1013 2209 cst
1025 2190 1092 2218 ergo
1105 2180 1163 2208 Saul
1176 2189 1290 2218 propter
1300 2181 1459 2219 iniquitates
1467 2180 1522 2209 snas
1535 2204 1540 2214 ‚
1563 2193 1596 2211 eo
1607 2184 1682 2221 quod
1701 2192 1773 2220 prae-

976 2220 1112 2250 varicatus
1122 2220 1154 2249 sit
1172 2221 1330 2249 mandatum
1341 2221 1459 2250 Domini
1473 2223 1502 2252 ·]
1526 2223 1632 2251 Samuel
1652 2233 1772 2253 econtra

973 2270 1032 2291 erat
1044 2261 1073 2289 in
1083 2261 1147 2289 loco
1157 2260 1249 2290 salutis
1260 2282 1267 2289 .
1279 2261 1449 2300 Respondeo
1462 2284 1468 2295 ,
1479 2263 1525 2291 illa
1536 2264 1615 2291 verba
1625 2262 1714 2293 solum
1724 2265 1773 2293 de-

974 2311 1072 2331 notant
1090 2321 1098 2333 ,
1121 2302 1227 2330 Saulem
1246 2313 1261 2331 e
1280 2299 1353 2332 vivis
1371 2301 1535 2331 excessurum
1547 2326 1554 2336 ‚
1576 2307 1604 2333 ὃς
1621 2315 1772 2344 aggregan-

973 2344 1038 2372 dum
1048 2352 1165 2371 numero
1184 2343 1355 2382 reliquorum
1376 2343 1589 2376 defunctorum
1612 2345 1716 2375 &licet
1725 2346 1775 2374 ali-

975 2383 1034 2425 qui,
1049 2383 1120 2413 inter
1130 2393 1197 2422 quos
1208 2385 1291 2419 Lyra.
1309 2384 1436 2414 dubitent
1443 2385 1477 2413 de
1486 2385 1570 2414 Saulis
1582 2384 1772 2421 damnatione,

1688 2437 1733 2456 m-
