1866 2526
132 104 187 133 fuit
197 102 290 132 David
302 124 310 135 ,
332 110 399 142 ergo
410 110 487 131 erant
499 101 562 129 οᾶο
573 121 582 129 .
592 100 762 138 Respondeo
772 121 780 133 ‚
800 98 853 129 Isai
863 109 931 137 prae-

128 155 172 173 ter
180 144 245 173 istos
255 142 358 182 septem
368 144 442 172 filios
452 164 460 175 ,
472 141 564 170 habuit
575 142 659 169 alium
671 140 843 178 adoptivum,
857 148 931 167 nem—

128 196 162 224 pe
173 184 298 223 Jonadab
310 184 398 214 filium
409 185 513 213 samma
523 203 531 214 ,
550 181 619 209 idest
629 203 637 214 ,
661 190 793 219 nepotem
802 192 837 209 ex
847 180 932 208 tertio

127 226 208 257 fluo,-
231 226 270 254 ita
281 225 412 264 Magister
423 223 496 252 Hist.
505 221 639 252 Scholast.
651 226 680 251 δε
690 225 808 259 Rupert.
820 221 881 249 Alii
893 230 932 248 ta-

127 277 193 295 men
215 266 330 299 dicunt,
347 265 506 303 scripturam
523 262 569 292 hic
589 273 646 291 non
665 272 769 301 ponere
788 270 931 290 numerum

125 308 295 346 completum
306 328 313 339 ,
326 305 479 344 praesertim
489 314 551 333 cum
563 303 636 332 nihil
647 302 726 331 faciat
737 303 771 331 ad
782 302 931 331 historiam.

88 348 158 387 Cap.
170 360 197 387 3.
210 359 267 384 v-5.
283 349 391 382 [Porro
401 347 431 374 in
443 345 615 374 Hierusalem
628 343 684 371 nati
691 342 754 372 sunt
763 343 788 373 ei
799 343 851 371 filii
861 343 932 372 Sim-

125 400 185 418 rnaa
195 411 202 421 ,
225 393 253 418 ὅ(
266 388 350 416 sobab
361 409 368 420 ‚
390 386 417 414 8<
429 385 541 415 Nathan
554 407 561 417 ‚
583 389 611 413 δ(
621 384 751 412 Salomon
763 393 878 423 quatuor
898 384 932 412 de

125 429 254 459 Bersabee
265 449 272 456 .
285 431 297 460 ]
323 427 471 460 Quomodo
483 426 569 464 igitur
587 426 717 453 Salomon
728 427 810 453 Prov.
821 437 848 460 4.
869 424 930 453 affe-

126 472 163 499 rit
175 471 200 499 sc
222 468 297 499 suiss'e
319 468 497 506 unigenitum
516 476 608 496 coram
619 475 705 494 matre
714 465 758 494 sua
770 471 779 495 ἒ
803 465 927 505 Respon-

127 512 195 541 dent
215 511 314 549 aliqui,
341 510 516 538 Salomonem
540 506 616 536 suissi:
627 517 690 535 vere
700 507 876 545 unigenitum
896 518 928 535 ex

98 574 101 581 ι
127 553 258 582 Davide5
282 560 343 578 nam
357 550 402 578 alii
423 559 476 577 tres
495 548 547 577 filii
567 547 657 586 geniti
675 547 784 576 fuerunt
803 558 836 575 ex
857 548 930 575 Uria

127 593 213 631 priori
227 592 325 620 marito
337 612 344 623 ,
368 600 435 629 quos
445 599 536 618 tamen
555 588 651 617 David
661 588 709 617 fibi
730 589 910 626 adoptaverat
923 609 929 616 .

126 635 179 663 Sed
191 634 249 662 liaec
271 631 410 670 responsio
429 642 488 658 non
506 629 637 658 sublistit:
663 639 725 657 nam
743 628 857 657 Nathan
870 650 877 660 ‚
896 640 928 657 ex

125 686 181 713 quo
195 676 219 703 S.
231 677 312 703 Lucas
324 672 436 700 deducit
447 670 554 700 Christi
568 670 762 709 genealogiam
773 691 781 702 ,
805 680 869 698 vere
880 669 929 698 suit

126 716 198 745 filius
209 713 337 744 naturalis
347 712 441 741 David
451 732 458 739 .
480 711 598 749 Insuper
609 710 680 739 filius
692 720 767 738 natus
780 721 812 738 ex
824 711 928 738 adulte-

601 41 977 84 Conti¹adi&iones
1005 50 1253 94 apparentes

988 98 1119 136 quaginta
1137 97 1215 127 ficies
1225 105 1387 136 argenteon
1409 111 1435 130 at
1444 111 1510 132 vero
1532 113 1582 141 pro
1592 107 1698 147 reliqua
1708 110 1766 136 area
1777 109 1795 141 ,’

990 148 1070 176 quam
1082 138 1188 176 templo
1197 139 1381 168 destinaverat
1391 142 1488 174 vastam
1498 166 1505 177 ‚
1527 150 1554 174 ὃ(
1564 150 1679 186 amplam
1690 169 1696 180 ‚
1709 147 1787 176 addi-

988 178 1030 207 dit
1040 179 1215 216 postmodum
1224 178 1368 209 sexcentos
1382 191 1475 210 aureos
1486 184 1562 215 siclos
1572 209 1579 215 .
1592 188 1785 219 Aliter'tamen

988 219 1141 248 conciliant
1151 218 1202 250 hos
1212 230 1304 250 textus
1315 222 1450 254 Rabbini,¹
1465 226 1538 259 ajunt
1547 230 1621 258 enim
1632 234 1785 268 totum'po-

988 261 1082 299 pulum
1100 261 1275 290 contribuisse
1285 283 1293 294 ‚
1316 265 1344 291 ὅ(
1354 263 1389 291 fic
1405 273 1575 304 unaquaeque
1587 271 1670 299 tribus
1682 272 1785 300 obtulit

988 301 1191 340 quinquaginta
1209 302 1288 330 siclos
1297 324 1305 335 ‚
1328 304 1374 341 qui
1393 314 1487 332 omnes
1506 307 1654 340 conficiunt
1671 311 1783 341 sexcen-

987 352 1029 370 tos
1040 362 1047 369 .
1070 343 1116 371 Ad
1125 341 1154 370 id
1167 353 1233 371 vero
1243 363 1251 376 ,
1270 345 1342 381 quod
1354 344 1456 373 dicitur
1468 345 1541 376 fuisse
1551 358 1644 379 aureos
1653 372 1661 384 ,
1682 356 1710 381 δι
1719 352 1784 380 alibi

987 393 1131 421 argenteos
1142 404 1151 415 ‚
1175 383 1261 412 facilis
1280 385 1317 413 est
1335 384 1478 424 responsio
1489 397 1497 417 ς
1519 399 1582 417 nam
1602 390 1710 419 fuerunt
1728 392 1785 421 ficli

987 423 1111 462 argentei
1122 445 1130 456 ,
1154 424 1201 453 sed
1211 425 1243 453 ad
1254 426 1364 462 pondus
1374 427 1502 455 siclorum
1510 439 1653 459 aureorum
1663 443 1672 463 ,-
1696 434 1785 462 conti-

987 466 1085 494 nebant
1096 465 1171 493 enini
1180 465 1252 495 idem
1264 467 1387 504 pondus,
1403 478 1432 497 ut
1443 470 1602 506 exprimunt
1612 474 1693 501 verba
1705 483 1713 502 ς
1726 483 1785 502 nam

986 516 1044 533 non
1054 504 1173 534 afl'eritur
1193 505 1267 534 suifl'e
1278 517 1370 536 aureos
1380 507 1457 537 ficlos
1469 520 1477 539 5
1499 509 1547 540 sed
1558 516 1635 541 Ausi
1653 513 1787 551 justxffiml

980 547 1107 584 ponderis
1123 568 1129 579 ,
1140 551 1167 575 δε
1180 547 1213 576 sic
1225 547 1295 576 illud
1305 551 1380 577 Auri
1391 560 1449 579 non
1458 550 1576 581 refertur
1586 554 1620 582 ad
1632 554 1710 583 ficlos
1721 574 1730 586 ‚
1739 552 1787 582 scd

984 587 1018 616 ad
1027 587 1132 625 pondus
1143 607 1151 616 .

1035 671 1084 698 EX
1105 671 1227 700 LIBRO
1251 672 1301 700 ΙΙ.
1325 675 1698 709 PARALIPOMENON-

126 757 171 785 rio
190 755 305 795 impedit
316 775 323 787 ,
347 764 380 782 ne
391 753 522 781 Salomon
541 751 628 780 adhuc
646 752 750 780 dicatur
770 752 929 789 unigenitus
944 752 1030 780 CAP.
1048 762 1070 779 1.
1084 762 1159 790 καις.
1174 758 1185 787 [
1199 752 1286 781 Venit
1297 765 1363 793 ergo
1374 756 1506 786 Salomon
1515 759 1663 788 abexceffo
1673 759 1788 788 Gabaon

127 798 222 826 matris
234 797 286 825 suae
298 816 305 823 .
329 793 498 832 Respondeo
518 793 604 832 igitur
615 802 675 820 cum
686 792 793 820 Saliano
805 814 811 825 ‚
832 796 859 821 ὃ(
870 793 929 820 aliis

128 838 232 877 abipso
249 835 358 866 citaris.
382 834 545 864 Omnesisti
567 834 705 861 numerati
728 833 854 861 inTextu
864 843 929 862 vere

126 879 239 908 fuerunt
249 878 301 907 filii
314 875 450 904 naturales
461 875 556 903 David
566 895 573 901 .
597 875 726 903 Salomon
739 883 804 903 vero
815 884 929 904 vocatur

128 920 288 959 unigenitus
297 940 305 952 ,
325 917 389 956 quia
408 926 536 954 tanquam
547 916 708 953 unigenitus
728 916 813 954 longe
826 915 877 943 suit
887 917 928 945 di-

126 961 284 990 lechffimus
296 981 304 991 ‚
327 969 355 986 ac
366 960 396 987 in
406 958 500 986 matris
522 966 632 995 gremio
643 954 777 984 versatus:
801 956 874 985 unde
884 958 928 986 Se-

129 1002 272 1041 ptuaginta
284 1000 502 1028 transtulerunt?
525 1001 609 1026 Unice
619 998 734 1025 dtleffus
747 1018 753 1025 .

88 1045 159 1082 Cap.
172 1054 217 1072 21-
229 1054 256 1071 v.
273 1054 317 1071 12.
331 1047 342 1076 [
355 1043 410 1069 Aut
421 1040 502 1068 tribus
514 1038 593 1067 annis
605 1038 702 1066 samem
714 1041 746 1070 .]
763 1039 928 1068 contrave-

126 1096 158 1113 ro
171 1097 196 1113 2..
209 1087 280 1122 Reg.
293 1094 338 1117 24.
351 1092 376 1109 v.
394 1092 435 1118 ¹3·
461 1087 473 1115 [
490 1083 543 1108 Aut
555 1079 659 1118 septem
682 1079 760 1107 annis
777 1081 868 1109 veniet
880 1080 928 1109 tibi

985 792 1014 819 in
1023 792 1171 829 Jerusalem
1181 804 1272 822 coram
1286 796 1456 826 tabernaculo
1468 798 1579 827 foederis
1591 821 1597 827 .
1611 803 1622 831 ]
1647 804 1682 828 Et
1694 809 1787 827 tamen

984 831 1037 877 hoc
1046 833 1146 877 eodem
1156 844 1214 872 cap.
1228 845 1284 871 v.3.
1299 836 1442 865 manifeste
1452 838 1573 867 afleritur
1585 840 1785 868 tabernaculum

985 873 1060 902 fuifle
1072 885 1100 903 iu
1111 877 1223 903 Gabaon
1234 896 1240 902 .
1251 876 1334 914 Resp.
1345 887 1450 906 certum
1462 879 1500 907 est
1511 880 1712 908 tabernaculum
1723 878 1788 908 fuis-

984 913 1012 943 se
1026 925 1084 943 non
1102 916 1132 944 in
1143 915 1293 954 Jerusalem
1304 939 1312 950 ,
1333 917 1380 946 sed
1401 919 1430 948 in
1441 921 1554 948 Gabaon
1564 943 1572 954 ,
1595 921 1630 949 de
1648 920 1701 948 hoc
1713 920 1788 948 enim

984 955 1107 984 dubitare
1119 968 1176 985 non
1188 958 1321 996 pollui-nus
1334 980 1341 991 ‚
1364 958 1411 987 sed
1422 961 1554 998 legendus
1564 962 1602 990 est
1613 964 1717 990 'sextus
1726 963 1789 996 jux-

984 1006 1011 1024 ta
1033 996 1185 1026 hebraicam
1207 999 1362 1028 versionem
1374 1022 1381 1032 ,
1404 1005 1446 1029 De
1469 1013 1560 1030 coram
1592 1002 1771 1030 tabernaculo
1780 1021 1790 1029 .

983 1038 1176 1067 Confirmatui·
1188 1040 1308 1069 leetione
1318 1042 1498 1080 Septuaginta
1509 1042 1696 1082 interpretum
1710 1064 1717 1074 2
1740 1042 1788 1079 qui

984 1079 1081 1118 legunt
1091 1102 1099 1112 ‚
1120 1080 1232 1118 Afacie
1242 1083 1434 1111 tabernaculi.

130 1126 212 1154 fame5
226 1128 256 1156 .]
283 1122 468 1162 Respondm,
493 1121 576 1159 aliqui
589 1120 740 1159 agnoscunt
760 1122 890 1150 mendum
900 1123 929 1150 in
944 1121 1015 1158 Cap.
1028 1132 1054 1148 2.
1066 1131 1091 1149 v.
1105 1133 1130 1149 z..
1156 1122 1397 1161 [I’raepositosque
1409 1134 1502 1152 eorum
1514 1124 1568 1153 tria
1578 1125 1665 1153 millia
1673 1123 1790 1152 sexcen-

128 1167 212 1196 Libro
225 1169 352 1205 Regum,
376 1164 449 1202 quod
460 1163 568 1200 irrepsit
587 1173 618 1191 ex
637 1162 818 1190 limilitudine
829 1173 927 1192 vocum

126 1208 330 1239 hebraicarum,
353 1206 446 1243 quibus
458 1214 590 1232 ternarius
602 1226 610 1236 ,
630 1202 834 1242 &septenarius
845 1205 928 1243 figni-

128 1248 248 1277 ficantur
261 1269 267 1275 .
292 1250 378 1277 Certe
388 1247 565 1283 Septuaginta
575 1245 657 1273 etiam
671 1246 699 1272 in
714 1245 758 1273 lib.
773 1257 798 1273 ι.
819 1248 928 1285 Regum

130 1298 238 1327 ponunt
250 1299 303 1317 tres
313 1298 413 1316 annos:
439 1286 554 1314 eundem
575 1296 709 1314 annorum
722 1296 863 1314 numerum
882 1287 929 1315 ha-

126 1331 288 1360 bet'Iextus
310 1326 623 1365 Arabicusmanuscript.
647 1327 746 1355 nostra:
766 1328 928 1367 Congrcga-

128 1371 213 1399 tionis
224 1391 230 1397 .
255 1370 386 1399 Probatur
398 1369 482 1396 ctiam
493 1369 619 1399 rationem
644 1370 745 1396 namin
755 1368 815 1396 aliis
837 1372 929 1407 flagel-

985 1171 1042 1189 tos.
1068 1168 1079 1197 [
1102 1163 1181 1191 Alius
1200 1163 1324 1191 diversus
1346 1174 1472 1192 numerus
1492 1167 1706 1204 Praepofitorum
1727 1162 1786 1192 affi-

985 1213 1084 1241 gnatur
1096 1213 1121 1240 3.
1135 1205 1206 1241 Reg.
1220 1214 1244 1239 5.
1267 1204 1310 1232 ubi
1324 1214 1502 1234 numerantur
1516 1208 1568 1235 tria
1579 1207 1666 1235 millia
1681 1215 1787 1234 trecen-

986 1244 1008 1270 ti
1022 1264 1028 1270 .
1052 1243 1221 1281 Respondeo
1234 1266 1241 1277 ,
1261 1245 1290 1283 in
1300 1245 1370 1274 libro
1381 1248 1490 1285 Regum
1503 1246 1693 1285 praerermiflos
1713 1244 1788 1273 fuiss'e

985 1285 1149 1322 Preepositos
1170 1284 1342 1322 superiores,
1365 1287 1410 1324 qui
1433 1287 1588 1324 Praepofitis
1610 1285 1787 1315 inferioribus

985 1336 1139 1363 pineerautff
1164 1326 1230 1354 &lii
1252 1327 1371 1355 trecenti
1383 1336 1460 1354 erant
1473 1349 1479 1360 ,
1503 1338 1530 1356 ac
1542 1327 1569 1355 in
1587 1324 1785 1356 isto'lib.Para-

985 1375 1035 1403 iip.
1046 1365 1223 1404 supplentur.

129 1412 161 1439 lis
172 1422 219 1450 per
231 1411 382 1439 ternarium
391 1419 532 1438 numerum
543 1410 667 1448 procedit
678 1409 814 1447 Scriptura
827 1432 835 1443 ‚
858 1409 930 1438 scili·
944 1408 1012 1445 Cap.
1026 1412 1050 1435 8.
1063 1418 1088 1435 ν.
1102 1419 1127 1435 2..
1153 1413 1164 1441 [
1178 1407 1317 1437 Civitates
1330 1434 1335 1441 ,
1348 1420 1410 1447 quas
1420 1410 1533 1439 dederat
1546 1410 1645 1439 Hiram
1656 1409 1784 1438 Salomo-

129 1463 173 1481 cet
183 1463 238 1481 tres
248 1452 306 1480 dies
319 1473 324 1484 2
339 1461 393 1480 tres
405 1450 528 1479 menses:
552 1450 700 1479 verisimile
710 1451 747 1479 est
760 1450 789 1477 id
798 1451 880 1479 etiam
892 1462 927 1479 ac-

127 1493 219 1523 cidifle
229 1504 338 1532 quoque
351 1494 380 1521 in
391 1491 470 1519 annis
482 1512 488 1518 .
512 1492 633 1520 Sam-'tius
646 1491 750 1520 excusat
765 1490 837 1520 hunc
858 1503 930 1521 erro-

126 1545 184 1563 rem
196 1535 289 1563 dicens
302 1556 308 1566 ,
330 1532 497 1570 proplietam
509 1532 593 1560 initio
605 1531 771 1569 proposuifl'e
783 1531 882 1562 saniem
891 1533 930 1561 se-

131 1586 205 1614 ptem
216 1576 312 1606 annis5
336 1574 383 1603 sed
399 1572 576 1602 horrescente
589 1573 699 1602 Davide
710 1594 716 1605 ,
735 1575 931 1612 mitioremque

985 1449 1015 1476 ni
1025 1450 1055 1479 .]
1081 1449 1263 1477 Contrarium
1285 1450 1389 1478 dicium
1401 1451 1439 1479 est
1450 1450 1529 1489 supra
1552 1462 1578 1488 3.
1589 1453 1660 1489 Reg.
1672 1461 1700 1485 9.
1710 1448 1785 1477 Salo-

986 1499 1096 1518 monem
1113 1489 1215 1518 dedifle
1234 1490 1351 1519 Hiramo
1364 1490 1468 1530 viginti
1488 1491 1618 1519 civitates
1631 1512 1637 1519 .
1658 1489 1786 1527 Respon-

986 1531 1038 1559 deo
1050 1552 1058 1562 ‚
1071 1531 1140 1559 illud
1150 1533 1264 1560 dederas
1277 1553 1284 1564 ‚
1297 1531 1370 1559 idem
1381 1533 1419 1560 eit
1428 1553 1436 1564 ,
1446 1542 1474 1560 ac
1485 1532 1651 1560 reddiderat.
1662 1533 1735 1559 Nam
1747 1530 1786 1558 ibi

985 1571 1105 1600 diximus
1117 1572 1176 1600 illas
1186 1573 1326 1600 Civitates
1335 1572 1368 1601 ad
1377 1582 1482 1610 tempus
1491 1573 1564 1601 datas
1577 1571 1650 1600 fuiss'e
1661 1572 1789 1600 Hiramo.

128 1628 240 1655 poenam
251 1627 363 1654 petente
375 1637 383 1648 ,
395 1615 428 1642 ad
439 1615 552 1642 triennii
564 1614 681 1652 spatium
691 1616 860 1643 martiatum.
872 1618 930 1645 Nec
947 1613 1017 1651 Cap.
1034 1624 1078 1647 14·
1089 1624 1115 1642 v.
1128 1625 1153 1642 2.
1167 1613 1252 1649 [Anu
1264 1617 1316 1642 διε.
1327 1612 1463 1642 subvertit
1474 1613 1566 1642 altaria
1579 1612 1720 1651 peregrini
1729 1612 1788 1640 cul-

129 1658 315 1687 omittendum
334 1656 463 1685 existimo
483 1655 670 1684 Rabbinorum
685 1656 912 1684 conciliationem
924 1679 930 1689 ‚

130 1700 177 1737 qui
189 1700 285 1727 dicunt
303 1698 408 1736 septem
417 1704 551 1725 annorum
564 1696 659 1724 famem
669 1697 785 1730 minari,
808 1697 931 1735 quiajam

130 1740 318 1777 praecefl'erant
339 1750 393 1767 tres
405 1738 486 1769 anni,
510 1741 538 1766 δε
549 1736 617 1765 :ilios
627 1747 679 1765 tres
702 1736 807 1766 futuros
818 1738 932 1767 minatur

128 1781 267 1820 Propheta
276 1803 284 1813 ‚
305 1781 398 1820 quibus
408 1779 547 1808 addendus
559 1779 627 1806 alter
637 1788 721 1806 annus
734 1777 890 1807 necessarius
901 1780 932 1807 ad

132 1833 212 1851 tei-rx
226 1823 359 1851 culturam
371 1843 377 1854 ,
389 1821 435 1859 qui
447 1830 542 1849 omnes
554 1819 705 1848 con-ficiunt
716 1830 801 1848 annos
812 1818 930 1858 septem:

131 1864 167 1891 ita
177 1867 213 1892 R.
227 1864 322 1892 David
335 1861 444 1891 Kimchi
456 1882 463 1889 .
939 1870 942 1924 ἱ

90 1903 161 1933 Ibid.
175 1914 201 1932 v.
216 1916 258 1942 ¹3·
272 1904 395 1940 [Melius
407 1903 455 1936 est,
466 1912 495 1930 ut
508 1902 629 1931 incidam
638 1903 667 1931 in
678 1913 771 1931 manus
781 1902 932 1933 Domini.]

132 1946 312 1974 Contrarium
323 1946 431 1982 optabat
449 1942 538 1971 santsta
548 1944 647 1972 mulier
660 1942 777 1972 Susanna
795 1944 869 1972 Dan.
888 1927 942 1980 13.l

133 1986 257 2020 [Melius
267 1987 304 2015 est
316 1985 388 2014 milii
398 1985 522 2013 incidere
532 1985 561 2013 in
573 1994 666 2014 manus
678 1985 775 2014 vestras
786 1987 816 2016 .]
840 1984 931 2013 Idem-

129 2037 181 2065 que
192 2028 383 2066 comprobatur
394 2024 496 2054 Eccles.
510 2037 534 2054 2.
545 2025 723 2064 Respondet),
734 2025 829 2054 David
841 2025 930 2063 loqui-

130 2077 174 2095 tur
185 2068 217 2096 de
229 2079 308 2105 poena
318 2067 464 2106 temporali
477 2088 484 2100 ,
507 2070 534 2095 ἃ
546 2066 683 2105 corporali
695 2087 702 2094 .
724 2065 843 2095 Susanna
854 2076 930 2098 vero,

988 1658 1074 1687 tus‚&
1086 1654 1189 1683 excelsa
1200 1676 1207 1682 .
1220 1657 1231 1686 ]
1245 1655 1332 1692 Atqui
1345 1665 1371 1691 3.
1386 1657 1497 1693 Regum
1514 1664 1557 1688 ις.
1569 1653 1681 1682 dicitur.-
1697 1654 1789 1687 [Non

989 1695 1095 1723 abllulit
1107 1694 1234 1725 excelsa]
1248 1695 1399 1731 Quomodo
1408 1694 1466 1723 haec
1477 1696 1550 1723 inter
1563 1695 1590 1723 se
1600 1693 1787 1722 conveniunt?

988 1734 1072 1774 Resp.
1092 1737 1222 1774 Duplicis
1232 1735 1340 1774 generis
1364 1746 1444 1764 erant
1454 1736 1522 1774 apud
1541 1736 1651 1773 Judseos
1663 1733 1768 1763 excelsa
1778 1755 1787 1765 ,

987 1777 1118 1806 nimirum
1131 1799 1137 1810 ‚
1150 1776 1244 1806 altaria
1253 1798 1261 1810 ,
1273 1780 1300 1805 &
1310 1779 1412 1815 templa
1424 1777 1454 1804 in
1466 1777 1533 1805 locis
1544 1775 1691 1804 altioribus.
1703 1775 1789 1805 Quz-

987 1818 1048 1846 dam
1059 1818 1210 1857 prophanis
1223 1818 1306 1846 idolis
1317 1828 1392 1846 erant
1402 1818 1497 1850 emota,
1509 1815 1566 1845 haec
1577 1817 1670 1844 onmia
1680 1814 1791 1843 subver-

988 1860 1024 1886 tit
1037 1858 1103 1890 Αἶας
1116 1860 1166 1888 alia
1178 1860 1239 1887 Deo
1253 1869 1317 1887 vero
1329 1869 1405 1888 erant
1416 1857 1515 1890 dicam,
1526 1858 1601 1896 quod
1613 1857 1696 1884 etiam
1707 1855 1789 1883 illici-

985 1910 1042 1928 tum
1052 1910 1127 1931 «τι-της
1152 1910 1212 1928 nam
1225 1899 1406 1937 Jerosolymis
1417 1909 1525 1928 tantum
1535 1909 1584 1936 pro
1594 1898 1670 1926 cultu
1679 1896 1787 1925 divino

987 1941 1121 1978 templum
1132 1941 1259 1969 statutum
1268 1951 1325 1970 erat
1337 1951 1345 1971 5
1368 1940 1428 1969 haec
1438 1950 1496 1968 non
1507 1940 1611 1968 evertit
1620 1958 1627 1965 .
1651 1936 1742 1966 Unde
1753 1937 1788 1966 li·-

987 1992 1030 2010 cet
1041 1981 1181 2021 prophana
1202 1982 1303 2019 templa
1313 1981 1492 2020 purgaverit5
1516 1991 1575 2008 non
1586 1989 1678 2008 tamen
1697 1977 1791 2006 fundi-

987 2033 1029 2051 tus
1048 2023 1167 2051 evertit:
1190 2023 1264 2061 quod
1276 2022 1359 2051 cause
1372 2022 1422 2050 fuit
1434 2044 1441 2055 ‚
1460 2031 1488 2049 ut
1499 2020 1672 2059 postmodum
1690 2018 1793 2048 Idolo-

988 2074 1047 2092 rum
1058 2064 1142 2092 cultui
1154 2064 1289 2092 restituita
1300 2063 1400 2091 fuerint
1412 2064 1442 2091 ab
1454 2063 1514 2090 aliis
1525 2059 1717 2090 successoribus
1729 2080 1736 2086 .

129 2111 156 2136 ἃ
168 2109 316 2137 Ecclei'mst.
330 2110 480 2147 loquuntur
491 2107 526 2135 de
536 2118 616 2145 poena
629 2118 741 2140 aeterna,
753 2111 781 2136 δ(
793 2107 865 2135 malo
876 2106 932 2144 spi·
947 2105 1017 2143 Cap.
1034 2116 1042 2132 1
1053 2114 1076 2139 ς.
1090 2115 1115 2133 v.
1132 2116 1174 2137 ¹7-
1190 2106 1271 2140 [Cor
1281 2103 1335 2132 Asa
1347 2114 1404 2131 erat
1420 2103 1570 2141 pei-leffium
1581 2100 1686 2130 cunetis
1697 2100 1790 2128 diebus

132 2149 244 2182 rituali,
255 2150 387 2177 nimirum
400 2170 407 2181 ,
417 2153 444 2178 ὅ(
454 2149 488 2177 de
500 2158 589 2177 morte
599 2149 698 2177 animae
711 2170 718 2177 .

89 2190 163 2218 Ibid.
175 2201 201 2217 ν,
216 2202 229 2218 2
238 2200 262 2224 ς.
288 2196 300 2224 [
313 2191 400 2218 Dedit
411 2200 477 2227 ergo
488 2189 582 2218 David
592 2190 695 2218 Ornan
714 2200 764 2228 pro
785 2189 845 2217 loco
855 2188 934 2217 ficlos

132 2231 188 2259 auri
199 2230 335 2267 ‚istiffimi
347 2231 478 2269 ponderis
487 2230 629 2259 sexcentos
641 2232 671 2261 .]
696 2231 746 2260 Ast
759 2242 784 2258 z..
795 2232 871 2268 Reg.
892 2229 933 2256 ul-

133 2272 194 2299 tim.
214 2283 241 2299 v.
255 2285 301 2307 24.
326 2272 401 2300 aliud
419 2272 503 2309 pretii
522 2281 607 2309 genus
621 2270 786 2309 assignatur:
811 2270 846 2298 ibi
859 2269 933 2298 enim

132 2312 250 2339 dicitur.
277 2314 375 2348 [Emit
387 2312 482 2341 David
492 2322 578 2340 aream
590 2333 599 2345 ‚
611 2315 638 2340 ἃ
649 2313 732 2340 boves
744 2310 852 2349 argenti
864 2310 944 2339 ficlisi

131 2353 334 2392 quinquaginta
344 2374 350 2381 .
363 2356 374 2384 ]
399 2353 569 2391 Respondeo
581 2374 588 2385 ,
606 2363 658 2390 pro
667 2363 749 2391 parva
759 2362 818 2380 area
827 2351 861 2379 ad
870 2351 934 2379 alta—

129 2404 158 2422 re
178 2393 353 2423 condendum
362 2393 504 2424 neccfl'aria
517 2416 525 2428 ‚
548 2398 576 2424 δε
586 2403 637 2432 pro
656 2394 736 2422 bobus
757 2393 835 2423 dedit
854 2391 933 2431 quin-

988 2149 1043 2181 cjus
1056 2147 1085 2176 .]
1111 2145 1194 2178 Quod
1207 2145 1317 2173 videtur
1330 2144 1441 2175 falsum5
1467 2154 1528 2172 nam
1544 2140 1757 2180 reprehenditur
1776 2150 1790 2168 a

987 2185 1126 2224 Propheta
1140 2185 1210 2214 infra
1229 2196 1285 2224 cap.
1302 2192 1344 2214 16.
1357 2195 1438 2223 quem
1452 2186 1482 2212 in
1502 2193 1635 2212 carcerem
1648 2180 1736 2210 iiiisit5
1749 2181 1791 2208 in-

987 2227 1177 2268 supermultos
1195 2227 1299 2255 oceidit
1312 2227 1431 2261 injuste5
1455 2226 1574 2262 denique
1586 2221 1790 2264 ininfirinitnte

987 2268 1143 2296 Dominum
1163 2279 1219 2296 non
1242 2268 1384 2306 quaelivit.
1411 2265 1598 2305 Respondeo:
1622 2264 1724 2290 Textus
1743 2261 1788 2289 hic

987 2308 1077 2337 solum
1087 2308 1210 2347 quuitur
1231 2309 1265 2337 de
1277 2308 1446 2347 perfeetionc
1456 2317 1512 2345 quo
1532 2306 1563 2334 ad
1575 2311 1722 2347 externum
1732 2300 1790 2330 cul-

988 2360 1045 2378 tum
1056 2350 1135 2379 unitis
1146 2349 1200 2378 Dei
1212 2361 1218 2376 :
1242 2360 1305 2379 nam
1314 2350 1381 2379 licet
1403 2349 1432 2380 in
1444 2347 1503 2376 aliis
1514 2352 1670 2385 peccaverit
1680 2364 1689 2376 ‚
1711 2341 1790 2372 1d012

991 2400 1083 2419 tamen
1095 2401 1152 2419 non
1163 2390 1249 2419 coluit
1260 2410 1268 2419 .
1676 2421 1714 2451 n(
1729 2420 1737 2450 l

1698 2429 1728 2449 xit
1742 2440 1746 2449 ι
1847 2420 1866 2526 1
