1866 2526
450 38 562 84 TY

104 113 140 146 pe
154 127 161 139 ,
180 102 214 133 in
221 108 295 131 turre
307 96 429 128 existens
439 120 448 133 ,
469 99 576 139 sumpta
584 97 744 138 metaphora
752 108 766 127 a
783 98 914 143 specula-i

105 146 209 177 toribus
217 164 227 177 ‚
246 140 332 181 quiin
342 139 405 168 altis
415 140 530 169 turribus
540 139 659 168 resident
670 139 722 173 ,ad
731 139 902 178 prospieien—

107 189 173 218 dum
180 182 334 222 longinque
345 180 490 212 inimicoss
514 181 548 209 fic
561 180 659 209 turrita
676 180 781 210 dicitur
791 181 902 220 Magda-

107 229 169 258 lena
178 245 186 258 ,
202 223 264 263 quia
273 223 351 261 prior
371 222 478 250 exteris
487 221 564 250 Disci
569 221 639 260 pulis
657 221 775 250 Domini
786 221 902 250 resurre-

104 268 223 298 aionem
231 264 372 292 detexerit
380 282 388 290 .

64 312 168 341 Tum,
191 305 320 336 verbum,
344 302 431 336 idest,
454 302 606 342 extingu05
630 302 714 333 Ordo
740 305 901 335 Romanus,

103 348 148 377 ubi
159 346 193 375 de
204 346 300 374 officio
319 343 428 380 majoris
445 342 622 372 hebdomad-e
634 344 693 382 agit
703 365 711 376 ,
735 343 793 372 haee
801 343 882 372 habet
895 353 902 370 :

103 395 119 425 t
129 387 219 417 Initio
241 385 335 424 psalmi
346 384 428 423 primi
437 383 469 413 sit
479 384 566 413 custos
585 383 692 423 semper
703 395 808 423 paratus
817 385 848 412 in
860 384 901 427 ¹⁰7

103 439 137 457 co
156 428 260 456 dextrae
281 425 365 464 partis
382 424 506 454 Ecclefiae
524 434 610 463 prope
633 425 770 468 lampades
779 445 786 452 .
807 427 846 453 At
857 424 900 452 ubi

105 468 221 498 audierit
233 466 348 506 primam
357 463 539 503 antiphonam
550 486 558 498 ,
579 475 676 494 tenens
686 475 799 493 cannam
809 486 817 497 ‚
829 473 900 508 tutat

105 508 258 547 lampadem
266 516 347 536 unam
356 526 364 534 .
377 509 390 538 ]
411 507 448 534 In
459 515 572 544 utraque
591 505 683 534 Sicilia
693 526 702 538 ,
725 509 754 534 ὃς
764 505 792 534 in
803 505 900 534 Melita

104 548 258 588 vulgariter
266 553 347 576 Stuto
356 547 385 574 in
395 546 492 574 eodem
501 545 654 584 significatu
664 545 803 584 profertur
813 566 821 574 .

63 593 202 621 ’surmus
213 609 221 616 .
245 590 302 618 FR-
312 586 445 626 significat
454 586 568 624 pallium
579 608 586 619 ‚
599 596 654 624 quo
664 587 820 616 Sacerdotes
830 596 899 624 gen-

104 631 166 660 tiles
175 636 255 668 caput
273 629 404 667 tegebant
414 647 423 659 ,
443 630 470 655 ὁ(
480 625 635 655 sumebatur
655 627 738 656 etiam
750 637 800 665 pro
811 628 896 656 Sacer-

97 671 167 700 dote
174 671 313 699 minorum
331 668 446 696 deorum
457 687 464 694 .
487 672 499 701 [
512 669 603 696 Varro
622 667 651 695 in
661 667 835 706 pontificibus
847 668 883 696 ait
894 690 900 701 ‚

1225 36 1265 79 T
1299 37 1337 79 Y
1624 46 1702 98 693

958 93 1058 135 perbis
1073 94 1176 125 sumum
1190 94 1219 124 in
1229 95 1371 134 arroganti
1381 95 1560 138 usurpatione
1569 97 1646 129 tituli
1663 101 1759 130 Oetu:

959 137 1063 167 menici
1075 159 1084 170 ,
1108 136 1301 175 sicinquiens:
1326 139 1427 172 [Tunc
1438 139 1512 168 enim
1520 139 1624 169 ostensa
1643 140 1760 170 charitas

959 188 1023 208 vera
1041 177 1097 211 est,
1117 177 1195 216 siper
1213 186 1312 216 typum
1330 175 1461 215 superbioe
1482 180 1554 210 inter
1575 191 1624 210 nos
1645 180 1760 210 schisma
1776 212 1782 213 ⁷

956 229 1015 248 non
1035 218 1160 250 fixerit-J
1182 216 1298 257 Sequuti
1317 217 1402 247 etiam
1417 217 1481 249 sunt
1499 221 1618 250 eundem
1638 232 1761 251 errorem

959 259 1090 289 nonnulli
1113 258 1151 287 D.
1169 258 1319 298 Augustini
1336 259 1553 290 Confeffionum
1571 262 1690 292 Codices
1701 284 1710 296 ‚
1728 263 1759 292 in

957 301 1052 339 quibus
1063 300 1098 329 sic
1108 299 1213 328 restitui
1226 300 1324 329 «lebet,-
1343 303 1442 330 Buccis
1464 304 1542 342 typho
1561 304 1735 340 crepantibus
1747 315 1758 336 ,-

958 351 1018 379 quae
1029 351 1120 370 tamen
1141 339 1243 378 phrasis
1252 339 1413 368 auctoritate
1423 343 1476 371 1v.
1495 342 1761 382 Constantinopoli—

958 382 1018 410 tani
1026 381 1153 411 Concilii
1165 402 1173 414 ,
1191 391 1252 410 can.
1263 391 1310 414 27.
1321 383 1513 419 comprobatur
1523 405 1530 416 ,
1543 383 1586 412 ubi
1596 383 1760 423 prohibetur

961 421 1102 451 Monachis
1120 422 1155 450 ad
1167 421 1334 461 dignitatem
1351 421 1536 461 episcopalem
1545 423 1682 463 assinnptis
1693 447 1702 459 ‚
1725 435 1760 453 ne

958 461 1080 492 habitum
1097 462 1260 501 Religionis
1278 463 1440 500 deponant,
1463 462 1506 493 his
1525 465 1630 493 verbis:
1654 472 1667 502 [
1685 467 1758 495 Nul-

957 503 998 531 lns
1014 504 1133 533 omnino
1150 502 1245 532 habeat
1254 503 1416 542 potestatem
1435 503 1575 543 deponere
1582 508 1638 540 jam
1656 507 1762 536 dic'tum

955 542 1067 573 schema
1086 553 1198 583 propter
1227 543 1365 582 typhum,
1387 548 1415 573 ὅ(
1434 555 1610 584 arrogantem
1628 548 1762 576 volunta-

958 588 1058 617 tem.]
1085 587 1141 614 FR.
1160 595 1211 623 pro
1235 584 1301 613 sastu
1321 583 1465 623 usurpavit
1483 586 1623 626 Eugippus
1633 589 1703 617 Abb.
1717 591 1755 618 A-

958 624 1018 653 fric.
1037 627 1067 654 in
1087 627 1256 666 Aug-opera
1274 624 1390 655 thesaur.
1409 637 1466 666 cap.
1481 636 1526 662 25.
1546 638 1601 662 ex,
1623 628 1670 658 lib.
1681 631 1759 660 Con<

963 665 1018 695 fesl‘.
1042 677 1085 695 ia.

99 712 205 741 tutulos
221 708 378 739 Sacerdotes
388 707 443 736 dici
461 708 586 736 brevium
595 709 709 737 deorum
721 729 729 736 .
750 710 843 738 Numa
853 718 899 737 ve·
915 709 1043 736 Time-us
1055 729 1063 740 ,
1085 705 1202 742 rum-¹⁷:53·
1214 730 1221 741 ‚
1231 707 1398 738 umbratilis.
1423 710 1598 746 Adici-'tivum
1610 711 1648 742 est
1661 713 1760 743 forma-

101 761 135 780 to
144 749 309 788 Pompilius,
331 751 359 777 δ(
368 747 424 786 ipse
433 748 468 776 de
478 749 682 786 pontificalibus
692 747 810 778 scribens
820 773 828 784 ,
847 760 890 778 tu—

102 792 189 821 tulum
205 789 260 819 dici
272 789 311 818 ait
330 789 445 826 pallium
454 810 462 822 ‚
483 799 537 827 quo
555 790 681 819 Sacer-dot
687 800 714 819 es
733 800 812 831 caput
823 800 899 829 tege—

102 833 166 861 bant
177 853 185 865 ,
207 830 311 860 eumad
326 828 488 858 sacrificium
508 829 675 860 acceslissent
686 853 694 864 ,
712 831 778 861 sicut
790 835 818 860 δε
832 833 897 860 Vir-

101 873 183 912 gilius
203 872 259 901 ait.-
519 911 523 915 ⁸
732 912 738 918 ‚

125 914 128 916 ’
142 918 176 943 Et
185 913 272 952 capita
284 920 348 940 ante
357 921 412 940 aras
422 910 545 951 phrygio
556 913 678 942 velamur
686 914 783 942 amietu
793 934 800 941 .

98 954 257 994 Fulgentius
266 953 301 981 de
313 952 400 981 vocib.
411 951 497 990 antiq.
508 954 519 983 ]
543 955 629 982 Locus
640 955 719 993 Virg.
737 954 860 984 AEneid.
870 965 898 992 3.

100 996 188 1024 Unde
197 994 279 1024 etiam
291 1003 340 1021 nos
351 995 496 1022 Amic‘tum
505 993 622 1022 dicimus
633 995 723 1023 velum
735 995 805 1024 illud
816 1016 824 1027 ,
845 1005 899 1033 quo

98 1036 228 1065 Sacerdos
243 1035 347 1073 tegitur
358 1055 366 1066 ,
389 1033 453 1062 dum
480 1033 659 1064 celabraturus
677 1035 804 1065 induitur
814 1056 822 1063 .
847 1035 898 1064 Vi-

100 1077 135 1106 de
145 1076 262 1105 Titulus
273 1095 280 1103 .
783 1078 787 1083 '

58 1121 132 1148 'Irni
146 1139 152 1149 ,
175 1116 297 1154 Januarii
307 1125 410 1144 nomen
429 1115 499 1154 apud
509 1115 668 1155 AEgyptios
681 1138 688 1145 .
715 1117 789 1146 Vide
810 1117 896 1146 Marti

99 1159 288 1187 austeritatem
299 1157 330 1184 in
341 1156 399 1184 vita
411 1157 435 1184 S.
446 1156 594 1194 Porphyrii
606 1158 636 1186 in
646 1159 710 1187 dift.
722 1160 878 1197 Epiphania
889 1178 896 1185 .

59 1201 184 1228 ‘stam-n
194 1218 200 1226 .
222 1200 278 1227 FR.
289 1195 426 1225 vasculum
437 1217 444 1224 .
469 1203 482 1233 [
495 1199 549 1226 Vas
557 1220 566 1231 ,
587 1199 662 1237 quod
671 1200 781 1234 tybrum
793 1209 897 1228 nuncu-

98 1249 165 1279 pant
177 1261 184 1272 ,
208 1238 332 1266 minister
341 1237 375 1265 ad
392 1238 489 1266 cellam
499 1239 629 1276 deportat
637 1259 644 1266 .
668 1241 702 1269 In
725 1241 792 1269 Vita
803 1241 827 1269 S.
837 1240 894 1269 Co-

100 1281 221 1309 lumbam
233 1279 300 1307 ΑΝ).
311 1280 323 1310 ]
348 1277 438 1306 Sui-ius
447 1288 539 1306 tamen
558 1284 676 1318 Typrum
694 1279 836 1319 descripsit
846 1301 853 1308 .

58 1323 289 1350 nupsit-isram
299 1341 307 1351 ,
329 1317 524 1353 τυμπανίςεια
534 1341 542 1351 ,
552 1329 597 1347 mu
611 1321 651 1348 ier
661 1331 824 1359 tympanum
835 1322 892 1359 pul-

99 1360 158 1389 sans
167 1382 175 1393 ,
196 1360 260 1388 sicut
271 1370 300 1387 in
311 1357 420 1387 Psalmo
431 1365 478 1392 67.
488 1370 614 1388 exaratur
624 1382 630 1388 .
654 1361 699 1390 Est
720 1361 764 1389 liic
774 1362 895 1392 ‹Psalmus

96 1411 204 1429 carmen
212 1398 380 1437 triumphale
390 1399 425 1426 de
435 1400 558 1428 victoriis
572 1401 752 1431 Hebtaeorum
763 1425 770 1436 ‚
792 1403 893 1442 allego<

957 758 1016 776 tum
1034 759 1047 776 a
1067 746 1237 778 substantivo
1254 748 1356 784 γὺποςι
1387 750 1460 780 unde
1480 753 1605 791 typicum
1636 754 1756 787 dicitur,

955 788 1031 827 quod
1049 788 1123 818 aliud
1134 790 1272 819 adumbrat
1284 811 1292 818 .
1315 791 1410 827 Qualis
1419 792 1457 820 est
1478 793 1576 821 veteris
1588 794 1757 825 Testamenti

956 829 1084 858 doctrina
1095 851 1103 863 ,
1121 831 1156 858 de
1165 842 1217 870 qua
1234 831 1303 860 dicit
1314 831 1464 869 Apostolus
1481 833 1514 861 ad
1534 834 1619 862 Hebr.
1636 846 1695 874 cap.
1713 846 1757 865 ιι.

956 871 1090 899 Umbram
1101 872 1146 899 lex
1157 873 1262 901 habens
1267 871 1434 910 futurorum
1444 874 1574 903 bonorum
1583 895 1593 907 ‚
1603 886 1656 904 non
1669 877 1756 914 ipsam

955 914 1108 949 imaginem
1117 923 1210 941 rerum
1222 933 1229 941 .
1248 913 1283 941 Id
1292 913 1366 952 quod
1375 914 1523 950 mysticum
1534 916 1576 944 est
1588 938 1597 950 ,
1618 920 1645 946 ὃ(
1655 917 1757 957 allego„

954 951 1062 986 ricum,
1089 954 1239 991 appellatur
1271 954 1415 992 typicum.
1438 955 1483 984 Ut
1505 967 1590 995 agnus
1608 956 1757 996 paschalis,

955 992 1003 1030 qui
1024 993 1172 1031 allegorice
1191 995 1385 1024 Venerabilem
1404 995 1599 1026 Eucharuuam
1619 998 1758 1037 significa·

954 1034 998 1061 bat
1010 1054 1018 1065 ,
1040 1034 1071 1062 ab
1081 1034 1196 1064 Ecclesia
1212 1036 1315 1064 dicitur
1334 1046 1418 1074 agnus
1431 1038 1540 1075 typicus
1551 1058 1558 1065 .
1582 1039 1701 1068 Ecclesia
1722 1050 1756 1069 ex

953 1073 990 1102 D.
1013 1073 1136 1104 Thoma:
1158 1078 1216 1112 Post
1237 1087 1342 1114 agnum
1363 1080 1485 1117 typicum
1505 1080 1623 1117 expletis
1649 1081 1736 1118 epulis
1749 1101 1756 1108 .

952 1115 1025 1144 Nam
1036 1117 1110 1154 prius
1120 1115 1247 1145 Christus
1267 1116 1379 1155 sumpsit
1390 1129 1496 1147 coenam
1507 1120 1624 1158 legalem
1636 1142 1645 1154 ,
1665 1121 1694 1149 in
1705 1132 1757 1161 qua

952 1164 1034 1194 agnus
1044 1156 1175 1195 paschalis
1184 1158 1376 1187 comedebatur
1387 1180 1395 1192 ‚
1414 1169 1443 1187 ut
1456 1159 1542 1199 figura
1552 1161 1700 1190 veritatem
1709 1173 1756 1191 an-

952 1197 1092 1226 tecederet
1102 1219 1110 1231 ,
1128 1199 1221 1228 umbra
1230 1199 1319 1228 lucem
1328 1220 1338 1232 ,
1361 1204 1389 1229 v&
1401 1209 1482 1239 typus
1503 1201 1580 1230 suum
1591 1203 1755 1242 antitypum

951 1247 1070 1266 antell'et
1080 1258 1087 1266 ι

910 1279 1128 1308 ΤΥΡοειιΑΡΗιΑ
1142 1301 1149 1312 ,
1171 1277 1369 1320 mummola,
1390 1282 1547 1321 impr-estio,
1568 1285 1644 1323 typis
1654 1284 1754 1314 exscri-

952 1320 1029 1356 ptio:
1049 1319 1158 1349 scilicet
1166 1321 1223 1350 illis
1242 1322 1426 1351 characterum
1444 1323 1539 1354 formis
1550 1348 1558 1359 ,
1582 1329 1609 1354 ὃ(
1621 1326 1715 1366 figuris
1727 1338 1755 1355 a-

952 1360 1006 1397 pud
1017 1359 1187 1398 imprefl'ores
1199 1383 1207 1395 ‚
1225 1373 1285 1401 qux
1297 1364 1359 1401 typi
1371 1374 1521 1394 vocantur.
1539 1368 1619 1395 Hinc
1629 1371 1656 1396 ὃ(
1668 1377 1749 1406 typo-

949 1400 1082 1439 graphu5‚
1103 1401 1276 1440 τυπογρςίφος
1289 1425 1296 1436 ,
1320 1404 1478 1443 impueflbr,
1498 1408 1570 1450 typis
1581 1419 1693 1437 exarans
1704 1430 1711 1436 .

95 1442 153 1469 rice
162 1441 197 1468 de
208 1439 335 1468 victoriis
346 1438 471 1466 Ecclesiae
486 1460 493 1471 ,
517 1440 636 1478 &ipsius
656 1442 821 1481 triumphis,
846 1443 1089 1482 pro3Tti¹011=oeTA
1101 1463 1109 1475 ‚
1133 1441 1280 1478 Τυπσθένης
1293 1465 1300 1476 »
1322 1444 1391 1473 idest
1402 1467 1409 1478 ‚
1431 1447 1477 1484 qui
1500 1448 1672 1485 lmpreffioni
1683 1458 1752 1488 pt&-

94 1490 216 1519 quorum
234 1479 445 1508 continuatione
464 1480 556 1507 Deum
577 1490 654 1520 rogat
666 1502 674 1509 .
696 1484 740 1512 Sic
758 1481 903 1512 annotant'
949 1482 1005 1515 est,
1025 1483 1070 1510 vel
1090 1484 1137 1521 qui
1156 1493 1239 1522 typos
1258 1485 1363 1514 ordine.
1374 1486 1503 1525 colligit,
1526 1492 1553 1517 δι
1565 1490 1677 1529 paginas
1688 1490 1750 1528 ipsis

99 1522 144 1550 SS.
162 1523 255 1550 Patres
267 1542 274 1552 ,
303 1519 424 1547 Hilarius
436 1540 444 1551 ‚
475 1520 665 1556 Hieronymus
677 1545 685 1555 ,
709 1525 876 1563 Augustinus
886 1547 893 1557 ,

98 1566 128 1590 δε
138 1561 185 1589 alii
197 1572 203 1588 z
226 1559 335 1599 ejusque
346 1558 453 1588 versum
463 1559 599 1589 decimum
608 1584 616 1595 ‚
637 1563 671 1591 de
681 1563 790 1594 Christi
800 1565 894 1594 ascen—

96 1602 174 1630 sione
186 1623 193 1634 ‚
211 1601 277 1629 citat
289 1600 436 1638 Apostolus
445 1599 563 1631 scribens
582 1603 615 1632 ad
624 1603 755 1643 Ephesios
765 1627 772 1639 ,
794 1617 853 1645 cap.
865 1619 892 1643 4.

54 1640 223 1712 Trlsili‘rfxtiiii
235 1703 244 1719 ,
264 1679 424 1719 ruffin-mov.
446 1682 520 1712 Vide
539 1685 640 1714 Bulla.

951 1522 1026 1560 typis
1057 1523 1172 1558 format,
1195 1535 1225 1553 ut
1253 1525 1345 1563 postea
1361 1525 1407 1555 sub
1427 1530 1512 1565 praelo
1537 1539 1750 1567 miprimanturi

949 1573 1031 1602 quem
1041 1564 1105 1592 Itali
1117 1565 1291 1603 Compofitore
1302 1577 1403 1596 vocant
1413 1589 1422 1601 ,
1440 1579 1454 1597 a
1463 1569 1586 1598 dictione
1598 1570 1688 1606 run-og-
1701 1597 1705 1603 .
1718 1571 1750 1600 fi-

949 1615 1035 1642 gum,
1054 1604 1140 1633 forma
1153 1627 1160 1638 ‚
1190 1607 1384 1645 adumbratio,
1410 1619 1475 1638 nota
1494 1612 1677 1649 percutiendo
1698 1612 1749 1640 im-

950 1644 1050 1683 pressa,
1073 1650 1100 1675 δ(
1120 1646 1204 1675 ver'JO
1225 1644 1327 1684 πίθημι
1343 1669 1353 1685 ,
1375 1660 1469 1688 pono,
1492 1650 1636 1690 suppono,
1657 1653 1749 1682 coilo-

948 1697 981 1713 co
1003 1689 1055 1714 &c.

55 1725 317 1756 Trvurocomun,
347 1724 561 1760 weuram-sior„
582 1736 716 1756 taecorum
738 1727 1030 1767 hospitaic.!Tr1›nu›1
1043 1748 1049 1754 .
1074 1727 1147 1774 yide
1170 1730 1289 1763 Trbmm
1303 1752 1309 1758 .

95 1765 199 1792 Mulier
219 1764 341 1802 quaedam
355 1763 438 1791 Photi
455 1765 571 1794 nomine
583 1767 810 1798 ministr-aeffech
826 1768 890 1798 sacri
907 1769 1004 1796 Tyrus
1017 1789 1024 1800 ,
1047 1780 1152 1804 τυπος,
1171 1769 1257 1798 forma
1269 1793 1277 1804 ‚
1295 1771 1399 1810 figura,
1428 1773 1615 1808 adumbratio,
1635 1774 1749 1814 impres-

97 1803 285 1842 typhlocomii
295 1827 302 1838 ‚
324 1805 380 1834 sive
391 1813 524 1833 cecorum
536 1807 692 1836 domicilii⁴
702 1811 738 1838 In
749 1810 805 1838 vita
816 1811 841 1838 S.
853 1813 892 1839 A·

98 1844 204 1872 nastasii
214 1844 300 1874 Persae
312 1866 319 1873 .

57 1886 178 1915 Ttriiori
190 1905 198 1917 ,
224 1885 306 1922 τυφών
315 1906 326 1923 ,
355 1896 470 1915 ventum
500 1887 689 1918 turbulentum
698 1912 708 1924 ,
731 1891 823 1929 fulgur
834 1911 842 1924 ‚
864 1895 890 1919 δ(

98 1925 235 1954 vorticem
245 1925 379 1965 (ignificzt
389 1947 395 1954 .
420 1929 476 1957 PR.
487 1928 521 1956 dc
532 1937 587 1966 quo
599 1928 716 1959 fabulose
733 1932 891 1960 cecinerunt

96 1967 188 1994 Poetae
200 1987 208 1998 ‚
235 1976 291 1995 erat
312 1966 378 1996 Seth
401 1968 500 1997 Adami
520 1968 591 1997 filius
602 1991 610 2002 ‚
627 1981 695 1999 nam
722 1977 734 2006 [
747 1970 812 2000 Seth
822 1973 892 2011 apud

94 2006 253 2045 ⁴EgyPtios
264 2029 272 2040 ‚
284 2007 407 2046 Typhon
415 2009 488 2048 apud
497 2011 608 2039 Graecos
619 2011 721 2040 dicitur
733 2032 740 2040 .
752 2011 890 2042 Plutarch.

94 2047 128 2074 de
137 2047 210 2075 Iside
219 2069 226 2080 ,
238 2051 265 2076 St
277 2047 389 2077 Ofiride
400 2069 406 2076 .

53 2093 171 2119 Trinius
185 2109 192 2121 ‚
217 2088 297 2126 γῡφος
308 2109 318 2122 ‚
337 2088 425 2117 firmus
434 2109 444 2121 ,
472 2100 574 2129 vapor:
596 2091 717 2130 superbia
729 2114 736 2125 ,
765 2103 892 2132 :ir-rogan—

93 2129 129 2156 tia
140 2149 146 2155 .
169 2128 258 2166 Julius
268 2138 358 2157 tamen
377 2132 445 2168 Papa
458 2131 481 2159 1.
492 2132 651 2161 translative
671 2133 702 2161 in
713 2137 769 2169 ejus
778 2135 892 2172 epistola

93 2169 126 2197 :td
137 2167 285 2207 Episcopus
294 2169 456 2198 Orientales
468 2192 474 2203 ‚
494 2172 615 2210 appolita
627 2173 658 2202 in
668 2184 736 2202 tom.
751 2185 774 2202 r.
785 2175 890 2204 Conci-

92 2212 210 2242 Loium,
232 2209 424 2248 prosuperbiae
442 2211 522 2241 fumo
531 2211 689 2252 usurpavit-
711 2216 748 2244 In
759 2215 890 2254 aliquibus

91 2259 157 2278 vcro
166 2250 367 2288 exemplaribus
377 2252 480 2290 legitur
490 2253 620 2282 mendose
628 2256 736 2293 Typus'.
759 2256 890 2285 Idemer-

91 2299 138 2319 ror
147 2290 249 2329 legitur
269 2291 298 2319 in
308 2292 354 2320 lib.
366 2299 394 2322 6.
404 2293 482 2331 epist.
495 2298 541 2323 28.
561 2295 685 2334 Registri
702 2297 868 2335 Gregoriaui
879 2319 886 2331 ,

89 2331 136 2359 ubi
159 2331 185 2359 S.
206 2331 339 2361 Pontifex
358 2335 484 2369 cyriaco
499 2334 822 2375 Constantinopolitano
838 2340 888 2367 Pa·-

90 2370 215 2400 triarchae
225 2371 364 2408 scribens,
375 2374 455 2406 illum
468 2374 649 2412 adhortatur,
670 2378 829 2418 iitdeponat
846 2362 898 2412 su·l

129 2413 320 2446 Hierolexi'con
334 2419 429 2447 Mam·

946 1807 984 1836 sto
996 1819 1003 1838 ς
1027 1810 1189 1839 translative
1209 1821 1300 1840 tamen
1323 1822 1374 1850 pro
1396 1813 1475 1841 febris
1504 1814 1654 1844 accessione
1665 1838 1673 1849 ,
1693 1816 1750 1846 five

949 1849 1070 1877 termino
1088 1851 1240 1889 accipitur,
1265 1863 1324 1891 qus.9
1347 1854 1552 1892 quodammodo
1571 1867 1600 1884 in
1622 1857 1751 1895 patiente

948 1889 1117 1928 imprimitur
1128 1911 1136 1919 .
1160 1893 1285 1926 [Mulier
1294 1895 1418 1931 quxdam
1428 1917 1436 1927 ‚
1456 1898 1529 1931 cujus
1549 1896 1622 1926 filius
1639 1906 1751 1937 quartaff

946 1940 983 1958 no
995 1939 1065 1969 typo
1074 1932 1236 1970 gravabatur
1247 1953 1254 1960 .
1265 1936 1351 1973 Greg.
1364 1937 1504 1964 Turonen.
1516 1937 1563 1965 lib.
1573 1949 1602 1974 9.
1612 1947 1687 1978 capla
1697 1949 1719 1966 ι.
1732 1941 1747 1971 1

946 1971 1050 1999 Eodem
1061 1972 1144 2000 modo
1155 1974 1284 2002 Ruffinus
1296 1996 1303 2006 ‚
1322 1976 1368 2004 lib.
1381 1987 1406 2004 2.
1417 1986 1474 2015 cap.
1491 1988 1513 2005 ι.
1525 1978 1560 2006 de
1579 1980 1695 2017 tertiana
1714 1979 1754 2008 fe-

947 2012 1006 2045 bri,
1029 2013 1185 2047 [Tertiano
1206 2024 1276 2053 typo
1297 2015 1454 2055 graviilime
1471 2019 1637 2056 gravabatur
1649 2021 1682 2054 ‚]
1707 2020 1750 2048 di-

944 2054 987 2081 xit
999 2074 1006 2080 .
1026 2054 1098 2082 Item
1109 2054 1143 2082 de
1153 2053 1247 2083 eadem
1258 2055 1325 2084 febri
1344 2066 1406 2084 cum
1418 2057 1529 2097 frigoris
1548 2059 1697 2089 acceffione
1706 2060 1750 2089 di-

945 2103 1016 2122 citur
1027 2099 1117 2132 Typus
1131 2094 1324 2132 frigoriticus.
1349 2097 1423 2126 Vide
1443 2103 1643 2137 frigoriticus.
1666 2103 1748 2131 Non-

945 2144 1084 2173 nunquam
1095 2136 1147 2163 Vas
1159 2136 1292 2174 fignificat
1305 2148 1313 2168 ι
1337 2143 1350 2173 [
1363 2139 1435 2173 Vas,
1444 2141 1519 2178 quod
1529 2150 1627 2180 typum
1639 2152 1742 2170 nuncu>

945 2184 1011 2214 pant
1022 2197 1030 2208 ‚
1040 2175 1072 2204 ad
1086 2176 1228 2204 cellarium
1240 2177 1398 2216 deportavit
1409 2201 1415 2207 .
1440 2182 1478 2208 In
1488 2182 1553 2210 Vita
1565 2184 1590 2211 S.
1601 2182 1716 2220 Magni.
1730 2185 1742 2214 ]

946 2216 1018 2245 Vide
1026 2217 1147 2256 Tybrum
1159 2238 1166 2243 .
1190 2219 1261 2246 Item
1270 2221 1364 2257 Typus
1383 2219 1519 2259 significat
1538 2223 1636 2250 librum
1655 2232 1742 2260 quen—

943 2257 1006 2285 dam
1025 2255 1183 2295 perversum
1195 2271 1206 2292 ,-
1236 2259 1270 2287 de
1289 2269 1345 2299 quo
1364 2259 1468 2290 dietum
1486 2262 1523 2290 est
1549 2262 1668 2292 indi&
1691 2270 1744 2294 Ec-

943 2297 1023 2334 thesis
1046 2318 1053 2325 .
1475 2302 1479 2306 ”

901 2342 1027 2369 ΤκΑεοκ
1038 2359 1046 2371 ,
1073 2343 1235 2373 Tzacones,
1265 2344 1293 2370 δε
1311 2345 1471 2371 Tzacom’u
1483 2363 1489 2370 .
1520 2344 1577 2373 PR,
1597 2344 1631 2373 de
1649 2345 1745 2384 quibus

943 2379 977 2413 sic
995 2378 1087 2419 inquit
1098 2379 1251 2420 calepinus
1263 2392 1271 2411 .-
1296 2385 1459 2418 [Tzacones
1471 2394 1549 2414 erant
1561 2395 1595 2414 ex
1614 2385 1743 2415 stationa—

1365 2425 1390 2454 X
1413 2434 1428 2453 x
1475 2435 1485 2455 z

1654 2427 1702 2456 rus
