1866 2526
145 46 225 95 476
480 41 522 83 O
555 41 597 84 R

131 111 206 129 anno
230 110 312 134 1410.
331 98 426 138 Optio
445 99 521 129 enim
530 98 632 128 dicitur
655 96 770 126 ele-ftio.
791 95 840 135 [Si
853 94 933 134 optio

129 151 234 170 naturae
247 139 344 169 nostrae
356 141 436 169 detur
445 161 452 168 .
464 141 527 170 Cic.
540 151 566 175 4.
579 139 686 169 Acad.]
710 138 829 175 Quando
840 146 932 165 tamen

131 182 170 211 est
181 181 289 210 mascul.
301 182 412 220 generis
422 203 429 214 ,
440 181 592 210 Custodem
605 202 612 212 ,
623 178 846 208 commissarium
860 199 867 209 ,
882 178 926 206 Vi

131 224 232 251 carium
245 243 252 254 ,
264 225 291 250 ὃ(
302 222 397 251 similia
406 222 531 254 denotat,
542 221 615 249 unde
626 223 705 257 optio
716 222 845 250 carceris,
855 221 934 255 optio

127 263 241 302 fabrica
250 285 257 296 ‚
281 266 308 291 &
321 263 354 292 fic
373 263 407 291 de
429 262 535 291 caeteris
546 261 686 290 dicebatur
695 280 702 286 .
727 258 864 295 [Deinde
874 257 932 296 post

131 305 189 334 dies
211 314 307 342 paucos
319 304 428 332 Pudens
440 303 518 332 miles
526 303 606 340 optio
625 300 783 338 praepofitus
800 299 914 327 carceris
927 319 934 330 ‚

133 345 181 384 qui
191 355 241 373 nos
263 344 356 382 magni
379 343 490 372 faciebat
503 365 509 376 ,
529 342 616 380 coepit
627 341 786 379 intelligere
809 349 935 378 magnam

135 386 266 414 virtutem
277 383 327 413 efl'e
341 386 370 412 in
382 384 457 413 nobis
469 406 475 416 ‚
487 384 548 422 pass.
558 384 601 412 SS.
623 383 762 419 Perpetua?
775 403 782 414 ,
795 384 822 408 ἃ
835 379 932 409 Felici-

134 425 198 454 tatis
208 447 215 459 ,
240 435 287 463 per
298 425 426 454 Holsten.
437 425 510 452 edita
521 425 550 454 .]
565 427 597 451 Et
609 421 722 450 inferius
733 422 798 450 ibid.
811 427 822 456 [
833 424 937 450 Tamen

136 466 197 504 ipso
205 466 322 505 optione
335 466 449 493 carceris
459 464 614 494 credente]
637 473 665 490 ac
676 462 749 490 idem
762 462 854 490 vocab.
865 460 935 499 apud

134 508 172 536 D.
186 507 360 536 Ambrosium
371 506 489 544 legitur:
504 507 601 542 Neque
613 504 707 531 Paulus
719 525 725 533 .
739 508 767 533 ἃ
777 504 845 531 Silas
855 505 937 531 Tem-

134 559 184 587 pus
195 548 372 578 distulerunt,
389 557 444 584 quo
454 546 598 583 optionem
617 545 730 572 carceris
750 544 919 582 baptizarent
929 564 936 575 ,

135 590 167 618 in
179 589 255 626 epist.
276 588 306 615 ad
320 585 418 624 Ephes.
428 597 484 625 cap.
495 597 521 620 4.
536 588 548 616 ]
572 588 657 614 Erant
666 585 748 613 etiarn
772 586 801 613 in
813 583 936 612 exercitu

134 633 263 667 optiones
272 626 446 656 commisshrii
459 649 465 659 ‚
476 625 522 654 seu
532 625 693 654 decuriones
704 648 711 658 ‚
731 625 765 654 de
777 625 871 663 quibus
880 624 936 652 Ul-

135 680 210 709 pian.
220 669 250 696 in
263 669 281 696 l.
291 669 382 697 Divus
392 667 509 697 Adrian.
521 666 554 695 de
565 667 629 695 bon.
640 666 708 694 dam.
721 670 747 695 ὃ(
758 664 856 695 calist.
877 663 937 691 inl.

134 712 187 739 ult.
197 709 231 738 de
241 711 292 744 jur.
304 709 399 738 immu'.
409 713 435 737 ὃ(
446 709 579 746 Imperat.
592 706 622 735 in
634 706 651 734 1.
663 718 726 745 pen.
738 706 811 736 Cod.
829 705 863 734 de
874 715 938 743 apo-

136 752 174 779 cis
186 751 257 788 publ.
278 750 324 778 lib.
341 762 383 778 10.
404 751 474 778 Item
487 747 541 776 hoc
550 748 677 776 officium
688 769 695 780 ‚
722 748 916 785 [Optionatus
929 766 937 777 ‚

134 802 166 820 nt
176 791 377 820 Decurionatus
389 812 397 823 ,
409 789 587 818 Pontificatus
595 789 698 817 dicitur
710 810 716 820 ‚
727 799 755 816 ut
767 789 841 816 Cato
852 786 881 814 in
891 797 919 814 ea
931 805 938 818 ‚

138 842 221 871 quam
231 831 325 860 habuit
336 831 408 870 apud
417 831 538 869 equites:
563 832 684 866 Majores
697 828 818 857 scorsum
828 850 836 861 ‚
858 836 938 865 atque

143 871 289 902 adversum
300 872 420 911 pretium
432 881 559 910 paravere
569 871 655 903 bonis,
669 880 748 908 atque
759 867 882 899 strenuis,
892 868 938 895 de-

136 914 297 942 curionatus
308 935 316 946 ‚
327 913 485 951 optionatus
495 935 502 944 ,
513 911 595 940 hastas
604 910 742 940 donaticas
755 933 762 944 ‚
774 911 840 939 alios
851 908 941 936 hono-

140 965 181 983 res
193 976 199 982 .
210 956 222 986 ]
235 955 272 982 ita
285 954 373 982 Festus
386 964 418 981 ex
434 953 588 981 Farneflana
600 951 735 981 Biblioth.

97 997 271 1026 Ome-mum
285 1017 291 1027 ,
311 994 448 1033 Cappclla
461 1015 467 1025 ,
479 995 523 1022 vel
533 993 697 1022 Oratorium
706 1014 712 1020 .
738 994 838 1027 [Intra
848 989 942 1019 Basili-

137 1047 198 1065 cam
210 1039 239 1066 Β.
251 1036 326 1066 Petri
336 1034 487 1065 Oraculuni
499 1035 573 1062 mira:
585 1033 799 1071 pulchritudinis
818 1031 943 1061 constru-

141 1078 183 1106 xit
195 1099 202 1105 .
226 1077 322 1106 Anast.
333 1074 466 1106 Biblioth.
478 1075 508 1102 in
519 1077 610 1103 Leone
620 1095 626 1102 .
642 1077 653 1106 ]
679 1074 734 1110 Qui
746 1073 844 1101 habent
861 1071 941 1100 facul-

140 1128 224 1148 tatem
236 1117 364 1147 audiendi
375 1119 479 1146 Sacrum
491 1116 521 1143 111
531 1116 664 1154 Cappella
674 1114 821 1144 domestica
833 1124 864 1142 ex
878 1115 943 1141 Bre-

139 1171 177 1189 *ve
186 1159 352 1197 Apostolico
363 1180 370 1191 ,
391 1159 420 1186 in
429 1168 461 1185 eo
483 1156 538 1184 sere
557 1165 758 1194 exceptuantur
771 1155 828 1183 dies
841 1154 942 1182 solem-

142 1211 207 1230 ness
230 1209 289 1238 quae
301 1198 491 1227 solemnitates
511 1196 573 1225 sunt
592 1197 698 1226 Natalis
720 1196 854 1228 Domini,
876 1194 943 1232 Epi-

140 1240 247 1280 phania
259 1261 265 1273 ‚
284 1239 385 1268 Pascha
396 1261 402 1271 ‚
414 1238 585 1267 pentecostes
596 1258 605 1273 ,
627 1237 815 1266 Aniiunciatio
825 1258 831 1269 ‚
855 1239 881 1264 ὅ(
895 1234 943 1263 As-

140 1281 264 1320 sumptio
276 1280 402 1319 Virginis
413 1301 420 1312 ,
433 1280 591 1308 Sanetorum
602 1278 676 1306 Petri
688 1300 694 1310 ,
717 1283 742 1306 a&
754 1277 849 1309 Pauli,
862 1286 890 1304 ac
901 1276 944 1305 O-

142 1323 249 1351 mnium
262 1323 419 1350 Sanctorum
433 1319 595 1348 festivitates
606 1339 611 1346 .
623 1320 690 1347 Sacr.
703 1319 762 1348 Rit.
775 1319 884 1355 Congr.
902 1327 943 1348 ¹7·

141 1363 284 1393 Novemb.
301 1370 383 1394 1607.
394 1363 428 1390 In
439 1359 576 1389 Oratorio
588 1359 754 1398 Episcopalis
769 1359 865 1387 Palatii
874 1356 941 1385 Mis-

140 1403 170 1432 [a
181 1403 311 1433 celebrari
331 1403 427 1441 nequit
438 1423 444 1434 ,
468 1401 577 1439 quando
589 1399 738 1438 Episcopus
750 1410 807 1428 non
828 1399 946 1436 01111133-

142 1444 222 1476 sens5
245 1454 306 1473 nam
318 1442 497 1481 privilegium
508 1441 649 1479 personale
659 1441 695 1469 est
708 1463 712 1472 ‚
735 1445 762 1468 &
775 1451 831 1468 non
843 1439 928 1467 locale
939 1459 946 1465 .

145 1486 237 1516 Diana
251 1508 258 1518 ,
284 1495 350 1523 part.
363 1496 388 1518 4.
403 1492 446 1510 tit.
463 1494 505 1517 14.
518 1481 642 1511 Resolut.
659 1492 700 1516 ¹5·
714 1481 786 1509 Vide
797 1480 945 1518 cappella,

145 1526 280 1565 Ccnfhffic),
290 1528 460 1553 Oratorium.
470 1525 526 1552 FR.
538 1523 615 1551 Idem
627 1522 736 1550 habetur
747 1533 780 1550 ex
793 1523 864 1550 Saer.
877 1520 945 1548 Scri-

143 1578 225 1606 ptura
237 1588 243 1594 .
268 1564 520 1603 [Propitiatorium
567 1562 634 1591 idest
646 1585 653 1595 ,
679 1564 836 1592 oraculum.
859 1561 945 1590 Exod.

145 1620 170 1637 c.
181 1619 227 1646 37.
240 1610 291 1636 Per
301 1606 447 1634 circuitum
460 1604 556 1641 templi
570 1626 577 1636 ,
589 1605 728 1632 &oraculi
744 1624 749 1630 .
763 1615 789 1641 3.
802 1604 944 1641 Regem]

146 1660 175 1678 ac
185 1648 277 1687 paffim
288 1647 390 1676 ibidem
403 1667 409 1673 .
433 1648 503 1675 Item
516 1645 667 1674 Graculum
686 1644 820 1683 significat
831 1642 946 1671 Pontifi-

147 1691 186 1718 cis
196 1687 356 1727 responsum
371 1710 375 1717 .
387 1686 430 1716 seu
444 1686 606 1724 rescriptum
620 1706 626 1712 .
641 1691 652 1720 [
666 1685 785 1714 Secunda
795 1694 862 1711 vero
873 1682 948 1711 ass'eiu

147 1731 190 1759 tio
211 1740 258 1768 per
268 1730 407 1757 oratuliim
428 1729 581 1756 Clementis
604 1729 683 1764 Papae
698 1725 809 1753 fulcitur
820 1745 827 1751 .
852 1726 886 1752 In
904 1725 948 1754 de-

147 1772 242 1800 cretal.
254 1771 287 1798 de
298 1771 413 1798 restitut.
424 1768 494 1807 spol.
505 1777 561 1805 cap.
579 1778 620 1804 ¹3·
633 1766 775 1795 postulasti
787 1776 834 1803 per
844 1765 948 1803 aposto·

147 1812 232 1842 licum
251 1809 509 1839 oraculumcdoceri
524 1830 530 1839 ,
552 1818 639 1836 utrum
652 1811 704 1836 ἃς.
723 1808 782 1836 Nos
802 1806 887 1844 igitur
897 1805 950 1834 res-

149 1853 300 1892 pondemus
312 1873 318 1878 .
343 1850 414 1879 Ibid.
424 1851 458 1879 de
470 1849 579 1876 testibus
591 1859 688 1886 cogen.
699 1859 721 1875 c.
732 1859 759 1884 9.
783 1847 949 1883 Apostolicae

148 1894 224 1923 Sedis
235 1893 373 1921 oraculum
383 1914 389 1919 .
402 1891 473 1920 Ibid.
484 1891 518 1918 dc
529 1890 623 1917 donat.
634 1899 688 1926 cap.
700 1900 726 1923 9.
746 1887 833 1916 Unde
844 1898 890 1925 per
903 1899 960 1916 iio--

148 1934 234 1963 strum
244 1934 381 1962 oraculum
401 1932 517 1970 postulas
528 1930 641 1958 edoccn.
658 1941 682 1961 ς.
703 1929 833 1956 decretal.
847 1927 891 1955 tit.
908 1939 949 1956 iz.

149 1986 171 2003 c.
190 1986 232 2011 19·
242 1975 268 2005 §.
280 1974 401 2002 Potestas
413 1994 419 2000 .
430 1975 442 2004 ]
453 1972 613 2001 ‹Oraculuni
625 1969 718 1998 falsum
731 1990 738 1996 .
750 1968 822 1996 Vide
835 1974 934 1997 Laxtas
947 1990 953 1995 .

109 2017 215 2045 ORALE
228 2037 234 2043 .
259 2015 333 2043 Vide
343 2021 436 2044 Fanon
447 2034 453 2041 .

110 2057 228 2086 ORAMA
241 2078 247 2087 ,
260 2056 380 2083 neutrius
394 2055 503 2093 generis
514 2075 520 2085 ,
533 2063 565 2080 ex
576 2062 666 2090 gineco
676 2051 771 2089 ’ὅραμα
799 2048 934 2087 Γρεᾶηυῃ
947 2071 954 2082 ,

150 2096 327 2135 phanrsma.
352 2096 439 2124 Unde
453 2093 611 2122 Althelmus
621 2093 656 2119 de
671 2090 783 2129 Virgin.
797 2129 803 2133 ι

191 2137 275 2166 Ledo
287 2136 390 2173 sopitus
401 2146 461 2164 cum
474 2133 570 2161 somno
583 2133 701 2162 membra
711 2131 825 2159 dediflet
835 2151 844 2163 ‚

186 2178 297 2207 Orama
309 2187 355 2214 pei·
368 2177 474 2204 n05tem
485 2174 608 2202 cernebat
619 2184 630 2201 1·
645 2171 825 2209 tesupernum
838 2191 844 2198 .

192 2217 327 2246 Coelestes
339 2217 405 2245 fatus
417 2217 449 2244 lic
464 2216 542 2243 foelix
553 2214 627 2242 aurib
646 2224 656 2240 s
667 2212 752 2240 hausit
764 2231 772 2238 .

151 2260 232 2288 Idem
253 2258 334 2286 etiam
355 2263 455 2285 Omma
479 2255 568 2287 dixit,
589 2265 611 2282 c.
629 2265 672 2290 ¹9·
685 2252 729 2280 ubi
748 2253 861 2289 loquens
874 2251 907 2280 de
919 2251 965 2286 D.l

152 2299 293 2338 Gregorio
304 2299 486 2328 Nazianzeno
497 2318 503 2329 ‚
514 2296 551 2324 ait
564 2307 569 2323 ε
584 2294 688 2331 [Vidit
701 2291 844 2321 Christum
855 2292 883 2319 in
895 2291 965 2324 oro-i

153 2350 225 2369 mate
235 2361 241 2367 .
255 2342 266 2371 ]
279 2339 353 2368 Vide
365 2344 488 2366 Horama
499 2357 506 2363 .
962 2325 965 2374 Ι

112 2382 241 2412 Omma<
253 2401 259 2408 .
282 2379 385 2410 Oratio
397 2400 405 2414 ,
415 2376 538 2418 precatio
550 2396 556 2405 .
572 2375 790 2414 [Summumque
800 2374 935 2404 continuo
946 2375 965 2416 ,ζ

959 2418 965 2447 l

989 106 1016 124 ac
1027 95 1176 132 syncerum
1185 99 1290 126 cernuis
1299 97 1465 127 oraminibus
1477 95 1651 128 salutavimus
1661 120 1668 127 .
1691 95 1726 129 In
1737 97 1793 129 Vi«

989 146 1016 164 ta
1028 138 1052 165 S.
1064 137 1215 166 Landoardi
1224 159 1231 166 .
1248 149 1291 176 19.
1305 140 1386 167 Mart.

949 177 998 206 011
1004 187 1100 206 Anium
1111 198 1118 210 ‚
1138 177 1204 206 stola
1214 199 1223 211 ‚
1242 189 1329 218 graeca
1341 189 1395 208 vox
1405 176 1505 218 dpdprov
1514 201 1523 212 ,
1544 182 1616 217 cujus
1629 188 1744 216 etymon
1754 180 1789 209 fic

990 217 1020 245 ab
1031 217 1151 246 Alcuino
1163 218 1196 246 de
1205 219 1298 247 divin.
1317 218 1362 247 off.
1374 229 1431 257 cap.
1443 229 1491 256 39.
1501 221 1669 259 explicatur:
1694 222 1789 256 [Ora-

989 258 1062 286 rium
1072 258 1138 286 stola
1147 258 1261 292 dicitur,
1274 270 1306 288 eo
1317 260 1391 297 quod
1401 260 1565 289 Oratorfflus
1575 282 1582 293 ,
1594 260 1647 289 hoc
1654 261 1704 293 est,
1715 263 1790 290 Prae-

991 298 1155 326 dicatoribus
1165 299 1327 328 concedatur
1338 302 1349 330 ]
1361 301 1456 328 Petrus
1467 310 1532 330 vero
1542 300 1649 330 Blescn.
1659 300 1758 337 serm.4
1766 313 1789 330 1.

992 339 1066 367 aliud
1077 348 1194 374 etymon
1205 338 1281 368 affert
1297 361 1306 372 ,
1315 339 1441 377 inquiens
1452 351 1459 368 :
1484 346 1496 375 [
1507 342 1637 371 Orarium
1647 351 1737 370 autem
1749 342 1790 370 di-

991 380 1062 407 citur
1070 401 1078 412 ‚
1089 379 1152 418 quia
1163 390 1276 418 propter
1285 379 1396 409 offensas
1407 381 1500 418 populi
1511 381 1550 410 sui
1560 392 1621 410 cuni
1632 382 1732 410 humili
1742 393 1789 421 ge-

991 421 1150 450 nuflexione
1162 421 1240 449 debes
1250 420 1399 459 supplicare
1412 441 1418 448 .
1430 423 1441 452 ]
1455 422 1536 457 Quod
1547 422 1625 451 debet
1638 423 1667 451 in
1677 423 1790 451 modum

989 460 1074 488 crucis
1083 461 1158 499 cingi
1172 461 1328 497 [Orat-ium
1338 482 1346 493 ,
1365 461 1436 499 qaod
1447 465 1475 489 ὃς
1496 462 1562 491 stola
1572 463 1673 491 dicitur
1684 485 1691 496 ,
1710 462 1792 502 super

991 501 1093 529 collum
1104 502 1176 540 geris
1188 523 1194 534 ‚
1205 505 1280 538 cujus
1292 501 1398 530 brachia
1410 501 1443 530 ad
1452 502 1542 530 minus
1552 504 1739 533 extenduntur
1749 502 1786 532 us-

992 552 1043 580 que
1064 542 1097 570 ad
1105 552 1192 580 genua
1202 564 1210 575 ‚
1231 546 1258 571 ὃ(
1268 543 1412 571 cancellari
1431 543 1533 571 debent
1544 554 1592 582 per
1612 545 1732 573 medium
1744 554 1792 583 pe-

991 583 1048 611 &us
1057 583 1088 611 in
1098 583 1211 611 modum
1222 583 1308 611 crucis
1320 603 1327 610 .
1349 583 1429 612 Idem
1440 583 1540 612 ibidem
1551 587 1580 616 .]
1604 584 1686 621 Quod
1696 585 1728 613 ad
1739 585 1792 612 alas

992 623 1193 662 Angelicorum
1204 624 1355 662 Spirituum
1364 624 1485 652 alludere
1496 624 1534 652 ait
1547 625 1645 653 Simon
1654 624 1793 654 Theflsilo-

993 663 1118 696 nicensis,
1129 673 1244 702 quorum
1253 665 1377 692 officium
1388 665 1528 693 Diaconus
1539 675 1604 694 tunc
1615 675 1734 698 exercet,
1745 666 1793 704 qui

993 705 1103 743 quando
1113 705 1336 733 communionem
1356 704 1484 744 suscipiet
1494 727 1502 738 ‚
1522 705 1601 735 debet
1615 706 1674 744 post
1685 715 1793 746 tergum

992 745 1086 783 stolam
1099 746 1128 773 in
1138 746 1251 774 modum
1261 747 1346 773 crucis
1357 747 1507 774 cancellare
1519 767 1525 773 .
1550 748 1647 775 Solent
1659 747 1752 775 Graeci
1764 747 1795 775 iit

993 786 1085 814 orario
1095 785 1148 814 hoc
1157 786 1244 814 laudis
1255 797 1355 814 nomen
1365 783 1456 824 1⁸2¹*qu
1467 809 1474 820 ‚
1488 787 1637 825 tripliciter
1647 788 1770 824 effigiare
1785 807 1792 814 .

995 827 1066 862 Quia.
1077 837 1143 854 vero
1161 827 1281 865 antiquis
1293 828 1460 865 temporibus
1479 827 1564 865 aliqui
1576 828 1695 856 Diaconi
1707 839 1740 856 ex
1752 838 1795 855 ar-

996 868 1122 905 rogantia
1131 867 1186 895 duo
1197 867 1285 894 oraria
1302 867 1405 905 gestare
1425 866 1639 906 praesumebanu
1663 867 1727 896 hinc
1739 871 1795 897 To-

997 909 1117 936 letanum
1137 909 1190 936 IV.
1210 907 1371 936 Concilium
1383 929 1390 940 ‚
1413 919 1468 936 can.
1491 919 1537 946 39.
1558 909 1591 937 sic
1602 907 1790 948 rescripserat:

995 955 1010 984 s
1020 949 1130 978 Orat-iis
1139 949 1240 976 duobus
1253 958 1302 975 nec
1313 947 1447 986 Episcopo
1459 949 1570 987 quidem
1580 949 1706 982 licet,nec
1717 952 1794 978 Pres-

997 989 1096 1024 bytero
1108 989 1148 1017 uti
1160 1010 1167 1021 ‚
1178 997 1281 1026 quanto
1292 989 1378 1027 magis
1388 989 1516 1017 Diacono
1528 1011 1536 1022 ,
1554 990 1601 1028 qui
1613 989 1738 1018 minister
1749 1001 1795 1018 eo-

997 1040 1056 1058 rum
1068 1030 1104 1058 est
1116 1034 1125 1059 ?
1139 1032 1151 1061 ]
1164 1031 1237 1057 Item
1247 1033 1379 1057 orarium
1389 1029 1522 1068 significat
1534 1032 1624 1059 velum
1635 1052 1643 1063 ,
1663 1030 1737 1069 quod
1748 1031 1796 1059 de-

1000 1070 1123 1099 votionis
1132 1070 1219 1109 gratia
1230 1069 1308 1108 super
1318 1070 1444 1107 reliquias
1457 1071 1486 1098 Sa
1492 1071 1616 1099 ustorum
1627 1072 1776 1109 ponebatur
1786 1082 1796 1102 5

997 1111 1031 1141 de
1041 1121 1096 1150 quo
1106 1112 1142 1140 D.
1155 1111 1320 1143 Ambrofiiis,
1334 1114 1361 1139 δε
1371 1110 1434 1138 alii.
1446 1111 1515 1139 Inde
1526 1112 1555 1139 in
1566 1113 1589 1140 S.
1603 1111 1738 1151 Gregorii
1750 1113 1795 1140 Sa-

998 1150 1179 1181 (iumentario
1197 1150 1262 1186 (ubi
1272 1151 1361 1190 :igitur
1371 1151 1404 1180 de
1414 1152 1575 1181 adoratione
1584 1153 1682 1181 Crucis
1694 1153 1722 1180 in
1733 1151 1797 1180 feria

1000 1195 1051 1222 VI.
1064 1191 1206 1221 Parasceve
1217 1196 1229 1224 )
1239 1191 1370 1220 mendose
1381 1191 1492 1221 liabetur
1503 1205 1508 1220 :
1533 1199 1565 1222 In
1577 1197 1692 1222 oratorio
1702 1215 1710 1226 ,
1723 1193 1797 1230 quod

1000 1240 1032 1262 In
1044 1237 1132 1262 orario
1148 1233 1251 1271 corrigi
1263 1233 1361 1264 debet5
1381 1233 1416 1262 ibi
1428 1233 1502 1261 enim
1522 1235 1557 1262 de
1569 1235 1633 1262 velo
1643 1257 1650 1267 ,
1668 1234 1742 1272 quod
1751 1232 1797 1261 sub

1001 1276 1091 1303 Cruce
1101 1274 1263 1302 extenditur
1273 1295 1279 1305 ,
1291 1273 1448 1302 manifestus
1458 1273 1548 1302 sensus
1559 1275 1595 1302 est
1607 1295 1613 1301 .
1623 1276 1678 1303 FR.
1690 1275 1753 1307 Quo
1765 1274 1796 1301 ad

1000 1314 1098 1343 Orarii
1115 1314 1316 1351 etymologiam
1327 1335 1334 1345 ,
1357 1314 1424 1342 varii
1437 1314 1508 1342 varia
1519 1315 1613 1343 dixere
1652 1313 1797 1342 Balsamon

996 1355 1028 1383 111
1038 1365 1095 1382 can.
1110 1366 1155 1383 ιι..
1178 1355 1324 1382 Laodicen.
1334 1354 1470 1382 existimat
1492 1365 1505 1382 a
1517 1365 1607 1393 graeco
1619 1334 1702 1386 i'erbo
1714 1353 1778 1391 ὄράω
1788 1375 1796 1386 ‚

999 1395 1069 1424 idest
1082 1416 1089 1427 ,
1110 1394 1226 1422 observo
1245 1394 1363 1422 derivari
1375 1415 1382 1426 ,
1405 1395 1438 1423 fic
1459 1395 1606 1432 inquiens:
1633 1400 1645 1429 [
1663 1395 1796 1423 Orarium

1001 1435 1069 1463 ferre
1079 1434 1117 1463 est
1130 1444 1235 1463 tantum
1247 1435 1454 1462 Diaconorum:
1478 1434 1508 1462 hi
1517 1436 1594 1463 enim
1604 1435 1642 1463 eis
1652 1457 1659 1467 ,
1669 1435 1715 1473 qui
1726 1435 1797 1462 cele-

1000 1477 1077 1504 brant
1089 1498 1097 1507 ,
1119 1475 1276 1504 adsistentes
1286 1496 1294 1507 ‚
1317 1479 1343 1503 8<
1354 1474 1504 1503 sanstarum
1522 1477 1678 1510 orationum
1698 1475 1798 1510 myste-

1001 1516 1040 1544 ria
1053 1538 1059 1548 ,
1082 1520 1109 1544 δ(
1120 1516 1343 1550 Presbyterorum
1355 1514 1529 1544 observantes
1541 1537 1548 1548 ‚
1572 1516 1609 1543 eis
1619 1537 1626 1548 ‚
1637 1515 1757 1553 quisunt
1770 1515 1799 1543 in

999 1556 1125 1595 suggestu
1146 1557 1277 1584 Diaconis
1299 1566 1346 1593 per
1354 1556 1473 1584 orarium
1492 1555 1647 1594 significant
1661 1577 1666 1588 ‚
1690 1556 1800 1594 quando

1002 1598 1097 1625 debeat
1118 1596 1178 1625 fieri
1201 1596 1396 1634 pronunciatio
1407 1618 1414 1628 ‚
1433 1595 1477 1624 seu
1495 1596 1615 1635 prolatio
1633 1597 1801 1633 petitionum

1003 1637 1272 1667 Catechumenorum
1285 1659 1292 1669 ‚
1322 1641 1350 1666 ὅ(
1366 1647 1528 1665 exterorum
1538 1657 1545 1663 .
1570 1637 1802 1674 Appellatumque

1003 1678 1039 1706 est
1053 1678 1185 1707 Oratium
1197 1689 1210 1705 a
1223 1678 1305 1706 verbo
1315 1677 1367 1715 ω’ρῶ
1376 1699 1383 1710 ,
1406 1678 1481 1715 quod
1490 1677 1528 1705 est
1540 1676 1658 1705 observo
1668 1697 1675 1704 .
1687 1679 1699 1708 ]
1712 1677 1803 1711 Quem

1003 1718 1128 1756 sequitui·
1139 1719 1182 1755 Jo.
1194 1720 1310 1746 Durani.
1323 1720 1370 1746 lib.
1382 1731 1406 1747 2..
1420 1718 1453 1746 de
1464 1718 1524 1747 Rit.
1538 1718 1609 1745 Eccl.
1620 1727 1678 1755 cap.
1691 1727 1749 1752 9.n.
1758 1728 1765 1743 1
1774 1728 1802 1751 4.

1004 1759 1105 1787 Martii.
1117 1760 1216 1787 Blastar
1226 1780 1233 1786 .
1258 1761 1376 1787 Fuerunt
1395 1768 1486 1787 tamen
1505 1761 1534 1786 δε
1554 1758 1605 1795 ipsi
1621 1757 1713 1786 Graeci
1724 1778 1732 1789 ‚
1755 1756 1801 1795 qui

1004 1800 1171 1828 contrarium
1182 1798 1288 1829 sensere
1300 1821 1307 1832 ‚
1319 1800 1393 1838 quod
1406 1809 1502 1836 nempe
1511 1820 1518 1830 ,
1530 1798 1662 1827 Oratiurn
1672 1808 1706 1825 ex
1718 1798 1755 1825 lat
1770 1807 1803 1824 na

1005 1851 1073 1868 voce
1083 1840 1240 1873 derivatum
1254 1840 1304 1870 lits
1329 1841 1366 1868 ita
1377 1840 1467 1868 Suidas
1487 1839 1643 1874 [Orarium
1661 1838 1747 1866 latine
1756 1847 1803 1875 ap-

1005 1882 1138 1919 pellatur.
1150 1882 1162 1911 ]
1185 1881 1273 1910 Unde
1284 1880 1369 1918 aliqui
1382 1881 1412 1908 ab
1421 1886 1473 1908 Ore
1484 1902 1491 1912 ‚
1512 1879 1557 1907 vel
1569 1879 1599 1906 ab
1607 1884 1663 1907 Ora
1673 1879 1803 1917 Oratiuin

1004 1922 1102 1950 deduci
1113 1931 1255 1950 autumant
1266 1933 1273 1952 5
1287 1922 1316 1949 ab
1328 1926 1378 1949 Ore
1388 1921 1480 1958 utique
1495 1946 1499 1955 ,
1517 1920 1580 1958 quia
1591 1920 1633 1947 ori
1644 1919 1805 1947 admovetur

1011 1963 1042 1990 :id
1056 1959 1175 2000 plausum
1186 1984 1194 1994 ,
1213 1965 1240 1990 ὅ(
1252 1961 1374 1990 savorem
1389 1983 1396 1994 ‚
1416 1970 1445 1989 ut
1455 1964 1483 1989 ὃ(
1503 1961 1606 1988 Veneti
1624 1958 1677 1987 suis
1690 1959 1764 1995 stolis
1774 1959 1804 1986 ab

1008 2005 1123 2031 humero
1134 2002 1313 2040 pendentibus
1326 2013 1333 2032 5
1353 2002 1392 2029 ita
1402 2000 1522 2029 Diaconi
1534 2000 1562 2028 se
1579 2000 1742 2028 inclinantes
1756 2009 1805 2038 po-

1010 2045 1076 2082 pulo
1117 2042 1246 2071 velssacro
1256 2041 1348 2071 Altari
1358 2040 1556 2070 exosculantur
1567 2040 1699 2069 Orarium
1719 2040 1749 2067 in
1760 2050 1806 2068 ve-

1013 2083 1161 2113 nerationis
1176 2083 1282 2121 (ignum
1293 2104 1300 2110 .
1323 2081 1422 2111 Gloss'ae
1434 2092 1540 2110 veteres
1551 2088 1562 2116 [
1572 2081 1674 2110 Ornia
1685 2101 1693 2112 ,
1712 2080 1806 2118 quibus

1011 2136 1039 2153 os
1051 2124 1214 2154 obvolvitur
1227 2127 1238 2155 ]
1250 2128 1275 2152 δι
1290 2123 1384 2153 Aurel-
1395 2122 1558 2151 Prudentius
1566 2121 1684 2153 cecini-t,
1698 2121 1744 2149 lib.
1756 2121 1805 2148 Pe-

1011 2164 1124 2202 risteph.
1135 2163 1212 2199 hym.
1232 2175 1254 2192 1.
1267 2162 1335 2196 vers.
1354 2175 1417 2196 170.

1052 2207 1105 2234 Hic
1116 2204 1157 2234 sui
1165 2205 1210 2233 dat
1223 2205 1384 2243 pignusoris
1395 2209 1445 2238 (ut
1458 2202 1569 2235 ferunt)
1579 2201 1710 2232 Orarium
1720 2220 1728 2226 -
1768 2238 1773 2243 .

1012 2246 1095 2281 Quod
1105 2246 1186 2274 etiam
1197 2246 1299 2274 indicat
1312 2245 1418 2274 Flavius
1429 2244 1540 2277 Vopisc.
1562 2243 1593 2271 111
1605 2241 1755 2271 Aureliano
1766 2250 1807 2267 in-

1011 2288 1106 2325 quiens
1118 2298 1124 2314 ς
1151 2286 1318 2321 [Sciendum
1331 2295 1423 2314 tamen
1433 2284 1573 2324 ipsumque
1582 2283 1699 2320 primum
1710 2279 1809 2308 donas-

1011 2327 1037 2355 se
1047 2326 1148 2356 Oraria
1169 2327 1276 2364 Populo
1287 2329 1414 2355 Romano
1422 2347 1430 2358 ‚
1455 2325 1549 2363 quibus
1557 2332 1677 2350 uteretur
1687 2322 1721 2349 :id
1731 2321 1809 2348 favo-

1010 2378 1068 2397 rem
1079 2369 1092 2400 ]
1103 2367 1170 2396 idest
1181 2388 1190 2401 ,
1200 2367 1233 2396 ad
1243 2366 1365 2398 favorem
1375 2364 1537 2395 reverenti-s
1548 2362 1595 2392 sibi
1605 2361 1788 2419 exhibendum
1800 2380 1808 2389 .

1702 2405 1765 2433 Am.
