1866 2526
477 32 600 75 MA

81 96 208 125 Mmztit
219 92 349 128 ,'Nothus
359 113 367 126 ,
376 90 482 131 spurius
490 111 498 124 ‚
512 100 569 119 vox
580 88 703 118 hebraica
712 93 845 118 Mamur
853 109 861 121 ‚
870 95 919 126 per

123 145 204 174 quam
213 134 314 164 hebraei
321 133 409 162 solum
419 131 542 172 spurium
553 141 586 159 ex
596 129 732 159 adulterio
744 136 916 172 procreatum

122 176 286 215 intelligunt
296 185 304 206 ς
326 172 374 203 sed
385 183 468 212 penes
489 172 604 202 Latinos
613 169 782 209 intelligitur
799 168 918 208 quilibet

124 215 223 246 nothus
232 236 239 243 .
263 216 364 254 [Opes
373 214 469 253 opibus
478 213 617 242 cumulant
628 221 685 241 non
697 210 744 255 libi
756 231 764 244 ,
773 208 821 239 sed
831 218 918 247 nepo-

123 257 194 286 tibus
203 278 212 289 ,
220 266 288 295 quos
297 256 482 285 educaverunt
493 276 500 287 ,
511 254 555 283 vel
566 252 640 290 quod
650 253 769 280 deterius
777 250 816 280 est
826 270 834 282 ,
844 259 918 277 imn-

973 87 1004 116 la
1012 106 1020 119 ‚
1039 85 1099 115 sive
1109 87 1209 116 Sindon
1220 88 1250 116 ab
1259 88 1341 119 α1ὶίςς
1362 88 1430 117 item
1441 89 1560 129 Endotys
1571 108 1579 117 .
1599 89 1673 118 Vide
1689 45 1768 128 {gripta

971 125 1091 156 suoioco
1102 147 1110 155 .
1132 129 1228 166 ltaque
1236 128 1316 166 super
1328 130 1422 158 Altare
1434 149 1441 162 ,
1452 129 1497 158 ubi
1508 130 1680 158 incruentum
1689 129 1771 159 saci-ii

973 167 1065 197 ficium
1081 168 1229 197 celebratur
1240 191 1248 202 ,
1267 169 1369 198 debent
1379 170 1451 198 ultra
1467 171 1610 208 corporale
1629 180 1682 198 tres
1694 180 1769 209 map-

973 217 1015 247 pae
1024 209 1155 242 extendi,
1174 219 1233 248 cap.
1245 210 1264 238 ii
1275 219 1324 248 per
1333 210 1534 250 negligentiam
1545 232 1555 245 ,
1573 211 1608 239 de
1619 210 1769 240 consecrat.

972 248 1035 278 dist.
1049 261 1075 278 z.

124 298 248 330 zei-ibus,
267 307 334 335 qnos
344 297 379 325 de
389 295 550 324 concubinis
568 292 620 321 suis
629 292 821 330 susceperunt.
843 293 916 320 Pctr.
933 292 1064 319 MAPFAM
1083 291 1222 320 Mirm:
1234 312 1243 324 ‚
1260 291 1436 330 antiquorum
1455 290 1557 331 phrasis
1568 312 1576 325 ,
1593 301 1653 330 quae
1664 292 1771 331 {ignum

124 336 232 367 Blescn.
242 336 323 366 serm.
334 349 382 372 4²·
394 339 407 369 ]
427 338 483 365 PR.
496 338 531 365 In
551 336 611 373 lege
629 342 720 361 tamen
737 331 918 360 canonicacii-

121 377 271 416 stinguitur
281 383 402 407 Manui·
411 387 424 405 a
437 380 545 414 Spurio,
557 379 586 403 δε
596 374 682 403 Natho
691 385 704 406 ,ς
728 378 740 407 [
752 373 809 400 1110
819 369 918 400 discre-

123 418 208 446 tionis
217 418 346 447 adhibito
360 418 561 446 moderamine.
570 425 600 443 ut
610 414 682 442 inter
692 411 796 441 nothos
804 415 832 440 δε
843 421 919 439 uian-

123 469 215 492 zeres,
236 460 370 487 naturales
389 457 530 496 &spurios
551 452 821 496 distinguatu'n'lib.
837 461 860 479 i.
871 451 918 495 def

121 500 216 528 cretal.
227 510 284 537 cap.
296 499 355 528 Nili
365 508 426 527 cum
437 498 544 537 pridem
553 518 561 530 ‚
571 497 605 524 de
614 501 806 538 renunciation
817 512 824 519 .
835 493 847 522 ]
859 491 916 520 Ubi

121 539 213 579 inquit
224 539 315 569 Gloiia
338 546 349 575 [
362 541 476 568 Manzer
484 537 596 577 proprie
606 535 708 563 dicitur
723 533 758 561 de
767 535 862 561 §corio
873 542 917 559 na-

123 590 180 608 tus:
204 581 315 618 Spurius
335 581 370 609 de
380 580 558 609 Concubina:
581 573 692 605 Nothus
711 575 745 602 de
755 573 876 601 adultera
886 592 893 599 .
904 574 916 604 ]

124 624 159 649 Et
169 620 244 650 affert
255 620 397 660 sequentes
407 619 498 649 vei-sua
507 640 515 647 .
800 654 803 657 η
898 652 903 656 .

162 663 336 691 Manzeribus
356 660 495 691 scorium5
524 658 572 688 sed
592 654 701 686 moecha
723 653 819 683 nothis
839 653 917 682 dedit

201 712 291 731 ortum
301 722 311 738 ‚
819 736 823 740 ι

161 742 210 771 Ut
231 741 306 781 seges
327 752 341 769 a
363 740 434 779 spica
447 764 455 775 ‚
477 740 512 770 sic
534 738 639 778 spurius
661 737 700 767 est
721 737 752 765 ab
774 745 857 765 amica
867 754 875 762 .

161 783 240 810 Dant
260 782 392 811 naturales
401 803 410 814 ,
432 793 493 821 qux
517 781 596 809 nobis
615 779 678 809 suut
699 777 827 816 speciales
839 796 845 803 .

121 827 137 858 [
147 823 215 851 Non
225 822 394 862 ingrediatur
403 833 514 852 manzer
523 843 531 854 ,
552 821 604 850 lioc
613 821 651 849 est
662 842 670 853 ,
688 820 722 847 de
733 817 826 846 scorto
838 824 915 844 natus

118 861 151 890 in
160 864 306 893 Ecclesiam
327 864 444 892 Domini
456 863 539 901 usque
559 862 591 890 ad
600 862 736 890 decimam
756 866 914 897 generario-

123 912 188 932 nem
199 924 206 932 .
228 905 413 942 Denter-,cap-
425 915 471 941 ²3·
484 906 495 935 'J
507 902 604 941 Aliqui
613 913 646 931 cx
657 901 711 930 hoc
721 899 853 943 vocabulo
865 907 912 925 no-

121 945 192 973 mini
205 943 358 984 Hispanico
368 945 509 981 Mznsebo,
519 944 593 982 quod
604 946 730 978 juvenem
742 941 914 984 lignincat3e-

119 994 221 1019 *ymon
231 984 442 1018 deducunt‚sed
452 994 552 1014 errans
565 994 626 1013 nam
635 994 668 1012 ex
679 979 924 1021 gothico-araba&

972 331 1100 359 Praetoris
1109 331 1218 360 inludis
1226 330 1386 362 circenlibus
1395 333 1526 362 rescrebat
1536 344 1545 365 ς
1563 343 1626 362 cuin
1637 343 1711 362 enim
1721 333 1769 362 de-

973 372 1069 400 berent
1088 372 1188 411 aurigae
1209 371 1315 401 cursum
1335 373 1471 411 incipere,
1496 374 1625 403 mittebat
1635 374 1684 403 ille
1694 384 1770 412 map-

975 421 1036 449 pam
1047 421 1096 450 pro
1105 412 1183 451 ligno
1192 434 1200 446 ‚
1211 413 1246 442 de
1255 423 1307 452 qua
1319 412 1433 444 Ethnici
1446 415 1581 444 Auctores
1592 436 1600 447 ,
1611 423 1691 453 atque
1700 415 1769 443 Sve-

973 461 1066 480 tonius
1073 453 1210 491 originem
1222 464 1234 482 a
1246 455 1360 482 Nerone
1370 454 1487 484 habuisse
1496 455 1587 495 inquit
1598 466 1604 483 z
1619 459 1647 485 Sc
1658 456 1770 484 Martia-

973 493 1006 520 lis
1015 492 1053 521 ait
1062 492 1131 521 hanc
1141 503 1267 532 mappam
1276 505 1393 524 ceratam
1405 494 1495 526 fiiiss'e:

1014 534 1145 562 ceratam
1156 536 1262 564 Praetor
1270 545 1353 574 quum
1364 536 1451 565 vellet
1459 536 1569 566 mittere
1578 546 1701 576 mappam
1713 557 1720 564 .

973 575 1068 611 Atque
1085 575 1268 604 Tertullianus
1286 577 1321 605 de
1337 575 1496 614 spectaculis
1515 587 1573 617 cap.
1597 584 1642 607 16.
1659 577 1768 617 inquit:

976 619 988 649 [
1001 615 1069 642 Non
1080 615 1179 643 vident
1188 615 1293 644 missiim
1304 618 1370 655 quid
1380 617 1412 646 iit
1421 640 1429 651 ‚
1443 628 1570 657 mappam
1579 627 1678 657 putant
1691 639 1699 651 ,
1720 616 1768 646 sed

973 653 1012 682 est
1021 654 1121 684 diaboli
1132 657 1163 684 ab
1172 657 1228 684 alto
1237 667 1254 695 p
1264 658 1402 696 ⁴aecipitati
1414 659 1499 697 figura
1509 679 1515 687 .
1527 661 1539 690 ]
1553 662 1587 688 Et
1597 658 1701 688 advers·
1713 660 1770 687 Va-

972 695 1041 724 lcnt.
1050 705 1107 734 cap.
1119 703 1164 734 36.
1175 697 1253 725 Idem
1264 709 1270 725 :
1295 703 1308 733 [
1318 699 1370 728 Sed
1379 708 1475 738 mappa
1483 700 1556 738 quod
1567 702 1646 737 ajunt
1654 721 1663 733 ,
1671 697 1768 730 mina]

972 735 1042 764 idest
1052 757 1059 767 ‚
1068 737 1134 766 dato
1144 737 1221 775 ligno
1231 758 1240 765 .

932 777 1092 805 MAPPALIA
1104 798 1113 810 ‚
1123 778 1306 815 appellabatur
1314 779 1390 808 iocus
1400 802 1408 813 ‚
1430 779 1475 809 ubi
1486 780 1631 810 conditum
1640 789 1771 818 eratcor-

971 827 1019 854 pus
1031 818 1057 845 S.
1068 817 1222 856 Cypriani:
1238 824 1250 854 [
1263 819 1353 848 Aliam
1363 825 1375 854 (
1384 821 1452 858 idest
1461 842 1470 854 ‚
1480 822 1650 859 Ecclesiam)
1659 820 1703 850 ubi
1713 824 1771 857 ejus

970 856 1106 896 sepultum
1114 859 1152 887 est
1161 869 1257 898 corpus
1268 881 1276 892 ,
1289 860 1336 898 qui
1345 862 1419 890 locus
1430 862 1565 900 Mappalia
1574 872 1689 891 vocatur
1699 881 1706 889 .
1717 862 1770 890 Vi-

970 899 1038 926 ἂοτ.
1048 897 1137 936 Episc.
1158 899 1275 928 Uticen.
1284 901 1331 929 lib.
1346 912 1368 929 i.
1380 902 1416 931 de
1424 900 1557 940 persecut.
1578 902 1722 931 vandalica
1734 922 1741 929 .
1753 904 1766 933 ]

972 941 1058 968 Locus
1077 949 1135 969 erat
1147 949 1222 968 extra
1239 940 1439 981 Carthaginem
1459 943 1524 972 ideo
1542 944 1688 982 Mappalia
1703 941 1771 972 scri-

971 980 1089 1008 bendum
1101 990 1168 1018 puto
1177 1002 1184 1013 ‚
1195 981 1265 1010 idest
1274 1003 1282 1014 ,
1294 982 1390 1011 domus
1400 984 1500 1015 rurales
1509 1002 1517 1012 .

119 1024 172 1053 hoc
191 1036 295 1055 nomen
307 1035 440 1063 provenit
450 1047 458 1057 ,
480 1024 584 1053 scilicet
597 1047 603 1057 ,
622 1030 693 1053 Man
706 1044 714 1055 ‚
736 1023 821 1053 idest,
831 1019 917 1048 homo
931 1022 1078 1049 Marmora
1090 1042 1097 1053 ,
1121 1021 1319 1050 Baldachinum
1331 1044 1338 1050 .
1366 1029 1378 1058 [
1392 1025 1519 1060 Quatuor
1540 1034 1631 1054 autem
1649 1023 1772 1053 ministri

118 1064 265 1104 gothicum
276 1088 284 1099 ,
296 1066 341 1095 seu
351 1065 508 1095 saxonicum
519 1087 527 1098 ,
539 1070 566 1095 ὃς
576 1066 634 1094 sebi
647 1065 691 1093 vel
700 1063 762 1092 sabi·
774 1061 916 1092 arabicum,

122 1116 222 1144 nempe
231 1129 238 1140 ‚
248 1111 374 1142 juvenis.

81 1146 263 1176 Mammam
276 1170 282 1181 ,
302 1147 444 1187 angustum
455 1147 568 1186 pallium
578 1170 586 1180 ,
597 1146 673 1185 quod.
682 1144 710 1173 in
719 1141 919 1173 monachorum

121 1187 196 1216 collo
204 1189 338 1226 pendebat
349 1209 356 1216 .
378 1188 581 1226 [Maplioriuin
596 1186 701 1215 fasciale
712 1208 719 1219 ‚
738 1186 806 1214 idest
816 1207 824 1218 ‚
834 1174 927 1250 uigil-⁴⁰

120 1227 189 1256 stum
201 1229 312 1266 pallium
324 1251 331 1261 ,
344 1239 398 1267 quo
407 1238 522 1257 utuntur
531 1227 662 1257 Monachi
676 1248 684 1259 ‚
693 1226 794 1256 collum
809 1234 918 1267 pariter,

121 1279 150 1296 ac
159 1268 286 1298 humeros
297 1279 393 1310 tegens
402 1290 409 1296 .
432 1270 468 1298 In
479 1268 557 1298 Glos.
569 1268 791 1298 Arabico-Latin.
803 1269 814 1298 ]
827 1265 901 1294 acal
909 1281 919 1285 -

121 1308 196 1338 liano
205 1320 272 1339 vero
280 1311 415 1349 Mafisrtes
425 1309 526 1338 dicitur
538 1310 616 1344 [Post
627 1308 684 1337 haec
695 1305 917 1351 angusto-pallio,

122 1351 297 1380 taniamiftus
308 1351 588 1389 humilitatem,quam
598 1351 738 1378 vilitatem
748 1357 830 1388 pretii
843 1356 918 1375 com-

119 1391 309 1431 pendiumque
319 1391 452 1421 sectantes
463 1413 470 1424 ‚
482 1392 552 1420 colla
562 1412 570 1424 ‚
582 1401 662 1429 atque
672 1391 800 1419 humeros
811 1396 919 1427 tegunt,

121 1432 197 1469 quod
217 1433 347 1462 mafortes
358 1443 413 1460 tam
426 1431 548 1470 ipsorum
559 1453 567 1464 ,
587 1441 668 1470 quam
680 1431 774 1459 nostro
784 1438 919 1466 nuncupa-

123 1481 169 1499 tur
178 1473 289 1510 cloquio
300 1495 307 1506 ,
319 1474 353 1502 de
363 1472 447 1500 habit.
459 1471 587 1501 Monach.
599 1472 645 1500 lib.
662 1483 683 1499 i.
693 1481 751 1510 cap.
763 1472 813 1504 7.]
826 1470 919 1499 ldem—

124 1521 178 1549 quo
186 1512 338 1542 Caffianus:
353 1513 453 1548 [Quos
464 1513 501 1540 ita
511 1512 638 1540 novimus
648 1522 725 1540 omni
736 1522 767 1540 ex
781 1518 856 1549 parte
870 1520 919 1538 nu-

123 1552 172 1580 dos
182 1552 298 1580 existere
309 1574 316 1585 ,
326 1562 356 1581 ut
366 1562 465 1590 przter
473 1552 611 1581 colobium
621 1573 629 1585 ,
639 1552 784 1581 mafortem
796 1574 803 1585 ,
813 1550 922 1589 caligas,

124 1593 255 1621 melotem
264 1615 272 1625 ,
284 1597 310 1621 ὃ(
324 1592 480 1631 plinthium,
494 1592 566 1621 nihil
576 1593 691 1631 amplius
701 1592 816 1621 habeant
826 1614 833 1625 ‚
846 1592 921 1626 lib.4.

125 1633 160 1662 de
168 1633 255 1662 instit.
266 1644 289 1662 c.
298 1645 306 1662 ι
314 1644 340 1672 3.
352 1635 364 1665 ]
380 1634 472 1672 Igitur
482 1643 539 1661 erat
549 1633 583 1661 ad
592 1634 676 1662 instar
684 1632 836 1672 scapularis,
847 1632 922 1671 quod

125 1675 213 1712 vulgo
223 1678 374 1704 Pazienaea
384 1675 494 1707 dicitur,
505 1684 538 1702 ex
549 1674 672 1702 dictione
680 1684 768 1713 graeca
779 1677 904 1712 Μκφοριε
914 1692 922 1699 ·

125 1715 274 1744 Invenitur
292 1715 320 1743 in
332 1715 425 1743 eadem
442 1714 643 1753 significatione
663 1720 807 1744 Mavortes
818 1736 825 1747 ,
847 1713 923 1752 quod

123 1765 218 1783 tamen
240 1755 359 1784 Isidorus
373 1756 465 1783 velum
476 1777 484 1787 ,
504 1765 558 1792 quo
567 1764 659 1793 nuptae
671 1755 829 1794 tegisolent
840 1777 848 1788 ‚
871 1753 924 1782 ess'e

125 1805 212 1834 putat,
224 1797 253 1824 in
263 1796 369 1835 signum
381 1796 470 1824 virilis
480 1794 662 1830 subjectioms,
672 1797 706 1825 (ic
716 1797 924 1835 inquiens[Vo-
946 1820 949 1821 a

123 1845 212 1864 catum
230 1845 319 1864 autem
341 1846 494 1864 mavortem
511 1837 625 1869 dicunt,
645 1836 716 1875 quasi
737 1838 871 1866 Mart-ems
890 1835 922 1864 li—

127 1886 213 1915 gnum
230 1876 305 1904 enim
314 1878 445 1905 maritalis
456 1876 605 1915 dignitatis
616 1898 625 1911 ‚
642 1880 670 1905 &
691 1877 832 1915 po'testatis
849 1878 878 1904 in
889 1886 923 1905 eo

126 1916 164 1945 est
176 1938 184 1950 ‚
203 1926 283 1955 caput
293 1917 368 1945 enirn
377 1917 498 1945 mulieris
509 1917 552 1945 vir
561 1917 599 1945 est
610 1939 620 1951 ,
640 1917 706 1946 inde
717 1922 744 1947 ὅ(
755 1918 834 1957 super
843 1926 924 1955 caput

125 1958 248 1986 mulieris
259 1957 297 1985 est
307 1979 316 1990 ‚
338 1958 384 1986 lib.
401 1968 423 1985 i.
434 1958 468 1986 de
489 1957 580 1986 divin.
590 1957 637 1986 off.
646 1968 704 1997 cap.
719 1961 786 1996 ¹9·]
811 1959 884 1987 Velo
895 1967 924 1985 e-

124 1998 186 2026 nim
197 1998 400 2027 obnubebantur
408 1997 514 2036 spons-2
527 2018 534 2026 .
559 1999 632 2027 Vide
645 2000 674 2027 in
695 2000 760 2027 diet.
770 2000 905 2029 Annulus
915 2019 923 2031 ,

126 2039 152 2070 ξ.
165 2040 234 2067 Haec
243 2039 330 2078 igitur
338 2039 452 2078 ligatura
463 2059 471 2066 .
494 2039 577 2076 Quod
587 2038 676 2068 adhuc
684 2041 714 2068 in
725 2042 821 2068 Melita
832 2038 924 2068 obser-

127 2089 208 2108 vatur
217 2101 225 2108 .
247 2081 292 2109 De
302 2089 357 2118 quo
369 2080 432 2108 velo
442 2080 524 2108 ctiam
541 2080 712 2109 mentionem
723 2080 785 2109 facit
806 2082 843 2110 D.
854 2081 923 2109 Hie-

125 2130 258 2156 ronymus
277 2120 311 2148 ad
322 2119 498 2148 Eustochmm
508 2119 623 2149 scribens
634 2142 642 2153 ,
664 2121 707 2149 ubi
720 2122 825 2160 inquit:
850 2128 861 2157 [
873 2123 926 2150 Per

126 2160 252 2190 humeros
262 2158 448 2196 hyacinthina
462 2161 520 2189 laria
532 2171 658 2189 mavorte
669 2162 788 2190 volitans
798 2183 806 2190 .
819 2164 832 2194 J
854 2165 924 2191 Tan-

123 2202 187 2230 dem
207 2203 342 2241 reperitur
361 2201 446 2231 etiam
466 2204 657 2240 Maphortium
677 2203 709 2231 in
727 2203 823 2231 eodem
844 2203 928 2242 signi-

123 2242 204 2272 ficatu
214 2263 223 2270 .

84 2284 210 2316 ΜΑΡΡΑ,
234 2283 355 2316 tobalia,
377 2282 546 2312 [ivelineum
568 2283 677 2316 velum,
701 2294 736 2312 ex
746 2294 796 2322 qua
813 2284 926 2313 materia

125 2334 177 2362 pro
188 2324 311 2364 tegendo
321 2324 412 2353 Altari
420 2327 497 2359 juxta
509 2324 645 2353 Bonifatii
657 2326 714 2354 111.
737 2325 876 2354 decretum
889 2324 927 2354 es-

125 2362 154 2394 st
162 2365 243 2395 debet
257 2387 266 2399 ‚
276 2374 335 2404 quae
346 2375 360 2394 2
370 2365 409 2394 D.
418 2365 569 2396 elem-nite
577 2365 655 2405 epist.
667 2378 695 2397 ι..
703 2366 854 2406 appellatur
862 2366 914 2396 Pal
932 2359 939 2429 ὲ

968 1059 1049 1100 super
1067 1062 1232 1090 Pontificem
1251 1061 1343 1092 ferunt
1361 1066 1513 1103 mappulam
1535 1075 1652 1104 quatuor
1672 1065 1773 1094 baculis

971 1102 1132 1140 colligatam
1142 1123 1148 1135 ‚
1171 1113 1283 1141 propter
1301 1104 1376 1142 quod
1395 1106 1445 1143 ipii
1464 1106 1584 1135 ministri
1605 1105 1771 1145 mappularii

971 1152 1166 1180 nuncupantur
1177 1163 1184 1170 .
1206 1145 1356 1173 Innocent.
1367 1147 1424 1174 111.
1435 1146 1482 1174 lib.
1497 1159 1522 1176 2.
1533 1147 1568 1175 de
1580 1147 1661 1181 myst.
1673 1145 1771 1178 Miss'ae,

972 1193 1030 1221 cap.
1042 1194 1068 1215 7·
1079 1185 1092 1214 ]
1116 1184 1175 1213 Ubi
1185 1183 1302 1223 affignat
1312 1186 1393 1214 etiam
1405 1187 1536 1216 moralem
1546 1186 1645 1216 horum
1655 1197 1771 1226 quatuor

972 1224 1130 1252 baculorum
1140 1224 1324 1263 significatum
1333 1248 1341 1259 ‚
1362 1236 1463 1266 nempe
1474 1250 1482 1261 ‚
1505 1228 1539 1258 ad
1547 1237 1663 1267 quatuor
1673 1229 1771 1257 bibliae

973 1266 1056 1294 Sacra:
1067 1263 1156 1294 sensus
1165 1287 1173 1297 ,
1183 1266 1252 1294 idest
1270 1268 1449 1299 ,Litteralem
1460 1291 1467 1302 ,
1478 1269 1665 1307 Allegoricum
1677 1290 1686 1301 ‚
1706 1275 1773 1299 Tro-

969 1305 1119 1343 pologicum
1128 1327 1135 1338 ‚
1158 1310 1185 1334 ὅ(
1197 1311 1385 1345 Anagogicum
1397 1327 1404 1336 .
1428 1310 1485 1339 FR.
1495 1309 1572 1338 Falso
1581 1310 1772 1338 existimarunt

974 1346 1060 1384 aliqui
1081 1346 1232 1385 significare
1242 1349 1413 1387 manipulum
1423 1371 1430 1383 ,
1449 1350 1504 1379 five
1515 1360 1544 1378 ut
1564 1351 1650 1390 Hugo
1662 1351 1773 1379 notavit.

974 1386 1006 1414 in
1015 1396 1072 1414 can.
1083 1398 1142 1415 non
1152 1388 1280 1417 nonnulli
1290 1389 1428 1424 diacones,
1442 1391 1504 1419 dist.
1516 1402 1566 1429 93.
1576 1392 1708 1420 denotare
1717 1392 1773 1420 Mi-

974 1437 1044 1456 ttam
1055 1447 1063 1454 .
1085 1429 1158 1457 Nam
1167 1428 1357 1458 baldachinum
1368 1452 1375 1462 ,
1391 1436 1419 1460 ὃ(
1429 1442 1486 1460 non
1496 1433 1606 1459 mitram
1616 1431 1752 1471 fignificat
1762 1454 1772 1466 ‚

975 1477 1005 1496 iit
1024 1468 1096 1496 clare
1106 1480 1138 1497 ex
1158 1470 1327 1498 Innocentio
1345 1470 1440 1509 supra÷
1464 1472 1530 1500 licet
1541 1473 1615 1501 enim
1634 1473 1672 1501 ibi
1681 1473 1772 1501 dicat:

979 1515 992 1544 [
1004 1510 1088 1547 Super
1104 1511 1268 1539 Pontificem
1287 1511 1380 1540 ferunt
1398 1513 1574 1550 mappulam]
1593 1514 1661 1543 bene
1679 1523 1773 1542 tamen

976 1552 1132 1588 explicatur
1155 1561 1202 1583 per
1214 1550 1404 1590 subsequentia
1415 1554 1511 1581 vei-ba:
1538 1559 1550 1589 [
1561 1555 1686 1589 Quatuor
1695 1555 1774 1583 bacu-

976 1591 1010 1619 lis
1021 1591 1181 1630 colligatam
1192 1611 1199 1619 .
1212 1594 1224 1623 ]
1237 1593 1309 1620 Itein
1321 1594 1455 1630 Mappula
1464 1593 1605 1623 instratum
1616 1595 1679 1633 equi
1689 1595 1773 1633 {igni-

977 1631 1040 1660 ficar
1051 1652 1059 1664 ‚
1081 1632 1155 1670 quod
1166 1642 1307 1670 perperam
1316 1633 1400 1672 aliqui
1411 1634 1493 1662 etiam
1512 1635 1682 1673 manipulum
1692 1636 1775 1664 intel-

976 1673 1102 1700 lexerunt
1113 1694 1120 1705 ,
1132 1673 1157 1703 §.
1170 1673 1369 1702 Constantinus
1378 1695 1386 1706 ‚
1397 1674 1415 1701 1.
1427 1686 1452 1703 z.
1463 1674 1524 1703 dist.
1534 1682 1583 1711 96.
1593 1675 1637 1704 ubi
1649 1676 1685 1705 ait
1696 1687 1703 1703 :
1713 1677 1727 1707 ]
1739 1679 1775 1705 Et

977 1723 1008 1740 ut
1020 1713 1183 1751 ampliffime
1195 1713 1360 1742 Pontificale
1369 1714 1449 1743 decus
1460 1715 1613 1755 pei-fulgeat
1622 1738 1629 1749 ‚
1647 1717 1774 1745 decerni-

978 1763 1036 1781 mus
1049 1775 1055 1786 ,
1074 1764 1104 1782 ut
1115 1754 1206 1782 clerici
1217 1752 1336 1790 ejusdem
1346 1757 1430 1784 Rom.
1441 1756 1564 1786 Ecclesiae
1576 1778 1582 1789 ‚
1601 1757 1735 1795 mappulis
1743 1760 1773 1786 ὃς

975 1794 1182 1823 linteaminibus
1191 1817 1199 1827 ,
1218 1795 1285 1824 idest
1298 1817 1306 1828 ‚
1328 1795 1520 1825 candidiffimo
1530 1799 1623 1826 colore
1633 1798 1774 1826 decoratos

978 1845 1060 1873 equos
1077 1838 1202 1874 equitent
1215 1857 1221 1863 .
1235 1838 1246 1867 ]
1270 1836 1348 1864 Idem
1359 1835 1473 1865 habetur
1485 1838 1515 1865 in
1523 1839 1584 1866 cod.
1606 1839 1676 1867 nulli
1691 1839 1774 1867 licere

978 1875 1112 1909 infraenis,
1126 1878 1143 1904 1.
1152 1877 1232 1904 unica
1242 1876 1286 1904 lib.
1303 1888 1311 1904 i
1324 1888 1345 1905 i.
1357 1878 1435 1905 Idem
1445 1879 1560 1916 exponit
1569 1878 1662 1908 Gloss'a
1673 1880 1702 1907 in
1711 1889 1774 1907 can.

980 1917 1111 1945 nonnulli
1131 1917 1286 1949 DiaconcS,
1307 1917 1370 1946 dist.
1380 1930 1428 1956 93.
1446 1917 1596 1948 'tolosanus
1612 1920 1684 1959 apud
1694 1921 1775 1958 Jaco-

979 1958 1042 1985 bum
1053 1957 1204 1986 Cohelium
1214 1958 1243 1985 in
1264 1959 1377 1987 Notitia
1386 1959 1558 1988 Cardinalat.
1571 1971 1628 1999 cap.
1643 1971 1653 1989 ι
1664 1971 1688 1989 i.
1709 1961 1774 1989 Iino

977 1998 1122 2036 Torrigius
1140 1998 1174 2026 de
1193 1999 1311 2036 cryptis
1323 2000 1451 2028 Vatican.
1459 2002 1540 2038 impr.
1559 2000 1676 2029 secunda
1686 2023 1695 2034 ‚
1713 2011 1776 2040 pag·

981 2050 995 2077 3
1005 2044 1050 2067 86.
1068 2040 1211 2067 instratum
1231 2050 1264 2067 ex
1275 2040 1336 2067 albo
1347 2040 1377 2068 in
1396 2040 1505 2069 rubrum
1523 2052 1536 2069 :i
1557 2043 1642 2070 Paulo
1651 2043 1721 2081 Papa
1730 2044 1773 2071 11.

978 2079 1168 2108 Cardinalibus
1190 2090 1294 2108 mutare
1304 2080 1454 2109 concellum
1474 2081 1548 2110 fuisse
1558 2082 1642 2112 refert
1652 2105 1660 2116 ,
1684 2083 1718 2112 lic
1730 2083 1774 2111 in-

979 2120 1092 2158 quiens:
1119 2126 1130 2155 [
1144 2122 1257 2149 Inilitui
1271 2142 1278 2153 ,
1301 2121 1351 2150 elie
1362 2122 1387 2150 le
1398 2123 1470 2150 mule
1479 2123 1523 2151 de’
1534 2123 1678 2152 Cardinali
1700 2123 1718 2152 (i
1730 2123 1776 2151 ad-

979 2159 1118 2189 dobaflero
1129 2162 1156 2189 di
1167 2161 1236 2190 rofl'o
1247 2183 1254 2194 ‚
1270 2159 1391 2191 usandoii
1401 2163 1487 2200 prima
1497 2164 1602 2202 drappo
1612 2166 1708 2193 bianco
1719 2165 1777 2192 nel-

981 2202 1007 2230 le
1019 2202 1080 2230 loro
1089 2203 1253 2241 gualdi-appe
1263 2224 1270 2235 ‚
1280 2202 1415 2232 chiamate
1425 2204 1636 2234 nell'autentica
1646 2208 1753 2242 Mappae
1766 2227 1774 2238 ‚

981 2252 1059 2270 come
1067 2241 1155 2271 scrive
1166 2244 1184 2271 il
1203 2243 1335 2272 eat-dina!
1344 2243 1475 2284 Papiense
1484 2267 1492 2278 ,
1511 2245 1562 2274 clie
1572 2246 1599 2274 fu
1610 2256 1623 2274 a
1632 2247 1695 2284 quel
1704 2254 1776 2273 tem-

983 2294 1019 2322 po
1028 2304 1035 2311 .
1046 2285 1058 2314 ]
1082 2287 1175 2321 Atque
1194 2284 1228 2312 de
1239 2284 1289 2312 hoc
1307 2285 1423 2314 instrato
1442 2287 1618 2315 intellexerat
1640 2287 1679 2314 D.
1689 2287 1776 2325 Greg.

981 2334 1030 2363 per
1051 2326 1235 2362 mappularum
1256 2335 1358 2354 nomen
1369 2348 1377 2359 ,
1394 2327 1504 2365 quando
1521 2328 1623 2364 Joanni
1642 2326 1777 2365 Arcliiep.

981 2364 1288 2404 Ravennatiscripserat
1298 2365 1343 2396 his
1352 2369 1456 2397 verbis:
1471 2373 1482 2403 [
1496 2368 1571 2397 Illud
1582 2378 1672 2397 autem
1683 2389 1691 2401 ,
1703 2367 1781 2405 quod

1409 2409 1439 2437 D
1449 2408 1468 2436 d
1509 2419 1529 2444 4
1691 2419 1743 2448 pro
