1866 2526
460 27 543 68 Fi

90 85 199 125 ⁴⁴figens,
208 85 333 126 aequent:
344 85 433 115 fletam
442 83 631 124 gravissimam
641 85 728 118 dabat,
740 94 768 113 ut
781 85 899 128 pletum-

103 137 156 166 qne
167 127 282 163 eclyfiin
289 135 535 166 generarent-eque
544 127 689 164 em.quod
698 136 760 155 eum
773 126 897 164 mitigare

104 166 188 206 pofl'et
197 187 205 195 .
224 169 343 206 Gregor.
352 168 457 195 Tui-on.
475 165 495 194 l.
506 177 534 204 3,
547 166 705 196 miraculor.
715 168 741 196 S.
752 166 865 195 Martini
876 177 900 196 c.

109 209 174 240 ια]
197 209 254 238 FR.
265 207 301 237 stc
310 206 496 246 intelligenda
505 206 569 235 sunt
587 207 637 236 illa
649 208 727 237 verba
737 206 899 238 Pontificis:

105 253 117 284 t
127 250 213 278 Tznta
222 247 345 286 nequitia
355 247 390 276 ad
399 257 474 276 aures
483 248 585 276 nostras
595 249 630 277 de
637 247 775 277 senestute
784 258 828 277 tua
838 259 898 288 per-

103 288 198 320 venit5
221 298 251 316 ut
261 299 320 318 eam
332 310 340 322 ‚
353 287 404 316 nisi
412 287 566 317 humanitus
575 287 745 327 pensaremus
756 311 764 322 ‚
776 287 836 318 fieta
845 294 898 324 jam

102 328 294 357 malediffione
307 328 448 357 feriremus
458 350 467 363 ‚
477 338 536 358 can.
547 339 622 359 tanta
633 351 642 363 ,
652 329 716 359 dist·
728 334 773 360 86.
786 332 798 362 ]
812 330 880 360 idest
889 353 898 365 ‚

102 367 238 408 cuspidata
258 369 448 399 maledictione
459 389 466 398 .

64 411 170 440 Pierio
180 430 188 438 .
209 408 284 440 Vide
304 415 396 440 Fusus
407 432 415 438 .

64 452 150 480 Ficus
164 471 171 478 .
185 452 241 481 FR.
253 452 340 480 morbi
349 449 467 489 specieS.
479 455 566 486 [Erat
577 451 620 482 vir
633 452 745 492 quidem
757 473 764 485 ,
775 452 822 492 qui
833 452 898 481 ficus

100 492 265 531 :egritudine
276 490 456 520 vehementer
467 492 640 524 virente&c.
651 494 683 521 in
695 494 751 521 vita
762 495 787 522 S.
800 492 896 523 Aufei-

103 533 141 561 mi
150 532 273 561 Lucensis
283 532 412 571 Episcopi
423 544 438 561 a
448 534 517 562 Luca
525 533 685 573 Uvadingo
693 534 777 567 edita,
788 545 811 562 c.
822 545 869 568 74.
883 536 894 565 ]

104 573 196 602 Arbor
205 594 212 605 ,
230 576 258 600 ὅ(
272 572 372 601 fruetus
383 594 390 601 .
413 573 487 601 Vide
496 580 625 611 Sycamen
636 596 644 607 ‚
666 577 695 603 δε
705 579 722 602 S
716 585 857 614 ytomorns
869 595 876 601 .

59 616 209 644 numium
219 633 225 640 .
238 614 296 642 FR.
307 614 425 653 vet-”tigal
435 624 485 652 pro
494 613 595 652 pascuis
604 634 610 642 .
622 615 722 644 Bullar.
733 615 896 644 Castu-tom.

103 667 129 684 ι.
139 653 262 683 Constit.
278 663 340 686 177·
359 658 395 682 Et
413 653 515 682 dicitur
533 655 616 682 etiam
625 655 759 683 Fidentia
768 677 777 688 ,
797 657 831 684 de
842 666 898 694 qno

101 694 235 722 vocabulo
245 694 324 722 Falco
334 697 487 723 Benevent.
503 696 674 732 [Imperator
684 694 741 733 ipse
751 698 896 725 Beneven-

100 744 177 763 tanos
187 734 503 767 liberaret‚videlicet‚de
513 736 654 764 vinearum
665 735 798 769 fidentiis,
808 741 835 765 δ(
847 748 894 765 an-

99 775 192 815 gariis,
202 778 229 802 ὅ(
240 774 371 802 ten-atico
380 779 432 806 Sec,
442 776 471 803 in
482 775 591 804 Chi-on.
602 776 634 804 ad
643 787 687 804 an.
704 787 713 804 1
724 787 733 804 1
741 780 810 814 37.]
824 778 895 806 Ibid.

100 815 183 844 etiarn
194 814 223 843 in
230 817 390 850 juramento
400 816 520 855 Rogerii
530 816 646 846 habetur
656 817 730 845 idem
743 819 877 847 vocabult‘i
889 839 895 845 .

63 859 217 888 ΡιυΑΜεκ,
236 855 421 884 confidentia.
439 862 454 891 [
467 857 589 896 Corrige
606 857 737 886 defletum
748 858 878 887 fidamine
889 879 896 886 .

98 895 216 926 Tertull.
237 895 269 924 in
287 906 369 924 carm.
391 896 424 925 ad
440 898 532 926 Senat.

63 939 180 967 Finitus
191 956 198 964 .
210 935 285 966 Vide
295 937 471 974 christianus
483 960 490 971 ,
500 939 662 967 Catholicus
673 960 680 972 ,
691 939 808 968 Drudus
819 961 826 968 .
839 942 896 969 PR.

99 978 206 1006 Utrum
217 976 308 1005 fidelis
317 977 422 1006 dicatur
433 978 524 1008 infans
533 980 592 1018 post
604 978 765 1017 baptismum
775 1002 782 1013 ,
793 984 820 1008 δε
832 991 896 1009 anic

99 1017 178 1045 usum
187 1016 320 1046 rationis?
342 1019 507 1047 affirmative
517 1019 666 1049 resolvitur
679 1020 709 1047 in
718 1031 775 1049 can.
788 1021 895 1059 parvuli

98 1057 191 1086 fist-:ies
203 1078 211 1090 ‚
234 1057 268 1084 de
290 1057 440 1086 consecrat.
461 1059 524 1089 dist.
547 1072 574 1096 4.

61 1101 211 1127 ΡιυεΝτιΛ
223 1116 230 1124 .
255 1097 327 1126 Vide
346 1100 515 1136 Fidagium.

61 1141 146 1167 huss
160 1141 334 1168 Animum
344 1160 353 1172 ,
373 1139 462 1173 idest,
480 1144 536 1177 ejus
548 1141 708 1176 Symbolum
718 1163 725 1175 ‚
750 1142 827 1177 [Die
836 1142 897 1170 Do-

98 1180 201 1207 minica
209 1200 216 1211 ‚
230 1178 296 1206 dum
305 1179 337 1207 ad
347 1179 466 1208 Primam
476 1182 553 1209 staret
565 1203 572 1213 ,
585 1185 611 1209 ὃ(
623 1181 720 1210 choi-us
730 1181 857 1220 psalleret
869 1182 897 1210 i}-

99 1220 161 1248 dem
175 1217 334 1252 Athanasii,
354 1219 402 1248 illa
418 1221 452 1250 de
470 1222 604 1256 mysterio
622 1221 732 1251 summae
753 1223 898 1252 Trinitatis

101 1261 224 1298 cogitans
235 1262 288 1287 δίε.
298 1258 433 1289 Caesarius
444 1283 451 1294 ,
461 1263 510 1290 lib.
520 1273 548 1298 9.
560 1272 618 1300 cap.
630 1273 678 1300 39.

60 1304 143 1333 Finzi
156 1301 320 1329 Docrouts
331 1320 338 1328 .
361 1302 434 1330 Vide
444 1302 552 1331 Patrini
573 1301 603 1331 in
612 1303 676 1331 dict.
688 1305 849 1341 Baptismus
859 1323 866 1330 .

60 1343 238 1375 Finsiusson
250 1361 257 1373 ‚
270 1340 339 1368 idest
349 1363 356 1373 ,
370 1343 503 1379 patrinus,
515 1343 543 1371 in
557 1342 622 1371 diti.
635 1345 794 1381 Baptxsmus
804 1365 811 1372 .
824 1347 895 1374 Item

101 1391 150 1419 pro
159 1380 291 1419 sponsore
302 1402 309 1408 .
333 1383 406 1410 Vide
417 1384 558 1421 Plegaaria
568 1403 576 1411 .

59 1423 211 1452 timeum
220 1442 228 1449 .
241 1423 297 1451 Ht.
312 1423 435 1456 [Nullus
444 1425 561 1452 omnino
572 1445 580 1457 ‚
600 1424 643 1452 cui
663 1424 827 1453 inconsultis
837 1446 846 1458 ‚
868 1435 896 1452 ac

100 1461 280 1490 nescientibus
291 1463 367 1490 nobis
378 1463 546 1493 fidicularum
566 1474 708 1493 tormenta
725 1465 877 1494 offeruntur
889 1487 895 1497 ‚

100 1502 268 1534 iiiiliti.i:,vel
277 1504 396 1540 generis,
407 1515 451 1532 aut
459 1505 606 1543 dignitatis
616 1505 774 1534 defensione
782 1507 822 1533 uti
834 1516 897 1544 pro-

101 1541 233 1569 hibeatur:
245 1552 356 1580 excepta
366 1553 456 1572 tamen
468 1545 618 1580 majestatis
627 1544 702 1573 causa
714 1567 722 1578 ,
743 1545 772 1573 in
781 1555 833 1584 qua
844 1545 899 1574 sola

100 1582 226 1610 omnibus
236 1592 313 1619 aequa
321 1584 450 1612 conditio
472 1585 510 1614 est
523 1606 532 1618 ‚
554 1585 601 1614 lib.
613 1597 642 1622 9.
653 1586 713 1614 eod.
725 1585 767 1613 tit.
779 1587 812 1614 ad
823 1587 841 1614 l.
852 1588 893 1624 Ju-

100 1622 166 1650 liam
176 1623 274 1657 majest.
285 1626 312 1650 S<
322 1633 380 1652 can.
391 1625 490 1658 nullus,
501 1632 527 1654 6.
539 1636 565 1664 q.
583 1627 628 1657 1.]
653 1626 710 1655 Ubi
720 1625 813 1655 Glosslz
836 1626 898 1662 [Fi.

99 1663 261 1694 dicularuin,
270 1663 349 1696 idest,
358 1663 532 1697 chordarum,
542 1676 601 1704 quae
613 1667 732 1704 ligantur
741 1668 812 1695 circa
823 1667 898 1696 fron-

101 1713 157 1732 tem
166 1703 290 1731 hominis
303 1725 311 1736 ,
323 1708 351 1732 δ(
361 1705 508 1744 stringitur
517 1716 596 1744 caput
608 1717 656 1744 pet
665 1717 706 1735 eas
717 1728 724 1739 ,
745 1711 772 1735 δ(
784 1707 822 1736 est
831 1708 897 1737 fides

100 1744 194 1773 eadem
204 1755 232 1772 ac
243 1743 346 1773 chorda
355 1747 378 1776 .]
398 1746 450 1774 Sed
463 1747 592 1775 Batonius
604 1747 632 1774 in
643 1748 727 1776 Notis
737 1748 770 1776 ad
787 1750 895 1784 Marty-

102 1784 154 1813 rol.
168 1796 214 1813 22-
228 1786 353 1822 Januarii
365 1786 410 1813 lit.
422 1792 454 1815 B.
465 1787 499 1815 sic
508 1786 663 1820 invehitur,
675 1787 810 1825 inquiens:
824 1792 894 1824 [111⁴

101 1824 205 1852 crebuit
213 1824 341 1853 hactenus
350 1827 532 1865 complurium
542 1838 619 1856 error
630 1849 638 1860 ,
649 1836 678 1856 ut
693 1827 814 1857 fidiculas
824 1851 832 1862 ,
842 1840 855 1857 a
864 1830 894 1858 fi-

101 1865 168 1893 libus
178 1864 312 1894 derivatas
323 1876 451 1903 putarent
462 1889 469 1899 ‚
480 1867 608 1906 nihilque
616 1868 690 1896 aliud
700 1867 750 1896 elle
760 1868 881 1898 fidiculas
892 1893 900 1904 ,

102 1915 180 1943 quam
194 1906 301 1934 vincula
311 1917 410 1935 netvea
420 1928 428 1939 ,
438 1910 532 1945 quibus
543 1909 575 1936 ad
585 1909 732 1947 equuleum
741 1919 844 1942 manus,
855 1921 900 1949 pe-

101 1945 201 1984 desque
209 1944 332 1974 hominis
341 1948 509 1986 ligarenturj
532 1949 621 1987 ficque
629 1959 760 1988 torquere
780 1950 900 1980 fidiculis

102 1997 177 2015 reum
187 2007 195 2019 ‚
216 1986 289 2014 idem
301 1986 350 2015 effe
361 2010 368 2020 ‚
386 1989 461 2025 quod
478 1990 595 2028 ligatum
607 1989 637 2017 in
647 1991 762 2028 equuleo
780 1991 898 2021 fidiculis

102 2027 243 2055 hominem
254 2027 430 2057 intendendo
446 2050 452 2061 ‚
474 2029 572 2058 ollium
581 2029 764 2059 cominissutas
775 2041 836 2059 curn
846 2033 895 2060 im„

100 2066 197 2103 menso
208 2068 305 2096 dolore
315 2068 464 2098 distrahere
473 2084 481 2097 .·
502 2069 584 2099 senlit
595 2069 652 2099 haec
664 2072 794 2109 Sigonius
813 2073 858 2101 lib.
869 2084 896 2111 3.

100 2108 135 2136 de
145 2108 235 2146 Judic.
247 2119 270 2136 c.
286 2120 294 2136 ι
304 2114 328 2137 8.
340 2109 381 2137 Sic
391 2111 473 2138 etiam
482 2112 584 2138 erravit
594 2111 626 2139 in
638 2110 680 2139 liis
689 2114 716 2139 δ(
730 2113 810 2140 Valla
820 2113 865 2140 lib.
875 2125 896 2141 1.

99 2149 219 2183 ‹.5.dum
238 2149 276 2176 ait
289 2171 296 2182 ‚
319 2149 441 2179 fidiculas
459 2150 510 2179 este
529 2151 740 2180 instrumentum
751 2163 786 2180 ex
796 2153 897 2182 duobus

100 2189 247 2226 obliquatis
256 2189 341 2228 lignis
350 2192 571 2229 compaftum3ita
579 2192 695 2224 dic'tum,
707 2192 751 2220 vel
761 2193 791 2221 ab
800 2203 898 2222 extor-

99 2230 207 2268 qucnda
218 2229 272 2258 fide
281 2251 290 2263 ‚
300 2231 372 2258 vela
382 2232 491 2260 nerveis
501 2232 607 2261 funibus
618 2254 626 2265 ,
645 2233 739 2270 quibus
749 2236 895 2271 torquendi

99 2270 247 2308 alligantur
257 2290 263 2297 .
284 2271 452 2300 omittimus
464 2273 526 2301 alias
535 2273 580 2302 hic
591 2272 693 2301 referre
712 2275 895 2312 complurium

96 2310 365 2347 jure-consultorum
383 2313 417 2341 de
434 2313 552 2342 fidiculis
571 2325 585 2342 a
594 2313 710 2343 veritate
728 2313 836 2352 prorsus
853 2326 895 2344 re-

94 2359 180 2381 motas
188 2350 352 2381 sententias.
373 2354 488 2384 Miratus
507 2353 564 2383 sum
576 2354 775 2388 vehementer,
797 2365 859 2385 cum
869 2357 892 2386 S.

957 82 1093 119 Isidorus,
1104 84 1150 114 lib.
1160 95 1187 123 3.
1197 27 1318 124 Origiili.
1325 27 1418 112 οὲἃε
1429 83 1585 112 monstrarit
1596 107 1603 118 ,
1616 38 1748 126 ἒιῗίἀῐίῑηῑ

956 124 1021 154 fidic
1043 125 1086 160 lx,
1094 125 1215 155 eruditos
1224 125 1344 157 viros‚eo
1354 123 1542 162 praetermffib,
1551 124 1581 152 in
1590 129 1748 166 pet-quirem

954 165 993 199 do
1000 134 1040 194 dle,
1048 166 1101 194 illis
1110 166 1179 195 adeo
1187 164 1312 195 laborafle
1321 187 1331 199 ,
1351 175 1381 193 ac
1398 175 1412 193 ι
1421 165 1460 194 rei
1472 165 1588 193 veritate
1605 174 1752 206 tantopere

936 194 940 198 ³
955 204 1066 237 aberasse
1077 227 1084 235 .
1097 206 1228 236 Fidiculas
1241 207 1318 235 enirn
1329 206 1404 235 idem
1413 204 1465 234 elle
1475 227 1482 238 ,
1492 204 1566 244 quod
1576 209 1689 245 ungulas
1707 219 1749 237 te.

955 248 1056 281 statur,
1067 258 1129 277 cum
1138 248 1185 277 ait:
1195 247 1320 286 Ungulae
1331 246 1497 285 di&ae,quod
1507 244 1639 274 effodiant
1649 259 1656 275 .-
1667 247 1709 276 hae
1720 253 1748 277 δε

955 288 1072 319 fidiculae
1082 310 1090 323 ,
1103 290 1166 327 quia
1178 288 1211 316 iis
1222 297 1260 316 rei
1275 288 1304 316 in
1313 287 1430 326 equuleo
1441 295 1605 325 torquentur
1615 308 1622 319 ,
1642 298 1672 316 ut
1681 288 1747 318 fides

953 329 1118 358 inveniatur.
1129 331 1195 358 Haec
1205 328 1333 357 Isidorus.
1343 330 1417 358 Cum
1428 328 1520 366 itaque
1528 326 1645 359 fidiculis
1654 338 1729 367 aeque
1741 351 1748 362 ,

954 381 983 399 ac
996 371 1106 408 ungulis
1116 369 1377 400 finderenturlatera
1397 368 1520 397 hominis
1532 368 1561 396 in
1569 369 1686 406 equuleo
1705 371 1749 399 di—

953 411 1033 439 stenli
1045 432 1054 443 ‚
1075 409 1179 440 easdem
1188 410 1301 449 ungulas
1310 421 1340 439 ea
1349 410 1383 439 de
1390 408 1467 438 causa
1475 410 1558 438 distas
1569 408 1620 438 elle
1630 419 1699 448 puto
1717 411 1748 440 fi-

953 451 1064 485 diculas,
1073 453 1148 491 quod
1158 462 1266 480 reorum
1275 452 1357 480 latera
1369 450 1608 488 findet-ent,sicquc
1619 461 1632 478 a
1642 451 1750 480 finden—

950 492 987 521 do
995 492 1079 521 dietas
1092 492 1213 521 fidiculas
1221 491 1273 520 elle
1284 514 1291 525 ‚
1313 492 1385 531 quasi
1404 491 1546 520 findiculas
1556 512 1563 524 ,
1583 492 1627 520 vei
1643 502 1656 519 a
1679 492 1750 521 fodi-

950 534 1127 571 cando,qu0d
1136 534 1191 562 illis
1201 534 1282 562 latera
1291 543 1399 561 reorum
1412 531 1750 571 ihdicarenmr,d1c‘tasque

952 572 1002 601 ess'e
1012 573 1145 611 fidiculas,
1157 573 1229 612 quasi
1238 573 1379 604 fodiculass
1394 572 1515 601 fodicare
1522 573 1604 601 latera
1613 572 1730 602 fidiculis
1740 596 1749 608 ,

950 611 1109 652 usui-patum
1128 624 1240 653 apparet
1259 615 1290 643 ab
1302 614 1450 643 Ammiano
1461 635 1468 647 ,
1488 624 1517 641 ut
1537 613 1658 642 dicemus
1668 616 1751 651 paulo

952 654 1076 682 inferius.
1091 655 1142 683 His
1152 656 1182 683 in
1193 655 1287 693 primis
1297 655 1476 692 adstipulatur
1485 654 1651 683 Prudentius
1669 654 1750 690 hym.

956 706 998 723 ιο.
1007 695 1103 723 Penii.
1112 696 1140 722 in
1149 698 1349 728 Romanorum
1360 705 1422 734 quas
1434 704 1512 724 vocat
1522 695 1645 724 fidiculas
1653 715 1661 727 ,
1671 695 1748 725 easde

948 735 1061 773 ungulas
1070 735 1153 768 {dicat
1164 755 1170 762 .
1191 738 1260 765 Suuc
1280 736 1338 764 hate
1356 736 1438 765 verba
1453 735 1751 774 Asclepiadisjudicisa

998 778 1097 804 Vertat
1107 777 1190 804 idum
1199 777 1323 805 carnifex

991 817 1028 845 In
1036 827 1065 844 os
1077 817 1214 856 loquentis
1224 839 1232 851 ,
1244 817 1328 856 inque
1338 816 1463 846 maxillas
1474 826 1583 846 inanum
1592 838 1600 850 ‚

991 856 1138 895 Sulcosque
1155 868 1246 887 acutos
1258 879 1267 892 ‚
1287 862 1316 887 δε
1337 857 1460 887 fidiculas
1482 857 1624 886 transferat
1635 878 1644 890 ,

994 898 1171 926 Verbolitatis
1191 909 1219 927 ut
1242 908 1383 937 rumpatur
1404 899 1478 927 locus
1487 917 1494 924 .

952 940 986 965 Et
997 938 1075 975 paulo
1084 939 1143 976 post
1155 961 1163 972 ‚
1186 950 1234 978 per
1243 940 1364 968 fidiculas
1376 938 1567 976 Asclepiadem
1584 938 1749 969 intellexiste

949 979 1128 1017 ungulas‚qug
1138 989 1202 1008 mox
1209 981 1311 1009 Auster
1318 979 1559 1012 subdit‚dccimnt
1567 979 1610 1008 his
1623 981 1748 1010 versibus.-

992 1020 1094 1057 Implet
1116 1021 1234 1054 iubentis
1255 1022 1327 1049 dicta
1351 1021 1431 1049 lisbor
1453 1022 1592 1058 improbus
1603 1042 1609 1052 ,

993 1058 1135 1089 Chai-am
1157 1062 1243 1090 ambas
1256 1083 1263 1094 ‚
1286 1062 1398 1100 ungulis
1419 1060 1599 1091 scribentibus
1610 1071 1618 1087 τ

991 1101 1082 1128 Genas
1095 1122 1102 1133 ,
1123 1103 1244 1130 cruentis
1263 1106 1290 1130 &
1312 1101 1382 1130 secat
1404 1101 1500 1130 faeiem
1520 1102 1587 1130 rotis
1596 1122 1603 1129 .

996 1139 1112 1169 Hirsuta
1133 1143 1218 1171 barbis
1241 1142 1363 1172 solvitur
1385 1152 1500 1181 carptim
1522 1143 1590 1171 cutis
1601 1164 1609 1175 ,

994 1183 1028 1209 Et
1049 1191 1171 1211 mentum
1193 1183 1227 1211 ad
1247 1183 1331 1222 usque
1352 1184 1442 1212 vultus
1464 1184 1556 1213 omnis
1575 1182 1710 1212 scinditur
1722 1205 1729 1212 .

953 1221 1021 1249 Haec
1033 1223 1197 1252 Prudentius
1207 1244 1213 1251 .
1227 1225 1331 1252 Eodem
1339 1223 1416 1252 sensu
1429 1224 1545 1254 fidiculae
1556 1224 1728 1262 accipiuntur
1740 1246 1747 1257 ,

953 1262 970 1289 l.
989 1263 1161 1291 Decuriones
1173 1284 1180 1291 .
1199 1265 1274 1293 cod.
1299 1265 1334 1293 de
1352 1264 1444 1303 quaest.
1465 1275 1527 1294 nani
1547 1265 1665 1293 fidiculis
1695 1275 1752 1293 tor-

951 1302 1030 1341 queri
1050 1305 1207 1341 Imperator
1224 1305 1341 1343 appellat
1367 1315 1508 1334 cruentam
1535 1306 1728 1334 conditionem
1741 1328 1749 1338 ‚

951 1346 997 1372 sic
1006 1344 1077 1381 apud
1089 1346 1264 1373 Ammianum
1284 1346 1331 1374 lib.
1344 1358 1390 1382 29.
1411 1347 1456 1383 qui
1465 1345 1526 1374 hsec
1535 1357 1637 1385 genera
1647 1347 1750 1374 crucia-

949 1394 1106 1413 mentorum
1117 1385 1271 1419 recensens,
1283 1387 1328 1415 ait:
1341 1387 1570 1415 Intercluduntur
1580 1387 1749 1425 equulei,ex<

950 1424 1098 1463 pediuntut
1109 1427 1229 1464 pondera
1240 1428 1372 1464 plumbea,
1383 1437 1444 1455 cum
1455 1427 1582 1459 fidiculis,
1592 1432 1619 1456 δ(
1631 1428 1751 1456 verberi-

949 1466 996 1493 bus
1006 1485 1013 1492 .
1034 1467 1162 1504 Cumque
1171 1468 1250 1505 paulo
1260 1467 1372 1496 inferius
1382 1478 1491 1496 reorum
1500 1468 1646 1502 majestatis
1665 1468 1751 1497 latere.

949 1505 1031 1534 dictis
1042 1516 1189 1535 tormentis
1199 1507 1315 1536 fodicata
1324 1508 1406 1539 dicat,
1418 1508 1537 1537 fidiculis
1559 1508 1587 1536 id
1598 1508 1694 1536 fastum
1705 1519 1752 1547 ap-

952 1556 1027 1584 paret
1038 1567 1045 1574 .
1064 1548 1100 1575 In
1108 1547 1158 1576 hac
1169 1549 1261 1576 eadem
1281 1548 1418 1577 sententia
1428 1548 1551 1577 fidiculas
1562 1549 1684 1586 accipere
1696 1560 1750 1577 tam

953 1587 1022 1625 apud
1033 1588 1126 1616 senec.
1144 1589 1162 1617 l.
1175 1599 1202 1626 3.
1220 1590 1254 1618 de
1263 1589 1304 1617 ira
1317 1611 1324 1621 ‚
1335 1599 1412 1626 quam
1422 1590 1493 1627 apud
1505 1590 1648 1617 Valerium
1657 1589 1692 1617 de
1702 1600 1750 1628 pa-

952 1627 1050 1655 tientia.
1062 1629 1079 1656 l.
1090 1639 1116 1666 3.
1129 1639 1152 1656 c.
1164 1639 1190 1666 3.
1203 1641 1229 1663 4.
1244 1638 1268 1664 5.
1282 1631 1326 1657 vel
1337 1630 1405 1657 alios
1417 1650 1424 1661 ‚
1438 1629 1511 1657 niliil
1522 1639 1598 1658 vetut
1610 1649 1617 1656 .
1629 1633 1749 1658 Tantum

951 1668 1022 1705 apud
1031 1669 1199 1697 Svetonium
1218 1670 1248 1697 in
1258 1670 1368 1698 Tiberio
1379 1670 1453 1698 aliud
1464 1680 1550 1708 genus
1568 1670 1749 1700 cruciamenti

950 1707 1078 1736 invenies
1089 1709 1173 1737 dietas
1184 1708 1235 1737 effe
1245 1709 1376 1742 fidiculas,
1385 1711 1451 1738 dum
1463 1712 1500 1738 ait
1512 1722 1518 1738 ι
1531 1711 1748 1748 Excogitavcrat

950 1748 1026 1776 intei-
1042 1759 1142 1787 genera
1161 1750 1293 1778 cruciatus
1304 1750 1385 1778 etiam
1397 1772 1404 1783 ,
1424 1760 1452 1778 ut
1463 1751 1534 1789 larga
1544 1751 1613 1778 meri
1634 1752 1749 1789 potione

949 1798 998 1827 per
1010 1788 1144 1817 fallaciam
1153 1800 1281 1819 oneratos
1293 1800 1406 1828 repente
1429 1791 1544 1820 veretris
1556 1791 1682 1829 deligatis
1694 1814 1702 1825 ‚
1717 1793 1750 1821 fi-

949 1829 1099 1858 dicularum
1111 1830 1188 1859 fimul
1203 1853 1209 1862 ,
1232 1831 1373 1869 urinaeque
1396 1841 1540 1860 tormento
1559 1832 1728 1860 distenderet
1741 1854 1749 1861 .

952 1871 1022 1898 Haec
1041 1871 1156 1899 Sveton.
1177 1871 1228 1900 Sed
1247 1871 1455 1900 remotiffimum
1474 1872 1512 1900 est
1522 1871 1654 1907 ejusmodi
1664 1884 1750 1912 genus

949 1919 1086 1938 'tormenti
1097 1912 1128 1939 ab
1136 1922 1170 1939 eo
1183 1933 1190 1943 ,
1202 1912 1276 1949 quod
1289 1912 1317 1939 in
1327 1912 1390 1940 afris
1401 1913 1559 1941 Sanctorum
1572 1915 1728 1948 Martyrum
1741 1936 1750 1947 ‚

952 1950 1065 1988 aliisque
1076 1952 1166 1979 citatis
1177 1953 1245 1980 locis
1256 1962 1302 1989 pet
1313 1952 1434 1981 fidiculas
1444 1953 1570 1981 testatum
1580 1956 1751 1992 apparenln-

954 1992 1048 2019 venies
1060 1991 1215 2030 frequenter
1223 1993 1339 2030 equuleo
1347 1994 1449 2028 junctas
1467 1992 1518 2021 css'e
1537 1993 1659 2024 fidiculas
1671 2016 1678 2027 ,
1703 1997 1750 2024 vel

950 2032 1067 2070 ungulas
1078 2054 1085 2064 ,
1097 2043 1126 2060 ea
1137 2033 1264 2060 nimirum
1277 2043 1309 2060 ex
1320 2032 1394 2061 causa
1403 2055 1410 2066 ‚
1423 2034 1497 2072 quod
1508 2043 1625 2063 extento
1633 2045 1751 2073 corpote

952 2072 983 2099 in
991 2073 1108 2109 equuleo
1118 2094 1126 2106 ‚
1136 2072 1263 2104 fidiculis,
1277 2074 1320 2101 vel
1332 2075 1440 2112 ungulis
1450 2085 1463 2102 a
1473 2075 1621 2107 tortoribus
1632 2077 1750 2104 membra

952 2111 1120 2141 sulcarentur
1130 2134 1137 2146 ‚
1160 2113 1256 2151 quibus
1276 2114 1424 2151 aliquando
1435 2114 1588 2144 succederet
1607 2116 1680 2155 ignis
1691 2126 1750 2145 tor-

952 2162 1084 2181 mentum.
1097 2154 1165 2181 Haec
1176 2163 1235 2181 cum
1250 2153 1342 2182 habeas
1352 2154 1380 2182 in
1390 2156 1535 2184 nonnullis
1543 2157 1606 2184 aitis
1617 2158 1748 2186 Sanetorsi

957 2195 1121 2229 Martyrum,
1133 2194 1157 2222 S.
1170 2195 1326 2231 Cyprianus
1337 2195 1506 2225 demonstrat
1515 2219 1522 2228 ‚
1533 2197 1598 2225 dum
1608 2198 1647 2226 ait
1659 2198 1705 2225 lib.
1717 2198 1752 2225 de

952 2234 1136 2272 Lapfis:Nunc
1147 2236 1275 2272 equuleus
1283 2236 1530 2269 extenderet,nunc
1540 2238 1641 2276 ungula
1649 2237 1749 2266 effode-

950 2284 1077 2307 ret‚nunc
1087 2276 1195 2302 flamma
1205 2284 1323 2304 torreret
1331 2296 1338 2303 .
1350 2280 1384 2305 Et
1396 2280 1468 2316 Aug.
1478 2288 1520 2315 ep.
1535 2288 1580 2314 59.
1593 2279 1627 2305 :id
1637 2279 1750 2305 Martei-

951 2315 1003 2343 lin.
1014 2316 1084 2344 Non
1095 2315 1263 2344 extendente
1273 2317 1390 2354 equuleo
1400 2339 1407 2349 ,
1418 2328 1476 2346 non
1486 2318 1650 2346 sulcantibus
1660 2327 1749 2356 ungu—

949 2355 982 2383 lis
993 2376 1002 2389 ‚
1023 2366 1081 2385 non
1093 2355 1230 2386 urentibus
1247 2357 1362 2387 flammis
1379 2361 1432 2387 ὄις.
1440 2359 1544 2390 Eadem
1557 2359 1748 2391 Hieronymus

1631 2402 1708 2436 epm.
