1866 2526
446 27 553 71 PU

98 83 163 116 dem
173 82 302 116 Christus
318 84 455 115 Dominus
465 95 527 115 cum
538 80 689 124 publicanis
700 93 756 112 non
777 82 909 121 conver-1

98 123 194 161 sanet,
211 125 232 155 fi
242 123 355 154 Ethnici
365 124 493 159 fuiffem,
512 137 562 156 nec
577 135 638 154 cum
647 125 686 154 eis
703 126 776 155 cibos
795 126 897 155 vetitos

98 164 257 198 comedisset
266 187 275 200 ,
286 175 321 195 ne
328 165 577 196 scandalizarentur
586 167 706 197 Hebraei.
718 169 775 196 FR-
788 169 848 206 Ego
859 177 898 195 ta-

99 217 164 238 men
171 204 298 237 existimo
308 207 466 245 publicanos
485 207 558 237 suiss'e
570 219 623 237 tam
646 208 795 241 Hebraeos,
817 219 896 248 quam

97 247 225 279 Gentiles
235 267 244 281 ‚
263 248 337 287 quod
347 258 379 276 ex
393 248 481 278 verbis
490 249 576 277 Plinii
587 258 672 288 arguo
683 271 690 282 ,
701 249 769 288 qui,
790 249 837 278 lib.
852 260 895 279 12.

97 287 237 319 Naturalis
246 287 353 317 Histor.
364 299 423 328 cap.
439 299 482 324 14.
496 289 596 327 inquit:
615 291 800 329 [Iterumque
813 290 895 318 nostri

98 327 213 367 Imperii
224 328 373 368 publicanis
385 329 514 369 penditur
523 333 575 358 &c.
591 335 603 365 [
614 331 706 364 Quare
715 341 773 360 non
783 330 895 359 videtur

97 369 234 409 probabile
241 389 252 406 ,
271 370 346 409 quod
359 370 494 408 publicani
513 380 562 409 per
581 371 686 399 vastum
704 373 894 400 Romanorum

97 411 249 448 Imperium
258 410 408 440 debuiss‘ent
418 420 515 440 omnes
525 411 656 440 Hebraeos
666 409 717 440 ess'e
724 422 734 441 s
753 412 798 440 vel
808 410 893 441 Plinii

97 451 180 480 verba
188 449 285 480 saltem
296 450 550 491 intelligendasunt
561 473 570 484 ‚
591 451 666 490 quod
676 451 790 489 Imperii
801 451 892 480 Publi-

95 492 157 521 cani
169 493 200 520 in
216 493 338 522 Oriente
348 501 425 521 erant
443 491 566 521 distincti
576 490 703 520 acaeteris
721 491 833 520 aliarum
843 501 890 519 na-

96 533 206 561 tionum
216 545 223 564 ς
243 544 305 562 nam
317 531 354 561 ibi
366 532 454 561 thuris
460 532 578 571 gabellas
587 543 600 560 a
608 531 722 560 diversis
733 532 890 560 nationibus

94 572 240 602 solvendas
250 572 372 603 recenset
382 595 390 606 ,
413 583 443 601 ac
453 572 563 600 tandem
583 571 699 600 devenit
709 571 742 600 ad
752 573 888 602 telonium

95 615 217 653 Imperio
227 614 348 644 debitum
356 635 365 647 ‚
384 613 429 641 ubi
440 613 474 640 de
486 613 600 650 Imperii
611 611 760 649 publicanis
771 613 890 641 mentio-

1249 26 1284 69 P
1312 29 1356 72 U
1619 39 1692 87 561

952 79 986 111 de
996 80 1118 127 hyemali
1130 93 1256 124 tempore
1267 85 1390 126 loquitur
1399 98 1498 123 textus,
1511 100 1540 119 ac
1549 89 1584 122 de
1592 92 1685 123 tunica
1696 104 1746 123 no*

953 124 1046 154 &urna
1055 147 1064 159 ,
1083 136 1199 166 nempe,
1221 137 1251 156 ut
1262 127 1292 156 in
1302 138 1332 156 ea
1345 128 1456 158 indutus
1466 131 1616 161 Monachus
1629 133 1748 163 refluere

952 163 1034 203 poffit
1049 166 1160 207 frigoris
1169 167 1282 204 injuriae
1293 179 1300 196 :
1311 178 1361 197 nec
1372 169 1520 199 verilimile
1529 171 1656 205 videtur,
1671 173 1746 211 quod

951 205 1012 245 post
1022 208 1171 237 nocturnos
1179 229 1188 241 ‚
1200 207 1266 237 dum
1275 208 1375 238 iterum
1387 210 1522 244 dormire,
1534 222 1561 240 ac
1571 214 1661 242 calore
1669 213 1697 241 se
1707 214 1748 242 so-

953 256 1018 275 vere
1027 247 1179 278 debuiss'ent
1189 270 1197 282 ‚
1215 250 1376 278 noflurnam
1389 251 1508 280 tunicam
1525 251 1664 291 deponere
1672 254 1747 289 jube-

952 297 1032 316 antur
1042 309 1050 316 .
1072 291 1168 328 Itaque
1176 299 1245 328 puto
1256 311 1264 322 ,
1287 291 1362 329 quod
1371 291 1464 329 potius
1480 293 1642 322 Pediculent
1662 294 1748 322 corri-

951 328 1070 365 gendum
1080 330 1112 360 fit
1121 351 1130 363 ,
1152 339 1211 359 tum
1219 340 1253 358 ex
1263 330 1423 369 ignorantia
1432 331 1603 370 Scriptorum
1613 333 1687 363 illius
1696 333 1747 362 sz-

950 368 1004 396 culi
1015 391 1024 402 ,
1047 379 1105 400 tum
1115 370 1198 400 etiam
1207 381 1240 399 ex
1250 370 1420 401 documento
1427 370 1487 400 usus
1509 373 1659 412 aliquarum
1670 374 1748 404 Reli-

950 408 1066 446 gionutn
1076 433 1084 445 ,
1093 411 1147 448 {ubi
1159 411 1219 450 post
1230 413 1380 441 nocturnos
1388 411 1479 441 solent
1499 414 1636 453 Religiofi
1649 416 1679 444 in
1688 425 1746 443 me-

949 448 997 476 dio
1007 451 1118 487 alicujus
1129 452 1197 480 aulae
1206 451 1353 481 accendere
1363 462 1460 491 pyram
1471 452 1599 489 hyberno
1609 465 1664 484 tem
1668 466 1744 494 pore,

948 491 976 516 δε
986 489 1142 522 discindere
1153 492 1296 532 cingulum
1306 514 1315 526 ,
1326 503 1356 521 ac
1364 493 1482 532 pulices,
1495 494 1650 534 fimilesque
1658 496 1747 525 sordi-

946 529 991 557 das
1003 531 1124 560 bestiolas
1136 533 1164 561 in
1175 533 1269 571 ignem
1277 542 1417 567 excutere,
1427 537 1454 562 ὃ(
1464 534 1641 573 postmodum
1649 537 1684 566 ad
1694 537 1745 566 ite-

947 579 1005 598 rum
1015 571 1210 602 dormiendum
1219 573 1260 602 ire
1272 594 1280 601 .
1301 574 1390 604 'Unde
1398 573 1453 604 hoc
1464 575 1575 604 verbum
1596 578 1687 616 potius
1698 588 1746 616 pe-

945 610 1051 640 diculos
1060 623 1074 640 a
1084 614 1177 642 tunica
1185 613 1370 648 extrahere,&
1380 616 1495 644 mastare
1503 615 1656 656 significare
1663 627 1743 657 puto.

95 664 160 684 nem
171 654 234 684 facit
244 675 252 682 .
262 658 336 693 Ergo
345 661 450 682 caeterae
459 652 585 681 nationes
593 651 718 680 diversos
730 654 888 690 publicanos
905 649 992 684 Pum,
1005 660 1055 689 pro
1064 651 1154 687 servo,
1165 654 1221 683 sive
1230 654 1357 684 ministro
1368 666 1375 683 :
1387 657 1478 690 [Puer
1488 666 1562 686 meus
1570 659 1640 693 jacet
1651 660 1682 688 in
1692 660 1743 689 do-

94 695 228 723 habebant
240 694 273 723 ad
282 692 430 732 exigendas
440 702 530 720 earum
540 692 654 730 gabellas
664 712 671 719 .
695 695 736 721 Ac
748 693 821 722 idem
833 694 891 723 Pli-

95 735 156 764 nius
166 756 174 768 ,
186 735 232 763 lib.
242 745 289 772 33.
298 743 355 771 cap.
367 744 393 761 2.
406 732 489 765 vires,
499 736 526 761 ὅ(
535 733 721 771 gentilitatem
732 735 892 771 publicano-

93 784 154 803 rum
161 775 234 803 clare
242 772 371 812 exprcffit
382 771 424 801 lu‘s
434 772 522 801 verbis
533 785 540 801 .-
552 778 564 809 [
575 775 617 802 Ita
626 773 690 802 dum
701 772 838 811 separatur
847 786 891 804 or-

92 814 130 844 do
139 815 170 843 ab
180 815 308 854 ingenuis
320 836 329 848 ‚
341 814 555 843 communicatus
565 814 603 842 est
612 824 674 842 cum
683 813 806 843 servitiis
815 836 823 843 .
842 818 891 854 Ju-

92 855 184 884 dicum
192 864 283 884 autem
293 854 480 894 appellatione
491 852 605 891 separari
615 865 677 883 eum
687 855 825 888 ordinem,
836 856 892 894 pri-

91 895 131 924 mi
141 896 265 924 omnium
287 896 429 924 instituere
438 894 560 924 Gracchi
578 894 697 924 discordi
710 897 874 935 popularitat

91 935 122 964 in
130 936 328 965 contumeliam
336 937 449 965 Senatus
460 946 468 966 5
479 945 543 963 mox
555 946 585 963 ea
595 935 731 965 debellata
743 958 750 969 ,
772 937 887 966 austori-

88 986 129 1004 τας
140 977 260 1005 nominis
271 976 348 1004 vario
359 975 525 1004 seditionum
535 986 637 1004 eventu
649 976 719 1005 circa
731 977 888 1015 publicanos

89 1015 208 1045 substitit
219 1038 227 1050 ,
240 1020 267 1045 &
279 1016 438 1055 aliquandiu
449 1015 538 1044 tertiae
552 1016 622 1044 vires
633 1017 769 1055 publicani
780 1017 862 1047 fuere.
874 1020 886 1049 ]

90 1058 163 1085 Item
174 1057 282 1086 Plinius
290 1056 422 1085 secundus
433 1078 440 1089 ‚
451 1056 497 1084 lib.
509 1067 536 1088 7.
547 1057 624 1094 epist.
640 1067 683 1092 ¹4·
695 1058 802 1096 inquit:
816 1064 829 1093 [
842 1058 887 1088 Ut

88 1096 177 1135 accipi
185 1098 291 1132 jubeam
299 1107 315 1124 a
323 1107 351 1125 te
362 1097 483 1136 pretium
493 1107 621 1135 agrorum
630 1100 684 1125 &c.
696 1109 754 1126 non
764 1098 859 1136 quanti
874 1109 887 1126 a

89 1137 189 1166 liberto
199 1148 270 1167 meo:
281 1137 326 1166 sed
335 1142 387 1166 &c.
400 1138 518 1176 quantia
529 1137 680 1176 publicanis
692 1148 799 1176 partem
810 1140 887 1178 vige-

88 1177 183 1207 simam
193 1179 282 1207 emisti
294 1199 301 1206 .
313 1180 325 1210 ]
338 1181 398 1214 Ejus
406 1177 562 1215 synonyma
571 1197 579 1205 .
599 1178 673 1207 Vide
683 1179 713 1207 in
721 1179 785 1209 dict.
794 1181 886 1218 Susce-

88 1228 170 1255 latum
181 1241 188 1253 ‚
198 1220 362 1248 Telonarius
371 1239 379 1246 .

47 1259 235 1290 ΡυΒιιςιΑκΑ
247 1263 309 1289 Aca
317 1270 346 1288 io
359 1281 365 1287 .
376 1261 432 1289 FR-
443 1260 578 1289 terminus
585 1260 661 1296 jurIs,
675 1271 755 1299 quem
764 1261 883 1291 declarat

88 1300 181 1329 Gloffi
190 1302 220 1329 in
228 1311 252 1329 c.
263 1301 376 1332 Abbare,
387 1301 420 1328 de
432 1299 553 1329 sentent.
565 1305 593 1330 ὁ(
604 1311 633 1329 re
641 1302 769 1337 judicata,
784 1302 813 1330 in
826 1302 885 1331 sex-

87 1351 118 1370 to
127 1363 134 1374 ‚
146 1342 172 1373 ξ,
186 1341 316 1370 Dominii
328 1362 336 1374 ‚
346 1341 389 1369 ubi
400 1340 435 1369 fic
445 1340 538 1380 inquit
548 1342 576 1369 in
588 1340 647 1370 casu
660 1341 698 1369 ibi
707 1343 809 1370 allato:
834 1343 883 1378 [Si

86 1382 147 1410 talis
167 1392 276 1420 emptor
287 1403 295 1414 ,
319 1390 464 1420 antequam
474 1379 610 1420 usucapiat
619 1403 626 1415 ‚
649 1393 664 1410 a
675 1381 835 1420 possessione
843 1393 884 1411 ca—

87 1421 145 1450 dit:
168 1423 236 1460 petit
250 1432 306 1450 rem
315 1433 328 1450 a
339 1421 480 1460 polfessore
490 1425 548 1456 jure
558 1423 631 1460 quali
642 1423 780 1456 dominii,
802 1427 830 1452 ὅ(
839 1434 884 1462 ap—

88 1463 208 1500 pellatur
220 1462 291 1490 aftio
300 1462 452 1500 publiciana
463 1482 471 1488 .
483 1463 509 1490 Si
518 1472 610 1490 autem
621 1462 679 1500 post
690 1462 883 1501 usucapionem

87 1513 102 1529 a
111 1501 272 1539 poss‘effione
281 1503 364 1530 cadat:
375 1511 439 1529 tunc
451 1512 508 1530 non
516 1512 651 1541 competit
663 1503 828 1541 publiciana,
837 1503 883 1533 sed

945 701 992 720 mo
1001 693 1166 730 paralyticus
1177 714 1184 721 .
1207 694 1309 723 Matth.
1321 701 1346 724 8.
1359 697 1371 727 ]
1396 706 1446 734 qua
1456 696 1659 736 significatione
1671 699 1747 729 usur-

946 742 1026 771 patur
1034 731 1104 772 saepe
1113 735 1144 763 in
1155 733 1228 763 sacra
1238 735 1356 774 pagina:
1371 741 1390 770 ⁴[
1402 739 1436 764 Et
1450 738 1562 766 vocavit
1572 744 1584 773 (
1593 740 1662 776 idest
1672 761 1680 773 ,
1701 745 1745 770 A-

945 773 1081 802 lexander
1099 780 1219 813 Magnus
1231 778 1243 807 )
1260 785 1358 813 pueros
1373 775 1434 804 suos
1453 778 1558 807 nobiles
1569 800 1577 812 ,
1597 780 1643 817 qui
1654 778 1746 810 secun

947 823 1024 842 erant
1035 815 1135 843 nutriti
1154 818 1340 849 ajuventute,
1363 826 1385 844 ι.
1397 817 1496 846 Macab.
1515 829 1574 857 cap.
1590 830 1612 847 ι.
1628 822 1639 851 1
1660 824 1687 849 δε
1700 822 1744 850 ubi

945 864 996 882 nos
1006 853 1104 884 Psalm.
1121 867 1129 883 1
1142 856 1343 895 12..legimus.·*[
1352 857 1471 887 Laudare
1481 861 1558 897 pueri
1571 860 1743 894 Dominum]

946 895 1135 931 Symmachus,
1145 897 1258 935 Aquila,
1269 901 1298 926 δι
1308 896 1491 927 Theodotion
1502 909 1643 929 verterunt
1653 901 1743 935 ὃῖλοι.

945 935 1024 964 Servi
1035 958 1043 969 ‚
1054 947 1082 965 ac
1094 937 1177 965 etiam
1186 937 1257 975 apud
1268 938 1312 966 SS-
1325 939 1433 967 Patres:
1460 944 1472 974 [
1485 941 1540 970 Ille
1550 951 1618 970 vero
1628 941 1744 980 egressiis

944 975 1013 1004 foras
1031 978 1154 1006 munivit
1174 987 1287 1016 puerum
1296 978 1392 1006 armis.
1411 982 1529 1019 Gregor.
1539 984 1644 1010 Turon.
1657 982 1703 1011 lib.
1717 995 1742 1018 3-

942 1026 997 1054 cap.
1013 1027 1055 1052 ¹5-
1069 1019 1081 1049 ]
1095 1019 1177 1052 FR.⁷[
1190 1018 1271 1046 Plura
1279 1017 1424 1048 scriberem
1436 1019 1520 1050 frater
1529 1043 1538 1054 ,
1560 1022 1590 1050 ni
1599 1017 1742 1052 celeritate

941 1057 1017 1094 pueri
1028 1057 1194 1086 revertentis
1204 1068 1316 1097 urgerer
1326 1079 1333 1086 .
1353 1059 1378 1087 S.
1389 1060 1496 1089 Pacian.
1517 1062 1594 1100 epist.
1609 1073 1631 1090 1.
1642 1063 1675 1092 de
1686 1064 1742 1092 ca-

944 1096 1050 1127 tholico
1061 1098 1177 1126 nomine
1189 1101 1245 1133 [Ac
1255 1099 1351 1127 clai-ius
1362 1109 1443 1136 penes
1452 1102 1490 1130 D.
1502 1102 1672 1140 Gregoriusu
1683 1105 1740 1133 Ma-

941 1148 1027 1176 gnum
1052 1145 1064 1175 [
1076 1139 1188 1174 Quanto
1202 1149 1298 1179 utpote
1308 1140 1407 1169 nobilis
1415 1141 1539 1171 foeminae
1553 1143 1629 1180 pueri
1639 1155 1673 1173 ex
1685 1143 1741 1174 sol:

941 1178 1062 1217 superbia
1072 1180 1240 1219 delinquunt
1250 1200 1258 1208 .
1268 1182 1303 1209 In
1313 1181 1420 1220 Regist.
1430 1182 1476 1211 lib.
1488 1194 1514 1212 ι.
1526 1182 1604 1221 epist.
1622 1195 1644 1212 ι,
1656 1186 1668 1216 ]
1690 1187 1741 1214 At-

941 1230 994 1257 que
1004 1220 1096 1250 Gloss'a
1105 1219 1167 1249 satis
1176 1221 1296 1250 declarat
1306 1242 1314 1253 ‚
1325 1221 1459 1260 inquiens:
1472 1230 1485 1259 1
1496 1226 1566 1252 Puer
1575 1225 1740 1263 quandoque

940 1259 1049 1289 servum
1060 1282 1068 1294 ,
1079 1262 1243 1300 quandoque
1255 1261 1374 1300 puellam
1385 1263 1519 1302 fignificat
1535 1290 1539 1294 .
1550 1264 1576 1293 ff.
1588 1265 1622 1294 de
1633 1265 1738 1294 verbor.

939 1300 1030 1339 signif.
1041 1302 1060 1330 l.
1072 1302 1166 1340 pueri:
1187 1303 1350 1341 quandoque
1360 1303 1462 1332 dicitur
1483 1315 1547 1344 puer
1561 1309 1603 1334 ιδ.
1621 1316 1735 1339 annor..

940 1340 965 1369 ff.
978 1341 1013 1370 de
1021 1342 1066 1371 ali.
1076 1346 1103 1371 δ(
1114 1342 1166 1370 cib.
1178 1342 1260 1381 legat.
1272 1343 1289 1370 l.
1301 1343 1393 1375 Mela]
1409 1345 1480 1373 Item
1492 1351 1563 1374 Puer
1575 1367 1583 1378 ‚
1593 1356 1649 1384 quo
1661 1347 1693 1375 ad
1704 1357 1738 1375 εε-

940 1390 1024 1411 tatem
1035 1403 1042 1410 .
1061 1383 1136 1411 Vide
1143 1388 1257 1420 *lenpans
1267 1405 1275 1416 ‚
1289 1382 1387 1421 Infans
1397 1405 1405 1416 ‚
1419 1388 1535 1423 Investis
1546 1407 1552 1413 .
1564 1387 1644 1415 Pueri
1654 1397 1737 1425 quare

938 1421 1087 1452 osculando
1105 1423 1246 1462 genitore:
1255 1445 1264 1456 ,
1285 1424 1340 1452 sive
1351 1425 1419 1453 alios
1430 1447 1438 1458 ,
1458 1436 1532 1454 aures
1551 1426 1738 1464 apprehende-

937 1464 1002 1491 bant
1013 1484 1020 1491 .
1032 1464 1104 1493 Vide
1115 1469 1175 1492 Pax
1185 1484 1192 1491 .
1203 1463 1297 1492 Curiae
1309 1465 1405 1502 pueri,
1428 1465 1558 1495 satellites
1569 1466 1741 1506 intelligun-

937 1511 982 1531 tur
993 1524 1001 1531 .
1010 1504 1083 1533 Vide
1093 1509 1185 1534 Natus
1197 1524 1204 1531 .

87 1542 166 1570 datur
178 1542 269 1570 civilis
279 1542 349 1569 aetio
362 1563 368 1573 ,
378 1541 482 1570 scilicet
496 1562 502 1573 ‚
525 1543 563 1570 rei
575 1542 728 1571 vindicatio
736 1542 882 1573 secundum
897 1544 1085 1574 Puzalsczxs
1095 1565 1102 1572 .
1114 1544 1188 1573 Vide
1198 1543 1412 1582 Coinfimtae'atus
1423 1565 1430 1573 .

85 1580 216 1620 quosdam
225 1582 302 1610 utilis
329 1581 478 1610 secuudum
488 1582 556 1611 alios
564 1583 675 1616 directa,
686 1582 711 1612 ff.
724 1583 758 1612 de
768 1585 880 1622 pub.l.1.
896 1586 1076 1615 Pnoumms
1090 1607 1097 1618 ,
1118 1595 1204 1623 genus
1213 1585 1308 1612 calami
1320 1595 1353 1612 ex
1363 1595 1479 1623 argento
1493 1609 1498 1618 .
1519 1587 1561 1616 vel
1574 1597 1639 1616 auro
1652 1610 1659 1621 ,
1682 1598 1738 1627 quo

85 1623 156 1650 dic'ta
169 1623 206 1651 cst
223 1631 314 1650 autem
326 1621 477 1660 publiciana
490 1644 497 1655 ,
516 1623 664 1652 a-Publicio
684 1625 792 1653 auftore
803 1646 811 1658 ,
833 1626 879 1665 qui

86 1673 144 1691 eam
155 1662 265 1691 invenit
277 1685 284 1695 ,
294 1672 324 1690 ut
338 1662 460 1692 Institut.
471 1663 505 1691 de
515 1664 564 1691 ast.
574 1664 599 1695 §.
612 1664 683 1693 Alie
695 1684 702 1691 .

43 1704 178 1733 Punico
192 1724 198 1730 .
209 1704 265 1732 PR.
276 1701 408 1732 Confisco
420 1725 426 1735 ,
438 1702 482 1731 seu
491 1702 625 1732 subhasto.
640 1710 652 1740 ἷ
664 1707 688 1733 Α
699 1714 744 1733 me
751 1714 819 1744 ergo
832 1716 881 1744 po—

87 1744 168 1772 litum
187 1743 288 1772 esthoc
298 1744 438 1771 decretum
452 1768 458 1775 ,
476 1753 506 1772 ut
519 1744 609 1772 omnis
627 1743 729 1777 homo,
750 1747 797 1784 qui
809 1745 879 1774 hanc

936 1626 1087 1664 antiquitus
1112 1625 1219 1664 sanguis
1238 1634 1272 1653 ex
1290 1626 1372 1654 calice
1392 1625 1534 1665 sugebatur
1545 1647 1552 1654 .
1576 1633 1589 1662 [
1602 1629 1659 1665 Qui
1680 1639 1735 1658 tra-

935 1664 977 1693 dit
988 1667 1012 1694 ei
1024 1666 1187 1705 pugillarem
1199 1687 1206 1698 ‚
1219 1675 1280 1693 cum
1290 1676 1345 1704 quo
1355 1666 1498 1695 confirmat
1510 1668 1638 1706 populum
1648 1690 1654 1697 .
1675 1669 1735 1699 Or-

935 1704 972 1733 do
983 1707 1066 1735 Rom.
1077 1709 1088 1737 ]
1101 1706 1136 1734 de
1145 1716 1200 1744 quo
1209 1704 1280 1745 saepe
1292 1706 1404 1739 ibidem,
1415 1710 1488 1742 cujus
1497 1707 1653 1743 synonyma
1663 1730 1670 1737 .
1683 1712 1737 1740 Vi-

935 1745 968 1773 de
978 1746 1008 1774 in
1017 1746 1084 1775 diei.
1095 1747 1191 1784 Siphon
1201 1767 1208 1774 .

85 1784 235 1812 mutaverit
244 1783 400 1819 jussioncm,
411 1784 524 1812 tollatur
533 1784 639 1823 lignum
650 1785 684 1812 de
695 1785 779 1814 domo
789 1786 879 1825 ipsius,
894 1787 1046 1816 Pinum-ox
1057 1808 1065 1820 ,
1088 1788 1201 1816 verbum
1218 1787 1362 1826 antiquum
1373 1809 1380 1820 ,
1398 1786 1467 1816 idest
1479 1809 1486 1819 ,
1504 1787 1607 1818 fulcior
1619 1801 1625 1818 :
1647 1796 1660 1826 [
1672 1793 1735 1820 Erat

85 1827 112 1852 δι
124 1824 244 1862 erigatur
256 1846 263 1857 ‚
275 1829 302 1853 δι
314 1825 465 1864 configatur
475 1824 504 1854 in
513 1834 546 1852 eo
557 1847 564 1858 ‚
587 1825 682 1853 domus
693 1835 782 1854 autem
791 1827 879 1865 publi-

75 1874 161 1892 -cetur
174 1886 179 1891 .
192 1863 284 1893 Esdrae
295 1875 352 1903 cap.
365 1872 392 1894 6.
402 1877 429 1894 n.
445 1876 488 1894 ii.

46 1907 191 1935 Punucto
201 1927 209 1938 ‚
230 1904 284 1933 hoc
294 1906 406 1934 verbum
417 1927 424 1939 ,
444 1906 518 1944 quod
529 1905 559 1934 in
570 1906 768 1935 Monachorum
779 1908 879 1946 regulis

933 1827 1008 1855 enim
1019 1826 1278 1862 hujusmodicarcer
1289 1849 1297 1860 ‚
1318 1837 1348 1856 ut
1357 1826 1436 1866 super
1446 1827 1545 1856 struem
1557 1829 1700 1867 tignorum
1710 1843 1737 1860 a-

931 1877 978 1896 xes
991 1867 1076 1896 validi
1086 1867 1249 1905 superpositi
1262 1867 1483 1906 pulpitarentur.
1506 1870 1651 1899 Flodoard.
1663 1872 1736 1900 Hist.

932 1906 1070 1937 Rhemcn.
1082 1918 1137 1946 cap.
1151 1918 1196 1943 50.

85 1946 247 1978 invenitur,
265 1945 482 1974 Eruditiffimum
502 1948 600 1976 Lucam
622 1947 799 1976 Holstenium
810 1949 880 1977 mul·
893 1948 1050 1977 Portarum
1064 1970 1071 1981 ,
1091 1947 1281 1977 fulcimentum
1293 1969 1300 1980 ,
1317 1951 1345 1976 δ(
1365 1949 1439 1977 inter
1459 1949 1657 1978 Ecclefiasticos
1685 1961 1736 1990 pro

87 1996 145 2014 tum
167 1986 196 2013 in
215 1985 265 2014 suo
273 1985 359 2014 Glofll
379 1988 535 2026 excogitare
552 1987 708 2026 compulit,
725 1998 756 2015 ac
769 1988 880 2017 tandem

85 2027 224 2064 deponere
233 2026 268 2054 ait
281 2026 447 2064 fignificare5
466 2027 512 2056 sed
522 2038 611 2056 textus
622 2028 701 2055 verba
712 2028 785 2056 aliud
796 2029 880 2057 deno-

83 2077 141 2095 tare
152 2077 168 2094 v
174 2067 294 2098 idemur,
317 2067 360 2095 uhi
371 2067 406 2096 fic
418 2067 531 2096 habetur
542 2079 547 2095 :
569 2074 580 2104 [
591 2067 698 2096 Habere
707 2068 808 2097 debent
828 2069 880 2098 fra-

84 2116 139 2136 tres
152 2108 181 2135 in
191 2107 291 2142 hyeme
303 2116 452 2144 paraturam
459 2106 574 2146 grossam
585 2107 775 2146 quotidianam
792 2109 880 2138 stami-

934 1988 1062 2017 Ambone
1079 1989 1211 2026 accipitur
1222 2009 1228 2020 ,
1244 1988 1312 2026 quia
1321 1989 1412 2017 axibus
1434 1998 1463 2017 ut
1476 1990 1624 2027 plurimum
1645 1990 1737 2020 fulciti

933 2027 1004 2056 solet
1016 2039 1022 2056 :
1036 2029 1111 2063 [Sed
1125 2038 1211 2057 virtus
1222 2028 1368 2058 Antilliris
1380 2051 1387 2062 ,
1400 2029 1560 2068 pulpitaque
1568 2030 1676 2066 disjecit
1686 2053 1695 2065 ‚
1705 2035 1735 2062 8(

935 2078 1042 2097 catenas
1055 2069 1194 2107 confregit
1203 2091 1211 2101 ,
1226 2069 1325 2097 trabem
1336 2090 1344 2102 ,
1356 2079 1412 2107 quo
1425 2069 1581 2099 vinetorum
1589 2072 1736 2101 constabat

935 2109 1015 2148 pedes
1026 2131 1034 2142 ‚
1046 2109 1151 2148 aperuit
1163 2129 1170 2136 .
1182 2109 1327 2137 flodoard.
1336 2119 1395 2148 cap.
1408 2118 1454 2146 50.

79 2157 160 2176 neam
172 2169 180 2180 ‚
199 2151 226 2176 δι
239 2157 359 2175 tunicam
377 2148 456 2176 aliam
467 2148 626 2177 nosturnam
636 2170 644 2181 ‚
663 2158 742 2195 quam
762 2149 820 2188 post
830 2161 879 2179 no·
894 2151 1051 2179 ΡυιςΑτοκ
1063 2169 1070 2177 .
1095 2149 1169 2178 Vide
1177 2150 1257 2186 Pulfir
1268 2169 1276 2177 .

79 2188 206 2216 Cturnum
221 2188 390 2225 puduclent5
413 2189 476 2226 quia
487 2188 517 2216 in
528 2188 574 2217 die
583 2189 696 2217 diverlis
713 2199 880 2227 occupantur
895 2193 1073 2220 Persarum
1087 2210 1094 2217 .
1106 2189 1179 2219 Vide
1188 2190 1269 2227 Pulso
1279 2210 1285 2217 .

78 2228 214 2256 laboribus
225 2250 233 2260 ‚
243 2237 302 2266 cap.
315 2233 328 2256 8
338 2239 360 2256 ι.
373 2231 385 2260 ]
399 2230 468 2257 Non
478 2228 552 2257 enim
563 2229 675 2257 videtur
686 2228 801 2260 nimium
810 2241 880 2260 tem·
893 2232 989 2259 Putso
1000 2251 1009 2263 ,
1019 2230 1111 2260 insto,-
1133 2229 1265 2265 [Pulsate
1275 2253 1282 2262 ,
1291 2233 1320 2258 ὅ(
1331 2229 1470 2269 aperietur
1481 2231 1558 2260 vobis
1570 2253 1576 2260 .
1597 2233 1632 2261 In
1644 2234 1733 2261 Evan-

78 2268 155 2306 poris
164 2267 280 2306 spatium
292 2268 395 2307 requiri
405 2268 438 2297 ad
447 2268 639 2308 deponendam
650 2269 752 2298 vestem
764 2290 772 2302 ‚
791 2280 820 2300 ut
831 2271 879 2301 diu

932 2270 1008 2310 gelio
1018 2289 1024 2297 .
1037 2272 1048 2301 ]
1062 2270 1104 2299 Sic
1114 2271 1195 2298 etiam
1207 2269 1404 2310 Chrysologus
1414 2271 1523 2309 inquit:
1539 2278 1549 2307 [
1562 2272 1664 2315 Oratio
1674 2274 1735 2311 pul-

79 2318 94 2337 a
106 2308 214 2337 diurnis
226 2309 358 2338 laboribus
368 2310 489 2338 vacaturi
500 2308 584 2338 ess'ent
593 2309 726 2339 Monachi
739 2310 782 2339 illi
791 2322 802 2342 ς
814 2322 877 2341 nam
932 2311 971 2340 sat
983 2332 990 2343 ,
1012 2310 1140 2349 impetrat
1150 2311 1285 2346 jejunium
1294 2332 1303 2344 ,
1323 2310 1513 2340 misericordia
1525 2312 1623 2349 accipit
1633 2333 1642 2344 ,
1651 2311 1733 2342 serm.

75 2347 168 2379 statim
187 2348 240 2377 hoc
249 2349 304 2378 fine
323 2350 377 2379 ulla
385 2360 462 2380 mora
483 2360 561 2389 agere
573 2348 721 2390 potuifl‘ent
733 2371 740 2379 .
762 2350 878 2393 Insuper
933 2352 1002 2389 47·]
1016 2355 1043 2382 Gt
1052 2350 1148 2381 clarius
1160 2351 1197 2381 D.
1212 2352 1365 2392 Gregorius
1374 2353 1444 2390 Papa
1456 2363 1462 2381 :
1483 2357 1498 2390 [
1513 2353 1613 2382 Iterat:
1624 2362 1673 2381 vos
1681 2363 1734 2392 pro

117 2390 308 2421 Hoerolextcon
322 2395 416 2422 Macri
1374 2393 1405 2426 N
1425 2402 1444 2423 n
1635 2401 1692 2423 ma·
