<?xml version="1.0" encoding="UTF-8"?>
<!DOCTYPE html PUBLIC "-//W3C//DTD XHTML 1.0 Transitional//EN"
    "http://www.w3.org/TR/xhtml1/DTD/xhtml1-transitional.dtd">
<html xmlns="http://www.w3.org/1999/xhtml" xml:lang="en" lang="en">
 <head>
  <title>
</title>
<meta http-equiv="Content-Type" content="text/html;charset=utf-8" />
  <meta name='ocr-system' content='tesseract 3.04.00' />
  <meta name='ocr-capabilities' content='ocr_page ocr_carea ocr_par ocr_line ocrx_word'/>
</head>
<body>
  <div class='ocr_page' id='page_1' title='image "./dominicimacrimel00magr/dominicimacrimel00magr_0147.png"; bbox 0 0 1866 2526; ppageno 0'>
   <div class='ocr_carea' id='block_1_1' title="bbox 506 24 614 66">
    <p class='ocr_par' dir='ltr' id='par_1_1' title="bbox 506 24 614 66">
     <span class='ocr_line' id='line_1_1' title="bbox 506 24 614 66; baseline 0 0"><span class='ocrx_word' id='word_1_1' title='bbox 506 24 614 66; x_wconf 87' lang='lat' dir='ltr'>BR</span> 
     </span>
    </p>
   </div>
   <div class='ocr_carea' id='block_1_2' title="bbox 107 79 939 245">
    <p class='ocr_par' dir='ltr' id='par_1_2' title="bbox 107 79 939 245">
     <span class='ocr_line' id='line_1_2' title="bbox 152 79 939 124; baseline -0.008 -10"><span class='ocrx_word' id='word_1_2' title='bbox 152 81 458 124; x_wconf 78' lang='lat' dir='ltr'>colorumsubtegmirie</span> <span class='ocrx_word' id='word_1_3' title='bbox 467 101 474 110; x_wconf 87' lang='lat'><strong>·</strong></span> <span class='ocrx_word' id='word_1_4' title='bbox 485 82 574 112; x_wconf 84' lang='lat' dir='ltr'>Exod.</span> <span class='ocrx_word' id='word_1_5' title='bbox 588 91 636 120; x_wconf 88' lang='lat'>39.</span> <span class='ocrx_word' id='word_1_6' title='bbox 647 91 674 120; x_wconf 88' lang='lat'>3.</span> <span class='ocrx_word' id='word_1_7' title='bbox 685 83 697 114; x_wconf 90' lang='grc'>]</span> <span class='ocrx_word' id='word_1_8' title='bbox 710 81 768 110; x_wconf 78' lang='lat' dir='ltr'>Ubi</span> <span class='ocrx_word' id='word_1_9' title='bbox 781 79 939 117; x_wconf 65' lang='lat' dir='ltr'>diftiosub-</span> 
     </span>
     <span class='ocr_line' id='line_1_3' title="bbox 151 121 936 163; baseline -0.006 -9"><span class='ocrx_word' id='word_1_10' title='bbox 151 127 272 163; x_wconf 74' lang='lat' dir='ltr'>segmine</span> <span class='ocrx_word' id='word_1_11' title='bbox 292 134 380 154; x_wconf 77' lang='lat' dir='ltr'>trama</span> <span class='ocrx_word' id='word_1_12' title='bbox 400 123 573 162; x_wconf 78' lang='lat' dir='ltr'>intelligitur</span> <span class='ocrx_word' id='word_1_13' title='bbox 583 143 592 151; x_wconf 90' lang='lat'>.</span> <span class='ocrx_word' id='word_1_14' title='bbox 614 123 658 153; x_wconf 89' lang='lat' dir='ltr'>Sic</span> <span class='ocrx_word' id='word_1_15' title='bbox 680 123 821 161; x_wconf 78' lang='lat' dir='ltr'>Ulpianus</span> <span class='ocrx_word' id='word_1_16' title='bbox 844 121 918 151; x_wconf 81' lang='lat' dir='ltr'>dixit</span> <span class='ocrx_word' id='word_1_17' title='bbox 928 143 936 155; x_wconf 91' lang='lat'><em>,</em></span> 
     </span>
     <span class='ocr_line' id='line_1_4' title="bbox 148 163 937 204; baseline -0.005 -10"><span class='ocrx_word' id='word_1_18' title='bbox 148 164 240 204; x_wconf 88' lang='lat' dir='ltr'>quod:</span> <span class='ocrx_word' id='word_1_19' title='bbox 263 171 279 201; x_wconf 79' lang='lat' dir='ltr'>t</span> <span class='ocrx_word' id='word_1_20' title='bbox 290 167 418 204; x_wconf 72' lang='lat' dir='ltr'>Purpura:</span> <span class='ocrx_word' id='word_1_21' title='bbox 429 163 617 204; x_wconf 72' lang='lat' dir='ltr'>appellatione</span> <span class='ocrx_word' id='word_1_22' title='bbox 634 164 725 192; x_wconf 89' lang='lat' dir='ltr'>omnis</span> <span class='ocrx_word' id='word_1_23' title='bbox 745 164 856 202; x_wconf 84' lang='lat' dir='ltr'>generis</span> <span class='ocrx_word' id='word_1_24' title='bbox 875 172 937 201; x_wconf 89' lang='lat' dir='ltr'>pur-</span> 
     </span>
     <span class='ocr_line' id='line_1_5' title="bbox 107 204 936 245; baseline -0.005 -9"><span class='ocrx_word' id='word_1_25' title='bbox 107 221 116 226; x_wconf 87' lang='lat'><em>·</em></span> <span class='ocrx_word' id='word_1_26' title='bbox 129 223 131 226; x_wconf 86' lang='lat'>.</span> <span class='ocrx_word' id='word_1_27' title='bbox 148 214 253 245; x_wconf 75' lang='lat' dir='ltr'>put-aui,</span> <span class='ocrx_word' id='word_1_28' title='bbox 263 210 291 235; x_wconf 76' lang='grc' dir='ltr'>δε</span> <span class='ocrx_word' id='word_1_29' title='bbox 301 205 464 245; x_wconf 73' lang='lat' dir='ltr'>subtegmen</span> <span class='ocrx_word' id='word_1_30' title='bbox 473 205 571 234; x_wconf 57' lang='lat' dir='ltr'>factum</span> <span class='ocrx_word' id='word_1_31' title='bbox 579 204 719 233; x_wconf 79' lang='lat' dir='ltr'>contineri</span> <span class='ocrx_word' id='word_1_32' title='bbox 731 215 811 233; x_wconf 87' lang='lat' dir='ltr'>nemo</span> <span class='ocrx_word' id='word_1_33' title='bbox 822 204 936 234; x_wconf 82' lang='lat' dir='ltr'>dubitat.</span> 
     </span>
    </p>
   </div>
   <div class='ocr_carea' id='block_1_3' title="bbox 1283 27 1727 83">
    <p class='ocr_par' dir='ltr' id='par_1_3' title="bbox 1283 27 1727 83">
     <span class='ocr_line' id='line_1_6' title="bbox 1283 27 1727 83; baseline 0.016 -15"><span class='ocrx_word' id='word_1_34' title='bbox 1283 27 1318 68; x_wconf 88' lang='grc' dir='ltr'>Β</span> <span class='ocrx_word' id='word_1_35' title='bbox 1349 27 1393 69; x_wconf 89' lang='lat' dir='ltr'>R</span> <span class='ocrx_word' id='word_1_36' title='bbox 1648 45 1727 83; x_wconf 89' lang='lat'>119</span> 
     </span>
    </p>
   </div>
   <div class='ocr_carea' id='block_1_4' title="bbox 992 81 1783 245">
    <p class='ocr_par' dir='ltr' id='par_1_4' title="bbox 992 81 1783 245">
     <span class='ocr_line' id='line_1_7' title="bbox 995 81 1782 122; baseline 0.001 -11"><span class='ocrx_word' id='word_1_37' title='bbox 995 81 1095 112; x_wconf 86' lang='lat' dir='ltr'>mulier</span> <span class='ocrx_word' id='word_1_38' title='bbox 1103 103 1112 117; x_wconf 93' lang='lat'>‚</span> <span class='ocrx_word' id='word_1_39' title='bbox 1134 92 1194 122; x_wconf 77' lang='lat' dir='ltr'>quae</span> <span class='ocrx_word' id='word_1_40' title='bbox 1205 81 1287 119; x_wconf 79' lang='lat' dir='ltr'>talem</span> <span class='ocrx_word' id='word_1_41' title='bbox 1296 93 1381 113; x_wconf 72' lang='lat' dir='ltr'>artem</span> <span class='ocrx_word' id='word_1_42' title='bbox 1391 93 1500 113; x_wconf 82' lang='lat' dir='ltr'>exercet</span> <span class='ocrx_word' id='word_1_43' title='bbox 1509 104 1516 111; x_wconf 93' lang='lat'>.</span> <span class='ocrx_word' id='word_1_44' title='bbox 1541 91 1553 122; x_wconf 91' lang='lat'>[</span> <span class='ocrx_word' id='word_1_45' title='bbox 1567 87 1636 117; x_wconf 77' lang='lat' dir='ltr'>Mira</span> <span class='ocrx_word' id='word_1_46' title='bbox 1646 88 1713 118; x_wconf 70' lang='lat' dir='ltr'>fides</span> <span class='ocrx_word' id='word_1_47' title='bbox 1730 87 1782 117; x_wconf 63' lang='grc' dir='ltr'>[α-</span> 
     </span>
     <span class='ocr_line' id='line_1_8' title="bbox 996 123 1781 167; baseline 0.008 -16"><span class='ocrx_word' id='word_1_48' title='bbox 996 123 1079 152; x_wconf 76' lang='lat' dir='ltr'>mina:</span> <span class='ocrx_word' id='word_1_49' title='bbox 1091 144 1098 156; x_wconf 87' lang='lat'>‚</span> <span class='ocrx_word' id='word_1_50' title='bbox 1121 124 1225 154; x_wconf 85' lang='lat' dir='ltr'>mira&amp;</span> <span class='ocrx_word' id='word_1_51' title='bbox 1235 123 1321 153; x_wconf 84' lang='lat' dir='ltr'>virtus</span> <span class='ocrx_word' id='word_1_52' title='bbox 1334 124 1531 163; x_wconf 83' lang='lat' dir='ltr'>Apostolorum</span> <span class='ocrx_word' id='word_1_53' title='bbox 1543 148 1551 159; x_wconf 88' lang='lat'><em>,</em></span> <span class='ocrx_word' id='word_1_54' title='bbox 1573 128 1619 165; x_wconf 90' lang='lat' dir='ltr'>qui</span> <span class='ocrx_word' id='word_1_55' title='bbox 1640 129 1781 167; x_wconf 82' lang='lat' dir='ltr'>propriam</span> 
     </span>
     <span class='ocr_line' id='line_1_9' title="bbox 993 164 1781 203; baseline 0.008 -11"><span class='ocrx_word' id='word_1_56' title='bbox 993 164 1140 193; x_wconf 80' lang='lat' dir='ltr'>Ecclesiam</span> <span class='ocrx_word' id='word_1_57' title='bbox 1148 174 1181 192; x_wconf 87' lang='lat' dir='ltr'>ex</span> <span class='ocrx_word' id='word_1_58' title='bbox 1193 174 1270 203; x_wconf 81' lang='lat' dir='ltr'>parte</span> <span class='ocrx_word' id='word_1_59' title='bbox 1278 175 1453 195; x_wconf 82' lang='lat' dir='ltr'>concremare</span> <span class='ocrx_word' id='word_1_60' title='bbox 1463 166 1644 203; x_wconf 82' lang='lat' dir='ltr'>permiserunt</span> <span class='ocrx_word' id='word_1_61' title='bbox 1657 189 1664 201; x_wconf 84' lang='lat'><em>,</em></span> <span class='ocrx_word' id='word_1_62' title='bbox 1687 171 1781 199; x_wconf 75' lang='lat' dir='ltr'>braxa-</span> 
     </span>
     <span class='ocr_line' id='line_1_10' title="bbox 992 204 1783 245; baseline 0.005 -12"><span class='ocrx_word' id='word_1_63' title='bbox 992 204 1068 233; x_wconf 80' lang='lat' dir='ltr'>tricis</span> <span class='ocrx_word' id='word_1_64' title='bbox 1078 205 1191 234; x_wconf 90' lang='lat' dir='ltr'>domum</span> <span class='ocrx_word' id='word_1_65' title='bbox 1201 205 1231 234; x_wconf 87' lang='lat' dir='ltr'>in</span> <span class='ocrx_word' id='word_1_66' title='bbox 1243 205 1340 235; x_wconf 80' lang='lat' dir='ltr'>mediis</span> <span class='ocrx_word' id='word_1_67' title='bbox 1353 206 1469 236; x_wconf 84' lang='lat' dir='ltr'>flammis</span> <span class='ocrx_word' id='word_1_68' title='bbox 1491 207 1606 245; x_wconf 85' lang='lat' dir='ltr'>positam</span> <span class='ocrx_word' id='word_1_69' title='bbox 1617 229 1625 240; x_wconf 84' lang='lat'><em>‚</em></span> <span class='ocrx_word' id='word_1_70' title='bbox 1647 219 1704 237; x_wconf 91' lang='lat' dir='ltr'>non</span> <span class='ocrx_word' id='word_1_71' title='bbox 1726 210 1783 238; x_wconf 76' lang='lat' dir='ltr'>sine</span> 
     </span>
    </p>
   </div>
   <div class='ocr_carea' id='block_1_5' title="bbox 149 245 1781 290">
    <p class='ocr_par' dir='ltr' id='par_1_5' title="bbox 149 245 1781 290">
     <span class='ocr_line' id='line_1_11' title="bbox 149 245 1781 290; baseline 0.001 -15"><span class='ocrx_word' id='word_1_72' title='bbox 149 247 169 275; x_wconf 93' lang='lat' dir='ltr'>l.</span> <span class='ocrx_word' id='word_1_73' title='bbox 179 247 199 276; x_wconf 81' lang='lat' dir='ltr'>si</span> <span class='ocrx_word' id='word_1_74' title='bbox 210 246 254 274; x_wconf 89' lang='lat' dir='ltr'>cui</span> <span class='ocrx_word' id='word_1_75' title='bbox 263 247 325 276; x_wconf 85' lang='lat' dir='ltr'>lana</span> <span class='ocrx_word' id='word_1_76' title='bbox 335 269 342 281; x_wconf 90' lang='grc'><strong><em>,</em></strong></span> <span class='ocrx_word' id='word_1_77' title='bbox 352 247 479 286; x_wconf 83' lang='lat' dir='ltr'>delegat.</span> <span class='ocrx_word' id='word_1_78' title='bbox 493 257 520 284; x_wconf 89' lang='lat'>3.</span> <span class='ocrx_word' id='word_1_79' title='bbox 531 245 564 274; x_wconf 89' lang='lat' dir='ltr'>ad</span> <span class='ocrx_word' id='word_1_80' title='bbox 576 246 677 274; x_wconf 77' lang='lat' dir='ltr'>calcem</span> <span class='ocrx_word' id='word_1_81' title='bbox 688 266 695 274; x_wconf 89' lang='lat'>.</span> <span class='ocrx_word' id='word_1_82' title='bbox 709 247 720 276; x_wconf 90' lang='grc'>]</span> <span class='ocrx_word' id='word_1_83' title='bbox 734 245 808 274; x_wconf 84' lang='lat' dir='ltr'>Vide</span> <span class='ocrx_word' id='word_1_84' title='bbox 818 246 946 290; x_wconf 60' lang='lat' dir='ltr'>Charta-¹</span> <span class='ocrx_word' id='word_1_85' title='bbox 993 245 1178 283; x_wconf 61' lang='lat' dir='ltr'>admiratione</span> <span class='ocrx_word' id='word_1_86' title='bbox 1196 246 1348 276; x_wconf 88' lang='lat' dir='ltr'>multorum</span> <span class='ocrx_word' id='word_1_87' title='bbox 1358 267 1370 280; x_wconf 84' lang='lat'>,</span> <span class='ocrx_word' id='word_1_88' title='bbox 1390 245 1504 276; x_wconf 75' lang='lat' dir='ltr'>illaesam</span> <span class='ocrx_word' id='word_1_89' title='bbox 1525 246 1635 278; x_wconf 82' lang='lat' dir='ltr'>servare</span> <span class='ocrx_word' id='word_1_90' title='bbox 1666 258 1781 280; x_wconf 77' lang='lat' dir='ltr'>curave-</span> 
     </span>
    </p>
   </div>
   <div class='ocr_carea' id='block_1_6' title="bbox 107 285 934 326">
    <p class='ocr_par' dir='ltr' id='par_1_6' title="bbox 107 285 934 326">
     <span class='ocr_line' id='line_1_12' title="bbox 107 285 934 326; baseline -0.004 -9"><span class='ocrx_word' id='word_1_91' title='bbox 107 290 228 317; x_wconf 71' lang='lat' dir='ltr'>BRMDA</span> <span class='ocrx_word' id='word_1_92' title='bbox 240 307 248 319; x_wconf 92' lang='lat'><em>‚</em></span> <span class='ocrx_word' id='word_1_93' title='bbox 270 291 299 316; x_wconf 75' lang='grc' dir='ltr'>δι</span> <span class='ocrx_word' id='word_1_94' title='bbox 308 289 422 326; x_wconf 73' lang='lat' dir='ltr'>Brayda</span> <span class='ocrx_word' id='word_1_95' title='bbox 431 307 439 314; x_wconf 90' lang='lat'>.</span> <span class='ocrx_word' id='word_1_96' title='bbox 463 288 520 316; x_wconf 76' lang='lat' dir='ltr'>PR.</span> <span class='ocrx_word' id='word_1_97' title='bbox 529 285 658 316; x_wconf 78' lang='lat' dir='ltr'>Poss&#39;cffio</span> <span class='ocrx_word' id='word_1_98' title='bbox 669 307 676 319; x_wconf 83' lang='lat'>,</span> <span class='ocrx_word' id='word_1_99' title='bbox 700 286 871 314; x_wconf 81' lang='lat' dir='ltr'>territorium</span> <span class='ocrx_word' id='word_1_100' title='bbox 882 306 889 313; x_wconf 92' lang='lat'>.</span> <span class='ocrx_word' id='word_1_101' title='bbox 900 287 934 314; x_wconf 87' lang='lat' dir='ltr'>In</span> 
     </span>
    </p>
   </div>
   <div class='ocr_carea' id='block_1_7' title="bbox 105 326 933 1338">
    <p class='ocr_par' dir='ltr' id='par_1_7' title="bbox 148 326 933 407">
     <span class='ocr_line' id='line_1_13' title="bbox 148 326 933 368; baseline -0.005 -11"><span class='ocrx_word' id='word_1_102' title='bbox 148 327 252 368; x_wconf 72' lang='lat' dir='ltr'>legibus</span> <span class='ocrx_word' id='word_1_103' title='bbox 261 327 436 368; x_wconf 66' lang='lat' dir='ltr'>longobard.</span> <span class='ocrx_word' id='word_1_104' title='bbox 445 331 474 357; x_wconf 73' lang='grc' dir='ltr'>δε</span> <span class='ocrx_word' id='word_1_105' title='bbox 484 327 583 356; x_wconf 77' lang='lat' dir='ltr'>Bullar.</span> <span class='ocrx_word' id='word_1_106' title='bbox 595 327 690 360; x_wconf 75' lang='lat' dir='ltr'>Calin,</span> <span class='ocrx_word' id='word_1_107' title='bbox 702 335 771 356; x_wconf 61' lang='lat' dir='ltr'>toa..</span> <span class='ocrx_word' id='word_1_108' title='bbox 779 326 933 356; x_wconf 83' lang='lat' dir='ltr'>Constitut.</span> 
     </span>
     <span class='ocr_line' id='line_1_14' title="bbox 153 367 931 407; baseline -0.005 -10"><span class='ocrx_word' id='word_1_109' title='bbox 153 380 195 398; x_wconf 83' lang='lat' dir='ltr'>io.</span> <span class='ocrx_word' id='word_1_110' title='bbox 211 381 252 403; x_wconf 89' lang='lat'>¹7·</span> <span class='ocrx_word' id='word_1_111' title='bbox 265 379 312 407; x_wconf 82' lang='lat'>73·</span> <span class='ocrx_word' id='word_1_112' title='bbox 328 380 391 399; x_wconf 85' lang='lat'>120.</span> <span class='ocrx_word' id='word_1_113' title='bbox 406 378 470 404; x_wconf 83' lang='lat'>154.</span> <span class='ocrx_word' id='word_1_114' title='bbox 485 375 548 403; x_wconf 81' lang='lat'>164.</span> <span class='ocrx_word' id='word_1_115' title='bbox 570 367 682 396; x_wconf 80' lang='lat' dir='ltr'>Dicitur</span> <span class='ocrx_word' id='word_1_116' title='bbox 703 368 787 396; x_wconf 86' lang='lat' dir='ltr'>etiam</span> <span class='ocrx_word' id='word_1_117' title='bbox 805 368 913 396; x_wconf 75' lang='lat' dir='ltr'>Bradia</span> <span class='ocrx_word' id='word_1_118' title='bbox 925 386 931 393; x_wconf 92' lang='lat'>.</span> 
     </span>
    </p>

    <p class='ocr_par' dir='ltr' id='par_1_8' title="bbox 148 408 467 447">
     <span class='ocr_line' id='line_1_15' title="bbox 148 408 467 447; baseline -0.006 -9"><span class='ocrx_word' id='word_1_119' title='bbox 148 408 253 438; x_wconf 84' lang='lat' dir='ltr'>ibidem</span> <span class='ocrx_word' id='word_1_120' title='bbox 265 410 387 438; x_wconf 85' lang='lat' dir='ltr'>Constit.</span> <span class='ocrx_word' id='word_1_121' title='bbox 405 420 432 447; x_wconf 68' lang='grc' dir='ltr'>ις</span> <span class='ocrx_word' id='word_1_122' title='bbox 441 414 467 438; x_wconf 80' lang='lat'>8.</span> 
     </span>
    </p>

    <p class='ocr_par' dir='ltr' id='par_1_9' title="bbox 106 450 595 486">
     <span class='ocr_line' id='line_1_16' title="bbox 106 450 595 486; baseline -0.004 -8"><span class='ocrx_word' id='word_1_123' title='bbox 106 450 266 479; x_wconf 66' lang='lat' dir='ltr'>Bnmosus</span> <span class='ocrx_word' id='word_1_124' title='bbox 277 470 285 479; x_wconf 84' lang='grc'><strong>.</strong></span> <span class='ocrx_word' id='word_1_125' title='bbox 308 450 382 479; x_wconf 89' lang='lat' dir='ltr'>Vide</span> <span class='ocrx_word' id='word_1_126' title='bbox 393 450 540 486; x_wconf 79' lang='lat' dir='ltr'>Brumosus</span> <span class='ocrx_word' id='word_1_127' title='bbox 552 469 559 476; x_wconf 87' lang='lat'>.</span> <span class='ocrx_word' id='word_1_128' title='bbox 588 471 595 477; x_wconf 88' lang='lat'>.</span> 
     </span>
    </p>

    <p class='ocr_par' dir='ltr' id='par_1_10' title="bbox 105 489 640 527">
     <span class='ocr_line' id='line_1_17' title="bbox 105 489 640 527; baseline -0.002 -9"><span class='ocrx_word' id='word_1_129' title='bbox 105 491 315 520; x_wconf 57' lang='lat' dir='ltr'>Bitu-intumit</span> <span class='ocrx_word' id='word_1_130' title='bbox 327 511 334 518; x_wconf 91' lang='lat'>.</span> <span class='ocrx_word' id='word_1_131' title='bbox 356 490 430 519; x_wconf 87' lang='lat' dir='ltr'>Vide</span> <span class='ocrx_word' id='word_1_132' title='bbox 439 489 622 527; x_wconf 76' lang='lat' dir='ltr'>Banderafius</span> <span class='ocrx_word' id='word_1_133' title='bbox 632 509 640 516; x_wconf 92' lang='lat'>.</span> 
     </span>
    </p>

    <p class='ocr_par' dir='ltr' id='par_1_11' title="bbox 105 526 932 1216">
     <span class='ocr_line' id='line_1_18' title="bbox 105 526 931 568; baseline -0.004 -9"><span class='ocrx_word' id='word_1_134' title='bbox 105 531 380 564; x_wconf 57' lang='lat' dir='ltr'>Bnnunisumffelum</span> <span class='ocrx_word' id='word_1_135' title='bbox 393 531 425 559; x_wconf 84' lang='lat' dir='ltr'>ad</span> <span class='ocrx_word' id='word_1_136' title='bbox 435 528 520 558; x_wconf 76' lang='lat' dir='ltr'>sacras</span> <span class='ocrx_word' id='word_1_137' title='bbox 531 529 674 568; x_wconf 76' lang='lat' dir='ltr'>Reliquias</span> <span class='ocrx_word' id='word_1_138' title='bbox 682 526 845 557; x_wconf 86' lang='lat' dir='ltr'>devotionis</span> <span class='ocrx_word' id='word_1_139' title='bbox 854 526 931 556; x_wconf 80' lang='lat' dir='ltr'>causa</span> 
     </span>
     <span class='ocr_line' id='line_1_19' title="bbox 145 569 929 610; baseline -0.006 -9"><span class='ocrx_word' id='word_1_140' title='bbox 145 572 313 610; x_wconf 83' lang='lat' dir='ltr'>applicatum</span> <span class='ocrx_word' id='word_1_141' title='bbox 326 583 333 602; x_wconf 77' lang='grc' dir='ltr'><strong><em>ς</em></strong></span> <span class='ocrx_word' id='word_1_142' title='bbox 357 571 450 610; x_wconf 84' lang='lat' dir='ltr'>priscis</span> <span class='ocrx_word' id='word_1_143' title='bbox 460 571 534 598; x_wconf 89' lang='lat' dir='ltr'>enim</span> <span class='ocrx_word' id='word_1_144' title='bbox 545 569 712 608; x_wconf 82' lang='lat' dir='ltr'>temporibus</span> <span class='ocrx_word' id='word_1_145' title='bbox 722 569 872 598; x_wconf 81' lang='lat' dir='ltr'>Pontifices</span> <span class='ocrx_word' id='word_1_146' title='bbox 882 579 929 596; x_wconf 88' lang='lat' dir='ltr'>ex-</span> 
     </span>
     <span class='ocr_line' id='line_1_20' title="bbox 145 610 930 652; baseline -0.004 -12"><span class='ocrx_word' id='word_1_147' title='bbox 145 613 310 641; x_wconf 66' lang='lat' dir='ltr'>maionem</span> <span class='ocrx_word' id='word_1_148' title='bbox 328 611 522 652; x_wconf 78' lang='lat' dir='ltr'>Reliquiarum</span> <span class='ocrx_word' id='word_1_149' title='bbox 542 621 600 643; x_wconf 71' lang='lat' dir='ltr'>uon</span> <span class='ocrx_word' id='word_1_150' title='bbox 619 610 820 648; x_wconf 67' lang='lat' dir='ltr'>permittebant</span> <span class='ocrx_word' id='word_1_151' title='bbox 829 610 859 638; x_wconf 91' lang='lat' dir='ltr'>ab</span> <span class='ocrx_word' id='word_1_152' title='bbox 871 610 930 638; x_wconf 86' lang='lat' dir='ltr'>Ur-</span> 
     </span>
     <span class='ocr_line' id='line_1_21' title="bbox 146 651 927 691; baseline -0.003 -11"><span class='ocrx_word' id='word_1_153' title='bbox 146 652 178 681; x_wconf 88' lang='lat' dir='ltr'>be</span> <span class='ocrx_word' id='word_1_154' title='bbox 200 658 212 688; x_wconf 92' lang='lat'>[</span> <span class='ocrx_word' id='word_1_155' title='bbox 224 651 384 691; x_wconf 59' lang='lat' dir='ltr'>Cognoscat</span> <span class='ocrx_word' id='word_1_156' title='bbox 401 661 492 680; x_wconf 80' lang='lat' dir='ltr'>autem</span> <span class='ocrx_word' id='word_1_157' title='bbox 502 651 636 683; x_wconf 84' lang='lat' dir='ltr'>Domina,</span> <span class='ocrx_word' id='word_1_158' title='bbox 648 651 710 688; x_wconf 84' lang='lat' dir='ltr'>quia</span> <span class='ocrx_word' id='word_1_159' title='bbox 720 651 854 680; x_wconf 82' lang='lat' dir='ltr'>Romanis</span> <span class='ocrx_word' id='word_1_160' title='bbox 863 660 927 678; x_wconf 88' lang='lat' dir='ltr'>con-</span> 
     </span>
     <span class='ocr_line' id='line_1_22' title="bbox 143 691 928 730; baseline -0.003 -9"><span class='ocrx_word' id='word_1_161' title='bbox 143 692 262 722; x_wconf 83' lang='lat' dir='ltr'>suetudo</span> <span class='ocrx_word' id='word_1_162' title='bbox 272 704 329 722; x_wconf 90' lang='lat' dir='ltr'>non</span> <span class='ocrx_word' id='word_1_163' title='bbox 339 693 378 722; x_wconf 79' lang='lat' dir='ltr'>est</span> <span class='ocrx_word' id='word_1_164' title='bbox 388 714 395 726; x_wconf 92' lang='lat'><em>,</em></span> <span class='ocrx_word' id='word_1_165' title='bbox 417 691 528 730; x_wconf 79' lang='lat' dir='ltr'>quaudo</span> <span class='ocrx_word' id='word_1_166' title='bbox 538 692 699 720; x_wconf 64' lang='lat' dir='ltr'>Sanstorum</span> <span class='ocrx_word' id='word_1_167' title='bbox 708 691 852 730; x_wconf 77' lang='lat' dir='ltr'>Reliquias</span> <span class='ocrx_word' id='word_1_168' title='bbox 864 691 928 719; x_wconf 82' lang='lat' dir='ltr'>dant</span> 
     </span>
     <span class='ocr_line' id='line_1_23' title="bbox 142 729 931 772; baseline -0.003 -10"><span class='ocrx_word' id='word_1_169' title='bbox 142 742 174 762; x_wconf 84' lang='lat' dir='ltr'>ut</span> <span class='ocrx_word' id='word_1_170' title='bbox 192 733 340 772; x_wconf 74' lang='lat' dir='ltr'>quidquam</span> <span class='ocrx_word' id='word_1_171' title='bbox 361 742 475 771; x_wconf 84' lang='lat' dir='ltr'>tangere</span> <span class='ocrx_word' id='word_1_172' title='bbox 499 731 663 769; x_wconf 60' lang='lat' dir='ltr'>praesumant</span> <span class='ocrx_word' id='word_1_173' title='bbox 689 732 724 760; x_wconf 85' lang='lat' dir='ltr'>de</span> <span class='ocrx_word' id='word_1_174' title='bbox 743 742 845 771; x_wconf 87' lang='lat' dir='ltr'>copore</span> <span class='ocrx_word' id='word_1_175' title='bbox 856 743 864 763; x_wconf 77' lang='lat'>5</span> <span class='ocrx_word' id='word_1_176' title='bbox 884 729 931 760; x_wconf 87' lang='lat' dir='ltr'>sed</span> 
     </span>
     <span class='ocr_line' id='line_1_24' title="bbox 143 772 932 811; baseline -0.001 -9"><span class='ocrx_word' id='word_1_177' title='bbox 143 774 338 804; x_wconf 83' lang='lat' dir='ltr'>tantummodo</span> <span class='ocrx_word' id='word_1_178' title='bbox 358 773 389 801; x_wconf 92' lang='lat' dir='ltr'>in</span> <span class='ocrx_word' id='word_1_179' title='bbox 411 772 515 811; x_wconf 87' lang='lat' dir='ltr'>pyxide</span> <span class='ocrx_word' id='word_1_180' title='bbox 531 773 678 801; x_wconf 74' lang='lat' dir='ltr'>brandeum</span> <span class='ocrx_word' id='word_1_181' title='bbox 689 773 811 801; x_wconf 80' lang='lat' dir='ltr'>mittitur</span> <span class='ocrx_word' id='word_1_182' title='bbox 820 795 828 806; x_wconf 93' lang='lat'>,</span> <span class='ocrx_word' id='word_1_183' title='bbox 850 782 932 810; x_wconf 87' lang='lat' dir='ltr'>atque</span> 
     </span>
     <span class='ocr_line' id='line_1_25' title="bbox 142 811 928 852; baseline -0.003 -9"><span class='ocrx_word' id='word_1_184' title='bbox 142 811 178 843; x_wconf 84' lang='lat' dir='ltr'>ad</span> <span class='ocrx_word' id='word_1_185' title='bbox 189 813 363 842; x_wconf 84' lang='lat' dir='ltr'>sacratiffima</span> <span class='ocrx_word' id='word_1_186' title='bbox 374 823 490 851; x_wconf 84' lang='lat' dir='ltr'>corpora</span> <span class='ocrx_word' id='word_1_187' title='bbox 499 814 659 842; x_wconf 74' lang='lat' dir='ltr'>Sanstorum</span> <span class='ocrx_word' id='word_1_188' title='bbox 670 814 792 852; x_wconf 88' lang='lat' dir='ltr'>ponitur.</span> <span class='ocrx_word' id='word_1_189' title='bbox 803 815 928 852; x_wconf 69' lang='lat' dir='ltr'>noi-eg.</span> 
     </span>
     <span class='ocr_line' id='line_1_26' title="bbox 141 853 930 893; baseline -0.001 -11"><span class='ocrx_word' id='word_1_190' title='bbox 141 854 220 893; x_wconf 87' lang='lat' dir='ltr'>epist.</span> <span class='ocrx_word' id='word_1_191' title='bbox 231 865 279 892; x_wconf 86' lang='lat'>30.</span> <span class='ocrx_word' id='word_1_192' title='bbox 290 855 335 883; x_wconf 86' lang='lat' dir='ltr'>lib.</span> <span class='ocrx_word' id='word_1_193' title='bbox 348 865 375 893; x_wconf 82' lang='lat'>3.</span> <span class='ocrx_word' id='word_1_194' title='bbox 387 855 421 883; x_wconf 80' lang='lat' dir='ltr'>ad</span> <span class='ocrx_word' id='word_1_195' title='bbox 430 853 648 883; x_wconf 84' lang='lat' dir='ltr'>Constantinam</span> <span class='ocrx_word' id='word_1_196' title='bbox 660 856 756 893; x_wconf 87' lang='lat' dir='ltr'>Aug.]</span> <span class='ocrx_word' id='word_1_197' title='bbox 776 854 835 884; x_wconf 88' lang='lat' dir='ltr'>Ubi</span> <span class='ocrx_word' id='word_1_198' title='bbox 854 854 930 882; x_wconf 84' lang='lat' dir='ltr'>idem</span> 
     </span>
     <span class='ocr_line' id='line_1_27' title="bbox 140 894 929 933; baseline -0.004 -8"><span class='ocrx_word' id='word_1_199' title='bbox 140 896 167 925; x_wconf 87' lang='lat' dir='ltr'>S.</span> <span class='ocrx_word' id='word_1_200' title='bbox 177 895 309 924; x_wconf 77' lang='lat' dir='ltr'>Pontifex</span> <span class='ocrx_word' id='word_1_201' title='bbox 321 895 433 924; x_wconf 82' lang='lat' dir='ltr'>testatur</span> <span class='ocrx_word' id='word_1_202' title='bbox 444 916 453 928; x_wconf 94' lang='lat'>‚</span> <span class='ocrx_word' id='word_1_203' title='bbox 463 895 538 933; x_wconf 87' lang='lat' dir='ltr'>quod</span> <span class='ocrx_word' id='word_1_204' title='bbox 549 896 574 924; x_wconf 80' lang='lat' dir='ltr'>S.</span> <span class='ocrx_word' id='word_1_205' title='bbox 586 897 642 924; x_wconf 86' lang='lat' dir='ltr'>Leo</span> <span class='ocrx_word' id='word_1_206' title='bbox 652 896 723 933; x_wconf 87' lang='lat' dir='ltr'>Papa</span> <span class='ocrx_word' id='word_1_207' title='bbox 732 895 767 923; x_wconf 93' lang='lat' dir='ltr'>ob</span> <span class='ocrx_word' id='word_1_208' title='bbox 781 894 929 923; x_wconf 79' lang='lat' dir='ltr'>increduli—</span> 
     </span>
     <span class='ocr_line' id='line_1_28' title="bbox 139 935 927 975; baseline -0.003 -11"><span class='ocrx_word' id='word_1_209' title='bbox 139 945 224 964; x_wconf 85' lang='lat' dir='ltr'>tatem</span> <span class='ocrx_word' id='word_1_210' title='bbox 234 936 391 975; x_wconf 81' lang='lat' dir='ltr'>aliquorum</span> <span class='ocrx_word' id='word_1_211' title='bbox 399 937 563 965; x_wconf 74' lang='lat' dir='ltr'>Graecorum</span> <span class='ocrx_word' id='word_1_212' title='bbox 574 957 582 968; x_wconf 95' lang='lat'><em>,</em></span> <span class='ocrx_word' id='word_1_213' title='bbox 605 935 753 964; x_wconf 84' lang='lat' dir='ltr'>brandeum</span> <span class='ocrx_word' id='word_1_214' title='bbox 766 957 773 969; x_wconf 93' lang='lat'><em>,</em></span> <span class='ocrx_word' id='word_1_215' title='bbox 788 935 821 963; x_wconf 82' lang='lat' dir='ltr'>ad</span> <span class='ocrx_word' id='word_1_216' title='bbox 831 945 927 973; x_wconf 72' lang='lat' dir='ltr'>corpus</span> 
     </span>
     <span class='ocr_line' id='line_1_29' title="bbox 140 975 927 1014; baseline -0.003 -9"><span class='ocrx_word' id='word_1_217' title='bbox 140 977 166 1005; x_wconf 84' lang='lat' dir='ltr'>S.</span> <span class='ocrx_word' id='word_1_218' title='bbox 178 976 254 1005; x_wconf 87' lang='lat' dir='ltr'>Petri</span> <span class='ocrx_word' id='word_1_219' title='bbox 264 977 422 1014; x_wconf 81' lang='lat' dir='ltr'>impositum</span> <span class='ocrx_word' id='word_1_220' title='bbox 434 998 442 1008; x_wconf 85' lang='grc'><em>,</em></span> <span class='ocrx_word' id='word_1_221' title='bbox 463 986 554 1004; x_wconf 82' lang='lat' dir='ltr'>coram</span> <span class='ocrx_word' id='word_1_222' title='bbox 563 975 627 1013; x_wconf 75' lang='lat' dir='ltr'>ipsis</span> <span class='ocrx_word' id='word_1_223' title='bbox 636 975 738 1004; x_wconf 85' lang='lat' dir='ltr'>incidit</span> <span class='ocrx_word' id='word_1_224' title='bbox 747 997 755 1009; x_wconf 89' lang='lat'><em>‚</em></span> <span class='ocrx_word' id='word_1_225' title='bbox 777 986 810 1004; x_wconf 85' lang='lat' dir='ltr'>ex</span> <span class='ocrx_word' id='word_1_226' title='bbox 823 985 875 1014; x_wconf 87' lang='lat' dir='ltr'>qua</span> <span class='ocrx_word' id='word_1_227' title='bbox 885 977 927 1003; x_wconf 91' lang='lat' dir='ltr'>iii-</span> 
     </span>
     <span class='ocr_line' id='line_1_30' title="bbox 142 1015 926 1055; baseline -0.001 -11"><span class='ocrx_word' id='word_1_228' title='bbox 142 1016 247 1044; x_wconf 83' lang='lat' dir='ltr'>cilione</span> <span class='ocrx_word' id='word_1_229' title='bbox 256 1015 364 1055; x_wconf 83' lang='lat' dir='ltr'>sai-iguis</span> <span class='ocrx_word' id='word_1_230' title='bbox 375 1015 513 1044; x_wconf 76' lang='lat' dir='ltr'>emanavit</span> <span class='ocrx_word' id='word_1_231' title='bbox 524 1037 531 1043; x_wconf 93' lang='lat'>.</span> <span class='ocrx_word' id='word_1_232' title='bbox 545 1017 602 1044; x_wconf 85' lang='lat' dir='ltr'>FR.</span> <span class='ocrx_word' id='word_1_233' title='bbox 614 1015 689 1053; x_wconf 88' lang='lat' dir='ltr'>quod</span> <span class='ocrx_word' id='word_1_234' title='bbox 698 1016 781 1044; x_wconf 85' lang='lat' dir='ltr'>etiam</span> <span class='ocrx_word' id='word_1_235' title='bbox 793 1026 806 1044; x_wconf 84' lang='lat' dir='ltr'>a</span> <span class='ocrx_word' id='word_1_236' title='bbox 817 1017 855 1044; x_wconf 91' lang='lat' dir='ltr'>D.</span> <span class='ocrx_word' id='word_1_237' title='bbox 866 1018 926 1044; x_wconf 92' lang='lat' dir='ltr'>An-</span> 
     </span>
     <span class='ocr_line' id='line_1_31' title="bbox 139 1054 926 1094; baseline -0.001 -9"><span class='ocrx_word' id='word_1_238' title='bbox 139 1057 243 1085; x_wconf 82' lang='lat' dir='ltr'>tonino</span> <span class='ocrx_word' id='word_1_239' title='bbox 266 1056 414 1085; x_wconf 60' lang='lat' dir='ltr'>Florentia:</span> <span class='ocrx_word' id='word_1_240' title='bbox 434 1054 606 1094; x_wconf 82' lang='lat' dir='ltr'>Arcliiepisc.</span> <span class='ocrx_word' id='word_1_241' title='bbox 618 1066 676 1094; x_wconf 81' lang='lat' dir='ltr'>cap.</span> <span class='ocrx_word' id='word_1_242' title='bbox 692 1067 716 1083; x_wconf 85' lang='lat'>1.</span> <span class='ocrx_word' id='word_1_243' title='bbox 729 1066 772 1085; x_wconf 89' lang='lat' dir='ltr'>tit.</span> <span class='ocrx_word' id='word_1_244' title='bbox 787 1067 796 1084; x_wconf 86' lang='lat' dir='ltr'>i</span> <span class='ocrx_word' id='word_1_245' title='bbox 808 1067 830 1084; x_wconf 90' lang='lat'>1.</span> <span class='ocrx_word' id='word_1_246' title='bbox 840 1059 868 1084; x_wconf 76' lang='grc' dir='ltr'>δε</span> <span class='ocrx_word' id='word_1_247' title='bbox 877 1067 891 1084; x_wconf 88' lang='lat' dir='ltr'>a</span> <span class='ocrx_word' id='word_1_248' title='bbox 901 1057 926 1085; x_wconf 90' lang='lat' dir='ltr'>S.</span> 
     </span>
     <span class='ocr_line' id='line_1_32' title="bbox 140 1094 926 1135; baseline -0.004 -9"><span class='ocrx_word' id='word_1_249' title='bbox 140 1099 285 1126; x_wconf 85' lang='lat' dir='ltr'>Germano</span> <span class='ocrx_word' id='word_1_250' title='bbox 295 1097 324 1126; x_wconf 80' lang='lat' dir='ltr'>in</span> <span class='ocrx_word' id='word_1_251' title='bbox 335 1095 415 1135; x_wconf 87' lang='lat' dir='ltr'>epist.</span> <span class='ocrx_word' id='word_1_252' title='bbox 424 1096 458 1125; x_wconf 85' lang='lat' dir='ltr'>ad</span> <span class='ocrx_word' id='word_1_253' title='bbox 469 1094 647 1125; x_wconf 87' lang='lat' dir='ltr'>Hormisdam</span> <span class='ocrx_word' id='word_1_254' title='bbox 657 1098 758 1134; x_wconf 88' lang='lat' dir='ltr'>Papam</span> <span class='ocrx_word' id='word_1_255' title='bbox 767 1097 814 1125; x_wconf 87' lang='lat' dir='ltr'>lib.</span> <span class='ocrx_word' id='word_1_256' title='bbox 822 1097 926 1134; x_wconf 84' lang='lat' dir='ltr'>1.epist.</span> 
     </span>
     <span class='ocr_line' id='line_1_33' title="bbox 140 1136 927 1176; baseline -0.004 -9"><span class='ocrx_word' id='word_1_257' title='bbox 140 1137 309 1167; x_wconf 85' lang='lat' dir='ltr'>Pontificum</span> <span class='ocrx_word' id='word_1_258' title='bbox 319 1147 381 1176; x_wconf 82' lang='lat' dir='ltr'>pag.</span> <span class='ocrx_word' id='word_1_259' title='bbox 396 1147 408 1171; x_wconf 88' lang='lat'><em>5</em></span> <span class='ocrx_word' id='word_1_260' title='bbox 416 1148 461 1172; x_wconf 70' lang='lat'>24.</span> <span class='ocrx_word' id='word_1_261' title='bbox 472 1136 588 1165; x_wconf 87' lang='lat' dir='ltr'>refertur</span> <span class='ocrx_word' id='word_1_262' title='bbox 597 1156 605 1163; x_wconf 98' lang='lat'>.</span> <span class='ocrx_word' id='word_1_263' title='bbox 626 1139 722 1175; x_wconf 87' lang='lat' dir='ltr'>Atque</span> <span class='ocrx_word' id='word_1_264' title='bbox 739 1137 882 1175; x_wconf 88' lang='lat' dir='ltr'>Torrigius</span> <span class='ocrx_word' id='word_1_265' title='bbox 893 1137 927 1165; x_wconf 87' lang='lat' dir='ltr'>de</span> 
     </span>
     <span class='ocr_line' id='line_1_34' title="bbox 141 1175 928 1216; baseline -0.004 -9"><span class='ocrx_word' id='word_1_266' title='bbox 141 1178 261 1216; x_wconf 88' lang='lat' dir='ltr'>Cryptis</span> <span class='ocrx_word' id='word_1_267' title='bbox 271 1178 397 1206; x_wconf 78' lang='lat' dir='ltr'>Vatican-</span> <span class='ocrx_word' id='word_1_268' title='bbox 408 1176 530 1215; x_wconf 83' lang='lat' dir='ltr'>impress.</span> <span class='ocrx_word' id='word_1_269' title='bbox 541 1175 657 1205; x_wconf 81' lang='lat' dir='ltr'>secunda</span> <span class='ocrx_word' id='word_1_270' title='bbox 669 1187 738 1215; x_wconf 84' lang='lat' dir='ltr'>part.</span> <span class='ocrx_word' id='word_1_271' title='bbox 751 1189 775 1206; x_wconf 87' lang='lat' dir='ltr'>z.</span> <span class='ocrx_word' id='word_1_272' title='bbox 785 1187 844 1215; x_wconf 87' lang='lat' dir='ltr'>cap.</span> <span class='ocrx_word' id='word_1_273' title='bbox 857 1188 884 1212; x_wconf 90' lang='lat'>4.</span> <span class='ocrx_word' id='word_1_274' title='bbox 895 1177 928 1205; x_wconf 85' lang='lat' dir='ltr'>fi-</span> 
     </span>
    </p>

    <p class='ocr_par' dir='ltr' id='par_1_12' title="bbox 128 1215 928 1338">
     <span class='ocr_line' id='line_1_35' title="bbox 128 1215 926 1256; baseline -0.001 -10"><span class='ocrx_word' id='word_1_275' title='bbox 128 1252 131 1253; x_wconf 21' lang='lat'><em>⁷</em></span> <span class='ocrx_word' id='word_1_276' title='bbox 172 1215 178 1221; x_wconf 78' lang='lat'>&#39;</span> <span class='ocrx_word' id='word_1_277' title='bbox 218 1217 378 1246; x_wconf 79' lang='lat' dir='ltr'>miraculum</span> <span class='ocrx_word' id='word_1_278' title='bbox 389 1217 479 1245; x_wconf 82' lang='lat' dir='ltr'>eidem</span> <span class='ocrx_word' id='word_1_279' title='bbox 490 1217 529 1245; x_wconf 89' lang='lat' dir='ltr'>D.</span> <span class='ocrx_word' id='word_1_280' title='bbox 541 1217 681 1256; x_wconf 86' lang='lat' dir='ltr'>Gregorio</span> <span class='ocrx_word' id='word_1_281' title='bbox 689 1216 808 1247; x_wconf 78' lang='lat' dir='ltr'>eveniss‘e</span> <span class='ocrx_word' id='word_1_282' title='bbox 818 1227 907 1246; x_wconf 83' lang='lat' dir='ltr'>narrat</span> <span class='ocrx_word' id='word_1_283' title='bbox 919 1240 926 1251; x_wconf 85' lang='lat'><em>,</em></span> 
     </span>
     <span class='ocr_line' id='line_1_36' title="bbox 137 1257 927 1296; baseline -0.001 -9"><span class='ocrx_word' id='word_1_284' title='bbox 137 1263 167 1287; x_wconf 77' lang='grc' dir='ltr'>δε</span> <span class='ocrx_word' id='word_1_285' title='bbox 176 1268 190 1286; x_wconf 84' lang='lat' dir='ltr'>a</span> <span class='ocrx_word' id='word_1_286' title='bbox 207 1257 215 1262; x_wconf 79' lang='grc'><em>”</em></span> <span class='ocrx_word' id='word_1_287' title='bbox 227 1268 251 1287; x_wconf 93' lang='lat' dir='ltr'>rt</span> <span class='ocrx_word' id='word_1_288' title='bbox 260 1257 472 1296; x_wconf 57' lang='lat' dir='ltr'>inscriptionem</span> <span class='ocrx_word' id='word_1_289' title='bbox 483 1258 513 1285; x_wconf 88' lang='lat' dir='ltr'>in</span> <span class='ocrx_word' id='word_1_290' title='bbox 522 1267 657 1287; x_wconf 89' lang='lat' dir='ltr'>marmore</span> <span class='ocrx_word' id='word_1_291' title='bbox 666 1257 755 1287; x_wconf 79' lang='lat' dir='ltr'>adhuc</span> <span class='ocrx_word' id='word_1_292' title='bbox 766 1267 908 1287; x_wconf 78' lang='lat' dir='ltr'>extantem</span> <span class='ocrx_word' id='word_1_293' title='bbox 919 1280 927 1292; x_wconf 94' lang='lat'><em>,</em></span> 
     </span>
     <span class='ocr_line' id='line_1_37' title="bbox 136 1298 928 1338; baseline 0 -11"><span class='ocrx_word' id='word_1_294' title='bbox 136 1298 182 1327; x_wconf 76' lang='lat' dir='ltr'>his</span> <span class='ocrx_word' id='word_1_295' title='bbox 191 1298 280 1327; x_wconf 85' lang='lat' dir='ltr'>verbis</span> <span class='ocrx_word' id='word_1_296' title='bbox 291 1311 297 1326; x_wconf 74' lang='grc' dir='ltr'><em>ι</em></span> <span class='ocrx_word' id='word_1_297' title='bbox 324 1304 337 1334; x_wconf 92' lang='grc'>[</span> <span class='ocrx_word' id='word_1_298' title='bbox 347 1299 373 1327; x_wconf 90' lang='lat' dir='ltr'>S.</span> <span class='ocrx_word' id='word_1_299' title='bbox 383 1298 536 1338; x_wconf 82' lang='lat' dir='ltr'>Gregorius</span> <span class='ocrx_word' id='word_1_300' title='bbox 546 1298 660 1328; x_wconf 80' lang='lat' dir='ltr'>brandei</span> <span class='ocrx_word' id='word_1_301' title='bbox 669 1299 830 1338; x_wconf 73' lang='lat' dir='ltr'>particulam</span> <span class='ocrx_word' id='word_1_302' title='bbox 847 1298 928 1338; x_wconf 89' lang='lat' dir='ltr'>super</span> 
     </span>
    </p>
   </div>
   <div class='ocr_carea' id='block_1_8' title="bbox 94 1339 928 1379">
    <p class='ocr_par' dir='ltr' id='par_1_13' title="bbox 94 1339 928 1379">
     <span class='ocr_line' id='line_1_38' title="bbox 94 1339 928 1379; baseline 0.002 -12"><span class='ocrx_word' id='word_1_303' title='bbox 94 1356 100 1357; x_wconf 30' lang='lat' dir='ltr'><em>ff</em></span> <span class='ocrx_word' id='word_1_304' title='bbox 139 1339 237 1369; x_wconf 83' lang='lat' dir='ltr'>Altare</span> <span class='ocrx_word' id='word_1_305' title='bbox 248 1341 279 1368; x_wconf 90' lang='lat' dir='ltr'>B.</span> <span class='ocrx_word' id='word_1_306' title='bbox 289 1340 364 1368; x_wconf 90' lang='lat' dir='ltr'>Petri</span> <span class='ocrx_word' id='word_1_307' title='bbox 376 1339 491 1378; x_wconf 77' lang='lat' dir='ltr'>positam</span> <span class='ocrx_word' id='word_1_308' title='bbox 501 1340 616 1368; x_wconf 88' lang='lat' dir='ltr'>cultello</span> <span class='ocrx_word' id='word_1_309' title='bbox 625 1341 744 1379; x_wconf 88' lang='lat' dir='ltr'>pupugit</span> <span class='ocrx_word' id='word_1_310' title='bbox 755 1362 762 1373; x_wconf 91' lang='lat'><em>‚</em></span> <span class='ocrx_word' id='word_1_311' title='bbox 772 1343 846 1377; x_wconf 85' lang='lat' dir='ltr'>cujus</span> <span class='ocrx_word' id='word_1_312' title='bbox 857 1349 928 1378; x_wconf 88' lang='lat' dir='ltr'>pun-</span> 
     </span>
    </p>
   </div>
   <div class='ocr_carea' id='block_1_9' title="bbox 991 287 1224 315">
    <p class='ocr_par' dir='ltr' id='par_1_14' title="bbox 991 287 1224 315">
     <span class='ocr_line' id='line_1_39' title="bbox 991 287 1224 315; baseline 0.004 -1"><span class='ocrx_word' id='word_1_313' title='bbox 991 295 1054 315; x_wconf 87' lang='lat' dir='ltr'>runt</span> <span class='ocrx_word' id='word_1_314' title='bbox 1065 307 1073 314; x_wconf 91' lang='lat'>.</span> <span class='ocrx_word' id='word_1_315' title='bbox 1096 287 1204 315; x_wconf 86' lang='lat' dir='ltr'>Ibidem</span> <span class='ocrx_word' id='word_1_316' title='bbox 1216 306 1224 315; x_wconf 90' lang='lat'>.</span> 
     </span>
    </p>
   </div>
   <div class='ocr_carea' id='block_1_10' title="bbox 951 327 1781 365">
    <p class='ocr_par' dir='ltr' id='par_1_15' title="bbox 951 327 1781 365">
     <span class='ocr_line' id='line_1_40' title="bbox 951 327 1781 365; baseline 0.004 -10"><span class='ocrx_word' id='word_1_317' title='bbox 951 328 1104 356; x_wconf 58' lang='lat' dir='ltr'>nummu</span> <span class='ocrx_word' id='word_1_318' title='bbox 1113 348 1121 356; x_wconf 89' lang='lat'>.</span> <span class='ocrx_word' id='word_1_319' title='bbox 1145 327 1241 356; x_wconf 72' lang='lat' dir='ltr'>furfur</span> <span class='ocrx_word' id='word_1_320' title='bbox 1250 349 1258 361; x_wconf 91' lang='lat'><em>,</em></span> <span class='ocrx_word' id='word_1_321' title='bbox 1281 338 1314 357; x_wconf 82' lang='lat' dir='ltr'>ex</span> <span class='ocrx_word' id='word_1_322' title='bbox 1326 332 1404 358; x_wconf 81' lang='lat' dir='ltr'>Bran</span> <span class='ocrx_word' id='word_1_323' title='bbox 1413 328 1546 359; x_wconf 84' lang='lat' dir='ltr'>Saxonica</span> <span class='ocrx_word' id='word_1_324' title='bbox 1557 340 1624 358; x_wconf 91' lang='lat' dir='ltr'>vocc</span> <span class='ocrx_word' id='word_1_325' title='bbox 1635 351 1642 358; x_wconf 93' lang='lat'>.</span> <span class='ocrx_word' id='word_1_326' title='bbox 1668 335 1680 365; x_wconf 93' lang='lat'><strong>[</strong></span> <span class='ocrx_word' id='word_1_327' title='bbox 1694 332 1781 359; x_wconf 81' lang='lat' dir='ltr'>Exce-</span> 
     </span>
    </p>
   </div>
   <div class='ocr_carea' id='block_1_11' title="bbox 990 367 1778 437">
    <p class='ocr_par' dir='ltr' id='par_1_16' title="bbox 990 367 1778 437">
     <span class='ocr_line' id='line_1_41' title="bbox 990 367 1778 437; baseline 0.004 -42"><span class='ocrx_word' id='word_1_328' title='bbox 990 367 1196 437; x_wconf 53' lang='lat' dir='ltr'>ptlisstbrennio,</span> <span class='ocrx_word' id='word_1_329' title='bbox 1219 368 1357 398; x_wconf 77' lang='lat' dir='ltr'>&amp;duobus</span> <span class='ocrx_word' id='word_1_330' title='bbox 1378 369 1508 407; x_wconf 78' lang='lat' dir='ltr'>panibus.</span> <span class='ocrx_word' id='word_1_331' title='bbox 1531 369 1728 405; x_wconf 80' lang='lat' dir='ltr'>Mattli.Paris.</span> <span class='ocrx_word' id='word_1_332' title='bbox 1749 371 1778 398; x_wconf 86' lang='lat' dir='ltr'>in</span> 
     </span>
     <span class='ocr_line' id='line_1_42' title="bbox 1025 418 1398 437; baseline -0.003 -1"><span class='ocrx_word' id='word_1_333' title='bbox 1025 419 1033 436; x_wconf 84' lang='lat' dir='ltr'>l</span> <span class='ocrx_word' id='word_1_334' title='bbox 1059 418 1101 437; x_wconf 70' lang='grc' dir='ltr'>ΟΥ.</span> <span class='ocrx_word' id='word_1_335' title='bbox 1391 428 1398 435; x_wconf 76' lang='grc' dir='ltr'>ι</span> 
     </span>
    </p>
   </div>
   <div class='ocr_carea' id='block_1_12' title="bbox 949 448 1780 490">
    <p class='ocr_par' dir='ltr' id='par_1_17' title="bbox 949 448 1780 490">
     <span class='ocr_line' id='line_1_43' title="bbox 949 448 1780 490; baseline 0.002 -13"><span class='ocrx_word' id='word_1_336' title='bbox 949 450 1244 482; x_wconf 61' lang='lat' dir='ltr'>Buzpuoruopmvn,</span> <span class='ocrx_word' id='word_1_337' title='bbox 1266 459 1376 488; x_wconf 73' lang='lat' dir='ltr'>graece,</span> <span class='ocrx_word' id='word_1_338' title='bbox 1397 448 1608 489; x_wconf 68' lang='grc' dir='ltr'>βρεφοτροφᾶον,</span> <span class='ocrx_word' id='word_1_339' title='bbox 1631 452 1706 480; x_wconf 86' lang='lat' dir='ltr'>locus</span> <span class='ocrx_word' id='word_1_340' title='bbox 1728 461 1780 490; x_wconf 83' lang='lat' dir='ltr'>pro</span> 
     </span>
    </p>
   </div>
   <div class='ocr_carea' id='block_1_13' title="bbox 982 489 1778 1379">
    <p class='ocr_par' dir='ltr' id='par_1_18' title="bbox 982 489 1778 1135">
     <span class='ocr_line' id='line_1_44' title="bbox 989 489 1778 521; baseline 0.003 -4"><span class='ocrx_word' id='word_1_341' title='bbox 989 489 1137 518; x_wconf 76' lang='lat' dir='ltr'>infantium</span> <span class='ocrx_word' id='word_1_342' title='bbox 1145 491 1307 519; x_wconf 76' lang='lat' dir='ltr'>educatione</span> <span class='ocrx_word' id='word_1_343' title='bbox 1317 510 1324 518; x_wconf 91' lang='lat'>.</span> <span class='ocrx_word' id='word_1_344' title='bbox 1339 492 1394 520; x_wconf 78' lang='lat' dir='ltr'>FR.</span> <span class='ocrx_word' id='word_1_345' title='bbox 1405 491 1440 519; x_wconf 91' lang='lat' dir='ltr'>C.</span> <span class='ocrx_word' id='word_1_346' title='bbox 1451 491 1484 520; x_wconf 86' lang='lat' dir='ltr'>de</span> <span class='ocrx_word' id='word_1_347' title='bbox 1494 490 1665 521; x_wconf 74' lang='lat' dir='ltr'>Satrosanfta</span> <span class='ocrx_word' id='word_1_348' title='bbox 1675 491 1778 521; x_wconf 84' lang='lat' dir='ltr'>Eccles.</span> 
     </span>
     <span class='ocr_line' id='line_1_45' title="bbox 986 529 1778 571; baseline 0.004 -14"><span class='ocrx_word' id='word_1_349' title='bbox 986 530 1006 558; x_wconf 92' lang='lat' dir='ltr'>l.</span> <span class='ocrx_word' id='word_1_350' title='bbox 1017 529 1149 560; x_wconf 72' lang='lat' dir='ltr'>sancimus</span> <span class='ocrx_word' id='word_1_351' title='bbox 1160 534 1268 566; x_wconf 80' lang='lat' dir='ltr'>2.cujus</span> <span class='ocrx_word' id='word_1_352' title='bbox 1279 531 1359 560; x_wconf 79' lang='lat' dir='ltr'>verba</span> <span class='ocrx_word' id='word_1_353' title='bbox 1377 530 1461 560; x_wconf 88' lang='lat' dir='ltr'>etiam</span> <span class='ocrx_word' id='word_1_354' title='bbox 1480 532 1660 571; x_wconf 83' lang='lat' dir='ltr'>registrantur</span> <span class='ocrx_word' id='word_1_355' title='bbox 1679 533 1710 561; x_wconf 88' lang='lat' dir='ltr'>in</span> <span class='ocrx_word' id='word_1_356' title='bbox 1730 543 1778 569; x_wconf 79' lang='lat'>23.</span> 
     </span>
     <span class='ocr_line' id='line_1_46' title="bbox 987 570 1777 608; baseline 0.005 -10"><span class='ocrx_word' id='word_1_357' title='bbox 987 581 1013 608; x_wconf 89' lang='lat' dir='ltr'>q.</span> <span class='ocrx_word' id='word_1_358' title='bbox 1028 576 1052 598; x_wconf 85' lang='lat'>8.</span> <span class='ocrx_word' id='word_1_359' title='bbox 1062 581 1122 600; x_wconf 84' lang='lat' dir='ltr'>can.</span> <span class='ocrx_word' id='word_1_360' title='bbox 1134 583 1180 601; x_wconf 67' lang='grc' dir='ltr'>ιι.</span> <span class='ocrx_word' id='word_1_361' title='bbox 1191 570 1299 600; x_wconf 86' lang='lat' dir='ltr'>scilicet</span> <span class='ocrx_word' id='word_1_362' title='bbox 1313 582 1320 601; x_wconf 66' lang='grc' dir='ltr'><em>ς</em></span> <span class='ocrx_word' id='word_1_363' title='bbox 1334 577 1346 606; x_wconf 90' lang='lat'>[</span> <span class='ocrx_word' id='word_1_364' title='bbox 1361 571 1500 601; x_wconf 77' lang='lat' dir='ltr'>Sancimus</span> <span class='ocrx_word' id='word_1_365' title='bbox 1511 583 1552 600; x_wconf 85' lang='lat' dir='ltr'>res</span> <span class='ocrx_word' id='word_1_366' title='bbox 1562 573 1596 602; x_wconf 81' lang='lat' dir='ltr'>ad</span> <span class='ocrx_word' id='word_1_367' title='bbox 1608 574 1777 602; x_wconf 73' lang='lat' dir='ltr'>venerabiles</span> 
     </span>
     <span class='ocr_line' id='line_1_47' title="bbox 989 611 1776 646; baseline 0.003 -7"><span class='ocrx_word' id='word_1_368' title='bbox 989 611 1117 639; x_wconf 80' lang='lat' dir='ltr'>Ecclesias</span> <span class='ocrx_word' id='word_1_369' title='bbox 1131 633 1138 644; x_wconf 89' lang='lat'><em>,</em></span> <span class='ocrx_word' id='word_1_370' title='bbox 1161 612 1365 644; x_wconf 81' lang='lat' dir='ltr'>velXenones,</span> <span class='ocrx_word' id='word_1_371' title='bbox 1390 612 1434 640; x_wconf 84' lang='lat' dir='ltr'>vel</span> <span class='ocrx_word' id='word_1_372' title='bbox 1444 613 1609 642; x_wconf 81' lang='lat' dir='ltr'>Monasteria</span> <span class='ocrx_word' id='word_1_373' title='bbox 1621 635 1629 646; x_wconf 93' lang='lat'><em>,</em></span> <span class='ocrx_word' id='word_1_374' title='bbox 1653 614 1698 643; x_wconf 86' lang='lat' dir='ltr'>vel</span> <span class='ocrx_word' id='word_1_375' title='bbox 1707 616 1776 643; x_wconf 83' lang='lat' dir='ltr'>Pto-</span> 
     </span>
     <span class='ocr_line' id='line_1_48' title="bbox 987 647 1775 692; baseline 0.005 -13"><span class='ocrx_word' id='word_1_376' title='bbox 987 647 1156 691; x_wconf 67' lang='lat' dir='ltr'>cliotrophia</span> <span class='ocrx_word' id='word_1_377' title='bbox 1166 674 1174 685; x_wconf 91' lang='lat'><em>,</em></span> <span class='ocrx_word' id='word_1_378' title='bbox 1197 653 1242 682; x_wconf 82' lang='lat' dir='ltr'>vel</span> <span class='ocrx_word' id='word_1_379' title='bbox 1253 651 1496 691; x_wconf 82' lang='lat' dir='ltr'>Brephotrophia,</span> <span class='ocrx_word' id='word_1_380' title='bbox 1519 653 1564 682; x_wconf 88' lang='lat' dir='ltr'>vel</span> <span class='ocrx_word' id='word_1_381' title='bbox 1575 653 1775 692; x_wconf 85' lang='lat' dir='ltr'>Orphanotro-</span> 
     </span>
     <span class='ocr_line' id='line_1_49' title="bbox 989 692 1774 733; baseline 0.003 -13"><span class='ocrx_word' id='word_1_382' title='bbox 989 692 1057 730; x_wconf 84' lang='lat' dir='ltr'>phia</span> <span class='ocrx_word' id='word_1_383' title='bbox 1069 712 1077 724; x_wconf 94' lang='lat'>‚</span> <span class='ocrx_word' id='word_1_384' title='bbox 1101 693 1146 721; x_wconf 86' lang='lat' dir='ltr'>vel</span> <span class='ocrx_word' id='word_1_385' title='bbox 1156 693 1376 722; x_wconf 84' lang='lat' dir='ltr'>Gerontocomia</span> <span class='ocrx_word' id='word_1_386' title='bbox 1385 714 1393 726; x_wconf 93' lang='lat'><em>‚</em></span> <span class='ocrx_word' id='word_1_387' title='bbox 1417 693 1462 722; x_wconf 87' lang='lat' dir='ltr'>vel</span> <span class='ocrx_word' id='word_1_388' title='bbox 1474 693 1492 723; x_wconf 84' lang='lat' dir='ltr'>si</span> <span class='ocrx_word' id='word_1_389' title='bbox 1502 694 1576 733; x_wconf 90' lang='lat' dir='ltr'>quod</span> <span class='ocrx_word' id='word_1_390' title='bbox 1587 695 1625 723; x_wconf 81' lang='lat' dir='ltr'>est</span> <span class='ocrx_word' id='word_1_391' title='bbox 1634 695 1707 724; x_wconf 89' lang='lat' dir='ltr'>aliud</span> <span class='ocrx_word' id='word_1_392' title='bbox 1719 695 1774 723; x_wconf 86' lang='lat' dir='ltr'>tale</span> 
     </span>
     <span class='ocr_line' id='line_1_50' title="bbox 988 730 1774 768; baseline 0.005 -7"><span class='ocrx_word' id='word_1_393' title='bbox 988 730 1159 762; x_wconf 82' lang='lat' dir='ltr'>consortium</span> <span class='ocrx_word' id='word_1_394' title='bbox 1170 755 1176 766; x_wconf 90' lang='lat'>,</span> <span class='ocrx_word' id='word_1_395' title='bbox 1199 737 1251 762; x_wconf 84' lang='lat' dir='ltr'>&amp;c.</span> <span class='ocrx_word' id='word_1_396' title='bbox 1265 735 1277 764; x_wconf 94' lang='lat'>]</span> <span class='ocrx_word' id='word_1_397' title='bbox 1291 733 1423 762; x_wconf 80' lang='lat' dir='ltr'>ibiGloss&#39;.</span> <span class='ocrx_word' id='word_1_398' title='bbox 1445 739 1458 768; x_wconf 87' lang='lat'>[</span> <span class='ocrx_word' id='word_1_399' title='bbox 1470 736 1596 763; x_wconf 85' lang='lat' dir='ltr'>Xenones</span> <span class='ocrx_word' id='word_1_400' title='bbox 1610 756 1617 768; x_wconf 89' lang='lat'><em>‚</em></span> <span class='ocrx_word' id='word_1_401' title='bbox 1641 735 1774 765; x_wconf 88' lang='lat' dir='ltr'>Xenodo-</span> 
     </span>
     <span class='ocr_line' id='line_1_51' title="bbox 988 772 1775 815; baseline 0.004 -14"><span class='ocrx_word' id='word_1_402' title='bbox 988 772 1080 801; x_wconf 85' lang='lat' dir='ltr'>chium</span> <span class='ocrx_word' id='word_1_403' title='bbox 1094 795 1102 806; x_wconf 88' lang='lat'><em>,</em></span> <span class='ocrx_word' id='word_1_404' title='bbox 1124 774 1162 802; x_wconf 87' lang='lat' dir='ltr'>est</span> <span class='ocrx_word' id='word_1_405' title='bbox 1173 774 1248 802; x_wconf 72' lang='lat' dir='ltr'>locus</span> <span class='ocrx_word' id='word_1_406' title='bbox 1261 774 1423 803; x_wconf 85' lang='lat' dir='ltr'>venerabilis</span> <span class='ocrx_word' id='word_1_407' title='bbox 1436 795 1444 807; x_wconf 93' lang='lat'><em>,</em></span> <span class='ocrx_word' id='word_1_408' title='bbox 1454 775 1499 803; x_wconf 85' lang='lat' dir='ltr'>ubi</span> <span class='ocrx_word' id='word_1_409' title='bbox 1510 785 1640 813; x_wconf 73' lang='lat' dir='ltr'>pauperes</span> <span class='ocrx_word' id='word_1_410' title='bbox 1650 776 1775 815; x_wconf 87' lang='lat' dir='ltr'>peregri-</span> 
     </span>
     <span class='ocr_line' id='line_1_52' title="bbox 988 814 1775 853; baseline 0.003 -11"><span class='ocrx_word' id='word_1_411' title='bbox 988 814 1018 843; x_wconf 86' lang='lat' dir='ltr'>ni</span> <span class='ocrx_word' id='word_1_412' title='bbox 1036 814 1221 853; x_wconf 83' lang='lat' dir='ltr'>recipiuntur.</span> <span class='ocrx_word' id='word_1_413' title='bbox 1245 814 1499 853; x_wconf 76' lang='lat' dir='ltr'>ptochotrophium</span> <span class='ocrx_word' id='word_1_414' title='bbox 1513 836 1520 847; x_wconf 94' lang='lat'>,</span> <span class='ocrx_word' id='word_1_415' title='bbox 1543 816 1581 844; x_wconf 83' lang='lat' dir='ltr'>ell:</span> <span class='ocrx_word' id='word_1_416' title='bbox 1601 816 1676 849; x_wconf 81' lang='lat' dir='ltr'>locus</span> <span class='ocrx_word' id='word_1_417' title='bbox 1698 837 1706 849; x_wconf 88' lang='lat'><em>,</em></span> <span class='ocrx_word' id='word_1_418' title='bbox 1728 815 1775 845; x_wconf 89' lang='lat' dir='ltr'>ubi</span> 
     </span>
     <span class='ocr_line' id='line_1_53' title="bbox 989 854 1775 894; baseline 0.003 -11"><span class='ocrx_word' id='word_1_419' title='bbox 989 864 1117 893; x_wconf 75' lang='lat' dir='ltr'>pauperes</span> <span class='ocrx_word' id='word_1_420' title='bbox 1140 854 1284 894; x_wconf 86' lang='lat' dir='ltr'>pascuntur</span> <span class='ocrx_word' id='word_1_421' title='bbox 1294 876 1301 882; x_wconf 93' lang='lat'>.</span> <span class='ocrx_word' id='word_1_422' title='bbox 1323 855 1575 885; x_wconf 81' lang='lat' dir='ltr'>Gerontocomium</span> <span class='ocrx_word' id='word_1_423' title='bbox 1587 877 1595 889; x_wconf 91' lang='lat'><em>‚</em></span> <span class='ocrx_word' id='word_1_424' title='bbox 1616 856 1655 885; x_wconf 88' lang='lat' dir='ltr'>est</span> <span class='ocrx_word' id='word_1_425' title='bbox 1677 856 1751 885; x_wconf 90' lang='lat' dir='ltr'>locus</span> <span class='ocrx_word' id='word_1_426' title='bbox 1763 878 1775 890; x_wconf 91' lang='lat'><em>,</em></span> 
     </span>
     <span class='ocr_line' id='line_1_54' title="bbox 986 893 1767 934; baseline 0.005 -12"><span class='ocrx_word' id='word_1_427' title='bbox 986 895 1031 923; x_wconf 89' lang='lat' dir='ltr'>ubi</span> <span class='ocrx_word' id='word_1_428' title='bbox 1041 893 1117 924; x_wconf 80' lang='lat' dir='ltr'>senes</span> <span class='ocrx_word' id='word_1_429' title='bbox 1128 917 1136 929; x_wconf 91' lang='lat'><em>,</em></span> <span class='ocrx_word' id='word_1_430' title='bbox 1158 900 1187 925; x_wconf 70' lang='grc' dir='ltr'>ὅ(</span> <span class='ocrx_word' id='word_1_431' title='bbox 1198 895 1392 924; x_wconf 76' lang='lat' dir='ltr'>valetudinarii</span> <span class='ocrx_word' id='word_1_432' title='bbox 1404 917 1412 928; x_wconf 84' lang='lat'>,</span> <span class='ocrx_word' id='word_1_433' title='bbox 1434 899 1462 924; x_wconf 72' lang='grc' dir='ltr'>ὃ(</span> <span class='ocrx_word' id='word_1_434' title='bbox 1474 906 1587 934; x_wconf 80' lang='lat' dir='ltr'>propter</span> <span class='ocrx_word' id='word_1_435' title='bbox 1596 895 1767 926; x_wconf 65' lang='lat' dir='ltr'>senectutem</span> 
     </span>
     <span class='ocr_line' id='line_1_55' title="bbox 984 934 1774 976; baseline 0.003 -12"><span class='ocrx_word' id='word_1_436' title='bbox 984 934 1070 964; x_wconf 88' lang='lat' dir='ltr'>solam</span> <span class='ocrx_word' id='word_1_437' title='bbox 1081 935 1183 964; x_wconf 88' lang='lat' dir='ltr'>infirmi</span> <span class='ocrx_word' id='word_1_438' title='bbox 1194 935 1320 964; x_wconf 83' lang='lat' dir='ltr'>homines</span> <span class='ocrx_word' id='word_1_439' title='bbox 1329 946 1468 965; x_wconf 78' lang='lat' dir='ltr'>curantur.</span> <span class='ocrx_word' id='word_1_440' title='bbox 1478 936 1774 976; x_wconf 78' lang='lat' dir='ltr'>Orphanotrophium,</span> 
     </span>
     <span class='ocr_line' id='line_1_56' title="bbox 986 975 1771 1016; baseline 0.003 -12"><span class='ocrx_word' id='word_1_441' title='bbox 986 976 1024 1004; x_wconf 89' lang='lat' dir='ltr'>est</span> <span class='ocrx_word' id='word_1_442' title='bbox 1034 976 1110 1004; x_wconf 78' lang='lat' dir='ltr'>lociis</span> <span class='ocrx_word' id='word_1_443' title='bbox 1118 975 1282 1006; x_wconf 81' lang='lat' dir='ltr'>venerabilis</span> <span class='ocrx_word' id='word_1_444' title='bbox 1295 997 1302 1008; x_wconf 89' lang='lat'>‚</span> <span class='ocrx_word' id='word_1_445' title='bbox 1324 976 1354 1004; x_wconf 93' lang='lat' dir='ltr'>in</span> <span class='ocrx_word' id='word_1_446' title='bbox 1365 985 1420 1014; x_wconf 89' lang='lat' dir='ltr'>quo</span> <span class='ocrx_word' id='word_1_447' title='bbox 1429 978 1507 1015; x_wconf 91' lang='lat' dir='ltr'>pueri</span> <span class='ocrx_word' id='word_1_448' title='bbox 1518 978 1674 1016; x_wconf 80' lang='lat' dir='ltr'>parentibus</span> <span class='ocrx_word' id='word_1_449' title='bbox 1682 978 1771 1007; x_wconf 82' lang='lat' dir='ltr'>orbati</span> 
     </span>
     <span class='ocr_line' id='line_1_57' title="bbox 985 1015 1772 1056; baseline 0.004 -13"><span class='ocrx_word' id='word_1_450' title='bbox 985 1015 1130 1054; x_wconf 79' lang='lat' dir='ltr'>pascuntur</span> <span class='ocrx_word' id='word_1_451' title='bbox 1140 1037 1147 1044; x_wconf 97' lang='lat'>.</span> <span class='ocrx_word' id='word_1_452' title='bbox 1170 1015 1427 1055; x_wconf 69' lang='lat' dir='ltr'>Breplioti‘opliium</span> <span class='ocrx_word' id='word_1_453' title='bbox 1441 1038 1448 1049; x_wconf 89' lang='lat'><em>,</em></span> <span class='ocrx_word' id='word_1_454' title='bbox 1473 1018 1502 1046; x_wconf 91' lang='lat' dir='ltr'>in</span> <span class='ocrx_word' id='word_1_455' title='bbox 1513 1028 1567 1056; x_wconf 88' lang='lat' dir='ltr'>quo</span> <span class='ocrx_word' id='word_1_456' title='bbox 1577 1018 1696 1046; x_wconf 81' lang='lat' dir='ltr'>infantes</span> <span class='ocrx_word' id='word_1_457' title='bbox 1707 1029 1772 1056; x_wconf 79' lang='lat' dir='ltr'>pau-</span> 
     </span>
     <span class='ocr_line' id='line_1_58' title="bbox 985 1055 1773 1094; baseline 0.004 -10"><span class='ocrx_word' id='word_1_458' title='bbox 985 1066 1078 1094; x_wconf 86' lang='lat' dir='ltr'>perum</span> <span class='ocrx_word' id='word_1_459' title='bbox 1088 1058 1197 1085; x_wconf 86' lang='lat' dir='ltr'>aluntur</span> <span class='ocrx_word' id='word_1_460' title='bbox 1209 1078 1215 1084; x_wconf 93' lang='lat'>.</span> <span class='ocrx_word' id='word_1_461' title='bbox 1227 1059 1239 1088; x_wconf 90' lang='lat'>]</span> <span class='ocrx_word' id='word_1_462' title='bbox 1262 1059 1303 1085; x_wconf 77' lang='lat' dir='ltr'>Ac</span> <span class='ocrx_word' id='word_1_463' title='bbox 1314 1057 1367 1084; x_wconf 76' lang='lat' dir='ltr'>alia</span> <span class='ocrx_word' id='word_1_464' title='bbox 1377 1055 1470 1086; x_wconf 69' lang='lat' dir='ltr'>Gloss‘a</span> <span class='ocrx_word' id='word_1_465' title='bbox 1478 1057 1531 1086; x_wconf 86' lang='lat' dir='ltr'>hoc</span> <span class='ocrx_word' id='word_1_466' title='bbox 1542 1058 1640 1088; x_wconf 83' lang='lat' dir='ltr'>distico</span> <span class='ocrx_word' id='word_1_467' title='bbox 1649 1059 1773 1088; x_wconf 82' lang='lat' dir='ltr'>breviter</span> 
     </span>
     <span class='ocr_line' id='line_1_59' title="bbox 982 1096 1284 1135; baseline -0.003 -10"><span class='ocrx_word' id='word_1_468' title='bbox 982 1096 1136 1135; x_wconf 67' lang='lat' dir='ltr'>supradicta.</span> <span class='ocrx_word' id='word_1_469' title='bbox 1146 1098 1265 1135; x_wconf 84' lang='lat' dir='ltr'>explicat</span> <span class='ocrx_word' id='word_1_470' title='bbox 1278 1117 1284 1123; x_wconf 90' lang='lat'>.</span> 
     </span>
    </p>

    <p class='ocr_par' dir='ltr' id='par_1_19' title="bbox 1023 1135 1768 1178">
     <span class='ocr_line' id='line_1_60' title="bbox 1023 1135 1768 1178; baseline 0.003 -12"><span class='ocrx_word' id='word_1_471' title='bbox 1023 1136 1146 1166; x_wconf 81' lang='lat' dir='ltr'>Pascitur</span> <span class='ocrx_word' id='word_1_472' title='bbox 1168 1137 1199 1166; x_wconf 88' lang='lat' dir='ltr'>in</span> <span class='ocrx_word' id='word_1_473' title='bbox 1220 1135 1330 1175; x_wconf 78' lang='lat' dir='ltr'>Brepho</span> <span class='ocrx_word' id='word_1_474' title='bbox 1347 1157 1356 1170; x_wconf 93' lang='lat'><em>‚</em></span> <span class='ocrx_word' id='word_1_475' title='bbox 1379 1139 1477 1167; x_wconf 87' lang='lat' dir='ltr'>Geron</span> <span class='ocrx_word' id='word_1_476' title='bbox 1497 1158 1505 1171; x_wconf 96' lang='lat'><em>,</em></span> <span class='ocrx_word' id='word_1_477' title='bbox 1527 1138 1628 1178; x_wconf 82' lang='lat' dir='ltr'>Oi-plia</span> <span class='ocrx_word' id='word_1_478' title='bbox 1639 1160 1647 1172; x_wconf 87' lang='lat'><em>,</em></span> <span class='ocrx_word' id='word_1_479' title='bbox 1669 1138 1748 1169; x_wconf 81' lang='lat' dir='ltr'>Noso</span> <span class='ocrx_word' id='word_1_480' title='bbox 1761 1161 1768 1172; x_wconf 97' lang='lat'><em>,</em></span> 
     </span>
    </p>

    <p class='ocr_par' dir='ltr' id='par_1_20' title="bbox 1024 1179 1769 1288">
     <span class='ocr_line' id='line_1_61' title="bbox 1067 1179 1222 1217; baseline 0 -10"><span class='ocrx_word' id='word_1_481' title='bbox 1067 1179 1201 1217; x_wconf 89' lang='lat' dir='ltr'>Xenoque</span> <span class='ocrx_word' id='word_1_482' title='bbox 1213 1199 1222 1210; x_wconf 90' lang='lat'><em>,</em></span> 
     </span>
     <span class='ocr_line' id='line_1_62' title="bbox 1024 1218 1769 1260; baseline 0.001 -14"><span class='ocrx_word' id='word_1_483' title='bbox 1024 1218 1154 1247; x_wconf 84' lang='lat' dir='ltr'>Infirmus</span> <span class='ocrx_word' id='word_1_484' title='bbox 1173 1240 1182 1252; x_wconf 92' lang='lat'><em>,</em></span> <span class='ocrx_word' id='word_1_485' title='bbox 1206 1218 1313 1249; x_wconf 84' lang='lat' dir='ltr'>vetulus</span> <span class='ocrx_word' id='word_1_486' title='bbox 1333 1239 1341 1252; x_wconf 90' lang='lat'>,</span> <span class='ocrx_word' id='word_1_487' title='bbox 1363 1228 1431 1257; x_wconf 86' lang='lat' dir='ltr'>puer</span> <span class='ocrx_word' id='word_1_488' title='bbox 1440 1240 1448 1252; x_wconf 90' lang='lat'><em>,</em></span> <span class='ocrx_word' id='word_1_489' title='bbox 1469 1218 1558 1249; x_wconf 81' lang='lat' dir='ltr'>infans</span> <span class='ocrx_word' id='word_1_490' title='bbox 1567 1241 1576 1254; x_wconf 80' lang='lat'><em>,</em></span> <span class='ocrx_word' id='word_1_491' title='bbox 1598 1224 1625 1249; x_wconf 83' lang='lat'>&amp;</span> <span class='ocrx_word' id='word_1_492' title='bbox 1648 1221 1769 1260; x_wconf 53' lang='lat' dir='ltr'>peregri&lt;</span> 
     </span>
     <span class='ocr_line' id='line_1_63' title="bbox 1065 1269 1132 1288; baseline -0.015 0"><span class='ocrx_word' id='word_1_493' title='bbox 1065 1269 1114 1288; x_wconf 88' lang='lat' dir='ltr'>uus</span> <span class='ocrx_word' id='word_1_494' title='bbox 1124 1279 1132 1287; x_wconf 82' lang='lat'>.</span> 
     </span>
    </p>

    <p class='ocr_par' dir='ltr' id='par_1_21' title="bbox 983 1298 1628 1379">
     <span class='ocr_line' id='line_1_64' title="bbox 984 1298 1299 1337; baseline -0.003 -9"><span class='ocrx_word' id='word_1_495' title='bbox 984 1298 1058 1328; x_wconf 87' lang='lat' dir='ltr'>Vide</span> <span class='ocrx_word' id='word_1_496' title='bbox 1086 1301 1271 1337; x_wconf 77' lang='lat' dir='ltr'>Nosbcomium</span> <span class='ocrx_word' id='word_1_497' title='bbox 1291 1320 1299 1327; x_wconf 95' lang='lat'>.</span> 
     </span>
     <span class='ocr_line' id='line_1_65' title="bbox 983 1340 1628 1379; baseline 0.002 -11"><span class='ocrx_word' id='word_1_498' title='bbox 983 1340 1076 1368; x_wconf 83' lang='lat' dir='ltr'>chium</span> <span class='ocrx_word' id='word_1_499' title='bbox 1089 1360 1096 1368; x_wconf 91' lang='lat'>.</span> <span class='ocrx_word' id='word_1_500' title='bbox 1120 1341 1331 1378; x_wconf 73' lang='lat' dir='ltr'>Curotrophium</span> <span class='ocrx_word' id='word_1_501' title='bbox 1341 1361 1347 1367; x_wconf 95' lang='lat'>.</span> <span class='ocrx_word' id='word_1_502' title='bbox 1370 1340 1609 1379; x_wconf 77' lang='lat' dir='ltr'>Urephotrophium</span> <span class='ocrx_word' id='word_1_503' title='bbox 1621 1363 1628 1369; x_wconf 94' lang='lat'>.</span> 
     </span>
    </p>
   </div>
   <div class='ocr_carea' id='block_1_14' title="bbox 1329 1300 1771 1338">
    <p class='ocr_par' dir='ltr' id='par_1_22' title="bbox 1329 1300 1771 1338">
     <span class='ocr_line' id='line_1_66' title="bbox 1329 1300 1771 1338; baseline 0.007 -11"><span class='ocrx_word' id='word_1_504' title='bbox 1329 1300 1590 1338; x_wconf 67' lang='lat' dir='ltr'>orphanotrophium</span> <span class='ocrx_word' id='word_1_505' title='bbox 1612 1322 1619 1329; x_wconf 89' lang='lat'>.</span> <span class='ocrx_word' id='word_1_506' title='bbox 1651 1302 1771 1330; x_wconf 74' lang='lat' dir='ltr'>Xenodo-</span> 
     </span>
    </p>
   </div>
   <div class='ocr_carea' id='block_1_15' title="bbox 137 1379 1794 1420">
    <p class='ocr_par' dir='ltr' id='par_1_23' title="bbox 137 1379 1794 1420">
     <span class='ocr_line' id='line_1_67' title="bbox 137 1379 1794 1420; baseline 0.002 -12"><span class='ocrx_word' id='word_1_507' title='bbox 137 1379 232 1409; x_wconf 67' lang='lat' dir='ltr'>ftione</span> <span class='ocrx_word' id='word_1_508' title='bbox 239 1380 347 1420; x_wconf 77' lang='lat' dir='ltr'>sanguis</span> <span class='ocrx_word' id='word_1_509' title='bbox 357 1381 483 1418; x_wconf 87' lang='lat' dir='ltr'>protinus</span> <span class='ocrx_word' id='word_1_510' title='bbox 491 1380 641 1409; x_wconf 79' lang='lat' dir='ltr'>emanavit.</span> <span class='ocrx_word' id='word_1_511' title='bbox 652 1383 664 1412; x_wconf 96' lang='grc'>]</span> <span class='ocrx_word' id='word_1_512' title='bbox 677 1383 715 1415; x_wconf 84' lang='grc' dir='ltr'>.·Η;</span> <span class='ocrx_word' id='word_1_513' title='bbox 725 1381 836 1410; x_wconf 86' lang='lat' dir='ltr'>Dicitur</span> <span class='ocrx_word' id='word_1_514' title='bbox 845 1381 928 1409; x_wconf 82' lang='lat' dir='ltr'>etiam</span> <span class='ocrx_word' id='word_1_515' title='bbox 943 1384 1039 1411; x_wconf 68' lang='grc' dir='ltr'>Βκενε</span> <span class='ocrx_word' id='word_1_516' title='bbox 1049 1403 1058 1414; x_wconf 82' lang='grc'>,</span> <span class='ocrx_word' id='word_1_517' title='bbox 1079 1381 1239 1419; x_wconf 83' lang='lat' dir='ltr'>Apostolica</span> <span class='ocrx_word' id='word_1_518' title='bbox 1251 1381 1389 1419; x_wconf 84' lang='lat' dir='ltr'>Epistola,</span> <span class='ocrx_word' id='word_1_519' title='bbox 1412 1381 1457 1410; x_wconf 83' lang='lat' dir='ltr'>vel</span> <span class='ocrx_word' id='word_1_520' title='bbox 1476 1382 1539 1419; x_wconf 88' lang='lat' dir='ltr'>quia</span> <span class='ocrx_word' id='word_1_521' title='bbox 1558 1382 1679 1411; x_wconf 77' lang='lat' dir='ltr'>breviori</span> <span class='ocrx_word' id='word_1_522' title='bbox 1699 1382 1772 1417; x_wconf 86' lang='lat' dir='ltr'>stylo</span> <span class='ocrx_word' id='word_1_523' title='bbox 1790 1383 1794 1387; x_wconf 83' lang='grc'><strong>”</strong></span> 
     </span>
    </p>
   </div>
   <div class='ocr_carea' id='block_1_16' title="bbox 102 1419 930 2316">
    <p class='ocr_par' dir='ltr' id='par_1_24' title="bbox 139 1419 930 1813">
     <span class='ocr_line' id='line_1_68' title="bbox 139 1419 927 1455; baseline 0.001 -6"><span class='ocrx_word' id='word_1_524' title='bbox 139 1419 212 1449; x_wconf 88' lang='lat' dir='ltr'>idem</span> <span class='ocrx_word' id='word_1_525' title='bbox 225 1422 378 1450; x_wconf 83' lang='lat' dir='ltr'>Brandeum</span> <span class='ocrx_word' id='word_1_526' title='bbox 389 1443 396 1454; x_wconf 93' lang='lat'>‚</span> <span class='ocrx_word' id='word_1_527' title='bbox 410 1424 606 1450; x_wconf 61' lang='lat' dir='ltr'>Sanffuarium</span> <span class='ocrx_word' id='word_1_528' title='bbox 615 1442 623 1454; x_wconf 90' lang='lat'>‚</span> <span class='ocrx_word' id='word_1_529' title='bbox 632 1423 784 1450; x_wconf 71' lang='lat' dir='ltr'>sudarium</span> <span class='ocrx_word' id='word_1_530' title='bbox 798 1443 806 1454; x_wconf 88' lang='lat'><em>,</em></span> <span class='ocrx_word' id='word_1_531' title='bbox 817 1422 908 1450; x_wconf 78' lang='lat' dir='ltr'>Velum</span> <span class='ocrx_word' id='word_1_532' title='bbox 919 1443 927 1455; x_wconf 92' lang='lat'><em>‚</em></span> 
     </span>
     <span class='ocr_line' id='line_1_69' title="bbox 139 1461 928 1501; baseline 0.001 -12"><span class='ocrx_word' id='word_1_533' title='bbox 139 1465 273 1490; x_wconf 72' lang='lat' dir='ltr'>orarium</span> <span class='ocrx_word' id='word_1_534' title='bbox 284 1482 292 1489; x_wconf 88' lang='lat'>.</span> <span class='ocrx_word' id='word_1_535' title='bbox 314 1463 389 1490; x_wconf 85' lang='lat' dir='ltr'>Item</span> <span class='ocrx_word' id='word_1_536' title='bbox 407 1462 566 1490; x_wconf 78' lang='lat' dir='ltr'>Prandeum</span> <span class='ocrx_word' id='word_1_537' title='bbox 585 1462 656 1500; x_wconf 83' lang='lat' dir='ltr'>apud</span> <span class='ocrx_word' id='word_1_538' title='bbox 667 1461 860 1500; x_wconf 82' lang='lat' dir='ltr'>Landulphum</span> <span class='ocrx_word' id='word_1_539' title='bbox 878 1472 928 1501; x_wconf 92' lang='lat' dir='ltr'>pro</span> 
     </span>
     <span class='ocr_line' id='line_1_70' title="bbox 139 1499 929 1541; baseline 0.004 -12"><span class='ocrx_word' id='word_1_540' title='bbox 139 1499 223 1529; x_wconf 76' lang='lat' dir='ltr'>fascia</span> <span class='ocrx_word' id='word_1_541' title='bbox 233 1522 241 1534; x_wconf 90' lang='lat'><em>‚</em></span> <span class='ocrx_word' id='word_1_542' title='bbox 263 1505 291 1530; x_wconf 71' lang='grc' dir='ltr'>ὅ(</span> <span class='ocrx_word' id='word_1_543' title='bbox 302 1502 422 1530; x_wconf 90' lang='lat' dir='ltr'>linteolo</span> <span class='ocrx_word' id='word_1_544' title='bbox 432 1501 573 1540; x_wconf 83' lang='lat' dir='ltr'>usurpatur</span> <span class='ocrx_word' id='word_1_545' title='bbox 582 1522 588 1529; x_wconf 93' lang='lat'>.</span> <span class='ocrx_word' id='word_1_546' title='bbox 614 1509 625 1538; x_wconf 91' lang='lat'><strong>[</strong></span> <span class='ocrx_word' id='word_1_547' title='bbox 637 1503 759 1531; x_wconf 80' lang='lat' dir='ltr'>Habebat</span> <span class='ocrx_word' id='word_1_548' title='bbox 767 1513 857 1531; x_wconf 85' lang='lat' dir='ltr'>comas</span> <span class='ocrx_word' id='word_1_549' title='bbox 866 1513 929 1541; x_wconf 85' lang='lat' dir='ltr'>pro-</span> 
     </span>
     <span class='ocr_line' id='line_1_71' title="bbox 141 1541 926 1581; baseline 0.005 -14"><span class='ocrx_word' id='word_1_550' title='bbox 141 1541 210 1568; x_wconf 86' lang='lat' dir='ltr'>lixas</span> <span class='ocrx_word' id='word_1_551' title='bbox 230 1541 310 1571; x_wconf 82' lang='lat' dir='ltr'>valde</span> <span class='ocrx_word' id='word_1_552' title='bbox 319 1562 328 1574; x_wconf 85' lang='lat'><em>‚</em></span> <span class='ocrx_word' id='word_1_553' title='bbox 350 1552 431 1581; x_wconf 85' lang='lat' dir='ltr'>atque</span> <span class='ocrx_word' id='word_1_554' title='bbox 451 1542 594 1581; x_wconf 78' lang='lat' dir='ltr'>perplexas</span> <span class='ocrx_word' id='word_1_555' title='bbox 605 1564 613 1576; x_wconf 93' lang='lat'><em>‚</em></span> <span class='ocrx_word' id='word_1_556' title='bbox 639 1543 743 1571; x_wconf 61' lang='lat' dir='ltr'>vineias</span> <span class='ocrx_word' id='word_1_557' title='bbox 753 1544 879 1581; x_wconf 80' lang='lat' dir='ltr'>prandeis</span> <span class='ocrx_word' id='word_1_558' title='bbox 889 1564 895 1571; x_wconf 89' lang='lat'>.</span> <span class='ocrx_word' id='word_1_559' title='bbox 914 1546 926 1575; x_wconf 90' lang='lat'><em>]</em></span> 
     </span>
     <span class='ocr_line' id='line_1_72' title="bbox 141 1580 928 1622; baseline 0.005 -13"><span class='ocrx_word' id='word_1_560' title='bbox 141 1580 264 1610; x_wconf 83' lang='lat' dir='ltr'>Ifidorus</span> <span class='ocrx_word' id='word_1_561' title='bbox 285 1591 334 1620; x_wconf 84' lang='lat' dir='ltr'>per</span> <span class='ocrx_word' id='word_1_562' title='bbox 343 1583 497 1611; x_wconf 86' lang='lat' dir='ltr'>Brandeum</span> <span class='ocrx_word' id='word_1_563' title='bbox 511 1593 613 1612; x_wconf 82' lang='lat' dir='ltr'>zonam</span> <span class='ocrx_word' id='word_1_564' title='bbox 630 1584 783 1622; x_wconf 85' lang='lat' dir='ltr'>intelligit.</span> <span class='ocrx_word' id='word_1_565' title='bbox 805 1584 928 1613; x_wconf 83' lang='lat' dir='ltr'>Tandem</span> 
     </span>
     <span class='ocr_line' id='line_1_73' title="bbox 143 1621 926 1661; baseline 0.004 -11"><span class='ocrx_word' id='word_1_566' title='bbox 143 1631 195 1660; x_wconf 88' lang='lat' dir='ltr'>pro</span> <span class='ocrx_word' id='word_1_567' title='bbox 204 1623 340 1661; x_wconf 86' lang='lat' dir='ltr'>corporali</span> <span class='ocrx_word' id='word_1_568' title='bbox 351 1645 359 1656; x_wconf 96' lang='lat'><em>‚</em></span> <span class='ocrx_word' id='word_1_569' title='bbox 381 1621 425 1650; x_wconf 90' lang='lat' dir='ltr'>seu</span> <span class='ocrx_word' id='word_1_570' title='bbox 437 1623 530 1661; x_wconf 86' lang='lat' dir='ltr'>aliquo</span> <span class='ocrx_word' id='word_1_571' title='bbox 541 1623 624 1652; x_wconf 83' lang='lat' dir='ltr'>fimili</span> <span class='ocrx_word' id='word_1_572' title='bbox 635 1645 642 1652; x_wconf 97' lang='lat'>.</span> <span class='ocrx_word' id='word_1_573' title='bbox 664 1629 679 1659; x_wconf 85' lang='grc'>[</span> <span class='ocrx_word' id='word_1_574' title='bbox 690 1627 724 1652; x_wconf 84' lang='lat' dir='ltr'>Et</span> <span class='ocrx_word' id='word_1_575' title='bbox 735 1624 769 1652; x_wconf 85' lang='lat' dir='ltr'>fic</span> <span class='ocrx_word' id='word_1_576' title='bbox 779 1624 926 1653; x_wconf 84' lang='lat' dir='ltr'>brandeum</span> 
     </span>
     <span class='ocr_line' id='line_1_74' title="bbox 141 1661 928 1702; baseline 0.005 -12"><span class='ocrx_word' id='word_1_577' title='bbox 141 1662 248 1691; x_wconf 81' lang='lat' dir='ltr'>Altaris</span> <span class='ocrx_word' id='word_1_578' title='bbox 258 1685 266 1695; x_wconf 92' lang='lat'><em>‚</em></span> <span class='ocrx_word' id='word_1_579' title='bbox 288 1673 343 1701; x_wconf 92' lang='lat' dir='ltr'>quo</span> <span class='ocrx_word' id='word_1_580' title='bbox 361 1661 549 1692; x_wconf 81' lang='lat' dir='ltr'>consecratum</span> <span class='ocrx_word' id='word_1_581' title='bbox 560 1674 657 1702; x_wconf 89' lang='lat' dir='ltr'>corpus</span> <span class='ocrx_word' id='word_1_582' title='bbox 667 1665 787 1693; x_wconf 85' lang='lat' dir='ltr'>Domini</span> <span class='ocrx_word' id='word_1_583' title='bbox 799 1665 928 1695; x_wconf 84' lang='lat' dir='ltr'>involve-</span> 
     </span>
     <span class='ocr_line' id='line_1_75' title="bbox 139 1703 926 1743; baseline 0.005 -12"><span class='ocrx_word' id='word_1_584' title='bbox 139 1712 183 1731; x_wconf 90' lang='lat' dir='ltr'>rat</span> <span class='ocrx_word' id='word_1_585' title='bbox 193 1724 201 1736; x_wconf 87' lang='lat'><em>,</em></span> <span class='ocrx_word' id='word_1_586' title='bbox 225 1704 410 1741; x_wconf 79' lang='lat' dir='ltr'>particulatim</span> <span class='ocrx_word' id='word_1_587' title='bbox 428 1703 570 1732; x_wconf 85' lang='lat' dir='ltr'>dividebat</span> <span class='ocrx_word' id='word_1_588' title='bbox 582 1724 588 1731; x_wconf 93' lang='lat'>.</span> <span class='ocrx_word' id='word_1_589' title='bbox 612 1705 725 1743; x_wconf 87' lang='lat' dir='ltr'>Sigiber.</span> <span class='ocrx_word' id='word_1_590' title='bbox 745 1715 776 1733; x_wconf 92' lang='lat' dir='ltr'>in</span> <span class='ocrx_word' id='word_1_591' title='bbox 795 1704 926 1738; x_wconf 74' lang='lat' dir='ltr'>Chrom]</span> 
     </span>
     <span class='ocr_line' id='line_1_76' title="bbox 140 1743 930 1781; baseline 0.006 -10"><span class='ocrx_word' id='word_1_592' title='bbox 140 1743 216 1772; x_wconf 85' lang='lat' dir='ltr'>Vide</span> <span class='ocrx_word' id='word_1_593' title='bbox 233 1744 396 1781; x_wconf 76' lang='lat' dir='ltr'>Banderasii</span> <span class='ocrx_word' id='word_1_594' title='bbox 416 1764 424 1772; x_wconf 92' lang='lat'>.</span> <span class='ocrx_word' id='word_1_595' title='bbox 445 1744 570 1773; x_wconf 79' lang='lat' dir='ltr'>Velamen</span> <span class='ocrx_word' id='word_1_596' title='bbox 579 1765 586 1773; x_wconf 90' lang='lat'>.</span> <span class='ocrx_word' id='word_1_597' title='bbox 609 1746 758 1774; x_wconf 76' lang='lat' dir='ltr'>Palliolum</span> <span class='ocrx_word' id='word_1_598' title='bbox 777 1766 786 1775; x_wconf 90' lang='grc'><strong>.</strong></span> <span class='ocrx_word' id='word_1_599' title='bbox 806 1751 930 1776; x_wconf 77' lang='lat' dir='ltr'>Patroci-</span> 
     </span>
     <span class='ocr_line' id='line_1_77' title="bbox 142 1785 433 1813; baseline 0.003 -2"><span class='ocrx_word' id='word_1_600' title='bbox 142 1786 222 1812; x_wconf 82' lang='lat' dir='ltr'>nium</span> <span class='ocrx_word' id='word_1_601' title='bbox 233 1804 241 1812; x_wconf 89' lang='lat'>.</span> <span class='ocrx_word' id='word_1_602' title='bbox 264 1785 417 1813; x_wconf 72' lang='lat' dir='ltr'>Umbi&#39;lacus</span> <span class='ocrx_word' id='word_1_603' title='bbox 427 1805 433 1812; x_wconf 91' lang='lat'>.</span> 
     </span>
    </p>

    <p class='ocr_par' dir='ltr' id='par_1_25' title="bbox 102 1824 929 1978">
     <span class='ocr_line' id='line_1_78' title="bbox 102 1824 928 1864; baseline 0.006 -12"><span class='ocrx_word' id='word_1_604' title='bbox 102 1825 239 1853; x_wconf 65' lang='lat' dir='ltr'>Bnnsiuu</span> <span class='ocrx_word' id='word_1_605' title='bbox 249 1845 258 1857; x_wconf 93' lang='lat'><em>‚</em></span> <span class='ocrx_word' id='word_1_606' title='bbox 280 1824 391 1854; x_wconf 74' lang='lat' dir='ltr'>cervisia</span> <span class='ocrx_word' id='word_1_607' title='bbox 402 1846 411 1859; x_wconf 96' lang='lat'><em>,</em></span> <span class='ocrx_word' id='word_1_608' title='bbox 433 1824 515 1854; x_wconf 77' lang='lat' dir='ltr'>ficeta</span> <span class='ocrx_word' id='word_1_609' title='bbox 524 1846 532 1858; x_wconf 95' lang='lat'><em>‚</em></span> <span class='ocrx_word' id='word_1_610' title='bbox 555 1825 635 1864; x_wconf 91' lang='lat' dir='ltr'>potio</span> <span class='ocrx_word' id='word_1_611' title='bbox 654 1825 724 1855; x_wconf 87' lang='lat' dir='ltr'>inter</span> <span class='ocrx_word' id='word_1_612' title='bbox 734 1827 928 1858; x_wconf 85' lang='lat' dir='ltr'>Ultramonta—</span> 
     </span>
     <span class='ocr_line' id='line_1_79' title="bbox 144 1864 929 1908; baseline 0.008 -16"><span class='ocrx_word' id='word_1_613' title='bbox 144 1875 194 1892; x_wconf 86' lang='lat' dir='ltr'>nos</span> <span class='ocrx_word' id='word_1_614' title='bbox 203 1864 371 1894; x_wconf 70' lang='lat' dir='ltr'>usitatissima</span> <span class='ocrx_word' id='word_1_615' title='bbox 380 1877 390 1897; x_wconf 66' lang='grc' dir='ltr'>ς</span> <span class='ocrx_word' id='word_1_616' title='bbox 412 1877 426 1894; x_wconf 90' lang='lat' dir='ltr'>a</span> <span class='ocrx_word' id='word_1_617' title='bbox 435 1866 520 1895; x_wconf 86' lang='lat' dir='ltr'>verbo</span> <span class='ocrx_word' id='word_1_618' title='bbox 528 1866 630 1905; x_wconf 90' lang='lat' dir='ltr'>gallico</span> <span class='ocrx_word' id='word_1_619' title='bbox 641 1867 749 1904; x_wconf 66' lang='lat' dir='ltr'>Braffi’r</span> <span class='ocrx_word' id='word_1_620' title='bbox 759 1889 767 1900; x_wconf 89' lang='lat'><em>‚</em></span> <span class='ocrx_word' id='word_1_621' title='bbox 789 1870 865 1908; x_wconf 91' lang='lat' dir='ltr'>quod</span> <span class='ocrx_word' id='word_1_622' title='bbox 881 1881 929 1898; x_wconf 86' lang='lat' dir='ltr'>co-</span> 
     </span>
     <span class='ocr_line' id='line_1_80' title="bbox 142 1905 926 1947; baseline 0.009 -15"><span class='ocrx_word' id='word_1_623' title='bbox 142 1914 229 1942; x_wconf 84' lang='lat' dir='ltr'>quere</span> <span class='ocrx_word' id='word_1_624' title='bbox 238 1905 380 1935; x_wconf 65' lang='lat' dir='ltr'>rervisiam</span> <span class='ocrx_word' id='word_1_625' title='bbox 389 1906 505 1935; x_wconf 85' lang='lat' dir='ltr'>denotat</span> <span class='ocrx_word' id='word_1_626' title='bbox 516 1928 523 1939; x_wconf 92' lang='lat'>,</span> <span class='ocrx_word' id='word_1_627' title='bbox 534 1906 591 1936; x_wconf 82' lang='lat' dir='ltr'>five</span> <span class='ocrx_word' id='word_1_628' title='bbox 601 1918 614 1936; x_wconf 82' lang='lat' dir='ltr'>a</span> <span class='ocrx_word' id='word_1_629' title='bbox 625 1907 709 1936; x_wconf 87' lang='lat' dir='ltr'>verbo</span> <span class='ocrx_word' id='word_1_630' title='bbox 719 1905 817 1947; x_wconf 66' lang='lat' dir='ltr'>sspu&#39;m</span> <span class='ocrx_word' id='word_1_631' title='bbox 827 1931 836 1942; x_wconf 86' lang='lat'><em>,</em></span> <span class='ocrx_word' id='word_1_632' title='bbox 848 1910 926 1944; x_wconf 87' lang='lat' dir='ltr'>idest,</span> 
     </span>
     <span class='ocr_line' id='line_1_81' title="bbox 147 1945 622 1978; baseline 0.006 -5"><span class='ocrx_word' id='word_1_633' title='bbox 147 1945 259 1978; x_wconf 82' lang='lat' dir='ltr'>ferveo,</span> <span class='ocrx_word' id='word_1_634' title='bbox 281 1946 388 1975; x_wconf 89' lang='lat' dir='ltr'>ebullio</span> <span class='ocrx_word' id='word_1_635' title='bbox 398 1967 406 1974; x_wconf 88' lang='lat'>.</span> <span class='ocrx_word' id='word_1_636' title='bbox 428 1948 504 1976; x_wconf 88' lang='lat' dir='ltr'>Vide</span> <span class='ocrx_word' id='word_1_637' title='bbox 512 1952 622 1976; x_wconf 80' lang='lat' dir='ltr'>Braxo.</span> 
     </span>
    </p>

    <p class='ocr_par' dir='ltr' id='par_1_26' title="bbox 102 1986 928 2190">
     <span class='ocr_line' id='line_1_82' title="bbox 102 1986 927 2031; baseline 0.007 -17"><span class='ocrx_word' id='word_1_638' title='bbox 102 1987 245 2016; x_wconf 72' lang='lat' dir='ltr'>Biuviim</span> <span class='ocrx_word' id='word_1_639' title='bbox 255 2007 264 2019; x_wconf 84' lang='lat'><em>‚</em></span> <span class='ocrx_word' id='word_1_640' title='bbox 284 1986 408 2024; x_wconf 69' lang='lat' dir='ltr'>Bpasse&#39;m</span> <span class='ocrx_word' id='word_1_641' title='bbox 417 2008 426 2021; x_wconf 94' lang='lat'><em>,</em></span> <span class='ocrx_word' id='word_1_642' title='bbox 448 1989 593 2026; x_wconf 84' lang='lat' dir='ltr'>praemium</span> <span class='ocrx_word' id='word_1_643' title='bbox 603 2000 613 2020; x_wconf 80' lang='lat'>,-</span> <span class='ocrx_word' id='word_1_644' title='bbox 623 1986 673 2017; x_wconf 89' lang='lat' dir='ltr'>sed</span> <span class='ocrx_word' id='word_1_645' title='bbox 681 1990 868 2020; x_wconf 87' lang='lat' dir='ltr'>communiter</span> <span class='ocrx_word' id='word_1_646' title='bbox 877 2002 927 2031; x_wconf 91' lang='lat' dir='ltr'>pro</span> 
     </span>
     <span class='ocr_line' id='line_1_83' title="bbox 142 2026 928 2069; baseline 0.01 -16"><span class='ocrx_word' id='word_1_647' title='bbox 142 2026 297 2065; x_wconf 79' lang='lat' dir='ltr'>palaestrico</span> <span class='ocrx_word' id='word_1_648' title='bbox 308 2027 424 2064; x_wconf 81' lang='lat' dir='ltr'>praemio</span> <span class='ocrx_word' id='word_1_649' title='bbox 433 2027 549 2057; x_wconf 86' lang='lat' dir='ltr'>sumitur</span> <span class='ocrx_word' id='word_1_650' title='bbox 558 2049 565 2057; x_wconf 89' lang='lat'>.</span> <span class='ocrx_word' id='word_1_651' title='bbox 593 2030 724 2064; x_wconf 86' lang='lat' dir='ltr'>[Omnes</span> <span class='ocrx_word' id='word_1_652' title='bbox 734 2032 847 2069; x_wconf 86' lang='lat' dir='ltr'>quidem</span> <span class='ocrx_word' id='word_1_653' title='bbox 868 2043 928 2061; x_wconf 84' lang='lat' dir='ltr'>cut-</span> 
     </span>
     <span class='ocr_line' id='line_1_84' title="bbox 143 2066 927 2110; baseline 0.008 -15"><span class='ocrx_word' id='word_1_654' title='bbox 143 2076 210 2096; x_wconf 87' lang='lat' dir='ltr'>runt</span> <span class='ocrx_word' id='word_1_655' title='bbox 221 2089 229 2100; x_wconf 90' lang='lat'><em>‚</em></span> <span class='ocrx_word' id='word_1_656' title='bbox 251 2066 300 2096; x_wconf 85' lang='lat' dir='ltr'>sed</span> <span class='ocrx_word' id='word_1_657' title='bbox 320 2077 389 2096; x_wconf 85' lang='lat' dir='ltr'>unus</span> <span class='ocrx_word' id='word_1_658' title='bbox 409 2069 510 2108; x_wconf 79' lang='lat' dir='ltr'>accipit</span> <span class='ocrx_word' id='word_1_659' title='bbox 526 2070 652 2099; x_wconf 79' lang='lat' dir='ltr'>bravium</span> <span class='ocrx_word' id='word_1_660' title='bbox 661 2092 670 2104; x_wconf 90' lang='lat'><em>‚</em></span> <span class='ocrx_word' id='word_1_661' title='bbox 698 2082 721 2099; x_wconf 90' lang='grc' dir='ltr'>ι.</span> <span class='ocrx_word' id='word_1_662' title='bbox 729 2072 864 2101; x_wconf 83' lang='lat' dir='ltr'>Corinth.</span> <span class='ocrx_word' id='word_1_663' title='bbox 875 2075 927 2110; x_wconf 85' lang='grc'>9.]</span> 
     </span>
     <span class='ocr_line' id='line_1_85' title="bbox 143 2108 928 2152; baseline 0.011 -17"><span class='ocrx_word' id='word_1_664' title='bbox 143 2108 332 2137; x_wconf 77' lang='lat' dir='ltr'>Tertullianus</span> <span class='ocrx_word' id='word_1_665' title='bbox 341 2118 409 2137; x_wconf 90' lang='lat' dir='ltr'>vero</span> <span class='ocrx_word' id='word_1_666' title='bbox 417 2130 426 2142; x_wconf 95' lang='lat'><em>,</em></span> <span class='ocrx_word' id='word_1_667' title='bbox 446 2120 563 2149; x_wconf 66' lang='lat' dir='ltr'>gsaecam</span> <span class='ocrx_word' id='word_1_668' title='bbox 573 2111 782 2150; x_wconf 83' lang='lat' dir='ltr'>ortographiam</span> <span class='ocrx_word' id='word_1_669' title='bbox 791 2112 928 2152; x_wconf 77' lang='lat' dir='ltr'>sequutu5‚</span> 
     </span>
     <span class='ocr_line' id='line_1_86' title="bbox 144 2147 762 2190; baseline 0.008 -14"><span class='ocrx_word' id='word_1_670' title='bbox 144 2147 176 2177; x_wconf 90' lang='lat' dir='ltr'>in</span> <span class='ocrx_word' id='word_1_671' title='bbox 185 2158 243 2187; x_wconf 84' lang='lat' dir='ltr'>cap.</span> <span class='ocrx_word' id='word_1_672' title='bbox 256 2159 283 2187; x_wconf 89' lang='lat'>3.</span> <span class='ocrx_word' id='word_1_673' title='bbox 295 2148 329 2177; x_wconf 83' lang='lat' dir='ltr'>ad</span> <span class='ocrx_word' id='word_1_674' title='bbox 338 2148 440 2177; x_wconf 83' lang='lat' dir='ltr'>Matth.</span> <span class='ocrx_word' id='word_1_675' title='bbox 452 2151 588 2179; x_wconf 80' lang='lat' dir='ltr'>Brabium</span> <span class='ocrx_word' id='word_1_676' title='bbox 595 2150 740 2190; x_wconf 79' lang='lat' dir='ltr'>scripserat</span> <span class='ocrx_word' id='word_1_677' title='bbox 755 2174 762 2181; x_wconf 93' lang='lat'>.</span> 
     </span>
    </p>

    <p class='ocr_par' dir='ltr' id='par_1_27' title="bbox 103 2184 929 2316">
     <span class='ocr_line' id='line_1_87' title="bbox 103 2184 928 2228; baseline 0.007 -10"><span class='ocrx_word' id='word_1_678' title='bbox 103 2184 208 2218; x_wconf 72' lang='lat' dir='ltr'>ano</span> <span class='ocrx_word' id='word_1_679' title='bbox 219 2209 227 2222; x_wconf 90' lang='lat'>‚</span> <span class='ocrx_word' id='word_1_680' title='bbox 250 2199 283 2218; x_wconf 87' lang='lat' dir='ltr'>ex</span> <span class='ocrx_word' id='word_1_681' title='bbox 292 2199 385 2228; x_wconf 81' lang='lat' dir='ltr'>graeco</span> <span class='ocrx_word' id='word_1_682' title='bbox 394 2187 495 2227; x_wconf 70' lang='grc' dir='ltr'><strong><em>Βράωω</em></strong></span> <span class='ocrx_word' id='word_1_683' title='bbox 502 2212 512 2224; x_wconf 90' lang='grc'><strong><em>,</em></strong></span> <span class='ocrx_word' id='word_1_684' title='bbox 531 2191 601 2220; x_wconf 81' lang='lat' dir='ltr'>idest</span> <span class='ocrx_word' id='word_1_685' title='bbox 611 2214 620 2226; x_wconf 89' lang='lat'><em>,</em></span> <span class='ocrx_word' id='word_1_686' title='bbox 641 2193 745 2222; x_wconf 89' lang='lat' dir='ltr'>ebullio</span> <span class='ocrx_word' id='word_1_687' title='bbox 754 2214 764 2227; x_wconf 89' lang='lat'><em>‚</em></span> <span class='ocrx_word' id='word_1_688' title='bbox 784 2204 815 2223; x_wconf 92' lang='lat' dir='ltr'>ut</span> <span class='ocrx_word' id='word_1_689' title='bbox 824 2194 928 2224; x_wconf 71' lang='lat' dir='ltr'>dietum</span> 
     </span>
     <span class='ocr_line' id='line_1_88' title="bbox 140 2228 929 2275; baseline 0.013 -20"><span class='ocrx_word' id='word_1_690' title='bbox 140 2228 182 2258; x_wconf 76' lang='lat' dir='ltr'>est</span> <span class='ocrx_word' id='word_1_691' title='bbox 192 2238 224 2272; x_wconf 74' lang='lat' dir='ltr'>in</span> <span class='ocrx_word' id='word_1_692' title='bbox 232 2229 299 2258; x_wconf 70' lang='lat' dir='ltr'>dist.</span> <span class='ocrx_word' id='word_1_693' title='bbox 307 2229 452 2267; x_wconf 74' lang='lat' dir='ltr'>Brafium-</span> <span class='ocrx_word' id='word_1_694' title='bbox 474 2232 530 2260; x_wconf 82' lang='lat' dir='ltr'>Hic</span> <span class='ocrx_word' id='word_1_695' title='bbox 546 2242 638 2262; x_wconf 63' lang='lat' dir='ltr'>umen</span> <span class='ocrx_word' id='word_1_696' title='bbox 657 2234 800 2263; x_wconf 78' lang='lat' dir='ltr'>cervifiam</span> <span class='ocrx_word' id='word_1_697' title='bbox 810 2246 929 2275; x_wconf 88' lang='lat' dir='ltr'>coquere</span> 
     </span>
     <span class='ocr_line' id='line_1_89' title="bbox 142 2269 928 2316; baseline 0.011 -19"><span class='ocrx_word' id='word_1_698' title='bbox 142 2269 279 2308; x_wconf 78' lang='lat' dir='ltr'>fignificat</span> <span class='ocrx_word' id='word_1_699' title='bbox 289 2290 297 2298; x_wconf 91' lang='lat'>.</span> <span class='ocrx_word' id='word_1_700' title='bbox 321 2271 448 2306; x_wconf 83' lang='lat' dir='ltr'>[Mulier</span> <span class='ocrx_word' id='word_1_701' title='bbox 464 2272 588 2311; x_wconf 69' lang='lat' dir='ltr'>quaedam</span> <span class='ocrx_word' id='word_1_702' title='bbox 599 2295 608 2307; x_wconf 96' lang='lat'><em>,</em></span> <span class='ocrx_word' id='word_1_703' title='bbox 629 2285 688 2313; x_wconf 74' lang='lat' dir='ltr'>quae</span> <span class='ocrx_word' id='word_1_704' title='bbox 713 2277 839 2305; x_wconf 77' lang='lat' dir='ltr'>Eccleliae</span> <span class='ocrx_word' id='word_1_705' title='bbox 853 2281 928 2316; x_wconf 89' lang='lat' dir='ltr'>Apo-</span> 
     </span>
    </p>
   </div>
   <div class='ocr_carea' id='block_1_17' title="bbox 89 2309 930 2349">
    <p class='ocr_par' dir='ltr' id='par_1_28' title="bbox 89 2309 930 2349">
     <span class='ocr_line' id='line_1_90' title="bbox 89 2309 930 2349; baseline 0.012 -12"><span class='ocrx_word' id='word_1_706' title='bbox 89 2326 94 2327; x_wconf 35' lang='grc' dir='ltr'><em>ν</em></span> <span class='ocrx_word' id='word_1_707' title='bbox 141 2309 277 2340; x_wconf 73' lang='lat' dir='ltr'>stolorum</span> <span class='ocrx_word' id='word_1_708' title='bbox 286 2320 338 2349; x_wconf 85' lang='lat' dir='ltr'>pro</span> <span class='ocrx_word' id='word_1_709' title='bbox 347 2310 391 2340; x_wconf 85' lang='lat' dir='ltr'>sua</span> <span class='ocrx_word' id='word_1_710' title='bbox 399 2313 525 2342; x_wconf 88' lang='lat' dir='ltr'>mercede</span> <span class='ocrx_word' id='word_1_711' title='bbox 531 2313 642 2344; x_wconf 69' lang='lat' dir='ltr'>bruare</span> <span class='ocrx_word' id='word_1_712' title='bbox 651 2314 833 2346; x_wconf 79' lang='lat' dir='ltr'>consueverat</span> <span class='ocrx_word' id='word_1_713' title='bbox 844 2337 852 2345; x_wconf 85' lang='lat'>.</span> <span class='ocrx_word' id='word_1_714' title='bbox 865 2320 930 2347; x_wconf 71' lang='lat' dir='ltr'>Cae·</span> 
     </span>
    </p>
   </div>
   <div class='ocr_carea' id='block_1_18' title="bbox 141 2349 930 2394">
    <p class='ocr_par' dir='ltr' id='par_1_29' title="bbox 141 2349 930 2394">
     <span class='ocr_line' id='line_1_91' title="bbox 141 2349 930 2394; baseline 0.01 -13"><span class='ocrx_word' id='word_1_715' title='bbox 141 2349 226 2382; x_wconf 74' lang='lat' dir='ltr'>rarius</span> <span class='ocrx_word' id='word_1_716' title='bbox 233 2351 269 2382; x_wconf 83' lang='lat' dir='ltr'>de</span> <span class='ocrx_word' id='word_1_717' title='bbox 281 2352 382 2391; x_wconf 74' lang='lat' dir='ltr'>militia</span> <span class='ocrx_word' id='word_1_718' title='bbox 391 2363 450 2394; x_wconf 82' lang='lat' dir='ltr'>cap·</span> <span class='ocrx_word' id='word_1_719' title='bbox 462 2356 534 2388; x_wconf 61' lang='lat' dir='ltr'>ern]</span> <span class='ocrx_word' id='word_1_720' title='bbox 554 2355 631 2385; x_wconf 85' lang='lat' dir='ltr'>Item</span> <span class='ocrx_word' id='word_1_721' title='bbox 648 2362 809 2388; x_wconf 74' lang='lat' dir='ltr'>Braxatrix</span> <span class='ocrx_word' id='word_1_722' title='bbox 827 2358 930 2390; x_wconf 86' lang='lat' dir='ltr'>dicitur</span> 
     </span>
    </p>
   </div>
   <div class='ocr_carea' id='block_1_19' title="bbox 983 1421 1774 2432">
    <p class='ocr_par' dir='ltr' id='par_1_30' title="bbox 983 1421 1774 2432">
     <span class='ocr_line' id='line_1_92' title="bbox 983 1421 1771 1461; baseline 0.003 -12"><span class='ocrx_word' id='word_1_723' title='bbox 983 1421 1136 1455; x_wconf 85' lang='lat' dir='ltr'>formatur,</span> <span class='ocrx_word' id='word_1_724' title='bbox 1160 1422 1205 1450; x_wconf 86' lang='lat' dir='ltr'>vel</span> <span class='ocrx_word' id='word_1_725' title='bbox 1223 1422 1407 1460; x_wconf 90' lang='lat' dir='ltr'>agermanico</span> <span class='ocrx_word' id='word_1_726' title='bbox 1426 1423 1558 1450; x_wconf 82' lang='lat' dir='ltr'>vocabulo</span> <span class='ocrx_word' id='word_1_727' title='bbox 1576 1423 1674 1461; x_wconf 80' lang='lat' dir='ltr'>Brief,</span> <span class='ocrx_word' id='word_1_728' title='bbox 1696 1423 1771 1461; x_wconf 75' lang='lat' dir='ltr'>quod</span> 
     </span>
     <span class='ocr_line' id='line_1_93' title="bbox 984 1462 1770 1501; baseline 0.001 -11"><span class='ocrx_word' id='word_1_729' title='bbox 984 1463 1127 1500; x_wconf 84' lang='lat' dir='ltr'>epistolam</span> <span class='ocrx_word' id='word_1_730' title='bbox 1138 1462 1272 1501; x_wconf 84' lang='lat' dir='ltr'>fignificat</span> <span class='ocrx_word' id='word_1_731' title='bbox 1283 1483 1290 1490; x_wconf 90' lang='lat'>.</span> <span class='ocrx_word' id='word_1_732' title='bbox 1300 1463 1450 1491; x_wconf 83' lang='lat' dir='ltr'>Dicebatur</span> <span class='ocrx_word' id='word_1_733' title='bbox 1458 1462 1542 1490; x_wconf 75' lang='lat' dir='ltr'>etiam</span> <span class='ocrx_word' id='word_1_734' title='bbox 1551 1464 1748 1500; x_wconf 76' lang='lat' dir='ltr'>Bremgemlus</span> <span class='ocrx_word' id='word_1_735' title='bbox 1761 1485 1770 1496; x_wconf 94' lang='lat'><em>,</em></span> 
     </span>
     <span class='ocr_line' id='line_1_94' title="bbox 983 1503 1772 1542; baseline 0 -11"><span class='ocrx_word' id='word_1_736' title='bbox 983 1504 1188 1536; x_wconf 66' lang='lat' dir='ltr'>Brevicuham,</span> <span class='ocrx_word' id='word_1_737' title='bbox 1211 1503 1246 1536; x_wconf 58' lang='grc' dir='ltr'>ό</span> <span class='ocrx_word' id='word_1_738' title='bbox 1262 1507 1446 1532; x_wconf 74' lang='lat' dir='ltr'>Breviari&#39;um</span> <span class='ocrx_word' id='word_1_739' title='bbox 1467 1523 1474 1530; x_wconf 91' lang='lat'>.</span> <span class='ocrx_word' id='word_1_740' title='bbox 1496 1506 1590 1542; x_wconf 87' lang='lat' dir='ltr'>Atque</span> <span class='ocrx_word' id='word_1_741' title='bbox 1609 1507 1772 1532; x_wconf 64' lang='lat' dir='ltr'>Phacium.</span> 
     </span>
     <span class='ocr_line' id='line_1_95' title="bbox 983 1543 1771 1582; baseline 0 -11"><span class='ocrx_word' id='word_1_742' title='bbox 983 1545 1070 1572; x_wconf 89' lang='lat' dir='ltr'>Penes</span> <span class='ocrx_word' id='word_1_743' title='bbox 1078 1545 1219 1582; x_wconf 82' lang='lat' dir='ltr'>Optatum</span> <span class='ocrx_word' id='word_1_744' title='bbox 1228 1544 1326 1572; x_wconf 87' lang='lat' dir='ltr'>Milev.</span> <span class='ocrx_word' id='word_1_745' title='bbox 1337 1543 1384 1572; x_wconf 88' lang='lat' dir='ltr'>lib.</span> <span class='ocrx_word' id='word_1_746' title='bbox 1399 1555 1407 1571; x_wconf 92' lang='lat'><em>1</em></span> <span class='ocrx_word' id='word_1_747' title='bbox 1415 1564 1421 1571; x_wconf 92' lang='lat'>.</span> <span class='ocrx_word' id='word_1_748' title='bbox 1433 1543 1567 1582; x_wconf 83' lang='lat' dir='ltr'>significat</span> <span class='ocrx_word' id='word_1_749' title='bbox 1578 1544 1729 1575; x_wconf 86' lang='lat' dir='ltr'>mobilium,</span> <span class='ocrx_word' id='word_1_750' title='bbox 1742 1547 1771 1572; x_wconf 74' lang='grc' dir='ltr'>ὃς</span> 
     </span>
     <span class='ocr_line' id='line_1_96' title="bbox 984 1583 1771 1622; baseline -0.001 -10"><span class='ocrx_word' id='word_1_751' title='bbox 984 1583 1118 1613; x_wconf 81' lang='lat' dir='ltr'>stabilium</span> <span class='ocrx_word' id='word_1_752' title='bbox 1127 1584 1312 1613; x_wconf 77' lang='lat' dir='ltr'>inventarium</span> <span class='ocrx_word' id='word_1_753' title='bbox 1324 1604 1331 1611; x_wconf 95' lang='lat'>.</span> <span class='ocrx_word' id='word_1_754' title='bbox 1347 1584 1465 1619; x_wconf 88' lang='lat' dir='ltr'>[Brevis</span> <span class='ocrx_word' id='word_1_755' title='bbox 1473 1584 1530 1612; x_wconf 88' lang='lat' dir='ltr'>auri</span> <span class='ocrx_word' id='word_1_756' title='bbox 1543 1605 1551 1616; x_wconf 96' lang='lat'><em>,</em></span> <span class='ocrx_word' id='word_1_757' title='bbox 1573 1588 1601 1613; x_wconf 72' lang='grc' dir='ltr'>ὃ(</span> <span class='ocrx_word' id='word_1_758' title='bbox 1610 1584 1719 1622; x_wconf 77' lang='lat' dir='ltr'>argenti</span> <span class='ocrx_word' id='word_1_759' title='bbox 1729 1583 1771 1612; x_wconf 82' lang='lat' dir='ltr'>sc-</span> 
     </span>
     <span class='ocr_line' id='line_1_97' title="bbox 984 1623 1774 1662; baseline 0.001 -10"><span class='ocrx_word' id='word_1_760' title='bbox 984 1624 1062 1653; x_wconf 87' lang='lat' dir='ltr'>denti</span> <span class='ocrx_word' id='word_1_761' title='bbox 1071 1625 1194 1654; x_wconf 77' lang='lat' dir='ltr'>Caecilio</span> <span class='ocrx_word' id='word_1_762' title='bbox 1204 1646 1212 1658; x_wconf 89' lang='lat'><em>,</em></span> <span class='ocrx_word' id='word_1_763' title='bbox 1235 1625 1302 1654; x_wconf 86' lang='lat' dir='ltr'>sicut</span> <span class='ocrx_word' id='word_1_764' title='bbox 1312 1625 1470 1662; x_wconf 78' lang='lat' dir='ltr'>delegatum</span> <span class='ocrx_word' id='word_1_765' title='bbox 1481 1623 1566 1652; x_wconf 81' lang='lat' dir='ltr'>suerat</span> <span class='ocrx_word' id='word_1_766' title='bbox 1576 1645 1583 1656; x_wconf 90' lang='lat'><em>,</em></span> <span class='ocrx_word' id='word_1_767' title='bbox 1606 1635 1619 1652; x_wconf 85' lang='lat' dir='ltr'>a</span> <span class='ocrx_word' id='word_1_768' title='bbox 1629 1623 1774 1653; x_wconf 77' lang='lat' dir='ltr'>Mansurio</span> 
     </span>
     <span class='ocr_line' id='line_1_98' title="bbox 984 1664 1771 1703; baseline 0.003 -11"><span class='ocrx_word' id='word_1_769' title='bbox 984 1665 1102 1694; x_wconf 79' lang='lat' dir='ltr'>traditur</span> <span class='ocrx_word' id='word_1_770' title='bbox 1112 1667 1141 1696; x_wconf 92' lang='lat'>.]</span> <span class='ocrx_word' id='word_1_771' title='bbox 1157 1667 1212 1694; x_wconf 80' lang='lat' dir='ltr'>FR.</span> <span class='ocrx_word' id='word_1_772' title='bbox 1225 1671 1236 1700; x_wconf 65' lang='grc' dir='ltr'>ζ</span> <span class='ocrx_word' id='word_1_773' title='bbox 1250 1669 1290 1693; x_wconf 80' lang='lat' dir='ltr'>Ex</span> <span class='ocrx_word' id='word_1_774' title='bbox 1300 1665 1395 1703; x_wconf 84' lang='lat' dir='ltr'>quibus</span> <span class='ocrx_word' id='word_1_775' title='bbox 1408 1664 1494 1693; x_wconf 89' lang='lat' dir='ltr'>Abbas</span> <span class='ocrx_word' id='word_1_776' title='bbox 1503 1664 1614 1692; x_wconf 79' lang='lat' dir='ltr'>brevem</span> <span class='ocrx_word' id='word_1_777' title='bbox 1622 1674 1724 1693; x_wconf 87' lang='lat' dir='ltr'>teneat.</span> <span class='ocrx_word' id='word_1_778' title='bbox 1734 1666 1771 1694; x_wconf 89' lang='lat' dir='ltr'>In</span> 
     </span>
     <span class='ocr_line' id='line_1_99' title="bbox 984 1704 1772 1744; baseline -0.001 -10"><span class='ocrx_word' id='word_1_779' title='bbox 984 1707 1091 1744; x_wconf 83' lang='lat' dir='ltr'>Regula</span> <span class='ocrx_word' id='word_1_780' title='bbox 1105 1708 1130 1735; x_wconf 91' lang='lat' dir='ltr'>S.</span> <span class='ocrx_word' id='word_1_781' title='bbox 1140 1706 1282 1743; x_wconf 62' lang='lat' dir='ltr'>Benedicti</span> <span class='ocrx_word' id='word_1_782' title='bbox 1293 1708 1324 1737; x_wconf 88' lang='lat'>.]</span> <span class='ocrx_word' id='word_1_783' title='bbox 1346 1708 1385 1740; x_wconf 64' lang='lat'>:112</span> <span class='ocrx_word' id='word_1_784' title='bbox 1407 1704 1475 1740; x_wconf 91' lang='lat' dir='ltr'>[Ut</span> <span class='ocrx_word' id='word_1_785' title='bbox 1487 1714 1542 1733; x_wconf 85' lang='lat' dir='ltr'>tam</span> <span class='ocrx_word' id='word_1_786' title='bbox 1561 1705 1710 1735; x_wconf 87' lang='lat' dir='ltr'>ministeria</span> <span class='ocrx_word' id='word_1_787' title='bbox 1719 1709 1772 1734; x_wconf 79' lang='lat' dir='ltr'>Ec-</span> 
     </span>
     <span class='ocr_line' id='line_1_100' title="bbox 985 1745 1770 1785; baseline 0.001 -11"><span class='ocrx_word' id='word_1_788' title='bbox 985 1746 1125 1775; x_wconf 81' lang='lat' dir='ltr'>clefiarum</span> <span class='ocrx_word' id='word_1_789' title='bbox 1137 1767 1144 1779; x_wconf 82' lang='lat'>‚</span> <span class='ocrx_word' id='word_1_790' title='bbox 1167 1756 1247 1785; x_wconf 88' lang='lat' dir='ltr'>quam</span> <span class='ocrx_word' id='word_1_791' title='bbox 1256 1745 1339 1774; x_wconf 85' lang='lat' dir='ltr'>etiam</span> <span class='ocrx_word' id='word_1_792' title='bbox 1349 1745 1439 1775; x_wconf 83' lang='lat' dir='ltr'>usuale</span> <span class='ocrx_word' id='word_1_793' title='bbox 1447 1755 1591 1784; x_wconf 85' lang='lat' dir='ltr'>argentum</span> <span class='ocrx_word' id='word_1_794' title='bbox 1605 1767 1611 1777; x_wconf 88' lang='lat'>,</span> <span class='ocrx_word' id='word_1_795' title='bbox 1634 1747 1680 1775; x_wconf 73' lang='lat' dir='ltr'>vel</span> <span class='ocrx_word' id='word_1_796' title='bbox 1689 1746 1770 1784; x_wconf 82' lang='lat' dir='ltr'>quid-</span> 
     </span>
     <span class='ocr_line' id='line_1_101' title="bbox 984 1785 1770 1825; baseline 0 -11"><span class='ocrx_word' id='word_1_797' title='bbox 984 1787 1053 1825; x_wconf 90' lang='lat' dir='ltr'>quid</span> <span class='ocrx_word' id='word_1_798' title='bbox 1067 1787 1142 1815; x_wconf 85' lang='lat' dir='ltr'>aliud</span> <span class='ocrx_word' id='word_1_799' title='bbox 1155 1788 1193 1816; x_wconf 84' lang='lat' dir='ltr'>est</span> <span class='ocrx_word' id='word_1_800' title='bbox 1206 1809 1213 1819; x_wconf 93' lang='lat'><em>,</em></span> <span class='ocrx_word' id='word_1_801' title='bbox 1237 1787 1311 1815; x_wconf 89' lang='lat' dir='ltr'>idem</span> <span class='ocrx_word' id='word_1_802' title='bbox 1330 1786 1443 1815; x_wconf 83' lang='lat' dir='ltr'>brevisa</span> <span class='ocrx_word' id='word_1_803' title='bbox 1455 1787 1531 1815; x_wconf 74' lang='lat' dir='ltr'>vobis</span> <span class='ocrx_word' id='word_1_804' title='bbox 1540 1785 1711 1824; x_wconf 66' lang='lat' dir='ltr'>conscriptus</span> <span class='ocrx_word' id='word_1_805' title='bbox 1722 1797 1770 1814; x_wconf 84' lang='lat' dir='ltr'>ve-</span> 
     </span>
     <span class='ocr_line' id='line_1_102' title="bbox 984 1825 1769 1866; baseline -0.001 -10"><span class='ocrx_word' id='word_1_806' title='bbox 984 1828 1085 1856; x_wconf 84' lang='lat' dir='ltr'>raciter</span> <span class='ocrx_word' id='word_1_807' title='bbox 1093 1837 1184 1856; x_wconf 88' lang='lat' dir='ltr'>rerum</span> <span class='ocrx_word' id='word_1_808' title='bbox 1195 1826 1261 1856; x_wconf 70' lang='lat' dir='ltr'>fasta</span> <span class='ocrx_word' id='word_1_809' title='bbox 1270 1825 1439 1865; x_wconf 68' lang='lat' dir='ltr'>inspectione</span> <span class='ocrx_word' id='word_1_810' title='bbox 1450 1836 1594 1857; x_wconf 83' lang='lat' dir='ltr'>contineat</span> <span class='ocrx_word' id='word_1_811' title='bbox 1606 1847 1613 1854; x_wconf 87' lang='lat'>.</span> <span class='ocrx_word' id='word_1_812' title='bbox 1632 1827 1671 1855; x_wconf 92' lang='lat' dir='ltr'>D.</span> <span class='ocrx_word' id='word_1_813' title='bbox 1680 1829 1769 1866; x_wconf 83' lang='lat' dir='ltr'>Greg.</span> 
     </span>
     <span class='ocr_line' id='line_1_103' title="bbox 986 1867 1772 1908; baseline 0 -12"><span class='ocrx_word' id='word_1_814' title='bbox 986 1868 1016 1896; x_wconf 88' lang='lat' dir='ltr'>in</span> <span class='ocrx_word' id='word_1_815' title='bbox 1033 1869 1196 1908; x_wconf 78' lang='lat' dir='ltr'>chist-lib.</span> <span class='ocrx_word' id='word_1_816' title='bbox 1211 1880 1236 1897; x_wconf 73' lang='grc' dir='ltr'>ι..</span> <span class='ocrx_word' id='word_1_817' title='bbox 1247 1877 1306 1905; x_wconf 82' lang='lat' dir='ltr'>cap.</span> <span class='ocrx_word' id='word_1_818' title='bbox 1319 1873 1362 1896; x_wconf 86' lang='lat'>80.</span> <span class='ocrx_word' id='word_1_819' title='bbox 1375 1870 1386 1899; x_wconf 89' lang='lat'><em>]</em></span> <span class='ocrx_word' id='word_1_820' title='bbox 1407 1867 1495 1896; x_wconf 90' lang='lat' dir='ltr'>Unde</span> <span class='ocrx_word' id='word_1_821' title='bbox 1514 1868 1691 1906; x_wconf 86' lang='lat' dir='ltr'>componitur</span> <span class='ocrx_word' id='word_1_822' title='bbox 1710 1878 1772 1896; x_wconf 86' lang='lat' dir='ltr'>ver-</span> 
     </span>
     <span class='ocr_line' id='line_1_104' title="bbox 984 1908 1771 1942; baseline -0.003 -4"><span class='ocrx_word' id='word_1_823' title='bbox 984 1909 1047 1938; x_wconf 85' lang='lat' dir='ltr'>bum</span> <span class='ocrx_word' id='word_1_824' title='bbox 1056 1910 1211 1942; x_wconf 73' lang='lat' dir='ltr'>Imbrevto,</span> <span class='ocrx_word' id='word_1_825' title='bbox 1234 1908 1302 1937; x_wconf 87' lang='lat' dir='ltr'>idest</span> <span class='ocrx_word' id='word_1_826' title='bbox 1314 1930 1322 1941; x_wconf 95' lang='lat'><em>,</em></span> <span class='ocrx_word' id='word_1_827' title='bbox 1343 1909 1530 1936; x_wconf 77' lang='lat' dir='ltr'>inventarium</span> <span class='ocrx_word' id='word_1_828' title='bbox 1549 1908 1687 1941; x_wconf 81' lang='lat' dir='ltr'>conficio,</span> <span class='ocrx_word' id='word_1_829' title='bbox 1711 1909 1771 1938; x_wconf 71' lang='lat' dir='ltr'>FR-</span> 
     </span>
     <span class='ocr_line' id='line_1_105' title="bbox 985 1947 1770 1988; baseline 0 -10"><span class='ocrx_word' id='word_1_830' title='bbox 985 1954 1076 1978; x_wconf 80' lang='lat' dir='ltr'>Breve</span> <span class='ocrx_word' id='word_1_831' title='bbox 1098 1959 1191 1978; x_wconf 87' lang='lat' dir='ltr'>tamen</span> <span class='ocrx_word' id='word_1_832' title='bbox 1210 1950 1240 1977; x_wconf 90' lang='lat' dir='ltr'>in</span> <span class='ocrx_word' id='word_1_833' title='bbox 1258 1950 1363 1984; x_wconf 83' lang='lat' dir='ltr'>Synod.</span> <span class='ocrx_word' id='word_1_834' title='bbox 1382 1947 1515 1987; x_wconf 82' lang='lat' dir='ltr'>Carthag.</span> <span class='ocrx_word' id='word_1_835' title='bbox 1535 1959 1651 1988; x_wconf 76' lang='lat' dir='ltr'>can-37.</span> <span class='ocrx_word' id='word_1_836' title='bbox 1664 1949 1770 1978; x_wconf 74' lang='lat' dir='ltr'>dicitur</span> 
     </span>
     <span class='ocr_line' id='line_1_106' title="bbox 984 1989 1770 2028; baseline 0 -10"><span class='ocrx_word' id='word_1_837' title='bbox 984 1995 1075 2019; x_wconf 74' lang='lat' dir='ltr'>Breve</span> <span class='ocrx_word' id='word_1_838' title='bbox 1090 1999 1230 2028; x_wconf 64' lang='lat' dir='ltr'>capitum.</span> <span class='ocrx_word' id='word_1_839' title='bbox 1253 1989 1336 2024; x_wconf 88' lang='lat' dir='ltr'>Quod</span> <span class='ocrx_word' id='word_1_840' title='bbox 1358 1998 1439 2027; x_wconf 87' lang='lat' dir='ltr'>penes</span> <span class='ocrx_word' id='word_1_841' title='bbox 1457 1990 1570 2018; x_wconf 82' lang='lat' dir='ltr'>Graecos</span> <span class='ocrx_word' id='word_1_842' title='bbox 1589 1989 1770 2018; x_wconf 83' lang='lat' dir='ltr'>usitatumin-</span> 
     </span>
     <span class='ocr_line' id='line_1_107' title="bbox 986 2027 1768 2068; baseline -0.001 -9"><span class='ocrx_word' id='word_1_843' title='bbox 986 2031 1079 2060; x_wconf 85' lang='lat' dir='ltr'>venies</span> <span class='ocrx_word' id='word_1_844' title='bbox 1088 2052 1096 2063; x_wconf 95' lang='lat'><em>,</em></span> <span class='ocrx_word' id='word_1_845' title='bbox 1117 2029 1165 2059; x_wconf 87' lang='lat' dir='ltr'>sed</span> <span class='ocrx_word' id='word_1_846' title='bbox 1175 2030 1336 2059; x_wconf 82' lang='lat' dir='ltr'>Theodorus</span> <span class='ocrx_word' id='word_1_847' title='bbox 1344 2027 1487 2059; x_wconf 77' lang='lat' dir='ltr'>Balsamon</span> <span class='ocrx_word' id='word_1_848' title='bbox 1497 2040 1511 2057; x_wconf 84' lang='lat' dir='ltr'>a</span> <span class='ocrx_word' id='word_1_849' title='bbox 1520 2030 1625 2059; x_wconf 87' lang='lat' dir='ltr'>Latinis</span> <span class='ocrx_word' id='word_1_850' title='bbox 1641 2028 1768 2068; x_wconf 83' lang='lat' dir='ltr'>desump-</span> 
     </span>
     <span class='ocr_line' id='line_1_108' title="bbox 986 2070 1771 2103; baseline -0.001 -3"><span class='ocrx_word' id='word_1_851' title='bbox 986 2081 1045 2100; x_wconf 90' lang='lat' dir='ltr'>tum</span> <span class='ocrx_word' id='word_1_852' title='bbox 1056 2070 1131 2100; x_wconf 70' lang='lat' dir='ltr'>fuiss&#39;e</span> <span class='ocrx_word' id='word_1_853' title='bbox 1144 2070 1215 2100; x_wconf 87' lang='lat' dir='ltr'>hunc</span> <span class='ocrx_word' id='word_1_854' title='bbox 1228 2070 1340 2099; x_wconf 85' lang='lat' dir='ltr'>modum</span> <span class='ocrx_word' id='word_1_855' title='bbox 1350 2070 1461 2099; x_wconf 90' lang='lat' dir='ltr'>dicendi</span> <span class='ocrx_word' id='word_1_856' title='bbox 1471 2070 1684 2103; x_wconf 49' lang='lat' dir='ltr'>demonstran&amp;</span> <span class='ocrx_word' id='word_1_857' title='bbox 1694 2081 1771 2099; x_wconf 90' lang='lat' dir='ltr'>com-</span> 
     </span>
     <span class='ocr_line' id='line_1_109' title="bbox 985 2112 1770 2146; baseline -0.003 -5"><span class='ocrx_word' id='word_1_858' title='bbox 985 2113 1210 2141; x_wconf 83' lang='lat' dir='ltr'>memoratorium</span> <span class='ocrx_word' id='word_1_859' title='bbox 1231 2121 1310 2140; x_wconf 83' lang='lat' dir='ltr'>vocat</span> <span class='ocrx_word' id='word_1_860' title='bbox 1319 2130 1327 2139; x_wconf 87' lang='lat'>.</span> <span class='ocrx_word' id='word_1_861' title='bbox 1352 2117 1363 2146; x_wconf 91' lang='lat'><strong>[</strong></span> <span class='ocrx_word' id='word_1_862' title='bbox 1383 2112 1480 2139; x_wconf 83' lang='lat' dir='ltr'>Senior</span> <span class='ocrx_word' id='word_1_863' title='bbox 1493 2112 1539 2140; x_wconf 88' lang='lat' dir='ltr'>bus</span> <span class='ocrx_word' id='word_1_864' title='bbox 1562 2112 1770 2140; x_wconf 80' lang='lat' dir='ltr'>commendavit</span> 
     </span>
     <span class='ocr_line' id='line_1_110' title="bbox 986 2150 1772 2191; baseline -0.004 -9"><span class='ocrx_word' id='word_1_865' title='bbox 986 2162 1247 2182; x_wconf 86' lang='lat' dir='ltr'>commemoratorio</span> <span class='ocrx_word' id='word_1_866' title='bbox 1257 2152 1327 2180; x_wconf 61' lang='lat' dir='ltr'>iacto</span> <span class='ocrx_word' id='word_1_867' title='bbox 1336 2172 1343 2179; x_wconf 84' lang='lat'>.</span> <span class='ocrx_word' id='word_1_868' title='bbox 1354 2152 1367 2182; x_wconf 95' lang='grc'>]</span> <span class='ocrx_word' id='word_1_869' title='bbox 1379 2154 1418 2185; x_wconf 66' lang='lat' dir='ltr'>:w</span> <span class='ocrx_word' id='word_1_870' title='bbox 1431 2155 1465 2180; x_wconf 87' lang='lat' dir='ltr'>Et</span> <span class='ocrx_word' id='word_1_871' title='bbox 1477 2162 1540 2181; x_wconf 87' lang='lat' dir='ltr'>ante</span> <span class='ocrx_word' id='word_1_872' title='bbox 1550 2150 1638 2190; x_wconf 85' lang='lat' dir='ltr'>ipsum</span> <span class='ocrx_word' id='word_1_873' title='bbox 1647 2153 1772 2191; x_wconf 71' lang='lat' dir='ltr'>OPtatus</span> 
     </span>
     <span class='ocr_line' id='line_1_111' title="bbox 986 2191 1772 2231; baseline -0.004 -8"><span class='ocrx_word' id='word_1_874' title='bbox 986 2195 1083 2223; x_wconf 84' lang='lat' dir='ltr'>Milev.</span> <span class='ocrx_word' id='word_1_875' title='bbox 1092 2195 1131 2223; x_wconf 92' lang='lat' dir='ltr'>D.</span> <span class='ocrx_word' id='word_1_876' title='bbox 1143 2196 1216 2231; x_wconf 88' lang='lat' dir='ltr'>Aug.</span> <span class='ocrx_word' id='word_1_877' title='bbox 1227 2194 1265 2221; x_wconf 93' lang='lat' dir='ltr'>D.</span> <span class='ocrx_word' id='word_1_878' title='bbox 1275 2195 1363 2231; x_wconf 87' lang='lat' dir='ltr'>Greg.</span> <span class='ocrx_word' id='word_1_879' title='bbox 1372 2191 1471 2222; x_wconf 85' lang='lat' dir='ltr'>eodem</span> <span class='ocrx_word' id='word_1_880' title='bbox 1482 2193 1615 2221; x_wconf 80' lang='lat' dir='ltr'>vocabulo</span> <span class='ocrx_word' id='word_1_881' title='bbox 1625 2193 1655 2222; x_wconf 88' lang='lat' dir='ltr'>iri</span> <span class='ocrx_word' id='word_1_882' title='bbox 1673 2193 1772 2222; x_wconf 84' lang='lat' dir='ltr'>eadem</span> 
     </span>
     <span class='ocr_line' id='line_1_112' title="bbox 987 2231 1769 2274; baseline -0.003 -10"><span class='ocrx_word' id='word_1_883' title='bbox 987 2234 1187 2274; x_wconf 74' lang='lat' dir='ltr'>significatione</span> <span class='ocrx_word' id='word_1_884' title='bbox 1198 2234 1234 2262; x_wconf 77' lang='lat' dir='ltr'>uli</span> <span class='ocrx_word' id='word_1_885' title='bbox 1244 2232 1321 2262; x_wconf 87' lang='lat' dir='ltr'>sunt:</span> <span class='ocrx_word' id='word_1_886' title='bbox 1345 2231 1522 2263; x_wconf 77' lang='lat' dir='ltr'>Calliodorus</span> <span class='ocrx_word' id='word_1_887' title='bbox 1535 2242 1626 2262; x_wconf 87' lang='lat' dir='ltr'>tamen</span> <span class='ocrx_word' id='word_1_888' title='bbox 1635 2243 1684 2272; x_wconf 88' lang='lat' dir='ltr'>per</span> <span class='ocrx_word' id='word_1_889' title='bbox 1692 2243 1769 2262; x_wconf 87' lang='lat' dir='ltr'>com-</span> 
     </span>
     <span class='ocr_line' id='line_1_113' title="bbox 987 2274 1772 2313; baseline -0.004 -9"><span class='ocrx_word' id='word_1_890' title='bbox 987 2284 1212 2304; x_wconf 86' lang='lat' dir='ltr'>memoratorium</span> <span class='ocrx_word' id='word_1_891' title='bbox 1223 2296 1228 2305; x_wconf 92' lang='lat'><em>,</em></span> <span class='ocrx_word' id='word_1_892' title='bbox 1239 2275 1346 2313; x_wconf 85' lang='lat' dir='ltr'>regium</span> <span class='ocrx_word' id='word_1_893' title='bbox 1357 2274 1514 2302; x_wconf 86' lang='lat' dir='ltr'>mandatum</span> <span class='ocrx_word' id='word_1_894' title='bbox 1524 2275 1677 2313; x_wconf 51' lang='lat' dir='ltr'>intelligia</span> <span class='ocrx_word' id='word_1_895' title='bbox 1691 2275 1772 2302; x_wconf 86' lang='lat' dir='ltr'>Lam-</span> 
     </span>
     <span class='ocr_line' id='line_1_114' title="bbox 987 2314 1773 2355; baseline -0.003 -11"><span class='ocrx_word' id='word_1_896' title='bbox 987 2316 1091 2355; x_wconf 88' lang='lat' dir='ltr'>pridius</span> <span class='ocrx_word' id='word_1_897' title='bbox 1102 2326 1168 2344; x_wconf 81' lang='lat' dir='ltr'>vero</span> <span class='ocrx_word' id='word_1_898' title='bbox 1178 2316 1349 2344; x_wconf 82' lang='lat' dir='ltr'>matriculam</span> <span class='ocrx_word' id='word_1_899' title='bbox 1359 2337 1367 2349; x_wconf 93' lang='lat'><em>‚</em></span> <span class='ocrx_word' id='word_1_900' title='bbox 1390 2315 1419 2343; x_wconf 87' lang='lat' dir='ltr'>in</span> <span class='ocrx_word' id='word_1_901' title='bbox 1430 2326 1483 2354; x_wconf 82' lang='lat' dir='ltr'>qua</span> <span class='ocrx_word' id='word_1_902' title='bbox 1500 2315 1614 2344; x_wconf 82' lang='lat' dir='ltr'>nomina</span> <span class='ocrx_word' id='word_1_903' title='bbox 1626 2314 1773 2353; x_wconf 78' lang='lat' dir='ltr'>registran-</span> 
     </span>
     <span class='ocr_line' id='line_1_115' title="bbox 988 2354 1773 2426; baseline -0.005 -39"><span class='ocrx_word' id='word_1_904' title='bbox 988 2367 1034 2388; x_wconf 81' lang='lat' dir='ltr'>tus</span> <span class='ocrx_word' id='word_1_905' title='bbox 1043 2368 1052 2390; x_wconf 73' lang='lat'>5</span> <span class='ocrx_word' id='word_1_906' title='bbox 1062 2357 1214 2396; x_wconf 80' lang='lat' dir='ltr'>eodemque</span> <span class='ocrx_word' id='word_1_907' title='bbox 1222 2356 1377 2397; x_wconf 80' lang='lat' dir='ltr'>iignificatu</span> <span class='ocrx_word' id='word_1_908' title='bbox 1387 2365 1418 2426; x_wconf 49' lang='lat'>111}</span> <span class='ocrx_word' id='word_1_909' title='bbox 1426 2356 1575 2394; x_wconf 77' lang='lat' dir='ltr'>justiniani</span> <span class='ocrx_word' id='word_1_910' title='bbox 1585 2354 1660 2385; x_wconf 87' lang='lat' dir='ltr'>Cod.</span> <span class='ocrx_word' id='word_1_911' title='bbox 1668 2355 1773 2424; x_wconf 44' lang='lat' dir='ltr'>lhmter</span> 
     </span>
     <span class='ocr_line' id='line_1_116' title="bbox 1461 2404 1740 2432; baseline 0.007 -10"><span class='ocrx_word' id='word_1_912' title='bbox 1461 2407 1480 2432; x_wconf 90' lang='lat'>4</span> <span class='ocrx_word' id='word_1_913' title='bbox 1660 2405 1673 2423; x_wconf 81' lang='lat' dir='ltr'>c</span> <span class='ocrx_word' id='word_1_914' title='bbox 1697 2404 1740 2424; x_wconf 69' lang='lat' dir='ltr'>at-</span> 
     </span>
    </p>
   </div>
  </div>
 </body>
</html>
