<?xml version="1.0" encoding="UTF-8"?>
<!DOCTYPE html PUBLIC "-//W3C//DTD XHTML 1.0 Transitional//EN"
    "http://www.w3.org/TR/xhtml1/DTD/xhtml1-transitional.dtd">
<html xmlns="http://www.w3.org/1999/xhtml" xml:lang="en" lang="en">
 <head>
  <title>
</title>
<meta http-equiv="Content-Type" content="text/html;charset=utf-8" />
  <meta name='ocr-system' content='tesseract 3.04.00' />
  <meta name='ocr-capabilities' content='ocr_page ocr_carea ocr_par ocr_line ocrx_word'/>
</head>
<body>
  <div class='ocr_page' id='page_1' title='image "./dominicimacrimel00magr/dominicimacrimel00magr_0587.png"; bbox 0 0 1866 2526; ppageno 0'>
   <div class='ocr_carea' id='block_1_1' title="bbox 478 52 572 98">
    <p class='ocr_par' dir='ltr' id='par_1_1' title="bbox 478 52 572 98">
     <span class='ocr_line' id='line_1_1' title="bbox 478 52 572 98; baseline -0.011 0"><span class='ocrx_word' id='word_1_1' title='bbox 478 52 572 98; x_wconf 86' lang='lat' dir='ltr'>PS</span> 
     </span>
    </p>
   </div>
   <div class='ocr_carea' id='block_1_2' title="bbox 121 108 929 2172">
    <p class='ocr_par' dir='ltr' id='par_1_2' title="bbox 123 108 929 2058">
     <span class='ocr_line' id='line_1_2' title="bbox 128 108 918 158; baseline -0.015 -8"><span class='ocrx_word' id='word_1_2' title='bbox 128 128 220 151; x_wconf 80' lang='lat' dir='ltr'>autem</span> <span class='ocrx_word' id='word_1_3' title='bbox 226 113 395 158; x_wconf 66' lang='lat' dir='ltr'>septenarius</span> <span class='ocrx_word' id='word_1_4' title='bbox 406 111 569 154; x_wconf 60' lang='lat' dir='ltr'>psalmorum</span> <span class='ocrx_word' id='word_1_5' title='bbox 579 108 756 152; x_wconf 74' lang='lat' dir='ltr'>poenitentiae</span> <span class='ocrx_word' id='word_1_6' title='bbox 770 131 779 144; x_wconf 93' lang='lat'>‚</span> <span class='ocrx_word' id='word_1_7' title='bbox 791 109 918 154; x_wconf 37' lang='lat' dir='ltr'>remiffio·</span> 
     </span>
     <span class='ocr_line' id='line_1_3' title="bbox 129 151 920 196; baseline -0.016 -5"><span class='ocrx_word' id='word_1_8' title='bbox 129 161 174 191; x_wconf 73' lang='lat' dir='ltr'>m&#39;s</span> <span class='ocrx_word' id='word_1_9' title='bbox 183 155 400 196; x_wconf 68' lang='lat' dir='ltr'>symbolumest4</span> <span class='ocrx_word' id='word_1_10' title='bbox 412 156 440 184; x_wconf 90' lang='lat' dir='ltr'>in</span> <span class='ocrx_word' id='word_1_11' title='bbox 452 153 570 184; x_wconf 80' lang='lat' dir='ltr'>Mosaiea</span> <span class='ocrx_word' id='word_1_12' title='bbox 579 153 654 182; x_wconf 86' lang='lat' dir='ltr'>enim</span> <span class='ocrx_word' id='word_1_13' title='bbox 663 153 724 192; x_wconf 84' lang='lat' dir='ltr'>lege</span> <span class='ocrx_word' id='word_1_14' title='bbox 733 151 833 190; x_wconf 71' lang='lat' dir='ltr'>leprosi</span> <span class='ocrx_word' id='word_1_15' title='bbox 845 172 854 184; x_wconf 93' lang='lat'>,</span> <span class='ocrx_word' id='word_1_16' title='bbox 874 159 920 189; x_wconf 83' lang='lat' dir='ltr'>qui</span> 
     </span>
     <span class='ocr_line' id='line_1_4' title="bbox 131 191 919 242; baseline -0.011 -14"><span class='ocrx_word' id='word_1_17' title='bbox 131 207 302 242; x_wconf 67' lang='lat' dir='ltr'>pecc-uorum</span> <span class='ocrx_word' id='word_1_18' title='bbox 313 195 400 236; x_wconf 62' lang='lat' dir='ltr'>figur:</span> <span class='ocrx_word' id='word_1_19' title='bbox 408 194 471 225; x_wconf 84' lang='lat' dir='ltr'>sunt</span> <span class='ocrx_word' id='word_1_20' title='bbox 479 217 487 228; x_wconf 92' lang='lat'><em>‚</em></span> <span class='ocrx_word' id='word_1_21' title='bbox 502 194 602 234; x_wconf 82' lang='lat' dir='ltr'>septies</span> <span class='ocrx_word' id='word_1_22' title='bbox 613 192 824 232; x_wconf 74' lang='lat' dir='ltr'>aspergebantur</span> <span class='ocrx_word' id='word_1_23' title='bbox 833 191 865 220; x_wconf 82' lang='lat' dir='ltr'>ad</span> <span class='ocrx_word' id='word_1_24' title='bbox 875 192 919 220; x_wconf 85' lang='lat' dir='ltr'>ub-</span> 
     </span>
     <span class='ocr_line' id='line_1_5' title="bbox 125 232 920 276; baseline -0.016 -4"><span class='ocrx_word' id='word_1_25' title='bbox 125 238 271 271; x_wconf 69' lang='lat' dir='ltr'>tinendam</span> <span class='ocrx_word' id='word_1_26' title='bbox 280 237 394 266; x_wconf 84' lang='lat' dir='ltr'>salutem</span> <span class='ocrx_word' id='word_1_27' title='bbox 405 248 412 268; x_wconf 71' lang='lat'>5</span> <span class='ocrx_word' id='word_1_28' title='bbox 424 234 541 276; x_wconf 82' lang='lat' dir='ltr'>leprosus</span> <span class='ocrx_word' id='word_1_29' title='bbox 551 237 676 264; x_wconf 88' lang='lat' dir='ltr'>Naaman</span> <span class='ocrx_word' id='word_1_30' title='bbox 686 235 812 270; x_wconf 62' lang='lat' dir='ltr'>Syr-urant</span> <span class='ocrx_word' id='word_1_31' title='bbox 822 232 854 261; x_wconf 79' lang='lat' dir='ltr'>ab</span> <span class='ocrx_word' id='word_1_32' title='bbox 863 241 920 267; x_wconf 68' lang='lat' dir='ltr'>eyus</span> 
     </span>
     <span class='ocr_line' id='line_1_6' title="bbox 127 273 921 320; baseline -0.014 -9"><span class='ocrx_word' id='word_1_33' title='bbox 127 283 204 320; x_wconf 74' lang='lat' dir='ltr'>lepra</span> <span class='ocrx_word' id='word_1_34' title='bbox 215 279 392 308; x_wconf 79' lang='lat' dir='ltr'>mundaretur</span> <span class='ocrx_word' id='word_1_35' title='bbox 404 299 412 310; x_wconf 95' lang='lat'><em>,</em></span> <span class='ocrx_word' id='word_1_36' title='bbox 422 276 520 316; x_wconf 77' lang='lat' dir='ltr'>septies</span> <span class='ocrx_word' id='word_1_37' title='bbox 532 277 562 304; x_wconf 88' lang='lat' dir='ltr'>in</span> <span class='ocrx_word' id='word_1_38' title='bbox 571 275 692 314; x_wconf 83' lang='lat' dir='ltr'>Jordane</span> <span class='ocrx_word' id='word_1_39' title='bbox 701 273 728 304; x_wconf 89' lang='lat' dir='ltr'>se</span> <span class='ocrx_word' id='word_1_40' title='bbox 740 275 830 303; x_wconf 81' lang='lat' dir='ltr'>lavare</span> <span class='ocrx_word' id='word_1_41' title='bbox 838 282 921 310; x_wconf 83' lang='lat' dir='ltr'>opor-</span> 
     </span>
     <span class='ocr_line' id='line_1_7' title="bbox 127 311 922 358; baseline -0.013 -8"><span class='ocrx_word' id='word_1_42' title='bbox 127 322 194 352; x_wconf 85' lang='lat' dir='ltr'>tuit:</span> <span class='ocrx_word' id='word_1_43' title='bbox 204 320 235 349; x_wconf 93' lang='lat' dir='ltr'>in</span> <span class='ocrx_word' id='word_1_44' title='bbox 243 319 360 358; x_wconf 86' lang='lat' dir='ltr'>septimo</span> <span class='ocrx_word' id='word_1_45' title='bbox 370 316 463 347; x_wconf 86' lang='lat' dir='ltr'>mense</span> <span class='ocrx_word' id='word_1_46' title='bbox 473 317 672 346; x_wconf 75' lang='lat' dir='ltr'>concedebatur</span> <span class='ocrx_word' id='word_1_47' title='bbox 682 313 816 355; x_wconf 74' lang='lat' dir='ltr'>generalis</span> <span class='ocrx_word' id='word_1_48' title='bbox 827 311 922 342; x_wconf 74' lang='lat' dir='ltr'>renus—</span> 
     </span>
     <span class='ocr_line' id='line_1_8' title="bbox 127 352 920 399; baseline -0.014 -8"><span class='ocrx_word' id='word_1_49' title='bbox 127 362 168 392; x_wconf 79' lang='lat' dir='ltr'>fio</span> <span class='ocrx_word' id='word_1_50' title='bbox 176 373 186 393; x_wconf 67' lang='grc' dir='ltr'><strong>ς</strong></span> <span class='ocrx_word' id='word_1_51' title='bbox 204 361 233 389; x_wconf 91' lang='lat' dir='ltr'>in</span> <span class='ocrx_word' id='word_1_52' title='bbox 242 359 358 399; x_wconf 82' lang='lat' dir='ltr'>septima</span> <span class='ocrx_word' id='word_1_53' title='bbox 370 368 508 387; x_wconf 82' lang='lat' dir='ltr'>annorum</span> <span class='ocrx_word' id='word_1_54' title='bbox 520 357 688 386; x_wconf 82' lang='lat' dir='ltr'>hebdomada</span> <span class='ocrx_word' id='word_1_55' title='bbox 697 352 862 384; x_wconf 82' lang='lat' dir='ltr'>remissionis</span> <span class='ocrx_word' id='word_1_56' title='bbox 872 354 920 392; x_wconf 66' lang='lat' dir='ltr'>Ji:-</span> 
     </span>
     <span class='ocr_line' id='line_1_9' title="bbox 127 392 920 440; baseline -0.015 -8"><span class='ocrx_word' id='word_1_57' title='bbox 127 402 232 432; x_wconf 84' lang='lat' dir='ltr'>bileum</span> <span class='ocrx_word' id='word_1_58' title='bbox 241 400 432 440; x_wconf 70' lang='lat' dir='ltr'>divulgabatur</span> <span class='ocrx_word' id='word_1_59' title='bbox 444 411 451 431; x_wconf 85' lang='lat'>;</span> <span class='ocrx_word' id='word_1_60' title='bbox 462 399 494 428; x_wconf 86' lang='lat' dir='ltr'>in</span> <span class='ocrx_word' id='word_1_61' title='bbox 501 397 619 437; x_wconf 86' lang='lat' dir='ltr'>septimo</span> <span class='ocrx_word' id='word_1_62' title='bbox 627 397 672 426; x_wconf 87' lang='lat' dir='ltr'>die</span> <span class='ocrx_word' id='word_1_63' title='bbox 683 395 818 426; x_wconf 82' lang='lat' dir='ltr'>Columba</span> <span class='ocrx_word' id='word_1_64' title='bbox 827 392 920 422; x_wconf 86' lang='lat' dir='ltr'>dimis-</span> 
     </span>
     <span class='ocr_line' id='line_1_10' title="bbox 125 434 917 478; baseline -0.015 -5"><span class='ocrx_word' id='word_1_65' title='bbox 125 442 156 473; x_wconf 78' lang='lat' dir='ltr'>sa</span> <span class='ocrx_word' id='word_1_66' title='bbox 163 443 203 472; x_wconf 88' lang='lat' dir='ltr'>est</span> <span class='ocrx_word' id='word_1_67' title='bbox 222 453 236 471; x_wconf 85' lang='lat' dir='ltr'>a</span> <span class='ocrx_word' id='word_1_68' title='bbox 245 443 310 471; x_wconf 89' lang='lat' dir='ltr'>Noe</span> <span class='ocrx_word' id='word_1_69' title='bbox 319 453 330 475; x_wconf 85' lang='lat'>,-</span> <span class='ocrx_word' id='word_1_70' title='bbox 353 441 388 470; x_wconf 77' lang='lat' dir='ltr'>lic</span> <span class='ocrx_word' id='word_1_71' title='bbox 399 441 431 470; x_wconf 81' lang='lat' dir='ltr'>in</span> <span class='ocrx_word' id='word_1_72' title='bbox 441 438 596 478; x_wconf 81' lang='lat' dir='ltr'>Evangelio</span> <span class='ocrx_word' id='word_1_73' title='bbox 613 437 714 476; x_wconf 79' lang='lat' dir='ltr'>legitur</span> <span class='ocrx_word' id='word_1_74' title='bbox 722 435 822 473; x_wconf 85' lang='lat' dir='ltr'>septies</span> <span class='ocrx_word' id='word_1_75' title='bbox 831 434 917 463; x_wconf 86' lang='lat' dir='ltr'>Chri-</span> 
     </span>
     <span class='ocr_line' id='line_1_11' title="bbox 127 477 920 518; baseline -0.013 -6"><span class='ocrx_word' id='word_1_76' title='bbox 127 484 197 514; x_wconf 79' lang='lat' dir='ltr'>stum</span> <span class='ocrx_word' id='word_1_77' title='bbox 207 481 332 512; x_wconf 70' lang='lat' dir='ltr'>osculass‘e</span> <span class='ocrx_word' id='word_1_78' title='bbox 342 481 500 510; x_wconf 69' lang='lat' dir='ltr'>defunstum</span> <span class='ocrx_word' id='word_1_79' title='bbox 508 488 622 518; x_wconf 83' lang='lat' dir='ltr'>puerum</span> <span class='ocrx_word' id='word_1_80' title='bbox 632 500 640 511; x_wconf 95' lang='lat'><em>‚</em></span> <span class='ocrx_word' id='word_1_81' title='bbox 650 484 795 516; x_wconf 74' lang='lat' dir='ltr'>antequam</span> <span class='ocrx_word' id='word_1_82' title='bbox 807 484 855 513; x_wconf 87' lang='lat' dir='ltr'>per</span> <span class='ocrx_word' id='word_1_83' title='bbox 864 477 920 506; x_wconf 81' lang='lat' dir='ltr'>eius</span> 
     </span>
     <span class='ocr_line' id='line_1_12' title="bbox 127 517 919 564; baseline -0.014 -11"><span class='ocrx_word' id='word_1_84' title='bbox 127 525 260 553; x_wconf 84' lang='lat' dir='ltr'>virtutem</span> <span class='ocrx_word' id='word_1_85' title='bbox 271 519 590 559; x_wconf 66' lang='lat' dir='ltr'>resuscitareaunsepties</span> <span class='ocrx_word' id='word_1_86' title='bbox 600 517 748 548; x_wconf 83' lang='lat' dir='ltr'>labentibus</span> <span class='ocrx_word' id='word_1_87' title='bbox 757 524 865 564; x_wconf 58' lang='lat' dir='ltr'>fficcata</span> <span class='ocrx_word' id='word_1_88' title='bbox 879 525 919 543; x_wconf 91' lang='lat' dir='ltr'>re-</span> 
     </span>
     <span class='ocr_line' id='line_1_13' title="bbox 128 552 919 602; baseline -0.014 -8"><span class='ocrx_word' id='word_1_89' title='bbox 128 565 241 594; x_wconf 81' lang='lat' dir='ltr'>mittere</span> <span class='ocrx_word' id='word_1_90' title='bbox 251 561 387 602; x_wconf 81' lang='lat' dir='ltr'>cogitabat</span> <span class='ocrx_word' id='word_1_91' title='bbox 398 552 594 600; x_wconf 45' lang='lat' dir='ltr'>Apostolorum</span> <span class='ocrx_word' id='word_1_92' title='bbox 603 559 733 596; x_wconf 76' lang='lat' dir='ltr'>Princeps</span> <span class='ocrx_word' id='word_1_93' title='bbox 745 583 749 588; x_wconf 83' lang='grc'>,</span> <span class='ocrx_word' id='word_1_94' title='bbox 768 565 797 585; x_wconf 77' lang='lat' dir='ltr'>ac</span> <span class='ocrx_word' id='word_1_95' title='bbox 809 555 919 584; x_wconf 83' lang='lat' dir='ltr'>tandem</span> 
     </span>
     <span class='ocr_line' id='line_1_14' title="bbox 128 597 919 646; baseline -0.014 -11"><span class='ocrx_word' id='word_1_96' title='bbox 128 616 176 646; x_wconf 87' lang='lat' dir='ltr'>per</span> <span class='ocrx_word' id='word_1_97' title='bbox 183 603 271 634; x_wconf 77' lang='lat' dir='ltr'>sacros</span> <span class='ocrx_word' id='word_1_98' title='bbox 278 604 409 633; x_wconf 80' lang='lat' dir='ltr'>Cauones</span> <span class='ocrx_word' id='word_1_99' title='bbox 416 601 571 640; x_wconf 64' lang='lat' dir='ltr'>septenaria</span> <span class='ocrx_word' id='word_1_100' title='bbox 583 597 750 638; x_wconf 75' lang='lat' dir='ltr'>poenitentia</span> <span class='ocrx_word' id='word_1_101' title='bbox 765 597 919 626; x_wconf 88' lang='lat' dir='ltr'>enormiter</span> 
     </span>
     <span class='ocr_line' id='line_1_15' title="bbox 131 637 917 685; baseline -0.014 -10"><span class='ocrx_word' id='word_1_102' title='bbox 131 645 302 685; x_wconf 75' lang='lat' dir='ltr'>peccantibus</span> <span class='ocrx_word' id='word_1_103' title='bbox 318 643 508 682; x_wconf 73' lang='lat' dir='ltr'>imponebatur</span> <span class='ocrx_word' id='word_1_104' title='bbox 526 661 534 669; x_wconf 94' lang='lat'>.</span> <span class='ocrx_word' id='word_1_105' title='bbox 556 641 622 670; x_wconf 80' lang='lat' dir='ltr'>Alia</span> <span class='ocrx_word' id='word_1_106' title='bbox 638 637 788 678; x_wconf 75' lang='lat' dir='ltr'>septenarii</span> <span class='ocrx_word' id='word_1_107' title='bbox 807 638 917 666; x_wconf 73' lang='lat' dir='ltr'>numeri</span> 
     </span>
     <span class='ocr_line' id='line_1_16' title="bbox 125 678 918 723; baseline -0.013 -7"><span class='ocrx_word' id='word_1_108' title='bbox 125 686 267 723; x_wconf 79' lang='lat' dir='ltr'>symbola.</span> <span class='ocrx_word' id='word_1_109' title='bbox 286 684 361 713; x_wconf 83' lang='lat' dir='ltr'>Vide</span> <span class='ocrx_word' id='word_1_110' title='bbox 375 689 451 713; x_wconf 70' lang='lat' dir='ltr'>liora</span> <span class='ocrx_word' id='word_1_111' title='bbox 465 684 606 710; x_wconf 71' lang='lat' dir='ltr'>Canania</span> <span class='ocrx_word' id='word_1_112' title='bbox 617 701 624 709; x_wconf 93' lang='lat'><strong>.</strong></span> <span class='ocrx_word' id='word_1_113' title='bbox 647 681 682 709; x_wconf 80' lang='lat' dir='ltr'>In</span> <span class='ocrx_word' id='word_1_114' title='bbox 693 687 817 717; x_wconf 86' lang='lat' dir='ltr'>tempore</span> <span class='ocrx_word' id='word_1_115' title='bbox 837 678 918 707; x_wconf 79' lang='lat' dir='ltr'>etiam</span> 
     </span>
     <span class='ocr_line' id='line_1_17' title="bbox 127 718 919 766; baseline -0.009 -11"><span class='ocrx_word' id='word_1_116' title='bbox 127 724 353 766; x_wconf 69' lang='lat' dir='ltr'>quadragesimali</span> <span class='ocrx_word' id='word_1_117' title='bbox 363 723 448 762; x_wconf 79' lang='lat' dir='ltr'>aliqui</span> <span class='ocrx_word' id='word_1_118' title='bbox 459 721 558 751; x_wconf 85' lang='lat' dir='ltr'>Psalmi</span> <span class='ocrx_word' id='word_1_119' title='bbox 569 720 753 750; x_wconf 68' lang='lat' dir='ltr'>recitabantur</span> <span class='ocrx_word' id='word_1_120' title='bbox 765 740 773 752; x_wconf 90' lang='lat'><em>‚</em></span> <span class='ocrx_word' id='word_1_121' title='bbox 783 718 831 757; x_wconf 84' lang='lat' dir='ltr'>qui</span> <span class='ocrx_word' id='word_1_122' title='bbox 842 719 919 756; x_wconf 76' lang='lat' dir='ltr'>Psal-</span> 
     </span>
     <span class='ocr_line' id='line_1_18' title="bbox 125 759 920 803; baseline -0.008 -8"><span class='ocrx_word' id='word_1_123' title='bbox 125 770 167 796; x_wconf 66' lang='lat' dir='ltr'>mi</span> <span class='ocrx_word' id='word_1_124' title='bbox 181 765 324 803; x_wconf 54' lang='grc' dir='ltr'>γνῷ-ηἰη-</span> <span class='ocrx_word' id='word_1_125' title='bbox 337 785 346 797; x_wconf 91' lang='grc'>,</span> <span class='ocrx_word' id='word_1_126' title='bbox 363 763 408 793; x_wconf 87' lang='lat' dir='ltr'>seu</span> <span class='ocrx_word' id='word_1_127' title='bbox 423 763 600 802; x_wconf 70' lang='lat' dir='ltr'>prosternales</span> <span class='ocrx_word' id='word_1_128' title='bbox 613 783 620 795; x_wconf 83' lang='lat'>‚</span> <span class='ocrx_word' id='word_1_129' title='bbox 643 762 699 790; x_wconf 81' lang='lat' dir='ltr'>sive</span> <span class='ocrx_word' id='word_1_130' title='bbox 706 761 835 799; x_wconf 73' lang='lat' dir='ltr'>prostrati</span> <span class='ocrx_word' id='word_1_131' title='bbox 845 759 920 789; x_wconf 86' lang='lat' dir='ltr'>dice-</span> 
     </span>
     <span class='ocr_line' id='line_1_19' title="bbox 124 801 918 842; baseline -0.008 -6"><span class='ocrx_word' id='word_1_132' title='bbox 124 808 223 836; x_wconf 86' lang='lat' dir='ltr'>bantur</span> <span class='ocrx_word' id='word_1_133' title='bbox 230 817 242 839; x_wconf 87' lang='lat'>,-</span> <span class='ocrx_word' id='word_1_134' title='bbox 267 815 328 833; x_wconf 76' lang='lat' dir='ltr'>nain</span> <span class='ocrx_word' id='word_1_135' title='bbox 345 805 375 833; x_wconf 88' lang='lat' dir='ltr'>ab</span> <span class='ocrx_word' id='word_1_136' title='bbox 394 804 473 832; x_wconf 80' lang='lat' dir='ltr'>humi</span> <span class='ocrx_word' id='word_1_137' title='bbox 494 803 634 842; x_wconf 80' lang='lat' dir='ltr'>prostratis</span> <span class='ocrx_word' id='word_1_138' title='bbox 654 803 683 830; x_wconf 88' lang='lat' dir='ltr'>in</span> <span class='ocrx_word' id='word_1_139' title='bbox 695 801 868 841; x_wconf 74' lang='lat' dir='ltr'>poenitentiae</span> <span class='ocrx_word' id='word_1_140' title='bbox 887 801 918 830; x_wconf 81' lang='lat' dir='ltr'>fi.</span> 
     </span>
     <span class='ocr_line' id='line_1_20' title="bbox 125 842 920 886; baseline -0.006 -11"><span class='ocrx_word' id='word_1_141' title='bbox 125 856 214 886; x_wconf 85' lang='lat' dir='ltr'>gnum</span> <span class='ocrx_word' id='word_1_142' title='bbox 224 846 407 874; x_wconf 77' lang='lat' dir='ltr'>recitabantur</span> <span class='ocrx_word' id='word_1_143' title='bbox 417 865 424 872; x_wconf 93' lang='lat'><strong>.</strong></span> <span class='ocrx_word' id='word_1_144' title='bbox 447 846 523 874; x_wconf 88' lang='lat' dir='ltr'>Item</span> <span class='ocrx_word' id='word_1_145' title='bbox 542 845 581 874; x_wconf 90' lang='lat' dir='ltr'>D.</span> <span class='ocrx_word' id='word_1_146' title='bbox 599 842 768 881; x_wconf 77' lang='lat' dir='ltr'>Augustinus</span> <span class='ocrx_word' id='word_1_147' title='bbox 785 842 920 880; x_wconf 85' lang='lat' dir='ltr'>quendam</span> 
     </span>
     <span class='ocr_line' id='line_1_21' title="bbox 127 883 920 925; baseline -0.008 -9"><span class='ocrx_word' id='word_1_148' title='bbox 127 886 265 917; x_wconf 77' lang='lat' dir='ltr'>psalmum</span> <span class='ocrx_word' id='word_1_149' title='bbox 282 887 387 925; x_wconf 86' lang='lat' dir='ltr'>prodiit</span> <span class='ocrx_word' id='word_1_150' title='bbox 398 908 405 918; x_wconf 90' lang='lat'><em>,</em></span> <span class='ocrx_word' id='word_1_151' title='bbox 427 895 508 924; x_wconf 84' lang='lat' dir='ltr'>quem</span> <span class='ocrx_word' id='word_1_152' title='bbox 527 885 733 914; x_wconf 74' lang='lat' dir='ltr'>Abecedari‘um</span> <span class='ocrx_word' id='word_1_153' title='bbox 752 883 920 921; x_wconf 83' lang='lat' dir='ltr'>nuncupavit</span> 
     </span>
     <span class='ocr_line' id='line_1_22' title="bbox 124 925 922 964; baseline -0.008 -7"><span class='ocrx_word' id='word_1_154' title='bbox 124 938 222 957; x_wconf 85' lang='lat' dir='ltr'>contra</span> <span class='ocrx_word' id='word_1_155' title='bbox 231 926 389 956; x_wconf 82' lang='lat' dir='ltr'>Donatistas</span> <span class='ocrx_word' id='word_1_156' title='bbox 398 949 407 960; x_wconf 91' lang='lat'><em>‚</em></span> <span class='ocrx_word' id='word_1_157' title='bbox 426 927 456 955; x_wconf 88' lang='lat' dir='ltr'>in</span> <span class='ocrx_word' id='word_1_158' title='bbox 465 936 520 964; x_wconf 89' lang='lat' dir='ltr'>quo</span> <span class='ocrx_word' id='word_1_159' title='bbox 529 934 624 954; x_wconf 72' lang='lat' dir='ltr'>eorum</span> <span class='ocrx_word' id='word_1_160' title='bbox 635 933 741 953; x_wconf 87' lang='lat' dir='ltr'>errores</span> <span class='ocrx_word' id='word_1_161' title='bbox 751 945 759 956; x_wconf 92' lang='lat'><em>‚</em></span> <span class='ocrx_word' id='word_1_162' title='bbox 777 926 806 952; x_wconf 67' lang='grc' dir='ltr'>ὃς</span> <span class='ocrx_word' id='word_1_163' title='bbox 825 925 922 962; x_wconf 85' lang='lat' dir='ltr'>apolo-</span> 
     </span>
     <span class='ocr_line' id='line_1_23' title="bbox 125 964 920 1008; baseline -0.008 -11"><span class='ocrx_word' id='word_1_164' title='bbox 125 968 170 1008; x_wconf 85' lang='lat' dir='ltr'>gia</span> <span class='ocrx_word' id='word_1_165' title='bbox 188 979 238 1008; x_wconf 85' lang='lat' dir='ltr'>pro</span> <span class='ocrx_word' id='word_1_166' title='bbox 251 967 406 996; x_wconf 78' lang='lat' dir='ltr'>Catholicis</span> <span class='ocrx_word' id='word_1_167' title='bbox 423 967 524 995; x_wconf 82' lang='lat' dir='ltr'>ordine</span> <span class='ocrx_word' id='word_1_168' title='bbox 536 964 719 1003; x_wconf 81' lang='lat' dir='ltr'>Alphabetico</span> <span class='ocrx_word' id='word_1_169' title='bbox 741 964 920 993; x_wconf 78' lang='lat' dir='ltr'>contineban-</span> 
     </span>
     <span class='ocr_line' id='line_1_24' title="bbox 125 1003 920 1046; baseline -0.005 -9"><span class='ocrx_word' id='word_1_170' title='bbox 125 1019 169 1037; x_wconf 85' lang='lat' dir='ltr'>tur</span> <span class='ocrx_word' id='word_1_171' title='bbox 179 1030 187 1042; x_wconf 88' lang='grc'><strong><em>,</em></strong></span> <span class='ocrx_word' id='word_1_172' title='bbox 202 1009 246 1037; x_wconf 89' lang='lat' dir='ltr'>ubi</span> <span class='ocrx_word' id='word_1_173' title='bbox 259 1008 369 1046; x_wconf 79' lang='lat' dir='ltr'>probare</span> <span class='ocrx_word' id='word_1_174' title='bbox 380 1008 518 1036; x_wconf 74' lang='lat' dir='ltr'>nitebatur</span> <span class='ocrx_word' id='word_1_175' title='bbox 540 1016 598 1034; x_wconf 92' lang='lat' dir='ltr'>non</span> <span class='ocrx_word' id='word_1_176' title='bbox 619 1003 691 1043; x_wconf 79' lang='lat' dir='ltr'>polle</span> <span class='ocrx_word' id='word_1_177' title='bbox 703 1006 779 1033; x_wconf 78' lang='lat' dir='ltr'>inter</span> <span class='ocrx_word' id='word_1_178' title='bbox 789 1005 920 1034; x_wconf 82' lang='lat' dir='ltr'>Catholi-</span> 
     </span>
     <span class='ocr_line' id='line_1_25' title="bbox 126 1045 918 1086; baseline -0.005 -9"><span class='ocrx_word' id='word_1_179' title='bbox 126 1059 172 1078; x_wconf 91' lang='lat' dir='ltr'>cos</span> <span class='ocrx_word' id='word_1_180' title='bbox 181 1048 370 1081; x_wconf 80' lang='lat' dir='ltr'>annumerari,</span> <span class='ocrx_word' id='word_1_181' title='bbox 391 1048 443 1077; x_wconf 83' lang='lat' dir='ltr'>nist</span> <span class='ocrx_word' id='word_1_182' title='bbox 459 1047 505 1086; x_wconf 90' lang='lat' dir='ltr'>qui</span> <span class='ocrx_word' id='word_1_183' title='bbox 516 1046 664 1076; x_wconf 73' lang='lat' dir='ltr'>Cathedrae</span> <span class='ocrx_word' id='word_1_184' title='bbox 676 1045 762 1074; x_wconf 72' lang='lat' dir='ltr'>Sanffi</span> <span class='ocrx_word' id='word_1_185' title='bbox 772 1046 918 1074; x_wconf 85' lang='lat' dir='ltr'>Petriuni-</span> 
     </span>
     <span class='ocr_line' id='line_1_26' title="bbox 126 1086 921 1127; baseline -0.005 -9"><span class='ocrx_word' id='word_1_186' title='bbox 126 1099 167 1118; x_wconf 85' lang='lat' dir='ltr'>tus</span> <span class='ocrx_word' id='word_1_187' title='bbox 176 1088 240 1118; x_wconf 77' lang='lat' dir='ltr'>esset</span> <span class='ocrx_word' id='word_1_188' title='bbox 250 1109 258 1117; x_wconf 85' lang='lat'><strong>.</strong></span> <span class='ocrx_word' id='word_1_189' title='bbox 279 1089 419 1118; x_wconf 77' lang='lat' dir='ltr'>Notabilis</span> <span class='ocrx_word' id='word_1_190' title='bbox 438 1089 550 1127; x_wconf 88' lang='lat' dir='ltr'>quidem</span> <span class='ocrx_word' id='word_1_191' title='bbox 562 1087 600 1116; x_wconf 85' lang='lat' dir='ltr'>est</span> <span class='ocrx_word' id='word_1_192' title='bbox 619 1087 710 1115; x_wconf 82' lang='lat' dir='ltr'>omnis</span> <span class='ocrx_word' id='word_1_193' title='bbox 718 1086 921 1116; x_wconf 85' lang='lat' dir='ltr'>Davidicoruin</span> 
     </span>
     <span class='ocr_line' id='line_1_27' title="bbox 125 1126 920 1169; baseline -0.004 -11"><span class='ocrx_word' id='word_1_194' title='bbox 125 1129 293 1169; x_wconf 84' lang='lat' dir='ltr'>psalmorum</span> <span class='ocrx_word' id='word_1_195' title='bbox 302 1128 414 1162; x_wconf 88' lang='lat' dir='ltr'>summa,</span> <span class='ocrx_word' id='word_1_196' title='bbox 424 1139 483 1168; x_wconf 75' lang='lat' dir='ltr'>quce</span> <span class='ocrx_word' id='word_1_197' title='bbox 497 1133 584 1157; x_wconf 80' lang='lat'>2606.</span> <span class='ocrx_word' id='word_1_198' title='bbox 595 1126 720 1156; x_wconf 80' lang='lat' dir='ltr'>versuum</span> <span class='ocrx_word' id='word_1_199' title='bbox 730 1136 845 1156; x_wconf 87' lang='lat' dir='ltr'>numero</span> <span class='ocrx_word' id='word_1_200' title='bbox 853 1138 920 1156; x_wconf 90' lang='lat' dir='ltr'>con-</span> 
     </span>
     <span class='ocr_line' id='line_1_28' title="bbox 128 1166 920 1208; baseline -0.001 -10"><span class='ocrx_word' id='word_1_201' title='bbox 128 1172 243 1203; x_wconf 84' lang='lat' dir='ltr'>tinetur,</span> <span class='ocrx_word' id='word_1_202' title='bbox 254 1181 282 1199; x_wconf 86' lang='lat' dir='ltr'>ac</span> <span class='ocrx_word' id='word_1_203' title='bbox 292 1169 493 1208; x_wconf 83' lang='lat' dir='ltr'>consequenter</span> <span class='ocrx_word' id='word_1_204' title='bbox 502 1168 630 1197; x_wconf 81' lang='lat' dir='ltr'>medietas</span> <span class='ocrx_word' id='word_1_205' title='bbox 641 1166 797 1204; x_wconf 79' lang='lat' dir='ltr'>hujusmodi</span> <span class='ocrx_word' id='word_1_206' title='bbox 807 1167 920 1197; x_wconf 77' lang='lat' dir='ltr'>summae</span> 
     </span>
     <span class='ocr_line' id='line_1_29' title="bbox 124 1209 922 1243; baseline 0 -4"><span class='ocrx_word' id='word_1_207' title='bbox 124 1210 322 1240; x_wconf 85' lang='lat' dir='ltr'>internoscitui·</span> <span class='ocrx_word' id='word_1_208' title='bbox 331 1211 361 1239; x_wconf 86' lang='lat' dir='ltr'>in</span> <span class='ocrx_word' id='word_1_209' title='bbox 372 1210 428 1239; x_wconf 89' lang='lat' dir='ltr'>illis</span> <span class='ocrx_word' id='word_1_210' title='bbox 438 1210 541 1239; x_wconf 84' lang='lat' dir='ltr'>duobus</span> <span class='ocrx_word' id='word_1_211' title='bbox 551 1209 667 1237; x_wconf 67' lang='lat' dir='ltr'>vei-sibus</span> <span class='ocrx_word' id='word_1_212' title='bbox 686 1215 699 1243; x_wconf 86' lang='lat'><strong>[</strong></span> <span class='ocrx_word' id='word_1_213' title='bbox 710 1209 770 1237; x_wconf 85' lang='lat' dir='ltr'>Cor</span> <span class='ocrx_word' id='word_1_214' title='bbox 779 1218 868 1237; x_wconf 86' lang='lat' dir='ltr'>autem</span> <span class='ocrx_word' id='word_1_215' title='bbox 878 1220 922 1239; x_wconf 83' lang='lat' dir='ltr'>eo.</span> 
     </span>
     <span class='ocr_line' id='line_1_30' title="bbox 125 1248 921 1287; baseline -0.005 -6"><span class='ocrx_word' id='word_1_216' title='bbox 125 1262 185 1281; x_wconf 84' lang='lat' dir='ltr'>rum</span> <span class='ocrx_word' id='word_1_217' title='bbox 195 1262 256 1280; x_wconf 85' lang='lat' dir='ltr'>non</span> <span class='ocrx_word' id='word_1_218' title='bbox 265 1261 320 1280; x_wconf 81' lang='lat' dir='ltr'>erat</span> <span class='ocrx_word' id='word_1_219' title='bbox 333 1252 435 1280; x_wconf 67' lang='lat' dir='ltr'>testum</span> <span class='ocrx_word' id='word_1_220' title='bbox 444 1261 505 1278; x_wconf 91' lang='lat' dir='ltr'>cum</span> <span class='ocrx_word' id='word_1_221' title='bbox 515 1261 549 1278; x_wconf 92' lang='lat' dir='ltr'>eo</span> <span class='ocrx_word' id='word_1_222' title='bbox 559 1271 566 1282; x_wconf 89' lang='lat'><em>,</em></span> <span class='ocrx_word' id='word_1_223' title='bbox 579 1252 633 1278; x_wconf 82' lang='lat' dir='ltr'>&amp;c-</span> <span class='ocrx_word' id='word_1_224' title='bbox 645 1248 709 1287; x_wconf 91' lang='lat' dir='ltr'>Ipse</span> <span class='ocrx_word' id='word_1_225' title='bbox 721 1259 812 1278; x_wconf 86' lang='lat' dir='ltr'>autem</span> <span class='ocrx_word' id='word_1_226' title='bbox 821 1251 859 1278; x_wconf 84' lang='lat' dir='ltr'>est</span> <span class='ocrx_word' id='word_1_227' title='bbox 870 1250 921 1278; x_wconf 88' lang='lat' dir='ltr'>mi—</span> 
     </span>
     <span class='ocr_line' id='line_1_31' title="bbox 124 1290 920 1330; baseline -0.004 -9"><span class='ocrx_word' id='word_1_228' title='bbox 124 1292 238 1322; x_wconf 84' lang='lat' dir='ltr'>sericors</span> <span class='ocrx_word' id='word_1_229' title='bbox 248 1295 279 1325; x_wconf 93' lang='lat'>‚]</span> <span class='ocrx_word' id='word_1_230' title='bbox 293 1291 387 1330; x_wconf 84' lang='lat' dir='ltr'>pofitis</span> <span class='ocrx_word' id='word_1_231' title='bbox 398 1292 427 1320; x_wconf 90' lang='lat' dir='ltr'>in</span> <span class='ocrx_word' id='word_1_232' title='bbox 440 1290 555 1323; x_wconf 79' lang='lat' dir='ltr'>Psal.77.</span> <span class='ocrx_word' id='word_1_233' title='bbox 568 1291 611 1319; x_wconf 86' lang='lat' dir='ltr'>Ita</span> <span class='ocrx_word' id='word_1_234' title='bbox 621 1299 650 1317; x_wconf 86' lang='lat' dir='ltr'>ut</span> <span class='ocrx_word' id='word_1_235' title='bbox 660 1300 785 1318; x_wconf 84' lang='lat' dir='ltr'>centrum</span> <span class='ocrx_word' id='word_1_236' title='bbox 796 1292 920 1319; x_wconf 84' lang='lat' dir='ltr'>omnium</span> 
     </span>
     <span class='ocr_line' id='line_1_32' title="bbox 127 1330 921 1362; baseline -0.004 0"><span class='ocrx_word' id='word_1_237' title='bbox 127 1332 296 1362; x_wconf 83' lang='lat' dir='ltr'>Psalmorum</span> <span class='ocrx_word' id='word_1_238' title='bbox 305 1332 335 1360; x_wconf 93' lang='lat' dir='ltr'>in</span> <span class='ocrx_word' id='word_1_239' title='bbox 346 1332 448 1360; x_wconf 85' lang='lat' dir='ltr'>summa</span> <span class='ocrx_word' id='word_1_240' title='bbox 457 1331 576 1360; x_wconf 74' lang='lat' dir='ltr'>humana</span> <span class='ocrx_word' id='word_1_241' title='bbox 586 1330 732 1361; x_wconf 57' lang='lat' dir='ltr'>malitia&amp;</span> <span class='ocrx_word' id='word_1_242' title='bbox 745 1330 852 1359; x_wconf 81' lang='lat' dir='ltr'>infinita</span> <span class='ocrx_word' id='word_1_243' title='bbox 864 1331 921 1360; x_wconf 90' lang='lat' dir='ltr'>Dei</span> 
     </span>
     <span class='ocr_line' id='line_1_33' title="bbox 123 1356 928 1402; baseline -0.002 0"><span class='ocrx_word' id='word_1_244' title='bbox 123 1373 225 1402; x_wconf 60' lang='lat' dir='ltr'>miseria</span> <span class='ocrx_word' id='word_1_245' title='bbox 232 1373 311 1402; x_wconf 85' lang='lat' dir='ltr'>ordia</span> <span class='ocrx_word' id='word_1_246' title='bbox 331 1373 458 1402; x_wconf 71' lang='lat' dir='ltr'>consistat</span> <span class='ocrx_word' id='word_1_247' title='bbox 469 1392 476 1399; x_wconf 92' lang='lat'>.</span> <span class='ocrx_word' id='word_1_248' title='bbox 499 1370 666 1400; x_wconf 73' lang='lat' dir='ltr'>psalmorum</span> <span class='ocrx_word' id='word_1_249' title='bbox 685 1356 928 1400; x_wconf 66' lang='grc' dir='ltr'>(Σοονάιητιωητιτιι</span> 
     </span>
     <span class='ocr_line' id='line_1_34' title="bbox 125 1408 928 1456; baseline -0.002 -13"><span class='ocrx_word' id='word_1_250' title='bbox 125 1413 238 1444; x_wconf 78' lang='lat' dir='ltr'>Esdram</span> <span class='ocrx_word' id='word_1_251' title='bbox 249 1411 323 1442; x_wconf 73' lang='lat' dir='ltr'>suifle</span> <span class='ocrx_word' id='word_1_252' title='bbox 333 1415 370 1442; x_wconf 85' lang='lat' dir='ltr'>ait</span> <span class='ocrx_word' id='word_1_253' title='bbox 382 1412 533 1442; x_wconf 82' lang='lat' dir='ltr'>Anastafius</span> <span class='ocrx_word' id='word_1_254' title='bbox 543 1434 552 1445; x_wconf 96' lang='lat'><em>‚</em></span> <span class='ocrx_word' id='word_1_255' title='bbox 574 1415 602 1441; x_wconf 72' lang='grc' dir='ltr'>ὅ(</span> <span class='ocrx_word' id='word_1_256' title='bbox 613 1413 694 1441; x_wconf 83' lang='grc' dir='ltr'><strong>Ι.ΧΧ.</strong></span> <span class='ocrx_word' id='word_1_257' title='bbox 717 1422 794 1450; x_wconf 89' lang='lat' dir='ltr'>putat</span> <span class='ocrx_word' id='word_1_258' title='bbox 804 1414 829 1441; x_wconf 86' lang='lat' dir='ltr'>S.</span> <span class='ocrx_word' id='word_1_259' title='bbox 841 1408 928 1456; x_wconf 65' lang='lat' dir='ltr'>iiiia-1</span> 
     </span>
     <span class='ocr_line' id='line_1_35' title="bbox 125 1452 927 1484; baseline -0.001 -1"><span class='ocrx_word' id='word_1_260' title='bbox 125 1455 180 1483; x_wconf 88' lang='lat' dir='ltr'>rius</span> <span class='ocrx_word' id='word_1_261' title='bbox 189 1475 196 1482; x_wconf 88' lang='lat'><strong><em>.</em></strong></span> <span class='ocrx_word' id='word_1_262' title='bbox 215 1453 335 1483; x_wconf 72' lang='lat' dir='ltr'>Psalmos</span> <span class='ocrx_word' id='word_1_263' title='bbox 345 1455 377 1484; x_wconf 91' lang='lat' dir='ltr'>i&#39;n</span> <span class='ocrx_word' id='word_1_264' title='bbox 386 1453 463 1482; x_wconf 86' lang='lat' dir='ltr'>horis</span> <span class='ocrx_word' id='word_1_265' title='bbox 473 1453 613 1481; x_wconf 73' lang='lat' dir='ltr'>canonicis</span> <span class='ocrx_word' id='word_1_266' title='bbox 624 1452 757 1481; x_wconf 82' lang='lat' dir='ltr'>recitandi</span> <span class='ocrx_word' id='word_1_267' title='bbox 772 1455 927 1482; x_wconf 73' lang='lat' dir='ltr'>Auc&#39;torem&#39;</span> 
     </span>
     <span class='ocr_line' id='line_1_36' title="bbox 126 1489 928 1533; baseline -0.001 -10"><span class='ocrx_word' id='word_1_268' title='bbox 126 1495 153 1523; x_wconf 84' lang='lat' dir='ltr'>S.</span> <span class='ocrx_word' id='word_1_269' title='bbox 163 1495 333 1523; x_wconf 73' lang='lat' dir='ltr'>Pontianum</span> <span class='ocrx_word' id='word_1_270' title='bbox 342 1497 442 1533; x_wconf 84' lang='lat' dir='ltr'>Papam</span> <span class='ocrx_word' id='word_1_271' title='bbox 453 1493 636 1523; x_wconf 82' lang='lat' dir='ltr'>Ribadeneria</span> <span class='ocrx_word' id='word_1_272' title='bbox 652 1493 683 1520; x_wconf 90' lang='lat' dir='ltr'>in</span> <span class='ocrx_word' id='word_1_273' title='bbox 702 1495 759 1528; x_wconf 80' lang='lat' dir='ltr'>ejus</span> <span class='ocrx_word' id='word_1_274' title='bbox 770 1504 828 1523; x_wconf 86' lang='lat' dir='ltr'>vita</span> <span class='ocrx_word' id='word_1_275' title='bbox 839 1495 899 1523; x_wconf 70' lang='lat' dir='ltr'>lacit</span> <span class='ocrx_word' id='word_1_276' title='bbox 911 1489 928 1526; x_wconf 58' lang='lat'>53</span> 
     </span>
     <span class='ocr_line' id='line_1_37' title="bbox 123 1529 929 1574; baseline 0.002 -12"><span class='ocrx_word' id='word_1_277' title='bbox 123 1533 174 1562; x_wconf 81' lang='lat' dir='ltr'>sed</span> <span class='ocrx_word' id='word_1_278' title='bbox 185 1533 237 1562; x_wconf 81' lang='lat' dir='ltr'>boc</span> <span class='ocrx_word' id='word_1_279' title='bbox 247 1534 386 1562; x_wconf 84' lang='lat' dir='ltr'>decretum</span> <span class='ocrx_word' id='word_1_280' title='bbox 406 1544 463 1562; x_wconf 89' lang='lat' dir='ltr'>non</span> <span class='ocrx_word' id='word_1_281' title='bbox 474 1536 558 1562; x_wconf 84' lang='lat' dir='ltr'>luerat</span> <span class='ocrx_word' id='word_1_282' title='bbox 568 1531 760 1562; x_wconf 79' lang='lat' dir='ltr'>universaliter</span> <span class='ocrx_word' id='word_1_283' title='bbox 771 1529 929 1574; x_wconf 80' lang='lat' dir='ltr'>receptum,l</span> 
     </span>
     <span class='ocr_line' id='line_1_38' title="bbox 129 1571 928 1612; baseline 0.001 -10"><span class='ocrx_word' id='word_1_284' title='bbox 129 1583 191 1603; x_wconf 82' lang='lat' dir='ltr'>nam</span> <span class='ocrx_word' id='word_1_285' title='bbox 201 1574 261 1612; x_wconf 85' lang='lat' dir='ltr'>post</span> <span class='ocrx_word' id='word_1_286' title='bbox 270 1572 398 1602; x_wconf 63' lang='lat' dir='ltr'>seculum</span> <span class='ocrx_word' id='word_1_287' title='bbox 411 1573 506 1612; x_wconf 79' lang='lat' dir='ltr'>psalmi</span> <span class='ocrx_word' id='word_1_288' title='bbox 527 1583 574 1612; x_wconf 88' lang='lat' dir='ltr'>per</span> <span class='ocrx_word' id='word_1_289' title='bbox 583 1583 725 1602; x_wconf 81' lang='lat' dir='ltr'>canonicas</span> <span class='ocrx_word' id='word_1_290' title='bbox 735 1572 815 1603; x_wconf 86' lang='lat' dir='ltr'>horas</span> <span class='ocrx_word' id='word_1_291' title='bbox 825 1597 833 1608; x_wconf 91' lang='lat'><em>,</em></span> <span class='ocrx_word' id='word_1_292' title='bbox 856 1571 928 1607; x_wconf 61' lang='lat' dir='ltr'>ficutf</span> 
     </span>
     <span class='ocr_line' id='line_1_39' title="bbox 127 1614 920 1652; baseline 0.001 -9"><span class='ocrx_word' id='word_1_293' title='bbox 127 1625 198 1643; x_wconf 87' lang='lat' dir='ltr'>nunc</span> <span class='ocrx_word' id='word_1_294' title='bbox 211 1614 346 1642; x_wconf 83' lang='lat' dir='ltr'>habentur</span> <span class='ocrx_word' id='word_1_295' title='bbox 358 1636 365 1646; x_wconf 90' lang='lat'><em>,</em></span> <span class='ocrx_word' id='word_1_296' title='bbox 375 1614 442 1650; x_wconf 78' lang='lat' dir='ltr'>jussii</span> <span class='ocrx_word' id='word_1_297' title='bbox 454 1615 480 1643; x_wconf 83' lang='lat' dir='ltr'>S.</span> <span class='ocrx_word' id='word_1_298' title='bbox 491 1614 602 1643; x_wconf 81' lang='lat' dir='ltr'>Damasi</span> <span class='ocrx_word' id='word_1_299' title='bbox 611 1616 688 1652; x_wconf 81' lang='lat' dir='ltr'>Papae</span> <span class='ocrx_word' id='word_1_300' title='bbox 701 1624 714 1641; x_wconf 89' lang='lat' dir='ltr'>a</span> <span class='ocrx_word' id='word_1_301' title='bbox 726 1614 763 1642; x_wconf 94' lang='lat' dir='ltr'>D.</span> <span class='ocrx_word' id='word_1_302' title='bbox 778 1616 920 1652; x_wconf 85' lang='lat' dir='ltr'>Hierony-</span> 
     </span>
     <span class='ocr_line' id='line_1_40' title="bbox 127 1653 918 1694; baseline 0.004 -11"><span class='ocrx_word' id='word_1_303' title='bbox 127 1665 173 1683; x_wconf 87' lang='lat' dir='ltr'>mo</span> <span class='ocrx_word' id='word_1_304' title='bbox 184 1654 308 1693; x_wconf 81' lang='lat' dir='ltr'>dispoliti</span> <span class='ocrx_word' id='word_1_305' title='bbox 320 1655 403 1688; x_wconf 81' lang='lat' dir='ltr'>suere,</span> <span class='ocrx_word' id='word_1_306' title='bbox 414 1664 445 1684; x_wconf 92' lang='lat' dir='ltr'>ut</span> <span class='ocrx_word' id='word_1_307' title='bbox 456 1653 569 1693; x_wconf 85' lang='lat' dir='ltr'>ipsemet</span> <span class='ocrx_word' id='word_1_308' title='bbox 579 1653 710 1683; x_wconf 81' lang='lat' dir='ltr'>Damasus</span> <span class='ocrx_word' id='word_1_309' title='bbox 721 1655 748 1682; x_wconf 86' lang='lat' dir='ltr'>in</span> <span class='ocrx_word' id='word_1_310' title='bbox 759 1657 874 1694; x_wconf 80' lang='lat' dir='ltr'>quadam</span> <span class='ocrx_word' id='word_1_311' title='bbox 884 1667 918 1686; x_wconf 83' lang='lat' dir='ltr'>ex</span> 
     </span>
     <span class='ocr_line' id='line_1_41' title="bbox 124 1695 921 1734; baseline 0.004 -11"><span class='ocrx_word' id='word_1_312' title='bbox 124 1698 181 1731; x_wconf 76' lang='lat' dir='ltr'>ejus</span> <span class='ocrx_word' id='word_1_313' title='bbox 191 1696 313 1733; x_wconf 73' lang='lat' dir='ltr'>epistolis</span> <span class='ocrx_word' id='word_1_314' title='bbox 332 1697 365 1723; x_wconf 82' lang='lat' dir='ltr'>ad</span> <span class='ocrx_word' id='word_1_315' title='bbox 376 1695 534 1734; x_wconf 70' lang='lat' dir='ltr'>praediftum</span> <span class='ocrx_word' id='word_1_316' title='bbox 544 1696 697 1724; x_wconf 75' lang='lat' dir='ltr'>Doctorem</span> <span class='ocrx_word' id='word_1_317' title='bbox 718 1695 821 1725; x_wconf 68' lang='lat' dir='ltr'>direfia</span> <span class='ocrx_word' id='word_1_318' title='bbox 843 1698 921 1726; x_wconf 81' lang='lat' dir='ltr'>testa-</span> 
     </span>
     <span class='ocr_line' id='line_1_42' title="bbox 125 1736 920 1774; baseline 0.003 -10"><span class='ocrx_word' id='word_1_319' title='bbox 125 1746 178 1768; x_wconf 86' lang='lat' dir='ltr'>tur,</span> <span class='ocrx_word' id='word_1_320' title='bbox 190 1736 317 1774; x_wconf 78' lang='lat' dir='ltr'>inquiens</span> <span class='ocrx_word' id='word_1_321' title='bbox 327 1746 390 1764; x_wconf 83' lang='lat' dir='ltr'>ante</span> <span class='ocrx_word' id='word_1_322' title='bbox 402 1736 480 1774; x_wconf 66' lang='lat' dir='ltr'>ipsius</span> <span class='ocrx_word' id='word_1_323' title='bbox 491 1745 616 1774; x_wconf 78' lang='lat' dir='ltr'>tempora</span> <span class='ocrx_word' id='word_1_324' title='bbox 625 1738 724 1764; x_wconf 70' lang='lat' dir='ltr'>Romae</span> <span class='ocrx_word' id='word_1_325' title='bbox 735 1747 791 1765; x_wconf 90' lang='lat' dir='ltr'>non</span> <span class='ocrx_word' id='word_1_326' title='bbox 803 1737 878 1766; x_wconf 82' lang='lat' dir='ltr'>fuisse</span> <span class='ocrx_word' id='word_1_327' title='bbox 890 1739 920 1766; x_wconf 93' lang='lat' dir='ltr'>in</span> 
     </span>
     <span class='ocr_line' id='line_1_43' title="bbox 125 1775 919 1815; baseline 0.004 -11"><span class='ocrx_word' id='word_1_328' title='bbox 125 1775 173 1804; x_wconf 91' lang='lat' dir='ltr'>usu</span> <span class='ocrx_word' id='word_1_329' title='bbox 182 1787 372 1805; x_wconf 79' lang='lat' dir='ltr'>recitationem</span> <span class='ocrx_word' id='word_1_330' title='bbox 383 1776 547 1815; x_wconf 79' lang='lat' dir='ltr'>psalmorum</span> <span class='ocrx_word' id='word_1_331' title='bbox 569 1786 598 1804; x_wconf 90' lang='lat' dir='ltr'>in</span> <span class='ocrx_word' id='word_1_332' title='bbox 618 1776 693 1805; x_wconf 84' lang='lat' dir='ltr'>horis</span> <span class='ocrx_word' id='word_1_333' title='bbox 703 1797 711 1805; x_wconf 86' lang='lat'><strong>.</strong></span> <span class='ocrx_word' id='word_1_334' title='bbox 736 1778 809 1806; x_wconf 84' lang='lat' dir='ltr'>Vide</span> <span class='ocrx_word' id='word_1_335' title='bbox 819 1780 919 1807; x_wconf 82' lang='lat' dir='ltr'>Baton.</span> 
     </span>
     <span class='ocr_line' id='line_1_44' title="bbox 125 1815 921 1854; baseline 0.004 -9"><span class='ocrx_word' id='word_1_336' title='bbox 125 1825 170 1845; x_wconf 69' lang='lat' dir='ltr'>an.</span> <span class='ocrx_word' id='word_1_337' title='bbox 181 1823 227 1845; x_wconf 87' lang='lat'>60.</span> <span class='ocrx_word' id='word_1_338' title='bbox 250 1818 293 1845; x_wconf 91' lang='lat' dir='ltr'>De</span> <span class='ocrx_word' id='word_1_339' title='bbox 304 1818 490 1846; x_wconf 80' lang='lat' dir='ltr'>alternatione</span> <span class='ocrx_word' id='word_1_340' title='bbox 503 1827 570 1846; x_wconf 89' lang='lat' dir='ltr'>vero</span> <span class='ocrx_word' id='word_1_341' title='bbox 581 1815 714 1854; x_wconf 87' lang='lat' dir='ltr'>psallendi</span> <span class='ocrx_word' id='word_1_342' title='bbox 724 1818 798 1846; x_wconf 86' lang='lat' dir='ltr'>inter</span> <span class='ocrx_word' id='word_1_343' title='bbox 807 1821 921 1848; x_wconf 79' lang='lat' dir='ltr'>Graecos</span> 
     </span>
     <span class='ocr_line' id='line_1_45' title="bbox 130 1857 919 1898; baseline 0.005 -14"><span class='ocrx_word' id='word_1_344' title='bbox 130 1858 303 1885; x_wconf 88' lang='lat' dir='ltr'>mentionem</span> <span class='ocrx_word' id='word_1_345' title='bbox 314 1858 377 1886; x_wconf 81' lang='lat' dir='ltr'>facit</span> <span class='ocrx_word' id='word_1_346' title='bbox 389 1858 426 1886; x_wconf 82' lang='lat' dir='ltr'>D.</span> <span class='ocrx_word' id='word_1_347' title='bbox 437 1858 588 1893; x_wconf 73' lang='lat' dir='ltr'>Dionysius</span> <span class='ocrx_word' id='word_1_348' title='bbox 599 1857 632 1888; x_wconf 85' lang='lat' dir='ltr'>dc</span> <span class='ocrx_word' id='word_1_349' title='bbox 641 1859 744 1888; x_wconf 82' lang='lat' dir='ltr'>coelest.</span> <span class='ocrx_word' id='word_1_350' title='bbox 756 1857 853 1888; x_wconf 84' lang='lat' dir='ltr'>hierar.</span> <span class='ocrx_word' id='word_1_351' title='bbox 862 1870 919 1898; x_wconf 83' lang='lat' dir='ltr'>cap.</span> 
     </span>
     <span class='ocr_line' id='line_1_46' title="bbox 125 1898 917 1936; baseline 0.004 -13"><span class='ocrx_word' id='word_1_352' title='bbox 125 1907 152 1935; x_wconf 84' lang='lat'>3.</span> <span class='ocrx_word' id='word_1_353' title='bbox 162 1900 190 1925; x_wconf 66' lang='grc' dir='ltr'>ὃς</span> <span class='ocrx_word' id='word_1_354' title='bbox 200 1899 238 1926; x_wconf 89' lang='lat' dir='ltr'>D.</span> <span class='ocrx_word' id='word_1_355' title='bbox 249 1898 359 1926; x_wconf 74' lang='lat' dir='ltr'>Baiilius</span> <span class='ocrx_word' id='word_1_356' title='bbox 372 1898 449 1936; x_wconf 83' lang='lat' dir='ltr'>epist.</span> <span class='ocrx_word' id='word_1_357' title='bbox 464 1905 510 1936; x_wconf 84' lang='lat'>63.</span> <span class='ocrx_word' id='word_1_358' title='bbox 522 1899 690 1926; x_wconf 78' lang='lat' dir='ltr'>affirmantes</span> <span class='ocrx_word' id='word_1_359' title='bbox 701 1898 753 1928; x_wconf 82' lang='lat' dir='ltr'>hoc</span> <span class='ocrx_word' id='word_1_360' title='bbox 765 1898 839 1928; x_wconf 79' lang='lat' dir='ltr'>fitisse</span> <span class='ocrx_word' id='word_1_361' title='bbox 857 1911 871 1928; x_wconf 89' lang='lat' dir='ltr'>a</span> <span class='ocrx_word' id='word_1_362' title='bbox 881 1901 917 1929; x_wconf 89' lang='lat' dir='ltr'>D.</span> 
     </span>
     <span class='ocr_line' id='line_1_47' title="bbox 125 1938 917 1977; baseline 0.004 -11"><span class='ocrx_word' id='word_1_363' title='bbox 125 1938 239 1976; x_wconf 84' lang='lat' dir='ltr'>Ignatio</span> <span class='ocrx_word' id='word_1_364' title='bbox 250 1939 374 1973; x_wconf 80' lang='lat' dir='ltr'>Martyre</span> <span class='ocrx_word' id='word_1_365' title='bbox 392 1939 579 1967; x_wconf 67' lang='lat' dir='ltr'>introduftum</span> <span class='ocrx_word' id='word_1_366' title='bbox 588 1958 595 1966; x_wconf 91' lang='lat'>.</span> <span class='ocrx_word' id='word_1_367' title='bbox 619 1939 716 1977; x_wconf 88' lang='lat' dir='ltr'>Aliqui</span> <span class='ocrx_word' id='word_1_368' title='bbox 726 1949 818 1969; x_wconf 85' lang='lat' dir='ltr'>tamen</span> <span class='ocrx_word' id='word_1_369' title='bbox 828 1941 917 1969; x_wconf 82' lang='lat' dir='ltr'>Fabia-</span> 
     </span>
     <span class='ocr_line' id='line_1_48' title="bbox 126 1979 917 2018; baseline 0.005 -12"><span class='ocrx_word' id='word_1_370' title='bbox 126 1988 191 2006; x_wconf 90' lang='lat' dir='ltr'>num</span> <span class='ocrx_word' id='word_1_371' title='bbox 203 2000 210 2010; x_wconf 87' lang='lat'><em>,</em></span> <span class='ocrx_word' id='word_1_372' title='bbox 221 1982 248 2006; x_wconf 86' lang='lat'>&amp;</span> <span class='ocrx_word' id='word_1_373' title='bbox 257 1979 415 2007; x_wconf 86' lang='lat' dir='ltr'>Diodorum</span> <span class='ocrx_word' id='word_1_374' title='bbox 426 1980 649 2008; x_wconf 65' lang='lat' dir='ltr'>inntroductores</span> <span class='ocrx_word' id='word_1_375' title='bbox 669 1981 804 2018; x_wconf 83' lang='lat' dir='ltr'>reciproci</span> <span class='ocrx_word' id='word_1_376' title='bbox 825 1991 917 2010; x_wconf 85' lang='lat' dir='ltr'>cantus</span> 
     </span>
     <span class='ocr_line' id='line_1_49' title="bbox 125 2018 903 2058; baseline 0.004 -12"><span class='ocrx_word' id='word_1_377' title='bbox 125 2018 292 2058; x_wconf 77' lang='lat' dir='ltr'>psalmorum</span> <span class='ocrx_word' id='word_1_378' title='bbox 303 2019 331 2047; x_wconf 84' lang='lat' dir='ltr'>in</span> <span class='ocrx_word' id='word_1_379' title='bbox 345 2019 461 2049; x_wconf 76' lang='lat' dir='ltr'>Ecclesta</span> <span class='ocrx_word' id='word_1_380' title='bbox 471 2022 569 2049; x_wconf 77' lang='lat' dir='ltr'>Graeca</span> <span class='ocrx_word' id='word_1_381' title='bbox 579 2019 653 2048; x_wconf 65' lang='lat' dir='ltr'>iuiss‘e</span> <span class='ocrx_word' id='word_1_382' title='bbox 662 2030 812 2049; x_wconf 85' lang='lat' dir='ltr'>autumant.</span> <span class='ocrx_word' id='word_1_383' title='bbox 825 2025 863 2050; x_wconf 91' lang='lat' dir='ltr'>At</span> <span class='ocrx_word' id='word_1_384' title='bbox 875 2022 903 2049; x_wconf 93' lang='lat' dir='ltr'>in</span> 
     </span>
    </p>

    <p class='ocr_par' dir='ltr' id='par_1_3' title="bbox 121 2060 917 2172">
     <span class='ocr_line' id='line_1_50' title="bbox 125 2060 915 2101; baseline 0.004 -14"><span class='ocrx_word' id='word_1_385' title='bbox 125 2070 168 2087; x_wconf 89' lang='lat' dir='ltr'>ter</span> <span class='ocrx_word' id='word_1_386' title='bbox 178 2062 291 2088; x_wconf 82' lang='lat' dir='ltr'>Latinos</span> <span class='ocrx_word' id='word_1_387' title='bbox 302 2060 518 2089; x_wconf 65' lang='lat' dir='ltr'>introductorem</span> <span class='ocrx_word' id='word_1_388' title='bbox 530 2061 568 2090; x_wconf 95' lang='lat' dir='ltr'>D.</span> <span class='ocrx_word' id='word_1_389' title='bbox 580 2060 753 2090; x_wconf 77' lang='lat' dir='ltr'>Ambrosium</span> <span class='ocrx_word' id='word_1_390' title='bbox 771 2062 808 2089; x_wconf 95' lang='lat' dir='ltr'>D.</span> <span class='ocrx_word' id='word_1_391' title='bbox 821 2064 915 2101; x_wconf 78' lang='lat' dir='ltr'>Augu-</span> 
     </span>
     <span class='ocr_line' id='line_1_51' title="bbox 123 2099 917 2141; baseline 0.005 -13"><span class='ocrx_word' id='word_1_392' title='bbox 123 2100 208 2129; x_wconf 81' lang='lat' dir='ltr'>stinus</span> <span class='ocrx_word' id='word_1_393' title='bbox 221 2100 283 2134; x_wconf 77' lang='lat' dir='ltr'>facit</span> <span class='ocrx_word' id='word_1_394' title='bbox 293 2122 300 2134; x_wconf 84' lang='lat'><em>,</em></span> <span class='ocrx_word' id='word_1_395' title='bbox 313 2100 388 2139; x_wconf 84' lang='lat' dir='ltr'>quod</span> <span class='ocrx_word' id='word_1_396' title='bbox 398 2101 501 2129; x_wconf 83' lang='lat' dir='ltr'>deinde</span> <span class='ocrx_word' id='word_1_397' title='bbox 523 2113 537 2129; x_wconf 81' lang='lat' dir='ltr'>a</span> <span class='ocrx_word' id='word_1_398' title='bbox 547 2102 573 2130; x_wconf 84' lang='lat' dir='ltr'>S.</span> <span class='ocrx_word' id='word_1_399' title='bbox 583 2101 700 2130; x_wconf 80' lang='lat' dir='ltr'>Damaso</span> <span class='ocrx_word' id='word_1_400' title='bbox 708 2099 846 2130; x_wconf 82' lang='lat' dir='ltr'>observari</span> <span class='ocrx_word' id='word_1_401' title='bbox 869 2113 917 2141; x_wconf 86' lang='lat' dir='ltr'>per</span> 
     </span>
     <span class='ocr_line' id='line_1_52' title="bbox 121 2140 914 2172; baseline 0.004 -4"><span class='ocrx_word' id='word_1_402' title='bbox 121 2140 305 2169; x_wconf 83' lang='lat' dir='ltr'>universalem</span> <span class='ocrx_word' id='word_1_403' title='bbox 318 2141 461 2170; x_wconf 79' lang='lat' dir='ltr'>Eccleliam</span> <span class='ocrx_word' id='word_1_404' title='bbox 469 2141 602 2170; x_wconf 80' lang='lat' dir='ltr'>statutum</span> <span class='ocrx_word' id='word_1_405' title='bbox 609 2143 660 2170; x_wconf 78' lang='lat' dir='ltr'>est.</span> <span class='ocrx_word' id='word_1_406' title='bbox 673 2143 706 2170; x_wconf 89' lang='lat' dir='ltr'>In</span> <span class='ocrx_word' id='word_1_407' title='bbox 718 2142 826 2171; x_wconf 60' lang='lat' dir='ltr'>&amp;silica</span> <span class='ocrx_word' id='word_1_408' title='bbox 837 2144 914 2172; x_wconf 81' lang='lat' dir='ltr'>Vati-</span> 
     </span>
    </p>
   </div>
   <div class='ocr_carea' id='block_1_3' title="bbox 925 1270 928 1351">
    <p class='ocr_par' dir='ltr' id='par_1_4' title="bbox 925 1270 928 1351">
     <span class='ocr_line' id='line_1_53' title="bbox 925 1270 928 1351; baseline 0 0"><span class='ocrx_word' id='word_1_409' title='bbox 925 1270 928 1351; x_wconf 95' lang='lat' dir='ltr'> </span> 
     </span>
    </p>
   </div>
   <div class='ocr_carea' id='block_1_4' title="bbox 917 1609 932 2160">
    <p class='ocr_par' dir='ltr' id='par_1_5' title="bbox 917 1609 932 2160">
     <span class='ocr_line' id='line_1_54' title="bbox 924 1609 930 1714; baseline 0 -81"><span class='ocrx_word' id='word_1_410' title='bbox 924 1609 930 1714; x_wconf 95' lang='lat' dir='ltr'>  </span> 
     </span>
     <span class='ocr_line' id='line_1_55' title="bbox 924 1714 929 1835; baseline 0 -42"><span class='ocrx_word' id='word_1_411' title='bbox 924 1714 929 1835; x_wconf 95' lang='lat' dir='ltr'>   </span> 
     </span>
     <span class='ocr_line' id='line_1_56' title="bbox 923 1835 928 1873; baseline 0 653"><span class='ocrx_word' id='word_1_412' title='bbox 923 1835 928 1873; x_wconf 95' lang='lat' dir='ltr'> </span> 
     </span>
     <span class='ocr_line' id='line_1_57' title="bbox 918 1873 932 1996; baseline 0 -41"><span class='ocrx_word' id='word_1_413' title='bbox 918 1873 932 1996; x_wconf 95' lang='lat' dir='ltr'>   </span> 
     </span>
     <span class='ocr_line' id='line_1_58' title="bbox 917 1996 929 2079; baseline 0 -42"><span class='ocrx_word' id='word_1_414' title='bbox 917 1996 929 2079; x_wconf 95' lang='lat' dir='ltr'>   </span> 
     </span>
     <span class='ocr_line' id='line_1_59' title="bbox 918 2079 926 2160; baseline 0 0"><span class='ocrx_word' id='word_1_415' title='bbox 918 2079 926 2160; x_wconf 95' lang='lat' dir='ltr'>  </span> 
     </span>
    </p>
   </div>
   <div class='ocr_carea' id='block_1_5' title="bbox 974 63 1775 1170">
    <p class='ocr_par' dir='ltr' id='par_1_6' title="bbox 974 63 1775 1170">
     <span class='ocr_line' id='line_1_60' title="bbox 980 63 1772 150; baseline -0.006 -8"><span class='ocrx_word' id='word_1_416' title='bbox 980 121 1024 142; x_wconf 83' lang='lat' dir='ltr'>tui·</span> <span class='ocrx_word' id='word_1_417' title='bbox 1035 134 1042 147; x_wconf 91' lang='lat'><em>‚</em></span> <span class='ocrx_word' id='word_1_418' title='bbox 1053 113 1161 144; x_wconf 61' lang='lat' dir='ltr'>nullum</span> <span class='ocrx_word' id='word_1_419' title='bbox 1173 108 1203 140; x_wconf 90' lang='lat' dir='ltr'>in</span> <span class='ocrx_word' id='word_1_420' title='bbox 1213 108 1381 150; x_wconf 83' lang='lat' dir='ltr'>Episcopum</span> <span class='ocrx_word' id='word_1_421' title='bbox 1388 107 1541 139; x_wconf 79' lang='lat' dir='ltr'>consecrari</span> <span class='ocrx_word' id='word_1_422' title='bbox 1555 63 1772 149; x_wconf 55' lang='lat' dir='ltr'>permilsillse?qui</span> 
     </span>
     <span class='ocr_line' id='line_1_61' title="bbox 975 147 1770 188; baseline -0.008 -4"><span class='ocrx_word' id='word_1_423' title='bbox 975 154 1141 184; x_wconf 67' lang='lat' dir='ltr'>naemei-iter</span> <span class='ocrx_word' id='word_1_424' title='bbox 1151 151 1268 184; x_wconf 79' lang='lat' dir='ltr'>nesciret</span> <span class='ocrx_word' id='word_1_425' title='bbox 1280 151 1393 180; x_wconf 81' lang='lat' dir='ltr'>recitare</span> <span class='ocrx_word' id='word_1_426' title='bbox 1402 147 1520 188; x_wconf 82' lang='lat' dir='ltr'>psalmos</span> <span class='ocrx_word' id='word_1_427' title='bbox 1531 170 1539 181; x_wconf 87' lang='grc'><strong><em>,</em></strong></span> <span class='ocrx_word' id='word_1_428' title='bbox 1551 159 1632 187; x_wconf 82' lang='lat' dir='ltr'>quare</span> <span class='ocrx_word' id='word_1_429' title='bbox 1641 152 1770 180; x_wconf 71' lang='lat' dir='ltr'>Donatus</span> 
     </span>
     <span class='ocr_line' id='line_1_62' title="bbox 976 190 1772 232; baseline -0.006 -8"><span class='ocrx_word' id='word_1_430' title='bbox 976 193 1196 228; x_wconf 76' lang='lat' dir='ltr'>Archidiaoonus</span> <span class='ocrx_word' id='word_1_431' title='bbox 1206 215 1214 227; x_wconf 88' lang='lat'><em>,</em></span> <span class='ocrx_word' id='word_1_432' title='bbox 1225 197 1254 223; x_wconf 73' lang='grc' dir='ltr'>ὅ(</span> <span class='ocrx_word' id='word_1_433' title='bbox 1266 194 1387 232; x_wconf 79' lang='lat' dir='ltr'>Joannes</span> <span class='ocrx_word' id='word_1_434' title='bbox 1397 190 1524 220; x_wconf 78' lang='lat' dir='ltr'>Sacerdos</span> <span class='ocrx_word' id='word_1_435' title='bbox 1533 190 1566 218; x_wconf 76' lang='lat' dir='ltr'>ad</span> <span class='ocrx_word' id='word_1_436' title='bbox 1577 192 1772 220; x_wconf 78' lang='lat' dir='ltr'>Ravennatcn-</span> 
     </span>
     <span class='ocr_line' id='line_1_63' title="bbox 975 231 1774 276; baseline -0.006 -12"><span class='ocrx_word' id='word_1_437' title='bbox 975 233 1034 264; x_wconf 86' lang='lat' dir='ltr'>sem</span> <span class='ocrx_word' id='word_1_438' title='bbox 1045 235 1322 276; x_wconf 77' lang='lat' dir='ltr'>Archiepiscopatum</span> <span class='ocrx_word' id='word_1_439' title='bbox 1333 231 1413 260; x_wconf 68' lang='lat' dir='ltr'>elefti</span> <span class='ocrx_word' id='word_1_440' title='bbox 1435 235 1462 261; x_wconf 72' lang='grc' dir='ltr'>ὃς</span> <span class='ocrx_word' id='word_1_441' title='bbox 1471 231 1564 259; x_wconf 85' lang='lat' dir='ltr'>eidem</span> <span class='ocrx_word' id='word_1_442' title='bbox 1573 231 1714 270; x_wconf 83' lang='lat' dir='ltr'>Gregorio</span> <span class='ocrx_word' id='word_1_443' title='bbox 1723 233 1774 260; x_wconf 63' lang='lat'>1³2-</span> 
     </span>
     <span class='ocr_line' id='line_1_64' title="bbox 976 271 1771 316; baseline -0.009 -11"><span class='ocrx_word' id='word_1_444' title='bbox 976 285 1018 315; x_wconf 69' lang='lat' dir='ltr'>pt</span> <span class='ocrx_word' id='word_1_445' title='bbox 1029 277 1060 305; x_wconf 75' lang='lat' dir='ltr'>ab</span> <span class='ocrx_word' id='word_1_446' title='bbox 1070 275 1215 316; x_wconf 79' lang='lat' dir='ltr'>Imperiali</span> <span class='ocrx_word' id='word_1_447' title='bbox 1227 273 1352 304; x_wconf 83' lang='lat' dir='ltr'>Exarcho</span> <span class='ocrx_word' id='word_1_448' title='bbox 1369 271 1556 301; x_wconf 80' lang='lat' dir='ltr'>commendati</span> <span class='ocrx_word' id='word_1_449' title='bbox 1574 281 1637 299; x_wconf 80' lang='lat' dir='ltr'>ann.</span> <span class='ocrx_word' id='word_1_450' title='bbox 1653 282 1719 308; x_wconf 85' lang='lat'>595.</span> <span class='ocrx_word' id='word_1_451' title='bbox 1730 282 1771 300; x_wconf 84' lang='lat' dir='ltr'>re-</span> 
     </span>
     <span class='ocr_line' id='line_1_65' title="bbox 974 311 1771 352; baseline -0.006 -7"><span class='ocrx_word' id='word_1_452' title='bbox 974 316 1039 352; x_wconf 70' lang='lat' dir='ltr'>jeeti</span> <span class='ocrx_word' id='word_1_453' title='bbox 1051 315 1159 347; x_wconf 86' lang='lat' dir='ltr'>fuerunt</span> <span class='ocrx_word' id='word_1_454' title='bbox 1179 317 1210 346; x_wconf 82' lang='lat' dir='ltr'>ab</span> <span class='ocrx_word' id='word_1_455' title='bbox 1221 315 1319 344; x_wconf 87' lang='lat' dir='ltr'>eodem</span> <span class='ocrx_word' id='word_1_456' title='bbox 1330 312 1469 343; x_wconf 79' lang='lat' dir='ltr'>Pontifice</span> <span class='ocrx_word' id='word_1_457' title='bbox 1485 313 1520 342; x_wconf 91' lang='lat' dir='ltr'>ob</span> <span class='ocrx_word' id='word_1_458' title='bbox 1537 311 1673 341; x_wconf 64' lang='lat' dir='ltr'>defeetum</span> <span class='ocrx_word' id='word_1_459' title='bbox 1684 311 1771 341; x_wconf 88' lang='lat' dir='ltr'>nesci-</span> 
     </span>
     <span class='ocr_line' id='line_1_66' title="bbox 976 351 1772 395; baseline -0.006 -9"><span class='ocrx_word' id='word_1_460' title='bbox 976 355 1356 395; x_wconf 69' lang='lat' dir='ltr'>cndimeinoriterpsalmos:</span> <span class='ocrx_word' id='word_1_461' title='bbox 1381 355 1418 383; x_wconf 79' lang='lat' dir='ltr'>ita</span> <span class='ocrx_word' id='word_1_462' title='bbox 1427 353 1581 392; x_wconf 77' lang='lat' dir='ltr'>Ugliellius</span> <span class='ocrx_word' id='word_1_463' title='bbox 1592 353 1622 382; x_wconf 89' lang='lat' dir='ltr'>in</span> <span class='ocrx_word' id='word_1_464' title='bbox 1632 353 1696 382; x_wconf 84' lang='lat' dir='ltr'>Ital.</span> <span class='ocrx_word' id='word_1_465' title='bbox 1717 351 1772 382; x_wconf 83' lang='lat' dir='ltr'>sac.</span> 
     </span>
     <span class='ocr_line' id='line_1_67' title="bbox 977 391 1772 433; baseline -0.01 -3"><span class='ocrx_word' id='word_1_466' title='bbox 977 407 1045 426; x_wconf 84' lang='lat' dir='ltr'>tom.</span> <span class='ocrx_word' id='word_1_467' title='bbox 1058 411 1084 429; x_wconf 85' lang='lat'>2.</span> <span class='ocrx_word' id='word_1_468' title='bbox 1106 399 1183 429; x_wconf 82' lang='lat' dir='ltr'>Alibi</span> <span class='ocrx_word' id='word_1_469' title='bbox 1193 398 1277 427; x_wconf 73' lang='lat' dir='ltr'>etiam</span> <span class='ocrx_word' id='word_1_470' title='bbox 1285 395 1405 424; x_wconf 83' lang='lat' dir='ltr'>diximus</span> <span class='ocrx_word' id='word_1_471' title='bbox 1427 394 1462 423; x_wconf 81' lang='lat' dir='ltr'>dc</span> <span class='ocrx_word' id='word_1_472' title='bbox 1471 393 1594 433; x_wconf 86' lang='lat' dir='ltr'>rigorosa</span> <span class='ocrx_word' id='word_1_473' title='bbox 1613 393 1692 426; x_wconf 75' lang='lat' dir='ltr'>hujus</span> <span class='ocrx_word' id='word_1_474' title='bbox 1701 391 1772 432; x_wconf 86' lang='lat' dir='ltr'>psal-</span> 
     </span>
     <span class='ocr_line' id='line_1_68' title="bbox 977 434 1771 474; baseline -0.006 -7"><span class='ocrx_word' id='word_1_475' title='bbox 977 438 1227 468; x_wconf 71' lang='lat' dir='ltr'>leudi-memoriter</span> <span class='ocrx_word' id='word_1_476' title='bbox 1236 435 1408 467; x_wconf 73' lang='lat' dir='ltr'>observantia</span> <span class='ocrx_word' id='word_1_477' title='bbox 1418 435 1446 464; x_wconf 91' lang='lat' dir='ltr'>in</span> <span class='ocrx_word' id='word_1_478' title='bbox 1458 434 1634 474; x_wconf 77' lang='lat' dir='ltr'>Lugdunenfi</span> <span class='ocrx_word' id='word_1_479' title='bbox 1644 434 1771 467; x_wconf 82' lang='lat' dir='ltr'>Ecclesia,</span> 
     </span>
     <span class='ocr_line' id='line_1_69' title="bbox 975 473 1773 519; baseline -0.008 -10"><span class='ocrx_word' id='word_1_480' title='bbox 975 482 1004 508; x_wconf 78' lang='grc' dir='ltr'>δε</span> <span class='ocrx_word' id='word_1_481' title='bbox 1024 481 1072 517; x_wconf 85' lang='lat' dir='ltr'>qui</span> <span class='ocrx_word' id='word_1_482' title='bbox 1091 490 1190 509; x_wconf 85' lang='lat' dir='ltr'>omnes</span> <span class='ocrx_word' id='word_1_483' title='bbox 1213 477 1330 519; x_wconf 86' lang='lat' dir='ltr'>psalmos</span> <span class='ocrx_word' id='word_1_484' title='bbox 1348 476 1509 506; x_wconf 83' lang='lat' dir='ltr'>memoriter</span> <span class='ocrx_word' id='word_1_485' title='bbox 1526 475 1642 504; x_wconf 86' lang='lat' dir='ltr'>recitare</span> <span class='ocrx_word' id='word_1_486' title='bbox 1671 473 1773 504; x_wconf 81' lang='lat' dir='ltr'>sciebat</span> 
     </span>
     <span class='ocr_line' id='line_1_70' title="bbox 974 516 1772 555; baseline -0.006 -7"><span class='ocrx_word' id='word_1_487' title='bbox 974 520 1151 555; x_wconf 80' lang='lat' dir='ltr'>Psalteratus</span> <span class='ocrx_word' id='word_1_488' title='bbox 1162 520 1298 549; x_wconf 84' lang='lat' dir='ltr'>dicebatur</span> <span class='ocrx_word' id='word_1_489' title='bbox 1308 537 1317 545; x_wconf 87' lang='lat'>-</span> <span class='ocrx_word' id='word_1_490' title='bbox 1338 517 1414 546; x_wconf 87' lang='lat' dir='ltr'>Vide</span> <span class='ocrx_word' id='word_1_491' title='bbox 1431 517 1606 554; x_wconf 67' lang='lat' dir='ltr'>psalteratus</span> <span class='ocrx_word' id='word_1_492' title='bbox 1616 537 1624 544; x_wconf 91' lang='lat'>.</span> <span class='ocrx_word' id='word_1_493' title='bbox 1642 516 1772 546; x_wconf 83' lang='lat' dir='ltr'>Dubitari</span> 
     </span>
     <span class='ocr_line' id='line_1_71' title="bbox 975 555 1770 595; baseline -0.005 -7"><span class='ocrx_word' id='word_1_494' title='bbox 975 560 1067 590; x_wconf 81' lang='lat' dir='ltr'>ass&#39;olet</span> <span class='ocrx_word' id='word_1_495' title='bbox 1076 562 1108 590; x_wconf 83' lang='lat' dir='ltr'>ab</span> <span class='ocrx_word' id='word_1_496' title='bbox 1119 561 1283 590; x_wconf 65' lang='lat' dir='ltr'>Auctoribus</span> <span class='ocrx_word' id='word_1_497' title='bbox 1293 580 1301 592; x_wconf 95' lang='lat'><em>‚</em></span> <span class='ocrx_word' id='word_1_498' title='bbox 1321 568 1388 587; x_wconf 87' lang='lat' dir='ltr'>num</span> <span class='ocrx_word' id='word_1_499' title='bbox 1397 566 1492 586; x_wconf 81' lang='lat' dir='ltr'>omnes</span> <span class='ocrx_word' id='word_1_500' title='bbox 1501 555 1597 595; x_wconf 79' lang='lat' dir='ltr'>psalmi</span> <span class='ocrx_word' id='word_1_501' title='bbox 1616 557 1669 586; x_wconf 82' lang='lat' dir='ltr'>finr</span> <span class='ocrx_word' id='word_1_502' title='bbox 1679 556 1770 586; x_wconf 83' lang='lat' dir='ltr'>Davi-</span> 
     </span>
     <span class='ocr_line' id='line_1_72' title="bbox 974 597 1771 639; baseline -0.005 -9"><span class='ocrx_word' id='word_1_503' title='bbox 974 601 1042 632; x_wconf 85' lang='lat' dir='ltr'>dici;</span> <span class='ocrx_word' id='word_1_504' title='bbox 1053 611 1115 630; x_wconf 82' lang='lat' dir='ltr'>nam</span> <span class='ocrx_word' id='word_1_505' title='bbox 1126 603 1155 630; x_wconf 90' lang='lat' dir='ltr'>in</span> <span class='ocrx_word' id='word_1_506' title='bbox 1167 601 1222 630; x_wconf 83' lang='lat' dir='ltr'>fine</span> <span class='ocrx_word' id='word_1_507' title='bbox 1232 599 1327 639; x_wconf 82' lang='lat' dir='ltr'>psalmi</span> <span class='ocrx_word' id='word_1_508' title='bbox 1339 610 1354 632; x_wconf 91' lang='lat'>7</span> <span class='ocrx_word' id='word_1_509' title='bbox 1363 610 1385 627; x_wconf 89' lang='lat' dir='ltr'>i.</span> <span class='ocrx_word' id='word_1_510' title='bbox 1395 599 1528 636; x_wconf 86' lang='lat' dir='ltr'>leguntur</span> <span class='ocrx_word' id='word_1_511' title='bbox 1535 597 1594 627; x_wconf 78' lang='lat' dir='ltr'>haec</span> <span class='ocrx_word' id='word_1_512' title='bbox 1606 598 1685 627; x_wconf 87' lang='lat' dir='ltr'>verba</span> <span class='ocrx_word' id='word_1_513' title='bbox 1697 598 1771 633; x_wconf 88' lang='lat' dir='ltr'>[De-</span> 
     </span>
     <span class='ocr_line' id='line_1_73' title="bbox 974 637 1775 676; baseline -0.005 -6"><span class='ocrx_word' id='word_1_514' title='bbox 974 641 1099 670; x_wconf 74' lang='lat' dir='ltr'>fecerunt</span> <span class='ocrx_word' id='word_1_515' title='bbox 1109 642 1200 670; x_wconf 81' lang='lat' dir='ltr'>laudes</span> <span class='ocrx_word' id='word_1_516' title='bbox 1210 640 1304 670; x_wconf 81' lang='lat' dir='ltr'>David</span> <span class='ocrx_word' id='word_1_517' title='bbox 1313 639 1364 668; x_wconf 86' lang='lat' dir='ltr'>filii</span> <span class='ocrx_word' id='word_1_518' title='bbox 1375 638 1522 676; x_wconf 77' lang='lat' dir='ltr'>Jesse.]Sed</span> <span class='ocrx_word' id='word_1_519' title='bbox 1530 639 1708 668; x_wconf 88' lang='lat' dir='ltr'>communior</span> <span class='ocrx_word' id='word_1_520' title='bbox 1715 649 1733 666; x_wconf 95' lang='lat' dir='ltr'>o</span> <span class='ocrx_word' id='word_1_521' title='bbox 1756 637 1775 666; x_wconf 70' lang='grc' dir='ltr'>τ’.</span> 
     </span>
     <span class='ocr_line' id='line_1_74' title="bbox 975 649 1772 720; baseline -0.005 -9"><span class='ocrx_word' id='word_1_522' title='bbox 975 682 1025 711; x_wconf 87' lang='lat' dir='ltr'>nio</span> <span class='ocrx_word' id='word_1_523' title='bbox 1035 692 1113 711; x_wconf 85' lang='lat' dir='ltr'>tenet</span> <span class='ocrx_word' id='word_1_524' title='bbox 1123 705 1131 716; x_wconf 93' lang='lat'><em>‚</em></span> <span class='ocrx_word' id='word_1_525' title='bbox 1140 692 1238 711; x_wconf 89' lang='lat' dir='ltr'>omnes</span> <span class='ocrx_word' id='word_1_526' title='bbox 1247 679 1362 720; x_wconf 75' lang='lat' dir='ltr'>psalmos</span> <span class='ocrx_word' id='word_1_527' title='bbox 1372 691 1385 708; x_wconf 89' lang='lat' dir='ltr'>a</span> <span class='ocrx_word' id='word_1_528' title='bbox 1395 679 1489 709; x_wconf 84' lang='lat' dir='ltr'>David</span> <span class='ocrx_word' id='word_1_529' title='bbox 1498 679 1665 718; x_wconf 81' lang='lat' dir='ltr'>compositos</span> <span class='ocrx_word' id='word_1_530' title='bbox 1677 649 1752 707; x_wconf 60' lang='grc' dir='ltr'>ῆιίῑῐξ</span> <span class='ocrx_word' id='word_1_531' title='bbox 1766 700 1772 710; x_wconf 86' lang='grc'>,</span> 
     </span>
     <span class='ocr_line' id='line_1_75' title="bbox 975 719 1773 762; baseline -0.005 -11"><span class='ocrx_word' id='word_1_532' title='bbox 975 733 1009 752; x_wconf 82' lang='lat' dir='ltr'>ex</span> <span class='ocrx_word' id='word_1_533' title='bbox 1028 733 1061 752; x_wconf 86' lang='lat' dir='ltr'>eo</span> <span class='ocrx_word' id='word_1_534' title='bbox 1070 724 1135 762; x_wconf 85' lang='lat' dir='ltr'>quia</span> <span class='ocrx_word' id='word_1_535' title='bbox 1145 723 1257 762; x_wconf 89' lang='lat' dir='ltr'>quando</span> <span class='ocrx_word' id='word_1_536' title='bbox 1267 720 1397 751; x_wconf 84' lang='lat' dir='ltr'>Christus</span> <span class='ocrx_word' id='word_1_537' title='bbox 1406 720 1527 758; x_wconf 87' lang='lat' dir='ltr'>aliquem</span> <span class='ocrx_word' id='word_1_538' title='bbox 1545 720 1636 749; x_wconf 79' lang='lat' dir='ltr'>locum</span> <span class='ocrx_word' id='word_1_539' title='bbox 1654 719 1773 749; x_wconf 80' lang='lat' dir='ltr'>Davidis</span> 
     </span>
     <span class='ocr_line' id='line_1_76' title="bbox 975 760 1772 798; baseline -0.005 -6"><span class='ocrx_word' id='word_1_540' title='bbox 975 763 1110 793; x_wconf 82' lang='lat' dir='ltr'>citaverat</span> <span class='ocrx_word' id='word_1_541' title='bbox 1118 763 1310 793; x_wconf 84' lang='lat' dir='ltr'>indifferenter</span> <span class='ocrx_word' id='word_1_542' title='bbox 1320 761 1405 798; x_wconf 82' lang='lat' dir='ltr'>ajebat</span> <span class='ocrx_word' id='word_1_543' title='bbox 1425 766 1439 796; x_wconf 90' lang='grc'>[</span> <span class='ocrx_word' id='word_1_544' title='bbox 1450 760 1535 788; x_wconf 90' lang='lat' dir='ltr'>Dixit</span> <span class='ocrx_word' id='word_1_545' title='bbox 1547 761 1641 790; x_wconf 89' lang='lat' dir='ltr'>David</span> <span class='ocrx_word' id='word_1_546' title='bbox 1661 761 1691 789; x_wconf 89' lang='lat' dir='ltr'>in</span> <span class='ocrx_word' id='word_1_547' title='bbox 1701 760 1772 788; x_wconf 88' lang='lat' dir='ltr'>libro</span> 
     </span>
     <span class='ocr_line' id='line_1_77' title="bbox 976 798 1773 843; baseline -0.006 -10"><span class='ocrx_word' id='word_1_548' title='bbox 976 803 1164 843; x_wconf 86' lang='lat' dir='ltr'>psalmorum]</span> <span class='ocrx_word' id='word_1_549' title='bbox 1182 805 1221 833; x_wconf 90' lang='lat' dir='ltr'>ita</span> <span class='ocrx_word' id='word_1_550' title='bbox 1233 813 1261 832; x_wconf 85' lang='lat' dir='ltr'>iit</span> <span class='ocrx_word' id='word_1_551' title='bbox 1272 802 1398 832; x_wconf 82' lang='lat' dir='ltr'>videatur</span> <span class='ocrx_word' id='word_1_552' title='bbox 1406 799 1495 840; x_wconf 86' lang='lat' dir='ltr'>ipsum</span> <span class='ocrx_word' id='word_1_553' title='bbox 1504 800 1659 829; x_wconf 86' lang='lat' dir='ltr'>Dominum</span> <span class='ocrx_word' id='word_1_554' title='bbox 1680 798 1773 839; x_wconf 87' lang='lat' dir='ltr'>Jesum</span> 
     </span>
     <span class='ocr_line' id='line_1_78' title="bbox 975 839 1772 875; baseline -0.008 0"><span class='ocrx_word' id='word_1_555' title='bbox 975 845 1084 874; x_wconf 77' lang='lat' dir='ltr'>Davidi</span> <span class='ocrx_word' id='word_1_556' title='bbox 1102 855 1193 875; x_wconf 90' lang='lat' dir='ltr'>totum</span> <span class='ocrx_word' id='word_1_557' title='bbox 1211 844 1380 875; x_wconf 74' lang='lat' dir='ltr'>psalmorum</span> <span class='ocrx_word' id='word_1_558' title='bbox 1400 842 1500 871; x_wconf 87' lang='lat' dir='ltr'>librum</span> <span class='ocrx_word' id='word_1_559' title='bbox 1516 839 1664 870; x_wconf 76' lang='lat' dir='ltr'>attribuiss‘e</span> <span class='ocrx_word' id='word_1_560' title='bbox 1676 853 1682 869; x_wconf 89' lang='lat'>:</span> <span class='ocrx_word' id='word_1_561' title='bbox 1714 842 1772 869; x_wconf 84' lang='lat' dir='ltr'>imo</span> 
     </span>
     <span class='ocr_line' id='line_1_79' title="bbox 976 881 1774 918; baseline -0.008 -4"><span class='ocrx_word' id='word_1_562' title='bbox 976 885 1050 914; x_wconf 87' lang='lat' dir='ltr'>idem</span> <span class='ocrx_word' id='word_1_563' title='bbox 1062 887 1187 916; x_wconf 79' lang='lat' dir='ltr'>Salvator</span> <span class='ocrx_word' id='word_1_564' title='bbox 1198 886 1289 915; x_wconf 85' lang='lat' dir='ltr'>noster</span> <span class='ocrx_word' id='word_1_565' title='bbox 1299 882 1433 913; x_wconf 78' lang='lat' dir='ltr'>Psalmum</span> <span class='ocrx_word' id='word_1_566' title='bbox 1449 893 1514 918; x_wconf 85' lang='lat'><strong>¹09·</strong></span> <span class='ocrx_word' id='word_1_567' title='bbox 1527 882 1676 911; x_wconf 74' lang='lat' dir='ltr'>affirmavit</span> <span class='ocrx_word' id='word_1_568' title='bbox 1685 881 1774 910; x_wconf 72' lang='lat' dir='ltr'>Davi-</span> 
     </span>
     <span class='ocr_line' id='line_1_80' title="bbox 975 921 1774 965; baseline -0.005 -11"><span class='ocrx_word' id='word_1_569' title='bbox 975 926 1068 955; x_wconf 90' lang='lat' dir='ltr'>dicum</span> <span class='ocrx_word' id='word_1_570' title='bbox 1079 927 1164 961; x_wconf 77' lang='lat' dir='ltr'>fuiss&#39;e,</span> <span class='ocrx_word' id='word_1_571' title='bbox 1176 926 1306 965; x_wconf 83' lang='lat' dir='ltr'>inquiens</span> <span class='ocrx_word' id='word_1_572' title='bbox 1319 923 1483 960; x_wconf 84' lang='lat' dir='ltr'>[Quomodo</span> <span class='ocrx_word' id='word_1_573' title='bbox 1493 933 1560 962; x_wconf 85' lang='lat' dir='ltr'>ergo</span> <span class='ocrx_word' id='word_1_574' title='bbox 1568 923 1666 952; x_wconf 84' lang='lat' dir='ltr'>David</span> <span class='ocrx_word' id='word_1_575' title='bbox 1677 923 1707 951; x_wconf 91' lang='lat' dir='ltr'>in</span> <span class='ocrx_word' id='word_1_576' title='bbox 1718 921 1774 961; x_wconf 88' lang='lat' dir='ltr'>spi-</span> 
     </span>
     <span class='ocr_line' id='line_1_81' title="bbox 975 963 1773 998; baseline -0.004 -4"><span class='ocrx_word' id='word_1_577' title='bbox 975 967 1031 995; x_wconf 87' lang='lat' dir='ltr'>ritu</span> <span class='ocrx_word' id='word_1_578' title='bbox 1042 978 1124 997; x_wconf 83' lang='lat' dir='ltr'>vocat</span> <span class='ocrx_word' id='word_1_579' title='bbox 1132 978 1193 997; x_wconf 90' lang='lat' dir='ltr'>eum</span> <span class='ocrx_word' id='word_1_580' title='bbox 1203 966 1360 997; x_wconf 85' lang='lat' dir='ltr'>Dominum</span> <span class='ocrx_word' id='word_1_581' title='bbox 1370 987 1378 998; x_wconf 92' lang='lat'><em>,</em></span> <span class='ocrx_word' id='word_1_582' title='bbox 1398 965 1510 993; x_wconf 86' lang='lat' dir='ltr'>dicens:</span> <span class='ocrx_word' id='word_1_583' title='bbox 1530 964 1615 994; x_wconf 82' lang='lat' dir='ltr'>Dixit</span> <span class='ocrx_word' id='word_1_584' title='bbox 1632 963 1773 992; x_wconf 80' lang='lat' dir='ltr'>Dominus</span> 
     </span>
     <span class='ocr_line' id='line_1_82' title="bbox 976 1004 1775 1046; baseline -0.006 -10"><span class='ocrx_word' id='word_1_585' title='bbox 976 1008 1102 1037; x_wconf 88' lang='lat' dir='ltr'>Domino</span> <span class='ocrx_word' id='word_1_586' title='bbox 1114 1019 1176 1037; x_wconf 88' lang='lat' dir='ltr'>meo</span> <span class='ocrx_word' id='word_1_587' title='bbox 1188 1011 1221 1040; x_wconf 69' lang='grc' dir='ltr'>ἓ]</span> <span class='ocrx_word' id='word_1_588' title='bbox 1236 1007 1328 1046; x_wconf 83' lang='lat' dir='ltr'>Igitur</span> <span class='ocrx_word' id='word_1_589' title='bbox 1337 1006 1383 1035; x_wconf 92' lang='lat' dir='ltr'>vel</span> <span class='ocrx_word' id='word_1_590' title='bbox 1394 1006 1467 1035; x_wconf 85' lang='lat' dir='ltr'>ultra</span> <span class='ocrx_word' id='word_1_591' title='bbox 1475 1004 1704 1044; x_wconf 74' lang='lat' dir='ltr'>septuagesimum</span> <span class='ocrx_word' id='word_1_592' title='bbox 1717 1014 1775 1042; x_wconf 80' lang='lat' dir='ltr'>pri-</span> 
     </span>
     <span class='ocr_line' id='line_1_83' title="bbox 975 1044 1774 1084; baseline -0.006 -6"><span class='ocrx_word' id='word_1_593' title='bbox 975 1059 1050 1078; x_wconf 88' lang='lat' dir='ltr'>mum</span> <span class='ocrx_word' id='word_1_594' title='bbox 1062 1047 1199 1078; x_wconf 82' lang='lat' dir='ltr'>Psalmum</span> <span class='ocrx_word' id='word_1_595' title='bbox 1208 1047 1347 1077; x_wconf 84' lang='lat' dir='ltr'>Davidem</span> <span class='ocrx_word' id='word_1_596' title='bbox 1365 1044 1543 1084; x_wconf 79' lang='lat' dir='ltr'>composuifl&#39;e</span> <span class='ocrx_word' id='word_1_597' title='bbox 1565 1045 1705 1074; x_wconf 82' lang='lat' dir='ltr'>fatendum</span> <span class='ocrx_word' id='word_1_598' title='bbox 1713 1045 1752 1073; x_wconf 83' lang='lat' dir='ltr'>est</span> <span class='ocrx_word' id='word_1_599' title='bbox 1764 1066 1774 1077; x_wconf 89' lang='lat'><em>,</em></span> 
     </span>
     <span class='ocr_line' id='line_1_84' title="bbox 978 1085 1774 1118; baseline -0.008 1"><span class='ocrx_word' id='word_1_600' title='bbox 978 1091 1022 1118; x_wconf 85' lang='lat' dir='ltr'>vel</span> <span class='ocrx_word' id='word_1_601' title='bbox 1032 1089 1106 1118; x_wconf 89' lang='lat' dir='ltr'>hunc</span> <span class='ocrx_word' id='word_1_602' title='bbox 1119 1089 1251 1118; x_wconf 71' lang='lat' dir='ltr'>psalmum</span> <span class='ocrx_word' id='word_1_603' title='bbox 1264 1089 1294 1116; x_wconf 88' lang='lat' dir='ltr'>ab</span> <span class='ocrx_word' id='word_1_604' title='bbox 1307 1086 1508 1116; x_wconf 71' lang='lat' dir='ltr'>amanuensibus</span> <span class='ocrx_word' id='word_1_605' title='bbox 1528 1085 1627 1114; x_wconf 91' lang='lat' dir='ltr'>ordine</span> <span class='ocrx_word' id='word_1_606' title='bbox 1637 1094 1774 1114; x_wconf 88' lang='lat' dir='ltr'>mutatum</span> 
     </span>
     <span class='ocr_line' id='line_1_85' title="bbox 979 1123 1774 1170; baseline -0.006 -11"><span class='ocrx_word' id='word_1_607' title='bbox 979 1130 1052 1159; x_wconf 73' lang='lat' dir='ltr'>suill&#39;e</span> <span class='ocrx_word' id='word_1_608' title='bbox 1064 1153 1071 1163; x_wconf 85' lang='lat'><em>‚</em></span> <span class='ocrx_word' id='word_1_609' title='bbox 1091 1141 1152 1158; x_wconf 81' lang='lat' dir='ltr'>cum</span> <span class='ocrx_word' id='word_1_610' title='bbox 1164 1131 1193 1158; x_wconf 89' lang='lat' dir='ltr'>in</span> <span class='ocrx_word' id='word_1_611' title='bbox 1204 1129 1335 1170; x_wconf 85' lang='lat' dir='ltr'>psalterio</span> <span class='ocrx_word' id='word_1_612' title='bbox 1346 1128 1446 1156; x_wconf 89' lang='lat' dir='ltr'>ultimo</span> <span class='ocrx_word' id='word_1_613' title='bbox 1457 1127 1517 1155; x_wconf 90' lang='lat' dir='ltr'>loco</span> <span class='ocrx_word' id='word_1_614' title='bbox 1537 1125 1647 1165; x_wconf 85' lang='lat' dir='ltr'>disponi</span> <span class='ocrx_word' id='word_1_615' title='bbox 1665 1123 1774 1155; x_wconf 85' lang='lat' dir='ltr'>debuis-</span> 
     </span>
    </p>
   </div>
   <div class='ocr_carea' id='block_1_6' title="bbox 960 1166 1774 1207">
    <p class='ocr_par' dir='ltr' id='par_1_7' title="bbox 960 1166 1774 1207">
     <span class='ocr_line' id='line_1_86' title="bbox 960 1166 1774 1207; baseline -0.004 -9"><span class='ocrx_word' id='word_1_616' title='bbox 960 1166 1033 1199; x_wconf 41' lang='lat' dir='ltr'>⁷set.</span> <span class='ocrx_word' id='word_1_617' title='bbox 1053 1173 1126 1200; x_wconf 85' lang='lat' dir='ltr'>Item</span> <span class='ocrx_word' id='word_1_618' title='bbox 1147 1181 1243 1200; x_wconf 83' lang='lat' dir='ltr'>omnes</span> <span class='ocrx_word' id='word_1_619' title='bbox 1265 1168 1360 1207; x_wconf 81' lang='lat' dir='ltr'>psalmi</span> <span class='ocrx_word' id='word_1_620' title='bbox 1379 1178 1468 1196; x_wconf 86' lang='lat' dir='ltr'>metro</span> <span class='ocrx_word' id='word_1_621' title='bbox 1485 1167 1612 1196; x_wconf 86' lang='lat' dir='ltr'>hebraico</span> <span class='ocrx_word' id='word_1_622' title='bbox 1627 1166 1774 1206; x_wconf 80' lang='lat' dir='ltr'>compositi</span> 
     </span>
    </p>
   </div>
   <div class='ocr_carea' id='block_1_7' title="bbox 972 1207 1776 2173">
    <p class='ocr_par' dir='ltr' id='par_1_8' title="bbox 972 1207 1776 2173">
     <span class='ocr_line' id='line_1_87' title="bbox 975 1207 1776 1247; baseline -0.004 -8"><span class='ocrx_word' id='word_1_623' title='bbox 975 1211 1037 1240; x_wconf 78' lang='lat' dir='ltr'>sunt</span> <span class='ocrx_word' id='word_1_624' title='bbox 1050 1233 1057 1245; x_wconf 93' lang='lat'><em>,</em></span> <span class='ocrx_word' id='word_1_625' title='bbox 1078 1213 1180 1241; x_wconf 83' lang='lat' dir='ltr'>&amp;licet</span> <span class='ocrx_word' id='word_1_626' title='bbox 1191 1212 1221 1240; x_wconf 87' lang='lat' dir='ltr'>in</span> <span class='ocrx_word' id='word_1_627' title='bbox 1231 1209 1334 1239; x_wconf 74' lang='lat' dir='ltr'>eisdem</span> <span class='ocrx_word' id='word_1_628' title='bbox 1355 1208 1462 1247; x_wconf 75' lang='lat' dir='ltr'>psalmis</span> <span class='ocrx_word' id='word_1_629' title='bbox 1473 1207 1559 1246; x_wconf 85' lang='lat' dir='ltr'>aliqui</span> <span class='ocrx_word' id='word_1_630' title='bbox 1577 1217 1694 1237; x_wconf 78' lang='lat' dir='ltr'>eventus</span> <span class='ocrx_word' id='word_1_631' title='bbox 1711 1217 1776 1236; x_wconf 83' lang='lat' dir='ltr'>nar-</span> 
     </span>
     <span class='ocr_line' id='line_1_88' title="bbox 979 1247 1774 1291; baseline -0.004 -11"><span class='ocrx_word' id='word_1_632' title='bbox 979 1262 1073 1281; x_wconf 85' lang='lat' dir='ltr'>rentur</span> <span class='ocrx_word' id='word_1_633' title='bbox 1085 1274 1092 1285; x_wconf 90' lang='lat'><em>‚</em></span> <span class='ocrx_word' id='word_1_634' title='bbox 1113 1253 1159 1291; x_wconf 89' lang='lat' dir='ltr'>qui</span> <span class='ocrx_word' id='word_1_635' title='bbox 1170 1252 1229 1290; x_wconf 83' lang='lat' dir='ltr'>post</span> <span class='ocrx_word' id='word_1_636' title='bbox 1238 1250 1333 1280; x_wconf 81' lang='lat' dir='ltr'>David</span> <span class='ocrx_word' id='word_1_637' title='bbox 1344 1250 1504 1278; x_wconf 65' lang='lat' dir='ltr'>‘acciderant</span> <span class='ocrx_word' id='word_1_638' title='bbox 1514 1270 1521 1282; x_wconf 89' lang='lat'><em>‚</em></span> <span class='ocrx_word' id='word_1_639' title='bbox 1540 1258 1569 1278; x_wconf 92' lang='lat' dir='ltr'>ut</span> <span class='ocrx_word' id='word_1_640' title='bbox 1589 1247 1774 1287; x_wconf 72' lang='lat' dir='ltr'>Jerosolymae</span> 
     </span>
     <span class='ocr_line' id='line_1_89' title="bbox 975 1288 1774 1332; baseline -0.005 -11"><span class='ocrx_word' id='word_1_641' title='bbox 975 1293 1122 1322; x_wconf 71' lang='lat' dir='ltr'>destructio</span> <span class='ocrx_word' id='word_1_642' title='bbox 1143 1294 1173 1321; x_wconf 91' lang='lat' dir='ltr'>in</span> <span class='ocrx_word' id='word_1_643' title='bbox 1184 1292 1318 1332; x_wconf 64' lang='lat' dir='ltr'>praedifio</span> <span class='ocrx_word' id='word_1_644' title='bbox 1330 1290 1393 1329; x_wconf 86' lang='lat' dir='ltr'>psal.</span> <span class='ocrx_word' id='word_1_645' title='bbox 1404 1301 1420 1323; x_wconf 92' lang='lat'><em>7</em></span> <span class='ocrx_word' id='word_1_646' title='bbox 1430 1301 1450 1318; x_wconf 90' lang='lat' dir='ltr'>i.</span> <span class='ocrx_word' id='word_1_647' title='bbox 1470 1290 1637 1325; x_wconf 77' lang='lat' dir='ltr'>Babylonica</span> <span class='ocrx_word' id='word_1_648' title='bbox 1655 1288 1774 1328; x_wconf 86' lang='lat' dir='ltr'>captivi—</span> 
     </span>
     <span class='ocr_line' id='line_1_90' title="bbox 976 1327 1775 1372; baseline -0.006 -10"><span class='ocrx_word' id='word_1_649' title='bbox 976 1344 1016 1362; x_wconf 86' lang='lat' dir='ltr'>tas</span> <span class='ocrx_word' id='word_1_650' title='bbox 1029 1355 1036 1366; x_wconf 91' lang='lat'><em>,</em></span> <span class='ocrx_word' id='word_1_651' title='bbox 1049 1332 1114 1372; x_wconf 85' lang='lat' dir='ltr'>psai.</span> <span class='ocrx_word' id='word_1_652' title='bbox 1130 1341 1193 1371; x_wconf 83' lang='lat'><strong>¹3⁶·</strong></span> <span class='ocrx_word' id='word_1_653' title='bbox 1202 1337 1228 1362; x_wconf 73' lang='grc' dir='ltr'>δε</span> <span class='ocrx_word' id='word_1_654' title='bbox 1243 1332 1368 1361; x_wconf 85' lang='lat' dir='ltr'>liberatio</span> <span class='ocrx_word' id='word_1_655' title='bbox 1380 1331 1410 1359; x_wconf 85' lang='lat' dir='ltr'>ab</span> <span class='ocrx_word' id='word_1_656' title='bbox 1420 1330 1512 1359; x_wconf 80' lang='lat' dir='ltr'>eadem</span> <span class='ocrx_word' id='word_1_657' title='bbox 1523 1353 1529 1363; x_wconf 83' lang='lat'><em>‚</em></span> <span class='ocrx_word' id='word_1_658' title='bbox 1542 1327 1607 1370; x_wconf 81' lang='lat' dir='ltr'>psal.</span> <span class='ocrx_word' id='word_1_659' title='bbox 1624 1340 1688 1366; x_wconf 78' lang='grc' dir='ltr'>ης.</span> <span class='ocrx_word' id='word_1_660' title='bbox 1699 1329 1775 1358; x_wconf 85' lang='lat' dir='ltr'>nihi-</span> 
     </span>
     <span class='ocr_line' id='line_1_91' title="bbox 976 1370 1773 1412; baseline -0.006 -9"><span class='ocrx_word' id='word_1_661' title='bbox 976 1375 1095 1403; x_wconf 83' lang='lat' dir='ltr'>lominus</span> <span class='ocrx_word' id='word_1_662' title='bbox 1107 1375 1290 1412; x_wconf 66' lang='lat' dir='ltr'>intelligenda</span> <span class='ocrx_word' id='word_1_663' title='bbox 1308 1371 1371 1400; x_wconf 89' lang='lat' dir='ltr'>sunt</span> <span class='ocrx_word' id='word_1_664' title='bbox 1395 1371 1453 1399; x_wconf 63' lang='lat' dir='ltr'>haec</span> <span class='ocrx_word' id='word_1_665' title='bbox 1471 1370 1572 1410; x_wconf 79' lang='lat' dir='ltr'>spiritu</span> <span class='ocrx_word' id='word_1_666' title='bbox 1586 1370 1750 1410; x_wconf 64' lang='lat' dir='ltr'>prophetico</span> <span class='ocrx_word' id='word_1_667' title='bbox 1763 1392 1773 1404; x_wconf 83' lang='lat'><em>,</em></span> 
     </span>
     <span class='ocr_line' id='line_1_92' title="bbox 976 1411 1774 1453; baseline -0.006 -9"><span class='ocrx_word' id='word_1_668' title='bbox 976 1425 1004 1443; x_wconf 84' lang='lat' dir='ltr'>ac</span> <span class='ocrx_word' id='word_1_669' title='bbox 1016 1415 1034 1444; x_wconf 82' lang='lat' dir='ltr'>fi</span> <span class='ocrx_word' id='word_1_670' title='bbox 1046 1412 1190 1453; x_wconf 61' lang='lat' dir='ltr'>praesentia</span> <span class='ocrx_word' id='word_1_671' title='bbox 1202 1414 1310 1443; x_wconf 71' lang='lat' dir='ltr'>fuifl‘ent</span> <span class='ocrx_word' id='word_1_672' title='bbox 1322 1435 1329 1446; x_wconf 89' lang='lat'><em>,</em></span> <span class='ocrx_word' id='word_1_673' title='bbox 1353 1424 1365 1441; x_wconf 86' lang='lat' dir='ltr'>a</span> <span class='ocrx_word' id='word_1_674' title='bbox 1377 1422 1455 1451; x_wconf 81' lang='lat' dir='ltr'>regio</span> <span class='ocrx_word' id='word_1_675' title='bbox 1469 1412 1605 1450; x_wconf 80' lang='lat' dir='ltr'>Propheta</span> <span class='ocrx_word' id='word_1_676' title='bbox 1618 1411 1691 1440; x_wconf 75' lang='lat' dir='ltr'>suiss&#39;e</span> <span class='ocrx_word' id='word_1_677' title='bbox 1704 1421 1774 1449; x_wconf 59' lang='lat' dir='ltr'>pize-</span> 
     </span>
     <span class='ocr_line' id='line_1_93' title="bbox 977 1452 1774 1490; baseline -0.005 -6"><span class='ocrx_word' id='word_1_678' title='bbox 977 1454 1034 1484; x_wconf 81' lang='lat' dir='ltr'>visa</span> <span class='ocrx_word' id='word_1_679' title='bbox 1046 1478 1053 1489; x_wconf 93' lang='lat'><strong><em>,</em></strong></span> <span class='ocrx_word' id='word_1_680' title='bbox 1070 1466 1099 1484; x_wconf 88' lang='lat' dir='ltr'>ut</span> <span class='ocrx_word' id='word_1_681' title='bbox 1110 1455 1193 1484; x_wconf 89' lang='lat' dir='ltr'>docet</span> <span class='ocrx_word' id='word_1_682' title='bbox 1211 1456 1249 1484; x_wconf 91' lang='lat' dir='ltr'>D.</span> <span class='ocrx_word' id='word_1_683' title='bbox 1263 1455 1470 1488; x_wconf 79' lang='lat' dir='ltr'>Hieronymus5</span> <span class='ocrx_word' id='word_1_684' title='bbox 1493 1462 1553 1480; x_wconf 86' lang='lat' dir='ltr'>narn</span> <span class='ocrx_word' id='word_1_685' title='bbox 1571 1452 1774 1490; x_wconf 75' lang='lat' dir='ltr'>Prophetarum</span> 
     </span>
     <span class='ocr_line' id='line_1_94' title="bbox 976 1490 1775 1531; baseline -0.006 -6"><span class='ocrx_word' id='word_1_686' title='bbox 976 1506 1035 1525; x_wconf 88' lang='lat' dir='ltr'>mos</span> <span class='ocrx_word' id='word_1_687' title='bbox 1047 1496 1132 1525; x_wconf 81' lang='lat' dir='ltr'>suerat</span> <span class='ocrx_word' id='word_1_688' title='bbox 1143 1496 1177 1524; x_wconf 88' lang='lat' dir='ltr'>de</span> <span class='ocrx_word' id='word_1_689' title='bbox 1188 1497 1263 1524; x_wconf 89' lang='lat' dir='ltr'>rebus</span> <span class='ocrx_word' id='word_1_690' title='bbox 1275 1494 1370 1523; x_wconf 85' lang='lat' dir='ltr'>futuris</span> <span class='ocrx_word' id='word_1_691' title='bbox 1382 1493 1458 1531; x_wconf 84' lang='lat' dir='ltr'>loqui</span> <span class='ocrx_word' id='word_1_692' title='bbox 1471 1514 1477 1524; x_wconf 88' lang='lat'><em>‚</em></span> <span class='ocrx_word' id='word_1_693' title='bbox 1499 1503 1527 1520; x_wconf 84' lang='lat' dir='ltr'>ac</span> <span class='ocrx_word' id='word_1_694' title='bbox 1548 1493 1566 1521; x_wconf 77' lang='lat' dir='ltr'>fi</span> <span class='ocrx_word' id='word_1_695' title='bbox 1577 1490 1723 1530; x_wconf 74' lang='lat' dir='ltr'>praesentes</span> <span class='ocrx_word' id='word_1_696' title='bbox 1733 1491 1775 1520; x_wconf 89' lang='lat' dir='ltr'>cs-</span> 
     </span>
     <span class='ocr_line' id='line_1_95' title="bbox 975 1532 1774 1573; baseline -0.006 -8"><span class='ocrx_word' id='word_1_697' title='bbox 975 1536 1039 1565; x_wconf 89' lang='lat' dir='ltr'>sent</span> <span class='ocrx_word' id='word_1_698' title='bbox 1052 1548 1061 1568; x_wconf 64' lang='grc' dir='ltr'><strong><em>ς</em></strong></span> <span class='ocrx_word' id='word_1_699' title='bbox 1076 1538 1138 1565; x_wconf 87' lang='lat' dir='ltr'>ideo</span> <span class='ocrx_word' id='word_1_700' title='bbox 1149 1536 1278 1564; x_wconf 84' lang='lat' dir='ltr'>nonnulli</span> <span class='ocrx_word' id='word_1_701' title='bbox 1290 1534 1384 1573; x_wconf 83' lang='lat' dir='ltr'>psalmi</span> <span class='ocrx_word' id='word_1_702' title='bbox 1394 1533 1516 1561; x_wconf 72' lang='lat' dir='ltr'>attributi</span> <span class='ocrx_word' id='word_1_703' title='bbox 1529 1532 1591 1561; x_wconf 81' lang='lat' dir='ltr'>sunt</span> <span class='ocrx_word' id='word_1_704' title='bbox 1606 1536 1713 1572; x_wconf 72' lang='lat' dir='ltr'>Aggaeo</span> <span class='ocrx_word' id='word_1_705' title='bbox 1725 1555 1732 1565; x_wconf 86' lang='lat'><em>‚</em></span> <span class='ocrx_word' id='word_1_706' title='bbox 1745 1537 1774 1563; x_wconf 75' lang='grc' dir='ltr'>ὅ(</span> 
     </span>
     <span class='ocr_line' id='line_1_96' title="bbox 975 1574 1774 1615; baseline -0.005 -9"><span class='ocrx_word' id='word_1_707' title='bbox 975 1576 1118 1606; x_wconf 66' lang='grc' dir='ltr'>Ζαεὴπίκ</span> <span class='ocrx_word' id='word_1_708' title='bbox 1128 1577 1271 1615; x_wconf 78' lang='lat' dir='ltr'>prophetis</span> <span class='ocrx_word' id='word_1_709' title='bbox 1284 1598 1291 1609; x_wconf 93' lang='lat'><em>‚</em></span> <span class='ocrx_word' id='word_1_710' title='bbox 1303 1575 1348 1613; x_wconf 80' lang='lat' dir='ltr'>qui</span> <span class='ocrx_word' id='word_1_711' title='bbox 1359 1575 1418 1613; x_wconf 83' lang='lat' dir='ltr'>post</span> <span class='ocrx_word' id='word_1_712' title='bbox 1429 1574 1521 1601; x_wconf 78' lang='lat' dir='ltr'>Davnl</span> <span class='ocrx_word' id='word_1_713' title='bbox 1534 1583 1663 1601; x_wconf 81' lang='lat' dir='ltr'>vixerant</span> <span class='ocrx_word' id='word_1_714' title='bbox 1673 1593 1680 1600; x_wconf 94' lang='lat'>.</span> <span class='ocrx_word' id='word_1_715' title='bbox 1700 1575 1774 1602; x_wconf 76' lang='lat' dir='ltr'>Item</span> 
     </span>
     <span class='ocr_line' id='line_1_97' title="bbox 976 1613 1773 1657; baseline -0.003 -12"><span class='ocrx_word' id='word_1_716' title='bbox 976 1619 1072 1657; x_wconf 73' lang='lat' dir='ltr'>psalmi</span> <span class='ocrx_word' id='word_1_717' title='bbox 1084 1619 1169 1656; x_wconf 81' lang='lat' dir='ltr'>aliqui</span> <span class='ocrx_word' id='word_1_718' title='bbox 1181 1618 1294 1645; x_wconf 81' lang='lat' dir='ltr'>titulum</span> <span class='ocrx_word' id='word_1_719' title='bbox 1305 1615 1407 1643; x_wconf 83' lang='lat' dir='ltr'>habent</span> <span class='ocrx_word' id='word_1_720' title='bbox 1425 1618 1476 1642; x_wconf 83' lang='lat' dir='ltr'>Pro</span> <span class='ocrx_word' id='word_1_721' title='bbox 1486 1617 1584 1642; x_wconf 60' lang='lat' dir='ltr'>offa-ua</span> <span class='ocrx_word' id='word_1_722' title='bbox 1597 1635 1604 1646; x_wconf 93' lang='lat'>,</span> <span class='ocrx_word' id='word_1_723' title='bbox 1623 1613 1698 1652; x_wconf 84' lang='lat' dir='ltr'>quod</span> <span class='ocrx_word' id='word_1_724' title='bbox 1717 1623 1773 1643; x_wconf 75' lang='lat' dir='ltr'>erat</span> 
     </span>
     <span class='ocr_line' id='line_1_98' title="bbox 975 1654 1773 1691; baseline -0.006 -4"><span class='ocrx_word' id='word_1_725' title='bbox 975 1659 1101 1688; x_wconf 74' lang='lat' dir='ltr'>muiicale</span> <span class='ocrx_word' id='word_1_726' title='bbox 1110 1659 1324 1686; x_wconf 80' lang='lat' dir='ltr'>instrumentum</span> <span class='ocrx_word' id='word_1_727' title='bbox 1335 1656 1398 1684; x_wconf 65' lang='grc' dir='ltr'>οξτο</span> <span class='ocrx_word' id='word_1_728' title='bbox 1408 1654 1570 1683; x_wconf 73' lang='lat' dir='ltr'>chordarum</span> <span class='ocrx_word' id='word_1_729' title='bbox 1583 1676 1588 1686; x_wconf 87' lang='lat'><em>,</em></span> <span class='ocrx_word' id='word_1_730' title='bbox 1599 1664 1629 1682; x_wconf 86' lang='lat' dir='ltr'>ur</span> <span class='ocrx_word' id='word_1_731' title='bbox 1639 1665 1673 1682; x_wconf 83' lang='lat' dir='ltr'>ex</span> <span class='ocrx_word' id='word_1_732' title='bbox 1697 1666 1738 1683; x_wconf 63' lang='grc' dir='ltr'>(η.</span> <span class='ocrx_word' id='word_1_733' title='bbox 1747 1664 1773 1691; x_wconf 85' lang='lat'>5.</span> 
     </span>
     <span class='ocr_line' id='line_1_99' title="bbox 975 1695 1774 1737; baseline -0.005 -9"><span class='ocrx_word' id='word_1_734' title='bbox 975 1700 1022 1728; x_wconf 87' lang='lat' dir='ltr'>lib.</span> <span class='ocrx_word' id='word_1_735' title='bbox 1040 1710 1062 1727; x_wconf 88' lang='lat'>1.</span> <span class='ocrx_word' id='word_1_736' title='bbox 1074 1699 1306 1737; x_wconf 79' lang='lat' dir='ltr'>Paralipomenon</span> <span class='ocrx_word' id='word_1_737' title='bbox 1315 1696 1460 1735; x_wconf 60' lang='lat' dir='ltr'>colligitur</span> <span class='ocrx_word' id='word_1_738' title='bbox 1470 1717 1477 1728; x_wconf 95' lang='lat'><em>‚</em></span> <span class='ocrx_word' id='word_1_739' title='bbox 1501 1696 1543 1723; x_wconf 80' lang='lat' dir='ltr'>ubi</span> <span class='ocrx_word' id='word_1_740' title='bbox 1556 1695 1620 1723; x_wconf 88' lang='lat' dir='ltr'>dum</span> <span class='ocrx_word' id='word_1_741' title='bbox 1631 1704 1703 1723; x_wconf 79' lang='lat' dir='ltr'>varia</span> <span class='ocrx_word' id='word_1_742' title='bbox 1712 1705 1774 1724; x_wconf 89' lang='lat' dir='ltr'>rnu-</span> 
     </span>
     <span class='ocr_line' id='line_1_100' title="bbox 974 1735 1773 1771; baseline -0.006 -2"><span class='ocrx_word' id='word_1_743' title='bbox 974 1740 1061 1769; x_wconf 83' lang='lat' dir='ltr'>ficalia</span> <span class='ocrx_word' id='word_1_744' title='bbox 1074 1739 1252 1768; x_wconf 79' lang='lat' dir='ltr'>instrumenta</span> <span class='ocrx_word' id='word_1_745' title='bbox 1264 1746 1442 1767; x_wconf 74' lang='lat' dir='ltr'>numeramur</span> <span class='ocrx_word' id='word_1_746' title='bbox 1453 1758 1459 1768; x_wconf 88' lang='lat'><em>,</em></span> <span class='ocrx_word' id='word_1_747' title='bbox 1472 1736 1591 1763; x_wconf 77' lang='lat' dir='ltr'>dicitur:</span> <span class='ocrx_word' id='word_1_748' title='bbox 1616 1741 1627 1771; x_wconf 88' lang='lat'><strong>[</strong></span> <span class='ocrx_word' id='word_1_749' title='bbox 1642 1737 1675 1764; x_wconf 91' lang='lat' dir='ltr'>1n</span> <span class='ocrx_word' id='word_1_750' title='bbox 1685 1735 1773 1764; x_wconf 78' lang='lat' dir='ltr'>citlia—</span> 
     </span>
     <span class='ocr_line' id='line_1_101' title="bbox 978 1776 1771 1819; baseline -0.005 -11"><span class='ocrx_word' id='word_1_751' title='bbox 978 1781 1014 1808; x_wconf 89' lang='lat' dir='ltr'>ris</span> <span class='ocrx_word' id='word_1_752' title='bbox 1024 1790 1076 1819; x_wconf 87' lang='lat' dir='ltr'>pro</span> <span class='ocrx_word' id='word_1_753' title='bbox 1084 1782 1180 1808; x_wconf 71' lang='lat' dir='ltr'>oetava</span> <span class='ocrx_word' id='word_1_754' title='bbox 1189 1780 1321 1808; x_wconf 84' lang='lat' dir='ltr'>canebant</span> <span class='ocrx_word' id='word_1_755' title='bbox 1333 1799 1339 1805; x_wconf 95' lang='lat'>.</span> <span class='ocrx_word' id='word_1_756' title='bbox 1354 1780 1364 1809; x_wconf 93' lang='grc'>]</span> <span class='ocrx_word' id='word_1_757' title='bbox 1381 1779 1436 1806; x_wconf 66' lang='lat' dir='ltr'>Ht.</span> <span class='ocrx_word' id='word_1_758' title='bbox 1447 1778 1481 1805; x_wconf 92' lang='lat' dir='ltr'>In</span> <span class='ocrx_word' id='word_1_759' title='bbox 1493 1776 1602 1814; x_wconf 83' lang='lat' dir='ltr'>Regula</span> <span class='ocrx_word' id='word_1_760' title='bbox 1612 1777 1637 1804; x_wconf 79' lang='lat' dir='ltr'>S.</span> <span class='ocrx_word' id='word_1_761' title='bbox 1652 1777 1771 1805; x_wconf 84' lang='lat' dir='ltr'>Benedi-</span> 
     </span>
     <span class='ocr_line' id='line_1_102' title="bbox 975 1817 1772 1858; baseline -0.004 -9"><span class='ocrx_word' id='word_1_762' title='bbox 975 1821 1011 1849; x_wconf 70' lang='lat' dir='ltr'>&amp;i</span> <span class='ocrx_word' id='word_1_763' title='bbox 1023 1842 1031 1854; x_wconf 92' lang='lat'>,</span> <span class='ocrx_word' id='word_1_764' title='bbox 1053 1831 1076 1848; x_wconf 86' lang='lat' dir='ltr'>c.</span> <span class='ocrx_word' id='word_1_765' title='bbox 1094 1825 1136 1848; x_wconf 80' lang='lat'>18.</span> <span class='ocrx_word' id='word_1_766' title='bbox 1151 1819 1244 1858; x_wconf 70' lang='lat' dir='ltr'>psalmi</span> <span class='ocrx_word' id='word_1_767' title='bbox 1256 1820 1397 1858; x_wconf 85' lang='lat' dir='ltr'>longiores</span> <span class='ocrx_word' id='word_1_768' title='bbox 1415 1818 1589 1855; x_wconf 80' lang='lat' dir='ltr'>appellantur</span> <span class='ocrx_word' id='word_1_769' title='bbox 1599 1817 1772 1855; x_wconf 76' lang='lat' dir='ltr'>Psalmifor-</span> 
     </span>
     <span class='ocr_line' id='line_1_103' title="bbox 974 1858 1773 1899; baseline -0.003 -10"><span class='ocrx_word' id='word_1_770' title='bbox 974 1865 1056 1890; x_wconf 69' lang='lat' dir='ltr'>tiores</span> <span class='ocrx_word' id='word_1_771' title='bbox 1067 1882 1075 1893; x_wconf 91' lang='lat'><em>,</em></span> <span class='ocrx_word' id='word_1_772' title='bbox 1086 1859 1207 1890; x_wconf 69' lang='lat' dir='ltr'>psalmus</span> <span class='ocrx_word' id='word_1_773' title='bbox 1220 1862 1330 1899; x_wconf 87' lang='lat' dir='ltr'>integer</span> <span class='ocrx_word' id='word_1_774' title='bbox 1338 1859 1501 1887; x_wconf 70' lang='lat' dir='ltr'>recitabatur</span> <span class='ocrx_word' id='word_1_775' title='bbox 1523 1868 1536 1886; x_wconf 83' lang='lat' dir='ltr'>a</span> <span class='ocrx_word' id='word_1_776' title='bbox 1555 1858 1719 1886; x_wconf 74' lang='lat' dir='ltr'>Celebrante</span> <span class='ocrx_word' id='word_1_777' title='bbox 1742 1859 1773 1887; x_wconf 86' lang='lat' dir='ltr'>in</span> 
     </span>
     <span class='ocr_line' id='line_1_104' title="bbox 974 1898 1773 1939; baseline -0.005 -8"><span class='ocrx_word' id='word_1_778' title='bbox 974 1902 1062 1931; x_wconf 72' lang='lat' dir='ltr'>Missae</span> <span class='ocrx_word' id='word_1_779' title='bbox 1073 1902 1204 1937; x_wconf 88' lang='lat' dir='ltr'>introitu,</span> <span class='ocrx_word' id='word_1_780' title='bbox 1218 1905 1245 1930; x_wconf 72' lang='grc' dir='ltr'>ὃ(</span> <span class='ocrx_word' id='word_1_781' title='bbox 1256 1911 1338 1939; x_wconf 82' lang='lat' dir='ltr'>quare</span> <span class='ocrx_word' id='word_1_782' title='bbox 1348 1909 1485 1927; x_wconf 80' lang='lat' dir='ltr'>truncatus</span> <span class='ocrx_word' id='word_1_783' title='bbox 1497 1898 1587 1926; x_wconf 65' lang='lat' dir='ltr'>tuerit.</span> <span class='ocrx_word' id='word_1_784' title='bbox 1600 1898 1673 1926; x_wconf 82' lang='lat' dir='ltr'>Vide</span> <span class='ocrx_word' id='word_1_785' title='bbox 1686 1903 1773 1927; x_wconf 81' lang='lat' dir='ltr'>Intro-</span> 
     </span>
     <span class='ocr_line' id='line_1_105' title="bbox 974 1937 1775 1977; baseline -0.002 -7"><span class='ocrx_word' id='word_1_786' title='bbox 974 1946 1033 1970; x_wconf 78' lang='lat' dir='ltr'>itus</span> <span class='ocrx_word' id='word_1_787' title='bbox 1045 1962 1051 1969; x_wconf 87' lang='lat'>.</span> <span class='ocrx_word' id='word_1_788' title='bbox 1063 1942 1157 1977; x_wconf 88' lang='lat' dir='ltr'>Quare</span> <span class='ocrx_word' id='word_1_789' title='bbox 1167 1942 1292 1969; x_wconf 56' lang='lat' dir='ltr'>dieantur</span> <span class='ocrx_word' id='word_1_790' title='bbox 1301 1939 1447 1968; x_wconf 86' lang='lat' dir='ltr'>duodecim</span> <span class='ocrx_word' id='word_1_791' title='bbox 1460 1937 1553 1976; x_wconf 81' lang='lat' dir='ltr'>psalmi</span> <span class='ocrx_word' id='word_1_792' title='bbox 1572 1939 1600 1966; x_wconf 91' lang='lat' dir='ltr'>in</span> <span class='ocrx_word' id='word_1_793' title='bbox 1617 1938 1703 1966; x_wconf 73' lang='lat' dir='ltr'>feriali</span> <span class='ocrx_word' id='word_1_794' title='bbox 1715 1941 1775 1968; x_wconf 78' lang='lat' dir='ltr'>Ma-</span> 
     </span>
     <span class='ocr_line' id='line_1_106' title="bbox 975 1980 1772 2010; baseline -0.004 0"><span class='ocrx_word' id='word_1_795' title='bbox 975 1983 1071 2010; x_wconf 81' lang='lat' dir='ltr'>tutino</span> <span class='ocrx_word' id='word_1_796' title='bbox 1081 2002 1087 2009; x_wconf 96' lang='lat'>.</span> <span class='ocrx_word' id='word_1_797' title='bbox 1099 1981 1174 2010; x_wconf 86' lang='lat' dir='ltr'>Vide</span> <span class='ocrx_word' id='word_1_798' title='bbox 1184 1985 1338 2010; x_wconf 69' lang='lat' dir='ltr'>Noiiurnus</span> <span class='ocrx_word' id='word_1_799' title='bbox 1351 2001 1357 2007; x_wconf 92' lang='lat'><strong>.</strong></span> <span class='ocrx_word' id='word_1_800' title='bbox 1367 1981 1448 2008; x_wconf 74' lang='lat' dir='ltr'>Caete</span> <span class='ocrx_word' id='word_1_801' title='bbox 1454 1988 1513 2007; x_wconf 87' lang='lat' dir='ltr'>rum</span> <span class='ocrx_word' id='word_1_802' title='bbox 1525 1980 1596 2007; x_wconf 88' lang='lat' dir='ltr'>Vide</span> <span class='ocrx_word' id='word_1_803' title='bbox 1609 1983 1772 2008; x_wconf 76' lang='lat' dir='ltr'>Canticum.</span> 
     </span>
     <span class='ocr_line' id='line_1_107' title="bbox 972 2018 1772 2060; baseline -0.003 -9"><span class='ocrx_word' id='word_1_804' title='bbox 972 2023 1143 2060; x_wconf 79' lang='lat' dir='ltr'>Diapsalma</span> <span class='ocrx_word' id='word_1_805' title='bbox 1152 2042 1159 2050; x_wconf 87' lang='lat'><strong>.</strong></span> <span class='ocrx_word' id='word_1_806' title='bbox 1169 2025 1233 2059; x_wconf 68' lang='lat' dir='ltr'>Dig=</span> <span class='ocrx_word' id='word_1_807' title='bbox 1249 2025 1303 2049; x_wconf 83' lang='lat' dir='ltr'>ria.</span> <span class='ocrx_word' id='word_1_808' title='bbox 1315 2020 1492 2057; x_wconf 73' lang='lat' dir='ltr'>Satnpsalma.</span> <span class='ocrx_word' id='word_1_809' title='bbox 1504 2020 1599 2056; x_wconf 78' lang='lat' dir='ltr'>Qualis</span> <span class='ocrx_word' id='word_1_810' title='bbox 1611 2018 1727 2058; x_wconf 85' lang='lat' dir='ltr'>psalmus</span> <span class='ocrx_word' id='word_1_811' title='bbox 1739 2020 1772 2049; x_wconf 84' lang='lat' dir='ltr'>sit</span> 
     </span>
     <span class='ocr_line' id='line_1_108' title="bbox 973 2061 1774 2100; baseline -0.002 -9"><span class='ocrx_word' id='word_1_812' title='bbox 973 2064 1100 2091; x_wconf 81' lang='lat' dir='ltr'>omnibus</span> <span class='ocrx_word' id='word_1_813' title='bbox 1109 2062 1168 2091; x_wconf 84' lang='lat' dir='ltr'>aliis</span> <span class='ocrx_word' id='word_1_814' title='bbox 1178 2062 1292 2100; x_wconf 84' lang='lat' dir='ltr'>longior</span> <span class='ocrx_word' id='word_1_815' title='bbox 1302 2082 1309 2089; x_wconf 93' lang='lat'>.</span> <span class='ocrx_word' id='word_1_816' title='bbox 1334 2062 1408 2089; x_wconf 64' lang='lat' dir='ltr'>Vzdc</span> <span class='ocrx_word' id='word_1_817' title='bbox 1418 2061 1591 2089; x_wconf 77' lang='lat' dir='ltr'>Salemnttas.</span> <span class='ocrx_word' id='word_1_818' title='bbox 1602 2061 1678 2094; x_wconf 90' lang='lat' dir='ltr'>Quid</span> <span class='ocrx_word' id='word_1_819' title='bbox 1688 2061 1774 2090; x_wconf 84' lang='lat' dir='ltr'>deuo-</span> 
     </span>
     <span class='ocr_line' id='line_1_109' title="bbox 972 2100 1772 2140; baseline -0.003 -8"><span class='ocrx_word' id='word_1_820' title='bbox 972 2114 1013 2132; x_wconf 87' lang='lat' dir='ltr'>tet</span> <span class='ocrx_word' id='word_1_821' title='bbox 1024 2113 1079 2131; x_wconf 85' lang='lat' dir='ltr'>vox</span> <span class='ocrx_word' id='word_1_822' title='bbox 1090 2102 1212 2132; x_wconf 77' lang='lat' dir='ltr'>hebraica</span> <span class='ocrx_word' id='word_1_823' title='bbox 1220 2103 1300 2131; x_wconf 76' lang='lat' dir='ltr'>selah</span> <span class='ocrx_word' id='word_1_824' title='bbox 1310 2124 1317 2135; x_wconf 84' lang='lat'><em>,</em></span> <span class='ocrx_word' id='word_1_825' title='bbox 1331 2112 1385 2130; x_wconf 82' lang='lat' dir='ltr'>tam</span> <span class='ocrx_word' id='word_1_826' title='bbox 1397 2100 1468 2140; x_wconf 78' lang='lat' dir='ltr'>saepe</span> <span class='ocrx_word' id='word_1_827' title='bbox 1479 2102 1595 2139; x_wconf 81' lang='lat' dir='ltr'>repetita</span> <span class='ocrx_word' id='word_1_828' title='bbox 1608 2101 1638 2129; x_wconf 90' lang='lat' dir='ltr'>in</span> <span class='ocrx_word' id='word_1_829' title='bbox 1646 2100 1755 2140; x_wconf 82' lang='lat' dir='ltr'>psalmis</span> <span class='ocrx_word' id='word_1_830' title='bbox 1763 2123 1772 2131; x_wconf 87' lang='lat'><strong>.</strong></span> 
     </span>
     <span class='ocr_line' id='line_1_110' title="bbox 974 2144 1161 2173; baseline -0.011 0"><span class='ocrx_word' id='word_1_831' title='bbox 974 2144 1046 2173; x_wconf 83' lang='lat' dir='ltr'>Vide</span> <span class='ocrx_word' id='word_1_832' title='bbox 1064 2144 1143 2172; x_wconf 82' lang='lat' dir='ltr'>selah</span> <span class='ocrx_word' id='word_1_833' title='bbox 1154 2164 1161 2171; x_wconf 92' lang='lat'><em>.</em></span> 
     </span>
    </p>
   </div>
   <div class='ocr_carea' id='block_1_8' title="bbox 122 2180 1772 2221">
    <p class='ocr_par' dir='ltr' id='par_1_9' title="bbox 122 2180 1772 2221">
     <span class='ocr_line' id='line_1_111' title="bbox 122 2180 1772 2221; baseline 0.001 -11"><span class='ocrx_word' id='word_1_834' title='bbox 122 2192 187 2210; x_wconf 82' lang='lat' dir='ltr'>cana</span> <span class='ocrx_word' id='word_1_835' title='bbox 199 2182 348 2210; x_wconf 83' lang='lat' dir='ltr'>recitantur</span> <span class='ocrx_word' id='word_1_836' title='bbox 360 2180 455 2220; x_wconf 82' lang='lat' dir='ltr'>psalmi</span> <span class='ocrx_word' id='word_1_837' title='bbox 465 2180 613 2210; x_wconf 85' lang='lat' dir='ltr'>secundum</span> <span class='ocrx_word' id='word_1_838' title='bbox 624 2182 796 2218; x_wconf 83' lang='lat' dir='ltr'>Hieronymi</span> <span class='ocrx_word' id='word_1_839' title='bbox 813 2184 914 2214; x_wconf 84' lang='lat' dir='ltr'>verfio-</span> <span class='ocrx_word' id='word_1_840' title='bbox 930 2187 1146 2215; x_wconf 65' lang='grc' dir='ltr'>ΡςΑιτεκΑ-ῐυς</span> <span class='ocrx_word' id='word_1_841' title='bbox 1159 2205 1168 2217; x_wconf 92' lang='lat'><em>‚</em></span> <span class='ocrx_word' id='word_1_842' title='bbox 1193 2183 1240 2221; x_wconf 86' lang='lat' dir='ltr'>qui</span> <span class='ocrx_word' id='word_1_843' title='bbox 1263 2183 1424 2212; x_wconf 86' lang='lat' dir='ltr'>memoriter</span> <span class='ocrx_word' id='word_1_844' title='bbox 1445 2192 1541 2211; x_wconf 86' lang='lat' dir='ltr'>omnes</span> <span class='ocrx_word' id='word_1_845' title='bbox 1564 2180 1681 2221; x_wconf 85' lang='lat' dir='ltr'>psalmos</span> <span class='ocrx_word' id='word_1_846' title='bbox 1704 2182 1772 2212; x_wconf 84' lang='lat' dir='ltr'>reci-</span> 
     </span>
    </p>
   </div>
   <div class='ocr_carea' id='block_1_9' title="bbox 917 2241 923 2242">
    <p class='ocr_par' dir='ltr' id='par_1_10' title="bbox 917 2241 923 2242">
     <span class='ocr_line' id='line_1_112' title="bbox 917 2241 923 2242; baseline 0 0"><span class='ocrx_word' id='word_1_847' title='bbox 917 2241 923 2242; x_wconf 95' lang='lat' dir='ltr'> </span> 
     </span>
    </p>
   </div>
   <div class='ocr_carea' id='block_1_10' title="bbox 121 2221 914 2262">
    <p class='ocr_par' dir='ltr' id='par_1_11' title="bbox 121 2221 914 2262">
     <span class='ocr_line' id='line_1_113' title="bbox 121 2221 914 2262; baseline 0.005 -12"><span class='ocrx_word' id='word_1_848' title='bbox 121 2232 185 2250; x_wconf 86' lang='lat' dir='ltr'>nem</span> <span class='ocrx_word' id='word_1_849' title='bbox 197 2243 204 2249; x_wconf 96' lang='lat'>.</span> <span class='ocrx_word' id='word_1_850' title='bbox 222 2223 323 2251; x_wconf 84' lang='lat' dir='ltr'>Dicere</span> <span class='ocrx_word' id='word_1_851' title='bbox 332 2221 432 2251; x_wconf 81' lang='lat' dir='ltr'>solebat</span> <span class='ocrx_word' id='word_1_852' title='bbox 441 2223 611 2262; x_wconf 81' lang='lat' dir='ltr'>Augustinus</span> <span class='ocrx_word' id='word_1_853' title='bbox 622 2245 630 2256; x_wconf 88' lang='lat'><em>‚</em></span> <span class='ocrx_word' id='word_1_854' title='bbox 647 2233 751 2251; x_wconf 86' lang='lat' dir='ltr'>nomen</span> <span class='ocrx_word' id='word_1_855' title='bbox 763 2223 914 2256; x_wconf 78' lang='lat' dir='ltr'>Sacerdotis</span> 
     </span>
    </p>
   </div>
   <div class='ocr_carea' id='block_1_11' title="bbox 969 2224 1351 2262">
    <p class='ocr_par' dir='ltr' id='par_1_12' title="bbox 969 2224 1351 2262">
     <span class='ocr_line' id='line_1_114' title="bbox 969 2224 1351 2262; baseline -0.008 -8"><span class='ocrx_word' id='word_1_856' title='bbox 969 2226 1058 2254; x_wconf 81' lang='lat' dir='ltr'>tabat.</span> <span class='ocrx_word' id='word_1_857' title='bbox 1081 2224 1159 2253; x_wconf 88' lang='lat' dir='ltr'>Vide</span> <span class='ocrx_word' id='word_1_858' title='bbox 1181 2224 1333 2262; x_wconf 76' lang='lat' dir='ltr'>Psalmista</span> <span class='ocrx_word' id='word_1_859' title='bbox 1345 2244 1351 2252; x_wconf 90' lang='lat'>.</span> 
     </span>
    </p>
   </div>
   <div class='ocr_carea' id='block_1_12' title="bbox 120 2262 1774 2303">
    <p class='ocr_par' dir='ltr' id='par_1_13' title="bbox 120 2262 1774 2303">
     <span class='ocr_line' id='line_1_115' title="bbox 120 2262 1774 2303; baseline 0.001 -12"><span class='ocrx_word' id='word_1_860' title='bbox 120 2263 195 2292; x_wconf 89' lang='lat' dir='ltr'>haud</span> <span class='ocrx_word' id='word_1_861' title='bbox 203 2264 302 2291; x_wconf 82' lang='lat' dir='ltr'>mereri</span> <span class='ocrx_word' id='word_1_862' title='bbox 313 2285 320 2295; x_wconf 90' lang='lat'><em>,</em></span> <span class='ocrx_word' id='word_1_863' title='bbox 332 2263 378 2302; x_wconf 87' lang='lat' dir='ltr'>qui</span> <span class='ocrx_word' id='word_1_864' title='bbox 390 2273 552 2292; x_wconf 85' lang='lat' dir='ltr'>memoriter</span> <span class='ocrx_word' id='word_1_865' title='bbox 561 2263 677 2292; x_wconf 82' lang='lat' dir='ltr'>recitare</span> <span class='ocrx_word' id='word_1_866' title='bbox 687 2262 804 2292; x_wconf 87' lang='lat' dir='ltr'>nesciret</span> <span class='ocrx_word' id='word_1_867' title='bbox 813 2263 913 2303; x_wconf 73' lang='lat' dir='ltr'>psalte-</span> <span class='ocrx_word' id='word_1_868' title='bbox 929 2267 1117 2296; x_wconf 59' lang='lat' dir='ltr'>Psatuitiuu</span> <span class='ocrx_word' id='word_1_869' title='bbox 1141 2289 1146 2295; x_wconf 92' lang='lat'>.</span> <span class='ocrx_word' id='word_1_870' title='bbox 1169 2265 1420 2302; x_wconf 83' lang='lat' dir='ltr'>contemplativam</span> <span class='ocrx_word' id='word_1_871' title='bbox 1443 2263 1531 2293; x_wconf 83' lang='lat' dir='ltr'>vitam</span> <span class='ocrx_word' id='word_1_872' title='bbox 1557 2262 1719 2292; x_wconf 81' lang='lat' dir='ltr'>translative</span> <span class='ocrx_word' id='word_1_873' title='bbox 1739 2262 1774 2292; x_wconf 77' lang='lat' dir='ltr'>si-</span> 
     </span>
    </p>
   </div>
   <div class='ocr_carea' id='block_1_13' title="bbox 118 2304 912 2338">
    <p class='ocr_par' dir='ltr' id='par_1_14' title="bbox 118 2304 912 2338">
     <span class='ocr_line' id='line_1_116' title="bbox 118 2304 912 2338; baseline 0.003 -6"><span class='ocrx_word' id='word_1_874' title='bbox 118 2304 208 2332; x_wconf 82' lang='lat' dir='ltr'>rium.</span> <span class='ocrx_word' id='word_1_875' title='bbox 226 2305 290 2333; x_wconf 85' lang='lat' dir='ltr'>Iino</span> <span class='ocrx_word' id='word_1_876' title='bbox 299 2307 466 2333; x_wconf 77' lang='lat' dir='ltr'>Toletanum</span> <span class='ocrx_word' id='word_1_877' title='bbox 475 2304 640 2333; x_wconf 88' lang='lat' dir='ltr'>Concilium</span> <span class='ocrx_word' id='word_1_878' title='bbox 652 2305 722 2333; x_wconf 82' lang='lat' dir='ltr'>vn.</span> <span class='ocrx_word' id='word_1_879' title='bbox 739 2305 769 2333; x_wconf 87' lang='lat' dir='ltr'>in</span> <span class='ocrx_word' id='word_1_880' title='bbox 788 2315 848 2333; x_wconf 83' lang='lat' dir='ltr'>can.</span> <span class='ocrx_word' id='word_1_881' title='bbox 870 2318 912 2338; x_wconf 83' lang='lat'>10.</span> 
     </span>
    </p>
   </div>
   <div class='ocr_carea' id='block_1_14' title="bbox 913 2323 926 2324">
    <p class='ocr_par' dir='ltr' id='par_1_15' title="bbox 913 2323 926 2324">
     <span class='ocr_line' id='line_1_117' title="bbox 913 2323 926 2324; baseline 0 0"><span class='ocrx_word' id='word_1_882' title='bbox 913 2323 926 2324; x_wconf 95' lang='lat' dir='ltr'> </span> 
     </span>
    </p>
   </div>
   <div class='ocr_carea' id='block_1_15' title="bbox 971 2305 1364 2345">
    <p class='ocr_par' dir='ltr' id='par_1_16' title="bbox 971 2305 1364 2345">
     <span class='ocr_line' id='line_1_118' title="bbox 971 2305 1364 2345; baseline -0.005 -10"><span class='ocrx_word' id='word_1_883' title='bbox 971 2306 1102 2345; x_wconf 83' lang='lat' dir='ltr'>gnificat.</span> <span class='ocrx_word' id='word_1_884' title='bbox 1127 2305 1200 2334; x_wconf 85' lang='lat' dir='ltr'>Vide</span> <span class='ocrx_word' id='word_1_885' title='bbox 1225 2305 1364 2334; x_wconf 70' lang='lat' dir='ltr'>Cithara.</span> 
     </span>
    </p>
   </div>
   <div class='ocr_carea' id='block_1_16' title="bbox 117 2344 1513 2384">
    <p class='ocr_par' dir='ltr' id='par_1_17' title="bbox 117 2344 1513 2384">
     <span class='ocr_line' id='line_1_119' title="bbox 117 2344 1513 2384; baseline 0 -11"><span class='ocrx_word' id='word_1_886' title='bbox 117 2344 246 2383; x_wconf 79' lang='lat' dir='ltr'>prohibet</span> <span class='ocrx_word' id='word_1_887' title='bbox 260 2345 384 2374; x_wconf 85' lang='lat' dir='ltr'>ordinari</span> <span class='ocrx_word' id='word_1_888' title='bbox 396 2355 426 2374; x_wconf 81' lang='lat' dir='ltr'>in</span> <span class='ocrx_word' id='word_1_889' title='bbox 435 2344 518 2374; x_wconf 77' lang='lat' dir='ltr'>sacris</span> <span class='ocrx_word' id='word_1_890' title='bbox 528 2344 591 2374; x_wconf 85' lang='lat' dir='ltr'>illos</span> <span class='ocrx_word' id='word_1_891' title='bbox 601 2367 608 2378; x_wconf 91' lang='lat'>,</span> <span class='ocrx_word' id='word_1_892' title='bbox 627 2346 743 2384; x_wconf 85' lang='lat' dir='ltr'>quinon</span> <span class='ocrx_word' id='word_1_893' title='bbox 753 2348 913 2379; x_wconf 68' lang='lat' dir='ltr'>memoriter</span> <span class='ocrx_word' id='word_1_894' title='bbox 929 2348 1061 2376; x_wconf 64' lang='lat' dir='ltr'>Psarrts</span> <span class='ocrx_word' id='word_1_895' title='bbox 1075 2366 1081 2373; x_wconf 90' lang='lat'><strong>.</strong></span> <span class='ocrx_word' id='word_1_896' title='bbox 1105 2346 1180 2374; x_wconf 91' lang='lat' dir='ltr'>Vide</span> <span class='ocrx_word' id='word_1_897' title='bbox 1204 2350 1310 2374; x_wconf 73' lang='lat' dir='ltr'>cantur</span> <span class='ocrx_word' id='word_1_898' title='bbox 1321 2366 1328 2373; x_wconf 92' lang='lat'><strong>.</strong></span> <span class='ocrx_word' id='word_1_899' title='bbox 1350 2345 1513 2383; x_wconf 69' lang='lat' dir='ltr'>psalmista.</span> 
     </span>
    </p>
   </div>
   <div class='ocr_carea' id='block_1_17' title="bbox 115 2384 1772 2431">
    <p class='ocr_par' dir='ltr' id='par_1_18' title="bbox 115 2384 1772 2431">
     <span class='ocr_line' id='line_1_120' title="bbox 115 2384 1772 2431; baseline -0.002 -16"><span class='ocrx_word' id='word_1_900' title='bbox 115 2395 211 2416; x_wconf 80' lang='lat' dir='ltr'>omnes</span> <span class='ocrx_word' id='word_1_901' title='bbox 219 2384 336 2425; x_wconf 78' lang='lat' dir='ltr'>psalmos</span> <span class='ocrx_word' id='word_1_902' title='bbox 349 2385 481 2416; x_wconf 79' lang='lat' dir='ltr'>callerent</span> <span class='ocrx_word' id='word_1_903' title='bbox 490 2405 498 2416; x_wconf 78' lang='grc'><strong>.</strong></span> <span class='ocrx_word' id='word_1_904' title='bbox 515 2387 560 2417; x_wconf 85' lang='lat' dir='ltr'>De</span> <span class='ocrx_word' id='word_1_905' title='bbox 569 2386 596 2417; x_wconf 85' lang='lat' dir='ltr'>S·</span> <span class='ocrx_word' id='word_1_906' title='bbox 605 2386 747 2425; x_wconf 80' lang='lat' dir='ltr'>Gregorio</span> <span class='ocrx_word' id='word_1_907' title='bbox 755 2388 830 2427; x_wconf 79' lang='lat' dir='ltr'>Papa</span> <span class='ocrx_word' id='word_1_908' title='bbox 843 2387 913 2431; x_wconf 82' lang='lat' dir='ltr'>legi-</span> <span class='ocrx_word' id='word_1_909' title='bbox 931 2389 1046 2417; x_wconf 66' lang='lat' dir='ltr'>Psruno</span> <span class='ocrx_word' id='word_1_910' title='bbox 1059 2408 1068 2420; x_wconf 90' lang='lat'><em>,</em></span> <span class='ocrx_word' id='word_1_911' title='bbox 1089 2384 1186 2423; x_wconf 50' lang='lat' dir='ltr'>aas&amp;</span> <span class='ocrx_word' id='word_1_912' title='bbox 1195 2407 1203 2421; x_wconf 91' lang='lat'>,</span> <span class='ocrx_word' id='word_1_913' title='bbox 1226 2384 1292 2415; x_wconf 84' lang='lat' dir='ltr'>falso</span> <span class='ocrx_word' id='word_1_914' title='bbox 1302 2405 1309 2413; x_wconf 92' lang='lat'><strong>.</strong></span> <span class='ocrx_word' id='word_1_915' title='bbox 1334 2387 1391 2417; x_wconf 69' lang='grc' dir='ltr'>ΕΚ.</span> <span class='ocrx_word' id='word_1_916' title='bbox 1409 2384 1649 2424; x_wconf 77' lang='lat' dir='ltr'>falsumsignificat</span> <span class='ocrx_word' id='word_1_917' title='bbox 1661 2403 1668 2411; x_wconf 96' lang='lat'>.</span> <span class='ocrx_word' id='word_1_918' title='bbox 1693 2390 1706 2420; x_wconf 88' lang='lat'>[</span> <span class='ocrx_word' id='word_1_919' title='bbox 1718 2386 1772 2415; x_wconf 70' lang='lat' dir='ltr'>Vas</span> 
     </span>
    </p>
   </div>
   <div class='ocr_carea' id='block_1_18' title="bbox 1670 2425 1728 2454">
    <p class='ocr_par' dir='ltr' id='par_1_19' title="bbox 1670 2425 1728 2454">
     <span class='ocr_line' id='line_1_121' title="bbox 1670 2425 1728 2454; baseline 0 0"><span class='ocrx_word' id='word_1_920' title='bbox 1670 2425 1728 2454; x_wconf 87' lang='lat' dir='ltr'>ele-</span> 
     </span>
    </p>
   </div>
  </div>
 </body>
</html>
