1866 2526
132 89 240 112 nonen
249 76 374 109 mulieris
390 78 520 116 generale
540 75 593 106 ess'e
613 86 668 105 tom
692 74 799 115 virgini
811 97 820 109 ,
842 85 924 115 quam

133 119 288 161 compress‘ae
299 139 307 148 .
331 124 343 153 [
356 118 509 156 Subjestum
518 117 607 158 igitur
618 117 657 146 est
677 115 801 157 generali
821 114 924 156 specia-

131 163 160 192 le
169 183 178 196 ‚
192 161 264 202 <quia
272 159 402 201 generale
415 158 488 197 prius
497 158 538 187 est
549 180 557 192 ,
569 161 599 187 ὅ(
608 157 790 194 subjectivum
800 156 921 187 anteces-

128 203 186 232 five
197 224 205 232 .
227 201 344 233 Tertull.
356 200 391 229 de
401 199 590 240 Virgin.·Vel.
601 209 658 237 cap.
671 210 698 234 4.

85 246 283 273 Δκτεοεεςοκ
295 264 303 276 ,
320 241 375 271 hoc
385 241 471 270 titulo
482 239 615 279 Spiritum
627 241 753 268 Sanc'tum
763 248 845 268 vocnt
852 242 920 269 Ter-

128 285 248 314 ullianus
259 306 268 318 ‚
291 293 346 322 quo
365 292 423 311 non
442 281 619 320 prioritatem
629 281 782 318 temporis,
805 280 851 309 vel
868 291 918 308 na-

127 333 196 354 turae
206 324 342 364 fignificat
352 323 384 351 in
393 322 499 352 divinis
509 345 517 356 ‚
535 321 582 351 sed
600 321 790 351 auctoritatem
802 343 810 354 ,
829 331 858 350 ac
868 321 918 349 do-

125 365 242 394 {trinam
253 364 374 404 respectu
382 373 568 392 creaturarum
578 383 586 391 .
607 369 619 399 [
631 365 699 392 Non
710 363 787 391 enim
799 362 831 391 ab
839 360 867 390 se
877 362 916 390 lo-

126 407 221 444 quitur
231 428 240 439 ‚
250 405 298 435 sed
309 407 373 445 quia
384 404 529 433 mandatur
537 415 551 432 a
562 403 680 433 Christo
688 423 696 430 .
708 404 763 432 Hic
772 402 845 447 solus
857 405 916 431 An-

124 446 238 476 tecess'or
250 469 258 480 ‚
281 448 329 486 qui
350 446 422 475 solus
441 446 501 485 post
520 444 682 475 Chn'stum.
705 444 740 472 de
757 445 838 482 Virg-
857 445 915 488 *Ve-

124 487 200 516 land.
212 498 270 527 cap.
282 500 308 517 2.
320 490 331 520 ]
346 489 389 516 Ita
399 487 483 515 etiam
496 486 575 514 idem
594 484 778 528 Antecaffores
802 495 915 514 vocavit

121 528 273 567 Apostolos
286 551 292 562 ‚
315 528 383 557 idest
397 549 405 560 ,
428 527 608 567 magisterio,
627 525 825 555 &austeritate
844 536 912 564 prae-

121 569 214 598 ditos:
230 582 258 599 ac
269 570 436 609 Justinianus
447 570 518 606 Imp.
530 565 718 606 Legisperitos
726 567 912 604 Anteteffires

120 611 241 648 appellat
252 632 258 638 .
284 612 340 640 PR.
351 610 503 647 codemque
517 609 596 646 pasto
608 608 638 636 in
649 607 792 636 nonnullis
806 608 912 636 Acade-

120 652 184 682 miis
195 651 378 690 Anthcſjbres
390 651 520 678 dicuntur
530 651 545 678 Ι
554 650 658 677 actores
666 649 772 684 jubilati
784 668 792 676 .

75 693 247 725 Amemus,
260 692 371 721 Idolum
381 691 415 719 :id
424 689 570 718 domorum
583 689 656 718 sores
664 689 831 728 expositum,
840 700 910 729 gme-

121 744 151 762 ca
165 744 219 762 vox
229 729 369 766 Ἀ’ντῆλως
380 753 387 764 ,
412 730 482 759 idest
493 752 502 764 ,
524 739 590 759 ante
593 728 798 769 solempositus
807 751 815 758 .
827 737 839 766 [
849 734 909 760 An-

116 774 197 802 telios
206 774 357 802 Daemones
366 769 500 800 ostiorum
513 771 638 810 praefides
647 772 766 811 legimus
775 791 782 799 .
792 772 907 801 Tertull.

115 814 150 842 de
158 813 291 843 Idololat.
301 823 358 852 cap.
373 822 398 849 5.

70 854 89 882 ἦ
109 857 326 884 ΑκτῑιυςΑκε
349 856 571 892 congregationes
593 864 607 882 a
617 853 770 893 gentilium
783 853 905 892 persecu-

112 895 222 924 tionum
233 895 380 924 severitate
390 895 530 934 originem
539 893 613 923 suam
625 894 733 923 traxisse
745 894 904 924 noscuntur.

111 937 205 971 Quum
214 937 289 965 enim
301 935 456 965 Christiani
466 935 512 963 die
522 936 663 964 dominica
675 935 709 965 ad
717 936 821 964 cultum
829 935 903 964 divi-

78 979 91 987 *
111 987 176 1005 num
188 977 294 1015 publice
305 977 460 1005 convenire
477 986 636 1006 metuerent
646 998 654 1010 ‚
677 987 831 1006 conventus
842 976 903 1005 suos

117 1018 200 1045 noftu
211 1027 292 1055 agere
302 1018 470 1055 cogebantur
480 1038 487 1049 ,
499 1016 618 1045 ·summo
639 1028 719 1046 mane
729 1018 762 1046 ad
771 1017 901 1046 devitan-

112 1058 178 1085 dam
198 1057 377 1085 inimicorum
395 1056 506 1084 suorum
523 1056 748 1087 observationem
768 1058 796 1087 in
817 1068 900 1086 unum

115 1107 248 1126 coeuntes
259 1119 266 1125 .
289 1100 368 1126 Patet
380 1095 434 1126 hoc
447 1108 478 1125 ex
492 1098 654 1127 testimonio
665 1100 754 1128 Plinii
769 1119 776 1131 ,
795 1099 842 1127 lib.
857 1110 899 1127 10.

107 1147 146 1176 ep.
157 1149 205 1175 97.
229 1139 276 1176 qui
289 1147 379 1166 narrat
389 1149 403 1166 a
415 1137 575 1176 quibusdam
592 1139 721 1176 apostatis
737 1138 765 1167 se
779 1139 897 1177 accepis-

113 1179 140 1207 se
149 1200 158 1212 ,
180 1178 251 1208 hanc
262 1177 336 1207 fuifl'e
351 1176 484 1206 summam
494 1179 540 1205 vel
552 1179 638 1217 culpae
651 1178 704 1207 stt-t
718 1180 762 1207 vel
775 1179 874 1207 erroris
886 1201 895 1212 ‚

109 1220 184 1258 quod
197 1220 227 1247 in
236 1228 312 1247 more
322 1219 455 1247 haberent
468 1219 538 1247 stato
548 1219 594 1247 die
604 1230 668 1248 ante
688 1220 776 1248 lucem
789 1231 893 1248 conve-

108 1260 170 1288 nire
180 1281 187 1292 ,
210 1257 375 1299 carmenque
389 1260 494 1297 Chmsto
504 1281 512 1292 ,
534 1260 606 1298 quafi
620 1261 684 1289 Deo
697 1282 704 1293 ,
725 1271 844 1300 pangere
853 1260 894 1289 se-

105 1311 166 1328 cum
180 1300 302 1330 invicem
311 1322 318 1330 .
342 1301 417 1330 Hinc
440 1301 478 1329 est
488 1323 496 1334 ‚
519 1301 594 1339 quod
613 1311 733 1341 paganus
754 1303 802 1330 ille
823 1303 894 1341 apud

103 1344 269 1370 Minucium
287 1342 406 1371 Felicem
417 1363 425 1374 ,
460 1343 493 1370 de
510 1343 576 1370 idol.
597 1346 692 1370 vanit.
715 1342 789 1371 haud
810 1344 894 1372 infre-

102 1391 222 1420 quenter
237 1383 382 1411 nosturnzs
392 1383 624 1422 congregationes
642 1384 680 1411 eis
699 1384 816 1420 obiectat
827 1406 835 1417 ,
854 1385 892 1412 la-

103 1422 239 1451 tebrosam
261 1428 289 1453 8(
309 1423 457 1462 lucifugam
478 1424 623 1452 nationem
635 1445 643 1456 ,
666 1424 697 1452 in
714 1425 824 1462 publico
834 1435 892 1454 mu-

101 1473 177 1497 tam,
200 1465 231 1491 in
251 1465 359 1503 angulis
377 1465 518 1503 ,garrulzm
529 1475 574 1493 eos
592 1465 751 1503 appellans.
774 1466 870 1495 Celsus
882 1490 890 1500 ‚

101 1508 211 1541 Oragen.
220 1513 316 1533 contra
329 1505 396 1542 Cels
391 1516 439 1533 um
454 1505 471 1532 1.
487 1517 495 1533 1
503 1526 510 1533 .
522 1516 580 1534 rem
591 1506 714 1534 eamdem
724 1507 872 1545 exprobrat
882 1531 890 1542 ‚

102 1544 216 1581 quando
225 1544 257 1572 ab
269 1545 324 1572 illis
337 1542 474 1580 συνθήκας
482 1544 593 1586 upu'ssJm
604 1568 612 1579 ,
635 1548 820 1577 clancularius
831 1560 890 1578 con-

101 1593 206 1612 ventus
228 1583 341 1618 haberi,
363 1585 524 1614 criminatur
536 1607 543 1614 .
568 1591 602 1615 Et
615 1589 811 1618 Tertullianus
824 1611 832 1622 ,
854 1592 892 1619 ad

101 1634 181 1652 uxor.
204 1625 222 1652 l.
234 1636 259 1652 2.
270 1636 292 1652 c.
305 1637 331 1661 4.
357 1624 466 1654 feminis
484 1626 639 1657 christianis
662 1628 837 1659 incommoda
859 1643 891 1660 0-

98 1663 236 1693 stensurus
246 1687 253 1697 ,
277 1676 336 1704 quae
357 1676 391 1694 cx
410 1667 515 1706 nuptiis
528 1688 536 1700 ,
555 1678 616 1696 cum
637 1669 706 1698 viris
726 1669 849 1700 ethnicis
861 1673 890 1701 in

98 1704 169 1742 ipsas
178 1706 361 1735 redundatura
373 1706 428 1735 {int
438 1729 446 1740 ‚
468 1707 515 1736 has
535 1710 767 1749 congregationes
778 1713 889 1742 ηοᾶιιτ-

99 1755 147 1774 nas
160 1746 190 1774 in
200 1747 322 1776 :inimum
334 1747 373 1776 cis
394 1758 510 1777 revocat
519 1769 526 1776 .
547 1752 624 1790 Quis
636 1772 644 1783 ,
667 1753 825 1786 (maritus)
846 1749 889 1783 in—

99 1785 178 1822 quit,
201 1789 340 1817 noc'iurnis
357 1792 616 1824 convocationibus,
632 1792 713 1829 fiita
720 1797 886 1831 oportuerit,

99 1825 214 1855 alatne
230 1830 282 1865 suo
300 1833 389 1858 eximi
411 1834 549 1863 (uxorem
561 1835 571 1863 )
593 1833 715 1861 libenter
732 1833 809 1872 first
818 1842 829 1864 ἓ
854 1840 887 1865 Et

99 1867 268 1897 Prudentius
279 1869 430 1908 paffionem
440 1871 593 1901 describens
618 1874 642 1901 S.
653 1878 802 1904 Laurentii
813 1877 883 1905 Mar·

99 1907 188 1941 tyris,
209 1911 354 1942 Praefidem,
377 1910 539 1946 ethnicum,
561 1915 654 1953 hymn.
676 1916 746 1943 z.de
764 1922 884 1946 S.Laur.

100 1947 256 1977 introducit
267 1971 274 1983 ‚
297 1951 396 1980 audisse
405 1950 432 1980 se
442 1963 599 1982 narrantem
611 1976 619 1987 ,
642 1955 717 1993 quod
728 1956 882 1987 Christiani

99 1986 255 2018 sacrificent
263 1993 399 2031 argenteis
410 1994 477 2023 valis
489 2016 497 2027 ‚
520 1995 667 2034 cereosque
676 2006 744 2025 auro
754 1996 823 2026 fixos
835 1997 880 2028 ha-

99 2028 181 2057 beant
199 2029 228 2058 in
248 2033 388 2062 noeturnis
399 2037 674 2073 congregationibus.
697 2040 793 2076 Atque
814 2038 882 2069 hinc

1234 18 1382 66 AN.
1652 29 1713 83 63*

979 75 1151 116 tradiderant
1160 87 1170 108 ,-
1192 78 1294 116 partim
1304 87 1335 107 ut
1337 78 1475 116 secularis
1485 81 1550 110 vin
1566 83 1688 115 'homines
1697 96 1763 117 ante

977 117 1068 146 lucem
1081 120 1228 157 surgentes
1241 141 1249 153 ,
1272 129 1302 148 ut
1321 119 1361 147 ait
1377 118 1520 150 Caffianus
1541 125 1657 156 (collat.
1669 138 1682 155 2
1692 138 1716 156 ι.
1738 139 1761 157 c.

979 165 1026 188 26.
1035 161 1048 191 )
1068 169 1223 198 antequam
1225 159 1430 199 familiaribus
1439 172 1474 190 ac
1482 165 1638 200 neceffariis
1659 171 1758 198 mund,

973 200 1058 236 hujus
1073 202 1180 230 astibus
1195 202 1227 238 se
1248 201 1428 239 implicarent
1438 223 1447 235 ,
1469 206 1629 233 :unaarum
1650 210 1764 238 affluam

969 240 1103 277 suorum,
1125 245 1366 281 operationumque
1373 245 1519 280 primitias
1534 266 1542 277 ,
1564 247 1604 274 ad
1612 248 1759 286 Ecclefiam

974 291 1164 311 concurrentes
1178 303 1186 315 ,
1209 283 1308 312 divino
1317 284 1464 320 studerent
1483 286 1638 322 consecrare
1657 290 1762 327 conspe—

973 323 1051 354 Hui,-
1073 323 1176 362 partim
1190 322 1276 352 etiam
1293 333 1325 353 ut
1345 323 1453 353 Fideles
1469 335 1568 355 contra
1585 331 1761 359 Arianos-um

971 363 1157 393 tentationem
1167 375 1198 393 :tc
1209 364 1216 392 i
1220 364 1370 404 mposturas
1378 367 1612 404 praemunirentur
1621 389 1628 396 .
1651 374 1759 399 Arium

969 403 1087 433 enimin
1096 403 1152 434 suis
1170 406 1355 435 conventibus
1374 406 1493 445 psalmos
1510 408 1688 439 decantantes
1701 433 1709 444 ‚
1731 415 1760 441 ὅ(

966 443 1099 475 clausulas
1119 445 1248 485 quasdam
1256 450 1334 483 juxta
1344 447 1466 486 ipsorum
1487 448 1587 489 dogma
1596 452 1760 490 compositas

958 485 1147 523 vadjicientes,
1169 486 1286 518 haerefin
1295 488 1462 527 amplificare
1479 488 1586 520 summo
1599 492 1689 522 studio
1710 495 1758 522 ad-

968 525 1144 560 laborabant5
1159 528 1251 557 utiex
1262 529 1295 558 iis
1307 539 1419 568 apparet
1429 551 1436 563 ‚
1462 541 1522 569 quae
1542 533 1578 561 de
1591 533 1654 572 ipsis
1665 540 1759 564 Socra-

967 575 1008 595 tes
1019 568 1038 596 l.
1049 575 1077 597 6.
1088 579 1111 597 c.
1127 574 1151 598 8.
1162 574 1360 600 &sozomenus
1371 571 1389 600 l.
1403 575 1428 599 8.
1438 582 1462 600 c.
1476 576 1501 600 8.
1511 583 1624 609 narrant
1636 597 1644 608 ,
1655 579 1683 605 ὅ(
1695 586 1757 614 qut

966 608 1001 636 dc
1010 610 1170 640 Theoderico
1179 613 1259 650 Rege
1270 613 1420 640 Gothorum
1439 611 1582 651 speciatim
1603 616 1672 645 dicit
1683 618 1753 647 Sido-

966 652 1031 678 nius
1042 652 1216 687 Apollinaris
1226 673 1234 685 ‚
1256 653 1276 680 l.
1290 663 1314 681 ι.
1324 661 1361 691 ep.
1375 664 1402 682 2.
1421 663 1556 684 nimirum
1575 657 1652 696 quod.
1673 668 1754 687 tanto

965 690 1063 720 ardore
1072 692 1156 720 causae
1179 697 1291 722 Ariana
1304 693 1436 723 servierit
1446 707 1462 727 ,>
1477 705 1507 724 ut
1517 700 1698 727 mutue-amos
1707 709 1754 727 eo-

965 741 1025 761 rum
1034 742 1122 761 coetus
1131 732 1251 763 minimo
1270 735 1408 763 comitatu
1431 735 1751 775 frequentarit.‘·Quum

963 772 1051 811 igitur
1063 783 1105 802 tot
1115 785 1145 803 ac
1155 784 1239 804 tantae
1252 775 1432 804 fovendarum
1442 776 1600 813 hujusmodi
1611 791 1753 818 congrega—

963 817 1071 843 tionum
1090 813 1175 843 essent
1193 816 1314 844 rationes
1326 837 1334 849 ‚
1358 816 1421 855 paffi
1427 827 1454 845 m
1475 818 1523 847 SS.
1544 821 1637 849 Patres
1658 831 1752 849 earum

962 855 1203 885 continuationem
1224 857 1356 896 urgebant
1368 879 1375 886 .
1406 857 1623 894 chrysostomus
1641 882 1650 894 ‚
1680 863 1752 890 hom.

962 906 1008 933 30.
1020 900 1051 924 in
1067 908 1089 924 1.
1101 901 1162 926 Cor.
1185 898 1281 926 viduas
1292 908 1322 926 ac
1334 899 1459 938 virgines
1468 900 1560 929 laudat
1570 923 1578 935 ,
1601 903 1678 941 quod
1701 913 1751 931 no-

959 936 1003 964 ἂιι
1014 941 1041 965 ὃ(
1053 937 1177 966 interdiu
1199 939 1347 968 Ecclesiam
1358 939 1534 978 frequentent
1544 964 1555 976 ‚
1576 942 1750 983 psallamque

960 975 989 1004 in
1000 976 1078 1006 hisce
1087 981 1340 1017 congregationibus
1352 1001 1359 1008 .
1384 982 1521 1011 Homines
1533 983 1563 1012 in
1583 985 1664 1013 noc‘le
1676 1007 1684 1018 ‚
1707 986 1748 1014 Id.

959 1028 1101 1047 comment.
1113 1023 1143 1047 in
1150 1021 1189 1057 psl
1206 1031 1268 1058 ¹33·
1281 1021 1314 1049 nd
1324 1019 1413 1050 sanem
1423 1023 1551 1052 accedere
1561 1047 1569 1058 ,
1581 1025 1674 1064 ibique
1686 1035 1747 1064 pre—

957 1068 999 1085 ces
1010 1057 1066 1087 litas
1076 1059 1190 1088 fundere
1201 1071 1333 1099 oportere
1353 1062 1423 1091 dicit
1433 1083 1440 1090 .
1466 1064 1533 1093 Alio
1551 1066 1581 1094 in
1600 1067 1663 1094 loco
1674 1088 1682 1099 ,
1705 1069 1747 1096 [α’.

954 1098 1024 1126 hom.
1035 1112 1061 1135 4.
1071 1101 1104 1129 de
1113 1101 1208 1129 verbis
1220 1103 1294 1138 lsaia
1309 1124 1316 1135 ,
1328 1103 1362 1131 de
1371 1105 1526 1133 Antiochia
1537 1107 1608 1135 urbis
1615 1107 1748 1146 magnifi-

955 1140 1047 1168 centia
1057 1141 1172 1179 loquens
1182 1163 1189 1174 ‚
1212 1143 1295 1182 Quid
1313 1144 1382 1172 mihi
1395 1166 1402 1176 ,
1425 1145 1518 1182 inquit
1529 1167 1537 1179 ,
1559 1158 1660 1176 narras
1683 1150 1747 1176 adi-

945 1180 971 1216 fi
972 1183 1076 1209 ciorum
1079 1184 1188 1218 strut‘bu
1193 1194 1238 1211 ras
1248 1205 1256 1215 ‚
1280 1184 1350 1222 quid
1361 1185 1501 1213 columnas
1512 1193 1523 1214 ἕ
1541 1192 1603 1217 Hac
1613 1199 1672 1217 una
1682 1199 1745 1218 cum

950 1223 1077 1258 presenti
1090 1226 1157 1251 vita
1166 1225 1323 1252 diruuntur
1333 1245 1340 1252 .
1366 1225 1516 1262 Ecclesiam
1528 1230 1669 1265 ingredere
1681 1252 1688 1263 ,
1711 1239 1746 1259 ut

950 1265 1084 1292 civitatis
1095 1265 1195 1292 videas
1206 1265 1408 1294 claritudinem
1417 1287 1424 1294 .
1436 1269 1601 1304 'Ingredttom
1613 1274 1746 1310 inquam,

947 1304 1017 1331 vide
1030 1312 1163 1342 pauperes
1183 1317 1200 1334 a
1211 1307 1300 1334 medio
1308 1309 1394 1335 noctis
1404 1308 1500 1345 ,usque
1518 1311 1556 1338 ad
1576 1311 1667 1339 lucem
1682 1320 1744 1349 per-

943 1344 1121 1380 severantes:
1133 1347 1201 1374 vide
1206 1348 1292 1384 sacra
1297 1349 1450 1385 pervigilia
1458 1349 1533 1378 diem
1544 1362 1605 1379 cum
1616 1354 1689 1381 noc‘le
1701 1364 1741 1381 co-

943 1385 1081 1421 pulantia
1090 1407 1097 1413 .
1121 1390 1155 1415 Et
1165 1386 1282 1426 dignum
1295 1398 1392 1416 notatu
1405 1389 1443 1417 est
1453 1411 1460 1421 ‚
1473 1391 1547 1428 quod
1559 1392 1592 1420 de
1601 1403 1635 1421 eo
1646 1403 1738 1421 narrat

948 1430 1070 1454 Socrates
1082 1449 1090 1460 ,
1102 1427 1120 1455 l.
1132 1434 1159 1456 6.
1169 1439 1192 1455 c.
1203 1439 1230 1461 7.
1243 1429 1318 1466 quod
1330 1451 1338 1461 ‚
1361 1439 1422 1458 curn
1434 1433 1666 1471 Constantinopoli
1675 1434 1740 1462 esset

953 1467 1106 1506 Episcopus
1116 1490 1123 1501 ,
1147 1478 1321 1506 precationes
1333 1492 1339 1502 ‚
1363 1481 1422 1509 quae
1437 1472 1465 1500 in
1475 1473 1617 1502 nocturnis
1626 1473 1741 1510 hymnis

946 1508 1006 1537 fieri
1016 1507 1107 1537 solent
1122 1531 1130 1542 ,
1141 1510 1356 1549 amplificaverit
1368 1533 1376 1544 ‚
1388 1522 1422 1540 eo
1434 1513 1548 1551 quidem
1560 1515 1678 1544 consilio
1690 1538 1697 1549 ,
1709 1526 1739 1543 ut

947 1553 1121 1579 Arianorum
1132 1550 1181 1580 hac
1192 1553 1221 1580 in
1231 1562 1259 1580 re
1273 1551 1391 1581 studium
1400 1553 1590 1583 obscuraretur
1601 1576 1608 1583 .
1631 1557 1739 1584 Verum

947 1591 1105 1629 repetendis
1125 1592 1182 1620 illis
1199 1593 1325 1621 omnibus
1334 1615 1342 1626 ‚
1365 1604 1424 1633 qux
1444 1595 1478 1622 de
1496 1594 1571 1624 hisce
1591 1598 1737 1625 matutinis

948 1634 1200 1669 congregationibus
1217 1634 1319 1672 scripta
1340 1634 1403 1663 sunt
1413 1656 1421 1667 ,
1439 1645 1498 1664 non
1516 1637 1554 1664 est
1585 1638 1738 1667 immoran-

944 1672 1009 1700 dum
1021 1693 1029 1700 .
1053 1674 1108 1707 Qui
1120 1675 1196 1711 plura
1209 1684 1273 1703 aver
1283 1697 1291 1708 ‚
1313 1675 1437 1704 consulat
1457 1676 1646 1715 Epiphanium
1657 1700 1666 1712 ,
1689 1691 1737 1708 ex-

942 1713 1074 1750 posit-fid.
1089 1726 1116 1742 n.
1130 1726 1177 1752 23·
1192 1716 1399 1751 Hieronymum
1411 1739 1418 1749 ‚
1443 1725 1480 1754 ep.
1490 1719 1528 1745 ad
1537 1724 1638 1747 Latum
1648 1741 1656 1752 ‚
1681 1722 1735 1748 Hi-

944 1754 1042 1782 larium
1052 1776 1060 1788 ,
1083 1759 1113 1784 in
1122 1757 1216 1793 Ps.44.
1229 1755 1349 1795 aliosque
1360 1778 1367 1784 .
1392 1758 1520 1786 Idunum
1533 1759 1736 1789 advertendum

943 1795 983 1823 est
991 1817 1001 1829 ,
1025 1801 1243 1833 congregationes
1254 1797 1300 1826 has
1310 1798 1429 1836 primum
1441 1809 1560 1838 urgente
1571 1801 1732 1830 neceffitate

943 1835 1082 1865 institutas
1092 1859 1100 1870 ‚
1124 1848 1189 1866 mox
1202 1838 1329 1867 laudabili
1340 1839 1449 1869 fervore
1470 1841 1643 1870 continuatas
1655 1853 1663 1874 ς
1686 1844 1734 1871 dc-

942 1877 1294 1907 mum'labentibusSaeculis
1305 1881 1405 1918 partim
1416 1880 1610 1919 refrigescente
1619 1884 1733 1913 caritate

945 1917 1044 1947 senfim
1056 1919 1182 1947 defeciss'c
1194 1941 1200 1951 ,
1224 1921 1326 1958 partim
1335 1922 1517 1960 irrepentibus
1525 1925 1691 1963 corruptelis
1702 1937 1732 1953 0-

941 1958 1040 1987 mnino
1050 1958 1211 1988 interdictus
1221 1960 1296 1989 fuiss'e
1308 1983 1316 1994 ‚
1330 1972 1476 2000 earumque
1486 1964 1732 1994 continuationem

935 1999 1010 2038 apud
1018 2001 1172 2039 Regulares
1181 2023 1190 2034 ,
1201 2001 1248 2030 seu
1259 2002 1407 2031 claustralis
1420 2003 1486 2032 vitae
1497 2005 1659 2043 profcssbres
1669 2017 1731 2046 per-

939 2039 1032 2069 stitisse
1041 2060 1050 2068 .

96 2068 171 2098 forte
182 2072 263 2100 fluxit
275 2083 338 2101 vera
347 2074 428 2114 origo
447 2076 603 2115 lampadum
615 2099 624 2110 ‚
646 2078 721 2111 olei,
743 2082 771 2108 ὃ(
793 2079 880 2110 facum
900 2084 1042 2110 ΑΝτεετο
1053 2102 1060 2109 .
1087 2085 1143 2112 FR.
1155 2083 1284 2122 Impedio
1294 2103 1303 2115 ,
1325 2084 1429 2121 objicio
1441 2106 1448 2113 .
1472 2085 1501 2114 in
1512 2087 1529 2114 l.
1540 2089 1706 2127 longobard
1718 2111 1726 2117 .

97 2109 130 2138 in
140 2110 217 2140 usum
234 2112 388 2142 istiusmodi
398 2126 594 2146 -conventuum
611 2129 737 2157 tempore
758 2120 881 2157 persecu-

96 2150 202 2180 tionis.
225 2154 241 2187 ΙΙ
265 2155 327 2191 Jam
346 2164 413 2184 vero
431 2157 498 2186 licet
516 2158 658 2188 neceffitas
667 2159 785 2198 primam
807 2161 881 2192 hisce

94 2196 345 2230 congregationibus
356 2196 494 2235 originem
504 2199 616 2228 dederit
626 2211 635 2231 ς
659 2200 778 2230 Ecclesia
787 2210 881 2233 tamen

93 2230 267 2269 sequentibus
278 2236 390 2264 saeculis
398 2246 441 2266 eas
450 2239 614 2269 continuare
620 2240 780 2270 consultum
797 2243 879 2273 duce<

937 2123 956 2150 l.
970 2122 991 2151 fi
1003 2121 1115 2152 servuus
1125 2124 1159 2152 de
1171 2124 1247 2152 furtis
1257 2145 1264 2156 ,
1288 2124 1319 2152 in
1329 2135 1384 2163 quo
1402 2125 1481 2155 sensu
1493 2128 1556 2156 Cic.
1566 2129 1601 2157 de
1611 2130 1673 2158 Inu.
1685 2131 1728 2158 in-

938 2164 1016 2202 quit:
1042 2170 1053 2200 [
1064 2165 1202 2193 Omnibus
1212 2175 1360 2203 corporum
1371 2167 1473 2196 viribus
1483 2169 1683 2198 antesteterunt
1695 2192 1701 2198 .
1715 2173 1726 2201 ]

938 2207 972 2232 Et
985 2205 1061 2233 Gell.
1072 2206 1118 2233 lib.
1135 2216 1178 2234 12.
1189 2215 1246 2243 cap.
1258 2217 1286 2241 4.
1298 2212 1310 2241 [
1322 2207 1383 2243 Qua
1394 2208 1423 2237 in
1432 2217 1462 2237 re
1483 2219 1586 2247 quanto
1605 2211 1726 2240 universi

935 2254 980 2273 me
991 2255 1076 2274 unum
1086 2246 1224 2274 :intestatis
1233 2265 1240 2273 .

95 2272 174 2307 bot’(
184 2274 219 2302 de
235 2275 282 2304 die
292 2277 436 2307 dominico
456 2280 491 2308 ad
506 2280 626 2320 reliquos
639 2292 741 2311 *omnes
761 2283 821 2311 dies
838 2296 879 2318 eas
895 2289 1048 2315 Aunnmx
1059 2309 1068 2320 ‚
1091 2297 1185 2315 rumor
1196 2308 1205 2320 ‚
1227 2287 1404 2318 carbunculus
1414 2312 1422 2323 ,
1445 2291 1513 2319 bubo
1523 2313 1530 2324 ,
1549 2301 1563 2319 a
1573 2301 1665 2331 grzco
1676 2302 1725 2321 vo—

92 2314 260 2355 transferens
271 2319 284 2349 )
306 2318 410 2357 partim
417 2328 448 2348 ut
457 2320 759 2362 devotionisspiritum
768 2323 877 2358 foveret

90 2362 123 2381 ln
133 2354 240 2386 Ascetis
248 2378 260 2392 ,
282 2357 339 2388 (ive
347 2359 404 2390 illis
415 2382 424 2395 ,
446 2361 493 2400 qui
501 2359 637 2402 severiori
648 2364 714 2394 vitae
725 2364 828 2394 rationi
850 2367 877 2399 se

312 2489 319 2501 1

934 2327 1028 2356 cabulo
1039 2325 1138 2365 ἂίθραξ
1147 2349 1155 2360 ,
1178 2328 1253 2366 quod
1262 2329 1406 2361 carbonem
1417 2331 1538 2360 donotat
1546 2338 1560 2367 ,ζ
1571 2333 1645 2360 Cum
1666 2331 1725 2361 hacc

935 2367 1035 2398 fierent
1044 2389 1053 2402 ,
1075 2368 1177 2399 divino
1188 2369 1307 2408 quodam
1316 2372 1435 2401 consilio
1458 2382 1552 2401 enatus
1572 2382 1586 2399 e
1592 2371 1621 2428 st¹
1631 2372 1659 2400 ei
1676 2383 1723 2402 an-

1600 2422 1681 2442 ωιτη
