1866 2526
94 108 163 141 stris
172 131 181 144 ,
203 116 300 147 utpote
309 116 369 145 qua:
392 105 525 145 aliquibus
544 104 694 146 porticibus
713 104 799 140 (ςοάς
820 109 877 134 Eu-
935 103 995 135 vasa
1003 107 1187 145 unguentaria
1199 128 1206 138 ,
1229 107 1362 144 quoniam
1370 105 1478 144 optimc·
1501 105 1612 137 servare
1635 108 1727 151 incor-

89 152 183 191 fiebius
193 148 335 188 appellat)
353 157 412 187 quae
421 147 559 176 columnis
570 146 692 186 undique
713 146 877 176 attolleban-
932 156 1011 184 rupta
1021 147 1127 176 dicitur
1136 167 1144 175 .
1157 150 1170 180 ]
1182 152 1210 176 &
1220 156 1278 185 cap.
1296 157 1338 175 10.
1351 147 1398 175 lib.
1412 157 1425 184 3
1432 146 1542 190 2.Idcm
1554 154 1564 181 [
1579 148 1731 178 Alabastri-

79 177 139 221 .mr
150 213 158 224 ,
179 187 357 227 circumsepta
367 197 447 218 erant
459 199 466 216 :
489 189 563 217 unde
573 188 807 226 quemadmodum
816 191 878 215 Du·
933 196 974 215 tes
985 187 1105 216 nascitur
1115 187 1144 216 iri
1155 188 1299 217 Alabastro
1320 187 1450 226 AEgypti
1464 207 1471 219 ,
1494 191 1522 216 δε
1533 197 1563 215 in
1573 189 1659 222 syriae
1673 190 1730 218 Da-

91 231 214 271 fresnius
227 251 235 263 ‚
255 241 323 259 com·
335 234 366 259 in
375 230 454 259 Paul.
463 231 565 258 Silent.
588 227 734 261 observat,
757 227 810 257 hoc
820 226 877 264 spa-
935 227 1026 256 masco
1047 231 1060 260 ]
1078 228 1244 258 Alabastron
1261 228 1374 257 Civitas
1394 228 1426 255 in
1444 226 1600 271 AEgypm,
1622 229 1726 258 deinde

93 273 165 302 tium
176 270 371 301 recentioribus
383 270 544 298 AuRoribiis
554 267 753 306 τετράςυλσνδ(
764 269 879 307 quadri·
935 270 1048 306 Arsinoe
1061 290 1069 302 ‚
1090 273 1119 298 ὃς
1130 269 1223 307 postea
1237 271 1294 305 jam
1303 269 1439 306 Memphis
1461 267 1533 296 dic'ta
1545 290 1553 301 ,
1575 278 1606 297 ut
1618 270 1730 298 testatur

91 316 213 352 porticus
232 311 334 340 dicitur
345 332 352 339 .
377 311 440 339 Hoc
455 310 488 338 in
507 311 570 339 loco
582 309 669 347 prima
689 308 775 338 claffis
784 309 877 337 Poeni-
935 309 1009 337 idem
1019 309 1092 338 Plin.
1105 319 1163 347 cap.
1175 322 1204 346 9.
1214 309 1262 338 lib.
1277 319 1302 344 5.
1313 308 1465 347 Reperitur
1473 309 1557 338 ctiam
1575 311 1679 338 flumen
1700 310 1730 338 in
1775 304 1793 315 ’ἶ

95 354 217 383 (entium
228 353 311 381 stabat
320 350 468 380 secundum
482 352 630 388 Eusebium
643 371 650 382 ‚
674 350 694 379 l.
707 361 749 379 10.
759 360 782 377 e.
794 360 820 384 4.
832 349 879 386 qui
936 350 1046 379 Graecia
1065 350 1221 379 Alabastros
1245 359 1372 379 vocatum
1384 369 1392 382 ,
1418 349 1520 377 ibidem
1539 361 1595 388 cap.
1616 361 1643 388 3.
1654 353 1731 393 Item

94 394 174 423 illum
184 393 217 422 iis
228 414 236 426 ,
246 392 342 431 quibus
351 392 477 421 nondum
489 391 598 420 licuerit
609 390 680 418 ultra
692 391 721 418 in
733 388 880 419 Ecclesiam
936 389 1022 418 latine
1031 391 1100 428 lapis
1111 391 1256 429 praedichis
1267 391 1369 419 ducitur
1380 390 1464 418 etiam
1473 391 1648 428 Alabaster‚[
1659 393 1731 429 Qui-

94 434 226 473 progredi
243 455 252 467 ‚
291 442 494 472 congruentem
522 431 691 460 mintionem
713 429 851 468 praebuiss'c
871 451 879 463 ,
937 430 984 460 bus
995 431 1079 460 etiam
1090 432 1232 461 Alabastei·
1255 433 1352 470 plenus
1362 432 1497 475 unguenti
1508 431 1664 469 putrescere
1683 442 1728 461 vi-

96 474 208 503 disertis
225 473 314 503 verbis
351 474 485 502 affirmat.
508 472 583 501 Idest
600 492 608 503 2
631 470 734 500 stabant
757 471 798 498 illi
834 470 876 498 vel
937 471 1017 500 detur
1028 493 1036 505 ,
1058 482 1088 502 ut
1099 473 1182 502 etiarn
1192 473 1276 502 refert
1288 473 1401 502 Nonius·
1411 472 1475 501 Cic.
1490 481 1520 500 in
1528 473 1661 501 Academ.
1675 485 1702 502 2.
1715 478 1728 507 ]

92 516 126 544 in
144 518 218 544 amo
238 536 246 547 ,
278 515 322 542 vel
351 514 498 552 porticibus
509 534 518 546 ,
540 521 570 541 ut
588 511 728 540 Fidelium
740 510 770 540 in
788 511 880 540 Ecclc-
938 514 1036 550 Itaque
1055 523 1106 551 pro
1125 513 1236 553 lapideo
1258 514 1430 553 Magdalenae
1454 513 1586 542 alabastro
1609 513 1730 544 facerent

95 556 160 585 fiam
170 555 388 594 ingredientium
399 564 490 592 preces
509 561 672 591 expeterent
684 573 691 579 .
712 552 766 581 Vel
785 552 805 581 si
823 551 878 579 for·
937 562 995 580 tum
1004 553 1110 586 Plinii,
1134 564 1194 583 tum
1205 554 1352 584 Ciceronis
1372 554 1548 584 auctoritates
1559 575 1568 587 ‚
1589 565 1673 594 quum
1682 565 1733 585 :in-

94 607 122 625 te
132 605 291 635 graviorum
302 588 449 624 criminum
461 594 498 622 rei
519 593 603 622 efl‘ent
615 613 624 625 ‚
647 591 712 621 inde
731 592 814 620 etiam
833 602 878 620 ex<
935 593 1006 631 tiqui
1029 604 1079 632 pro
1089 596 1225 634 unguenti
1243 594 1458 624 conservatione
1478 605 1622 627 uterentur
1630 618 1639 629 ,
1662 595 1730 625 sicut

96 638 269 675 pellebantur
279 657 286 668 ,
307 639 336 664 δε
345 636 375 664 in
384 646 451 664 area
459 634 506 663 sub
515 634 564 663 dio
582 634 726 670 expce'tare
745 632 877 672 cogebaii-
937 636 1074 672 peccatrix
1085 635 1133 663 illa
1143 647 1176 664 eo
1184 635 1229 666 usa
1238 637 1277 665 est
1286 658 1295 670 ,
1318 637 1405 665 nardo
1426 637 1529 675 plenoi
1553 637 1626 665 unde
1648 637 1726 666 idem

96 688 140 706 tur
152 699 159 708 .
179 675 457 715 stabantqiieibiaeris
468 674 654 703 inclementiae
667 673 802 712 expofiti5
818 683 877 711 qux·
936 674 1062 709 Plinius,
1084 687 1142 714 cap.
1157 689 1182 706 ι.
1195 677 1239 705 lib.
1256 677 1350 716 13.ait
1375 678 1442 706 bene
1464 677 1580 706 nardum
1598 677 1629 707 in
1639 678 1727 707 alaba-

96 728 156 757 pars
166 717 287 757 ipsorum
296 716 472 755 poenitentiae
482 725 540 743 erat
550 735 557 742 .
575 716 642 744 ‚Hoc
653 714 848 743 Tertullianus
868 734 875 746 ‚
936 715 991 743 stro
998 715 1160 745 conservari
1170 738 1179 744 .
1202 717 1276 746 Vide
1284 719 1401 754 pisticus
1411 739 1419 746 .

93 760 127 787 de
133 760 251 795 pudicit.
262 768 285 786 c.
296 769 323 792 4.
335 757 450 791 innuere
460 756 569 784 videtur
579 755 613 783 de
631 754 807 783 monstruofis
818 765 878 793 qiii-
898 756 1083 785 ALALAGMUS
1095 777 1104 789 ,
1125 755 1308 796 dmmyicbg
1318 779 1327 791 ‚
1350 769 1406 787 vox
1425 759 1533 788 laetiiiae
1543 782 1552 793 ‚
1575 771 1632 799 quo
1645 762 1728 789 voca-

95 798 204 827 busdam
214 797 397 837 peccatoribus
408 797 539 835 loquens:
561 796 695 833 Reliquas
707 804 802 823 aurem
812 795 876 823 libc-
935 795 999 823 bulo
1009 797 1151 836 Origenes
1161 819 1170 830 ,
1191 797 1291 826 homil.
1304 810 1331 831 7.
1342 798 1372 827 in
1382 801 1462 837 Joan.
1471 800 1560 828 utitur
1578 801 1612 829 ad
1620 801 1727 840 signifi<

94 841 193 868 dmum
199 838 295 877 furias
305 858 312 866 .
321 857 329 866 .
340 858 348 865 .
358 858 365 866 .
388 849 438 867 non
457 838 532 865 moda
550 837 647 864 limine
657 857 665 868 ‚
687 846 787 863 verum
804 846 877 863 omni
934 837 1049 866 eandam
1057 838 1284 867 acclamationem
1293 839 1418 874 Militum
1430 862 1438 873 ‚
1451 850 1480 869 ut
1492 850 1523 869 ea
1531 841 1708 870 animolitatc
1721 864 1728 874 ,

95 880 212 917 Ecclesia
222 883 290 908 tec‘ffo
295 879 492 917 submovemus
502 890 514 911 ,-
537 880 606 914 quia
615 887 667 904 non
674 878 746 914 sunt
756 876 859 904 aalma
870 898 877 909 ,
935 880 964 905 &
975 878 1074 918 vigore
1085 879 1115 907 in
1122 880 1254 908 confliCtu
1262 879 1428 910 confirment
1435 891 1467 909 ur
1478 903 1486 913 ,
1509 892 1524 910 a
1542 892 1636 920 graeco
1647 884 1732 912 verbo
1748 886 1759 889 '⁷

89 921 140 957 sed
149 921 266 957 monstra
275 942 282 949 ,
936 916 1106 958 Λ’λαλ;ι’ζω
1121 945 1126 951 ,
1139 921 1214 958 quod
1226 919 1342 949 fremere
1354 942 1362 954 ,
1373 925 1401 950 δ(
1410 922 1525 951 stridere
1537 921 1617 951 sonat
1629 945 1637 956 ‚
1649 923 1729 952 adin-

53 963 119 992 Aia
131 981 139 989 .
162 963 219 991 FR.
232 961 329 990 tabella
340 982 348 993 ‚
371 961 400 989 in
411 970 463 999 qua
471 963 547 996 juxta
556 961 718 987 Graecorum
727 956 813 986 ritum
822 966 879 985 erat
938 959 990 986 star
1008 963 1159 989 ‘furcarum
1181 983 1190 994 ‚
1213 961 1243 989 in
1253 971 1389 991 terrorem
1406 962 1627 992 adversariorum
1640 984 1647 991 .
1672 966 1729 993 FR.

96 1002 184 1031 forma
194 1002 407 1031 ordinationum
415 1001 516 1039 scripta
525 1021 533 1033 ‚
557 1009 617 1037 quae
628 1000 730 1036 incipit
741 1010 746 1026 :
770 998 878 1026 Divina
938 999 1090 1038 Elelegmus
1101 999 1214 1031 fortasse
1224 1001 1397 1032 scribendum
1408 1004 1447 1032 est
1459 1005 1550 1042 potitis
1561 1026 1569 1033 .
1579 1006 1654 1035 Nam
1667 1005 1728 1034 Ele—

95 1042 184 1081 gratia
194 1045 246 1070 διε.
258 1048 270 1077 [
281 1040 439 1070 Patriarcha
449 1051 516 1069 vero
529 1047 610 1068 manu
630 1040 735 1068 sinistra
745 1039 816 1067 alam
837 1049 881 1067 ac·
938 1039 987 1067 leis
997 1051 1053 1069 erat
1066 1043 1168 1072 mulier
1176 1042 1307 1071 baccharis
1317 1063 1325 1070 .
1347 1044 1439 1073 Ovid.
1449 1056 1476 1080 4.
1490 1045 1548 1073 fast.

95 1082 200 1119 cipiens
210 1082 280 1120 legit
290 1101 297 1109 .
320 1083 356 1110 In
365 1080 560 1110 Areliieratico
572 1101 580 1114 ,
602 1090 672 1119 part.
683 1090 709 1113 7.
723 1082 736 1112 ]
971 1084 1062 1111 -Nunc
1073 1083 1146 1112 fei-or
1156 1105 1163 1115 ,
1188 1093 1217 1111 ut
1230 1082 1331 1111 Bacchi
1344 1083 1420 1112 fiii-iis
1430 1086 1566 1115 Eleleides
1575 1085 1640 1117 ,κᾶε
1654 1109 1662 1120 ,

55 1125 255 1152 ΑιΑΒΑκει-ιες
268 1142 275 1150 .
300 1121 374 1150 Vide
384 1121 572 1150 Halabarches
581 1140 590 1148 .
978 1123 1103 1162 Quaeque
1114 1122 1160 1152 sub
1174 1124 1254 1153 Idaeo
1267 1134 1398 1163 tympana
1408 1125 1480 1154 colle
1492 1136 1609 1156 movent
1621 1148 1629 1156 .
1639 1157 1645 1161 „

57 1165 230 1191 ΛιΑΒΑκυΜ
239 1181 246 1190 .
270 1162 344 1191 Vide
363 1162 502 1190 Labarum
513 1182 520 1189 .
938 1162 1092 1193 EtEieieus
1113 1174 1199 1192 unum
1218 1174 1251 1191 ex
1262 1165 1362 1193 Bacchi
1381 1167 1595 1204 cognominibus
1616 1169 1647 1197 ab
1668 1168 1730 1199 ἐλε-

56 1205 267 1233 ΑιΑΒΑςτιωΜ
277 1223 286 1235 ,
308 1202 340 1230 in
349 1201 451 1230 Matth.
462 1212 519 1240 cap.
531 1209 578 1231 26-
590 1211 646 1228 non
657 1200 793 1239 significat
811 1210 882 1228 mar·
937 1200 1018 1241 λὶζω
1027 1224 1035 1236 ,
1060 1209 1087 1233 δ(
1098 1216 1156 1233 non
1168 1201 1320 1242 α’λαλεὶζω
1329 1227 1337 1238 ,
1349 1216 1442 1245 graeco
1453 1208 1537 1236 verbo
1550 1208 1581 1237 fit
1592 1209 1668 1246 quod
1680 1219 1732 1238 vo-

94 1242 181 1272 meris
189 1252 275 1281 genus
286 1253 293 1273 3
317 1242 369 1271 hoc
381 1242 455 1270 enim
477 1253 535 1271 non
547 1242 687 1280 frangitur
696 1263 704 1274 ,
727 1242 793 1270 ficut
806 1243 882 1279 Mag-
940 1241 1048 1272 ciferati
1067 1245 1201 1284 significat
1211 1265 1218 1271 .
1242 1246 1394 1284 Calcpinus
1412 1247 1442 1275 iii
1464 1249 1530 1277 dict.
1551 1250 1650 1278 Eleleis
1671 1271 1680 1282 ‚
1703 1255 1731 1280 ὃς

92 1283 205 1311 dalenae
215 1282 375 1312 alabastrum
387 1296 392 1311 ι
405 1293 487 1322 quare
497 1284 523 1312 S.
537 1283 708 1321 Epiphanius
719 1291 796 1320 putat
808 1281 883 1310 suiile
940 1285 1048 1314 Eleleus
1061 1307 1066 1313 .
1091 1290 1155 1322 Ejus
1166 1284 1308 1315 antitlielis
1318 1307 1325 1314 .
1349 1288 1423 1316 Vide
1435 1289 1589 1327 Ololrgmus
1599 1310 1607 1317 .

97 1324 220 1352 vitreum
232 1334 276 1352 vas
286 1324 342 1353 fine
353 1324 421 1352 anfis
431 1345 439 1356 ,
462 1335 524 1352 nain
534 1322 695 1362 αἰλάβκςρον
704 1323 784 1351 sonat
793 1333 884 1361 graece
900 1330 998 1356 mixi
1010 1346 1017 1353 .
1042 1329 1098 1356 FR.
1108 1326 1171 1354 sunt
1183 1326 1285 1354 feroces
1303 1327 1345 1355 illi
1368 1329 1466 1367 populi
1479 1326 1595 1368 Europe
1608 1331 1732 1360 devasta-

97 1364 154 1393 sine
163 1364 230 1393 ansis
243 1376 249 1393 :
273 1363 347 1392 ansas
357 1365 407 1403 ipfi
420 1375 519 1392 vocant
533 1362 647 1401 λαβέςς
671 1365 743 1392 unde
753 1363 885 1402 particula
939 1377 1012 1395 tores
1023 1388 1031 1399 ,
1051 1368 1097 1405 qui
1110 1367 1213 1395 deinde
1222 1377 1284 1395 cum
1295 1368 1399 1397 Gothis
1409 1372 1552 1403 conjuncti
1565 1393 1572 1404 ,
1597 1382 1626 1400 ac
1637 1382 1734 1401 eorum

95 1405 226 1444 negativa
235 1404 256 1434 α’
265 1407 410 1445 praepolita
424 1426 431 1438 ,
445 1416 502 1434 non
513 1403 634 1434 ansatum
645 1404 779 1443 fignificat
789 1425 796 1432 .
806 1405 894 1460 Con-¹
912 1441 921 1448 .
940 1407 1065 1446 reliquiae
1079 1408 1108 1436 in
1119 1407 1282 1437 Catalaunia
1294 1410 1427 1438 reduetae:
1452 1412 1483 1440 ab
1492 1411 1529 1440 eis
1541 1412 1621 1450 regio
1632 1412 1679 1441 illa
1692 1423 1734 1441 ta-

98 1446 222 1475 firmatur
232 1456 264 1474 ex
274 1457 367 1485 graeco
379 1447 506 1480 niman,
531 1447 576 1475 ubi
587 1446 651 1474 dui-n
672 1447 731 1484 agit
743 1444 884 1474 deChris-
941 1450 967 1477 le
991 1458 1096 1477 nomen
1113 1448 1209 1476 habuit
1222 1469 1230 1481 ‚
1253 1449 1321 1477 idest
1333 1472 1340 1483 ,
1364 1452 1514 1481 Gothalani
1527 1474 1535 1486 ‚
1558 1457 1585 1482 ὃ(
1602 1463 1733 1492 corrupte

98 1487 178 1515 mritis
189 1488 364 1516 Sacramento
374 1509 383 1521 ‚
405 1488 444 1516 ait
454 1510 462 1520 ,
474 1493 485 1522 [
498 1489 605 1516 Primus
616 1487 744 1516 Sacerdos
755 1497 880 1526 ungucn-
942 1490 1099 1518 Catalauni
1111 1510 1119 1516 .
1141 1490 1221 1517 Blon.
1232 1490 1279 1517 de(
1285 1491 1326 1518 ad.
1342 1502 1364 1519 1.
1374 1492 1421 1519 lib.
1436 1504 1463 1524 7.
1473 1494 1656 1532 originalem
1666 1495 1734 1523 Ala-

101 1527 239 1555 tumillud
258 1529 364 1566 gestans
378 1529 407 1557 in
428 1529 577 1561 alabastro,
601 1528 669 1556 idest
680 1550 687 1560 ,
711 1527 772 1556 vase
793 1538 885 1556 Vitrco
941 1540 1040 1558 norum
1049 1530 1195 1569 regionem
1207 1531 1238 1558 in
1248 1532 1334 1559 Dacia
1346 1533 1468 1561 collocat
1488 1535 1577 1571 Julius
1588 1535 1734 1573 Capitoli·

102 1567 217 1595 minime
227 1567 321 1597 ansato
331 1590 338 1597 .
363 1573 374 1602 ]
389 1572 445 1599 FR.
456 1570 634 1598 confirmatur
646 1569 759 1597 ulterius
768 1579 801 1597 ex
823 1579 884 1598 ver·
941 1581 1007 1599 nus:
1032 1572 1062 1599 in
1073 1571 1191 1606 Scythia
1203 1572 1236 1599 ad
1258 1573 1367 1601 Imaum
1385 1574 1546 1602 Ptolomeus
1556 1596 1564 1607 ,
1589 1575 1617 1603 in
1628 1585 1732 1614 appen-

105 1608 178 1636 iione
197 1608 317 1643 ejusdem
335 1611 361 1638 S.
380 1610 533 1649 Epiphanii
546 1634 553 1643 ‚
577 1611 622 1650 qui
634 1621 722 1649 graece
743 1611 883 1639 urecolum
939 1611 1043 1641 ditibus
1064 1613 1176 1641 Caucasi
1196 1623 1300 1640 montis
1319 1624 1351 1642 ex
1364 1624 1441 1652 parte
1461 1615 1620 1644 orientalis
1636 1617 1734 1646 oceani

102 1648 223 1677 vitreum
242 1648 323 1678 habet
333 1670 340 1677 .
363 1651 455 1686 Quare
482 1652 663 1680 existimanda
682 1652 719 1680 est
740 1652 880 1680 manifeste
942 1653 1096 1682 Anasta-sius
1108 1654 1181 1681 Vide
1192 1654 1405 1683 zz'chacharmm
1417 1675 1424 1682 .
1444 1656 1489 1683 Dc
1500 1654 1605 1684 Gothis
1617 1655 1673 1684 susc
1685 1659 1733 1695 Jo-

101 1688 250 1727 apocripha
261 1691 376 1719 traditio
396 1691 445 1720 illa
457 1703 470 1720 a
482 1693 602 1721 Baronio
613 1703 645 1720 ex
657 1692 739 1721 Svida
758 1693 842 1721 relata
852 1693 885 1721 ‘vd
942 1695 1048 1723 Ludov.
1062 1695 1148 1723 Vives
1161 1695 1191 1722 in
1204 1694 1309 1731 prxsar.
1323 1695 1357 1723 ad
1366 1696 1528 1725 Comi-nent.
1541 1697 1572 1725 iii
1579 1697 1619 1726 D.
1634 1700 1731 1737 Augu—

94 1740 164 1759 nnn.
179 1740 192 1767 3
202 1742 226 1758 z.
239 1741 312 1759 num.
325 1743 372 1768 29.
384 1733 458 1771 quod
470 1733 642 1771 Magdalenae
654 1744 699 1761 vas
710 1744 744 1761 ex
755 1734 886 1762 alabastro
943 1735 1004 1763 stin.
1015 1735 1048 1763 de
1059 1735 1152 1763 Civit.
1163 1736 1236 1764 Dei.

99 1771 264 1808 Imperatori
275 1772 465 1801 Constantino
477 1774 578 1812 Magno
589 1774 722 1803 traditum
731 1773 819 1803 suiss'et
830 1796 838 1807 ,
860 1779 886 1803 δε
902 1779 1008 1805 Atium
1020 1797 1028 1804 .
1051 1776 1125 1803 Vide
1138 1777 1279 1813 Salapina
1288 1797 1296 1804 .

102 1812 219 1848 politum
227 1812 328 1841 deinde
337 1813 369 1841 in
379 1814 698 1853 Constantinopolitano
721 1815 781 1843 foro
792 1827 801 1847 ς
822 1816 887 1844 dum
903 1821 1006 1846 Amne
1015 1839 1024 1850 ‚
1047 1817 1160 1845 verbum
1170 1817 1311 1846 nauticum
1323 1838 1329 1844 .
1353 1819 1426 1847 Vide
1438 1822 1590 1857 Ololnjmus
1601 1841 1609 1848 .

104 1851 174 1880 clare
183 1863 217 1880 ex
229 1854 324 1881 Marco
333 1852 462 1882 habemus
473 1854 586 1883 sraftuin
607 1856 675 1885 illud
698 1854 772 1884 fiiisse
783 1878 792 1889 ‚
815 1860 887 1892 cujus
903 1861 1044 1887 Aineion
1057 1878 1064 1886 .
1087 1860 1229 1896 Arrogans
1241 1879 1249 1890 ,
1266 1863 1299 1887 -&
1310 1858 1437 1897 superbus
1448 1881 1456 1892 ‚
1479 1857 1566 1900 g'ioeca
1578 1871 1632 1890 vox
1641 1859 1735 1891 Α’λεὶ-

103 1890 242 1920 fractionis
252 1894 439 1933 significatum
449 1896 674 1934 explicat‚G10112
686 1898 715 1924 in
727 1906 784 1935 cap.
795 1898 886 1932 Quan-
944 1910 994 1935 ςωρ
1004 1919 1011 1925 .
1037 1898 1152 1933 [Etiam
1163 1899 1256 1927 casem
1269 1921 1276 1932 ‚
1295 1910 1313 1927 o
1325 1901 1454 1932 Alastor,
1473 1902 1622 1930 comedunt
1632 1902 1714 1930 micas
1724 1925 1733 1935 ,

104 1932 230 1961 tiimlibet
240 1955 248 1966 ,
271 1935 333 1963 dist.
350 1947 371 1963 i.
384 1936 417 1963 de
427 1937 595 1975 poenitentia
605 1959 613 1970 ,
624 1938 668 1966 ubi
681 1937 716 1966 fic
727 1938 765 1965 ait
778 1950 784 1965 :
800 1944 811 1973 [
826 1940 885 1966 Fra-
943 1948 1005 1976 qiiae
1016 1939 1118 1967 cadunt
1128 1940 1162 1968 de
1172 1939 1262 1968 mensa
1272 1940 1450 1969 dominorum
1462 1940 1571 1970 suorum
1581 1962 1589 1970 ·
1609 1943 1733 1972 Asterius

105 1972 161 2000 &io
170 1973 290 2003 alzbastri
299 1976 436 2014 fignificat
458 1976 621 2007 fractionem
629 1979 769 2016 Corporis
779 1978 885 2008 Christi
945 1978 1033 2016 Epist.
1043 1979 1118 2008 hom.
1130 1980 1164 2008 de
1176 1980 1266 2008 divite
1277 2002 1285 2013 ,
1307 1985 1335 2009 δε
1356 1983 1420 2010 Laz-
1439 1981 1567 2011 ita-illum
1586 1981 1733 2020 superbum

97 2012 135 2040 rin
147 2023 225 2042 crucc
235 2024 282 2052 pei·
291 2015 458 2054 paffionem,
481 2021 553 2053 cujus
563 2020 633 2048 odor
643 2027 732 2048 totam
753 2020 866 2048 domum
879 2042 886 2052 ‚
945 2020 1101 2058 Epulonem
1120 2021 1258 2059 appellans
1279 2041 1285 2048 .
1309 2022 1383 2050 Item
1401 2032 1484 2060 penes
1507 2025 1622 2052 Graecos
1638 2027 1732 2054 Reum

106 2053 173 2081 idest
183 2075 192 2086 ,
213 2056 356 2085 Ecclefiam
368 2057 553 2088 universalem
562 2060 680 2098 implens
690 2082 698 2093 ,
710 2070 832 2089 mortuos
843 2071 869 2089 vi
877 2079 884 2082 ⁴
944 2061 1058 2098 proprie
1067 2061 1201 2100 fignificat
1212 2083 1220 2094 ,
1243 2062 1314 2099 apud
1324 2063 1501 2092 Plutarchum
1513 2064 1581 2092 furia
1590 2065 1627 2093 est
1638 2075 1648 2095 ς
1668 2065 1733 2094 ideo

105 2093 200 2122 vificat
210 2117 218 2128 ,
240 2096 302 2134 quia
312 2097 381 2127 fama
390 2099 519 2137 paffionis
531 2111 578 2138 per
590 2110 679 2129 totum
689 2102 797 2131 Orbem
807 2100 887 2130 diffii-
945 2102 1001 2130 Del
1012 2102 1069 2130 Rio
1078 2111 1160 2140 agens
1171 2102 1205 2129 de
1217 2102 1300 2130 variis
1318 2104 1504 2142 malignorum
1515 2104 1662 2143 spirituum
1682 2117 1733 2134 no-

103 2133 133 2163 ‹sa
144 2156 150 2166 ‚
174 2145 330 2172 peccatores
346 2141 489 2168 eredentes
504 2142 634 2177 justificat
646 2162 653 2169 .
678 2145 689 2173 ]
704 2144 767 2170 Hoc
786 2152 888 2171 nomen
946 2142 1064 2179 minibus
1075 2164 1083 2175 ,
1106 2142 1194 2170 utitur
1215 2140 1268 2170 hoc
1281 2144 1414 2172 vocabulo
1422 2146 1534 2182 Alastor
1546 2167 1554 2178 ,
1575 2145 1609 2174 ad
1629 2147 1734 2184 fignifi-

109 2176 184 2204 varie
194 2175 321 2206 scribitur
331 2199 340 2210 ‚
361 2178 485 2213 scilicet,
507 2182 674 2219 Alabastrus
685 2203 691 2210 .
715 2183 848 2221 Viilpian.
859 2184 888 2211 in
944 2183 1060 2212 candum
1071 2183 1228 2211 daemonem
1238 2183 1268 2211 in
1278 2183 1491 2214 desti-ustionem
1503 2207 1512 2219 ,
1535 2190 1564 2215 ὃς
1583 2187 1734 2217 vindiciam

106 2217 124 2244 l.
134 2226 298 2255 argumento
309 2241 318 2251 ‚
339 2219 364 2250 §.
376 2221 490 2250 mundus
499 2243 508 2255 ,
529 2222 555 2251 ff.
566 2223 599 2251 de
608 2233 663 2251 aur.
674 2227 702 2252 ὅ(
723 2233 839 2262 argento
849 2224 888 2252 le·
946 2234 1068 2263 paratum
1078 2243 1086 2251 .
1446 2249 1452 2254 .

105 2266 172 2295 garo
183 2277 191 2284 .
213 2260 288 2287 Item
299 2260 479 2297 Alabastrum
492 2283 500 2291 .
510 2264 631 2292 Martinl.
904 2268 988 2295 Acin
1004 2287 1013 2298 ,
1035 2264 1138 2292 sacrum
1149 2263 1342 2293 indumentum
1355 2288 1363 2300 ‚
1388 2277 1516 2296 vocatum
1526 2267 1612 2297 etiam
1624 2271 1733 2307 Camis—

148 2298 224 2335 QuOt
235 2299 333 2328 Cosmi
343 2301 469 2330 redolent
479 2303 616 2337 alabastra,
628 2304 734 2343 soi-ique
743 2305 869 2333 Deorum
880 2327 887 2333 .
939 2306 984 2343 fia
994 2327 1002 2338 ‚
1025 2306 1134 2334 Poderis
1148 2327 1156 2338 ‚
1178 2315 1192 2332 a
1203 2315 1296 2344 graeco
1316 2308 1450 2336 vocabulo
1461 2303 1573 2345 τὸδ’ἧρης
1583 2330 1592 2342 ,
1615 2308 1680 2347 quia
1700 2310 1734 2339 ad

106 2340 181 2367 Item
191 2340 368 2369 Alabastrites
379 2362 386 2369 .
408 2341 481 2371 Plin.
490 2344 538 2372 lib.
549 2355 562 2382 3
570 2351 597 2374 6.
607 2355 666 2383 cap.
681 2350 704 2373 S.
720 2351 731 2379 [
744 2346 825 2373 Hunc
836 2347 885 2374 ali-
946 2347 1028 2384 pedes
1038 2345 1122 2384 usque
1131 2346 1294 2374 extenditur
1303 2367 1310 2374 .
1321 2349 1396 2377 Item
1408 2348 1512 2377 dicitur
1522 2349 1628 2377 Tunica
1640 2349 1713 2378 linea
1723 2372 1733 2384 ‚

96 2378 151 2422 >qui
162 2379 284 2418 lapidem
303 2381 476 2414 alabastriten
494 2393 595 2415 vocant
605 2406 614 2420 ,
637 2395 719 2425 quein
737 2395 836 2415 cavant
855 2388 888 2415 ad
945 2389 1098 2426 Supparum
1108 2407 1118 2422 ,
1139 2387 1216 2416 linea
1226 2387 1382 2418 Dalmatica
1393 2410 1402 2421 ,
1425 2399 1460 2417 eo
1471 2388 1534 2428 quia
1542 2399 1575 2418 ex
1588 2389 1651 2419 lino
1669 2390 1731 2420 albo

142 2422 335 2453 fflerolexicon
347 2427 455 2453 Macri.
1376 2430 1404 2458 C
1447 2439 1462 2468 3
1627 2440 1695 2460 con-
