1866 2526
458 44 574 88 ΤΚ

111 103 191 137 title&
199 111 278 136 voces
294 116 309 136 a
319 104 477 146 graecanicis
488 105 638 135 derivatam
658 100 790 141 provenit
807 101 885 133 enim
895 113 909 131 a

114 142 288 186 verboae'pn'm
294 165 305 183 ,
320 146 395 186 quod
404 144 568 183 suspendere
577 143 710 184 fignificat
720 154 729 175 i
742 143 814 172 unde
825 149 910 174 Arte·

115 195 196 219 non,
215 196 246 214 ac
256 185 277 214 fi
287 186 582 223 diceresSuspcndium
592 206 600 218 ,
613 184 659 215 seu
669 185 818 223 Appendix
827 199 836 215 :
845 195 910 224 qua-

115 234 213 256 “non
222 224 300 256 sensu
309 228 427 257 trochlea
443 225 596 254 locutusest
614 227 651 256 D.
665 227 747 255 Lucas
758 246 767 258 ‚
785 225 834 254 cit.
850 235 907 265 cap.

1246 42 1286 84 T
1316 43 1359 86 R
1621 45 1702 97 689

967 98 1002 130 de
1013 102 1188 131 Novatorum
1198 100 1399 130 calumniofitas
1410 100 1501 138 inepta
1511 101 1677 134 occasionem
1694 101 1766 132 arri-

967 143 1027 181 puit
1043 141 1116 170 hunc
1133 141 1260 170 Sanctum
1276 140 1441 179 l'apistarum
1459 142 1584 171 Perseum
1602 144 1737 182 appellate
1749 153 1758 174 ί

966 182 1040 221 quasi
1050 192 1117 211 vero
1126 181 1240 220 ipsamet
1250 182 1340 210 Mater
1350 180 1466 210 Ecclesia
1475 180 1545 211 hanc
1562 183 1704 212 historiam
1715 184 1760 213 in-

966 232 1009 252 ter
1018 221 1188 262 apocryphas
1197 232 1256 251 non
1266 221 1417 251 recenseret
1427 241 1435 249 .

113 266 270 300 ametor.
280 266 366 297 sedin
376 265 454 296 sensu
465 266 544 305 parvi
557 266 629 300 veli,
651 266 762 306 quando
778 270 909 295 Artemo·
925 267 1081 294 Titoputmt
1095 283 1102 291 .
1125 264 1183 293 FR.
1194 263 1393 292 nutrimentum
1403 284 1411 296 ‚
1434 262 1595 292 alimentum
1605 284 1614 297 ,
1635 273 1649 291 a
1670 273 1757 302 graeca

113 316 177 334 mm
185 306 294 337 dixerat
306 330 314 341 ,
332 307 400 337 idest
410 307 502 336 velum
511 316 626 346 parvum
643 307 722 336 navis
734 327 742 340 ‚
765 307 840 351 qued
850 310 908 345 Ap-

965 314 1033 333 voce
1053 302 1133 344 τροφῆ
1139 323 1148 332 .

113 346 257 384 pendicem
268 370 275 380 ,
293 351 321 377 &c
331 347 512 387 Suspendium
521 347 611 376 dicere
620 347 706 376 mavis
718 368 725 376 .
744 347 853 383 Syriaca
861 358 904 376 au-
924 347 1048 374 Taomc1
1060 365 1067 372 .
1078 346 1134 374 FR.
1145 343 1270 373 haeretici
1281 365 1289 377 ‚
1299 342 1346 382 qui
1355 342 1486 382 Spiritum
1498 343 1622 372 Sanc'tum
1631 345 1760 382 Angelo-

112 394 169 415 tem
179 389 273 417 Lestio
284 389 346 417 loco
358 387 521 418 Artemonis
532 408 540 421 ,
552 395 676 425 par-uum
694 389 789 416 velum
808 387 889 416 habet
898 410 906 421 ‚

111 436 140 455 ac
147 419 254 467 optim}
263 428 383 458 Isidorus
394 429 475 457 docet
483 450 492 462 ,
510 428 577 466 quid
586 427 661 456 navis
673 431 811 457 Artemon
823 427 906 467 ligni-

114 467 176 496 ficet
187 480 194 495 :
220 475 234 504 [
242 471 380 498 Artemon
391 470 484 499 velum
494 467 545 498 else
555 467 708 507 dirigendae
726 467 818 506 potius
829 467 905 497 navis

111 507 186 536 cansa
195 510 399 540 commodatum
409 531 417 543 ,
438 518 517 548 quam
524 508 672 536 celeritatis
684 530 691 540 ,
702 508 749 536 lib.
767 519 774 536 i
780 519 810 544 9.
822 510 835 539 ]
859 509 905 538 Ad

966 395 1026 413 rum
1035 385 1161 414 omnium
1173 384 1328 423 Principem
1339 384 1389 414 ess‘e
1398 384 1554 416 assercbsm,
1564 386 1592 412 ὅ(
1601 384 1688 422 tropis
1698 394 1761 422 qui-

961 425 1071 454 busdam
1084 426 1168 454 Sacrae
1178 425 1311 464 Scriptur.
1321 426 1380 454 loca
1391 433 1529 464 exponere
1539 425 1741 456 contendebant
1752 446 1761 454 .

962 465 1075 495 Theatr.
1087 466 1153 495 vitae
1163 465 1277 494 human·
1287 466 1332 494 lit.
1344 467 1383 494 H.
1402 475 1464 505 pag.
1476 476 1523 494 ιι.
1542 464 1595 492 col·
1610 476 1636 493 z·
1655 465 1681 496 §-
1694 469 1759 496 Tro.

961 516 1016 544 pici
1024 527 1033 534 .

113 550 273 579 Trochleam
284 551 371 589 igitur
380 571 388 583 ,
409 550 443 578 de
453 558 505 588 qua
513 547 660 578 Vitruvius
671 547 749 586 supra
758 570 766 581 ‚
789 549 903 577 redeunt<
923 548 1116 577 Tnoootoem
1131 569 1138 579 ‚
1149 546 1326 585 τροπολογὶα
1338 568 1346 579 ,
1356 544 1590 579 idest‚conversio
1598 544 1760 578 locutionis,

113 588 151 616 do
163 610 171 621 ι
190 589 264 619 illam
274 590 324 620 ess'e
334 591 450 619 dicimus
460 610 468 622 ,
485 597 568 628 quam
577 589 700 618 Romani
708 589 815 617 Girella
827 611 833 621 ,
845 590 905 618 Flo-

115 629 221 658 rentini
241 632 398 660 Carrucula
406 651 414 663 ‚
435 627 565 658 Senenses
584 629 714 658 Carriola
725 650 732 661 ,
753 629 835 658 Siculi
846 651 854 662 ,
877 633 903 658 ὁ(

113 669 273 700 Melitenses
282 671 408 709 Tagliola
416 669 514 698 dicunt
523 689 530 698 .
552 670 597 698 De
615 668 770 698 Trochleis
789 669 824 699 sic
835 671 904 699 ceci-

111 709 156 738 nit
165 711 304 740 Lucretius
315 723 321 739 :

152 753 295 790 Multaque
302 760 352 790 per
362 751 496 781 trochleas
509 774 517 786 ,
526 754 555 781 ὁ(
564 760 697 790 tympana
708 750 831 789 pondere
851 761 905 780 ma-

191 801 249 830 gno

152 831 323 862 commovet
336 856 344 868 ,
355 843 436 872 atque
446 832 504 862 levi
515 831 634 862 sustollit
643 831 769 861 machina
779 832 845 862 nixu
857 854 864 861 .

113 876 146 902 Et
166 873 355 912 metaphorice
365 874 572 910 Quintilianus:
596 872 762 909 [Trochleis
778 874 905 911 pituitam

111 913 244 942 adducere
256 935 263 946 ,
274 914 320 942 lib.
335 926 344 942 ι
356 926 378 942 1.
388 914 422 943 de
434 923 567 952 pronunt.
575 923 634 952 cap.
644 924 671 950 3.
684 915 756 951 Jpro
768 914 906 944 violenter

112 964 230 992 expuere
240 954 314 982 dixit
325 975 332 982 .
345 958 438 993 Atque
448 955 592 983 Sidonius:
614 953 824 989 [Trochleatim
843 954 906 984 fune

110 996 220 1023 nutabat
233 1016 240 1026 ,
251 994 297 1024 lib.
313 1004 338 1029 ς.
350 995 428 1034 epist.
444 997 502 1030 14.]
517 997 662 1033 Perperam
673 1003 764 1023 tamen
773 996 903 1024 nonnulli

112 1045 160 1073 per
170 1034 318 1063 trochleam
329 1035 483 1064 machinam
493 1036 570 1064 illam
580 1056 588 1068 ‚
609 1045 670 1073 quae
691 1035 784 1064 italice
793 1040 903 1074 Argum

110 1075 213 1104 dicitur
222 1097 230 1108 ‚
240 1074 439 1105 intellexerunt
449 1098 458 1110 ,
469 1086 528 1115 quae
541 1074 667 1104 machina
687 1086 700 1104 a
712 1076 844 1104 Vitruvio
855 1082 905 1104 Er-

108 1126 179 1153 gata
187 1116 289 1144 dicitur
300 1137 309 1148 ‚
320 1117 366 1145 lib.
381 1128 424 1145 ιο.
433 1127 489 1155 cap.
503 1128 529 1152 4.
539 1126 569 1144 ut
579 1116 616 1144 ibi
626 1115 730 1145 Guliel.
740 1115 904 1145 Pliilandrus

113 1157 224 1184 notavit
235 1176 242 1183 .
253 1156 396 1186 'Irochleae
407 1158 514 1193 Synon.
527 1157 599 1186 Vide
610 1157 742 1185 Tolenum
754 1177 761 1184 .

70 1201 225 1227 TROGAuA
236 1218 244 1229 ,
254 1196 398 1234 τρωγάλια
408 1219 416 1230 ,
438 1197 547 1227 bellaria
557 1209 565 1228 5
587 1196 633 1226 sed
652 1197 721 1235 apud
732 1196 885 1227 Caffianum
896 1219 904 1230 ‚

110 1238 214 1265 Collat.
229 1241 253 1265 8.
265 1247 320 1275 cap.
329 1248 351 1266 ι.
364 1238 468 1267 ironice
478 1239 576 1266 ciceres
588 1237 672 1265 frixos
683 1237 847 1276 significant,
859 1248 905 1276 qui

111 1277 146 1305 ad
155 1277 238 1305 instar
248 1277 421 1307 bellariorum
431 1279 646 1307 corrodebantur
655 1288 668 1306 a
677 1278 822 1308 Monachis
833 1299 839 1307 .
848 1280 904 1308 PR.

109 1313 252 1355 τρωγεὶλια
261 1319 391 1355 provenit
402 1330 415 1347 a
427 1321 508 1348 verbo
519 1315 608 1356 γράφω
619 1339 627 1351 ,
640 1318 706 1346 idest
718 1340 725 1351 ,
738 1319 790 1347 edo
802 1340 809 1346 .

71 1361 282 1388 Tnooconxrffi
292 1379 301 1390 ,
318 1358 442 1388 haeretici
462 1383 470 1393 ,
489 1371 502 1388 a
522 1369 611 1398 graeca
630 1369 697 1386 voce
716 1358 905 1398 τρωγλοᾶὖναι

111 1399 149 1428 ita
159 1399 287 1436 appellati
299 1420 305 1430 ‚
316 1410 375 1438 qux
387 1409 562 1429 cavernarum
573 1398 739 1428 habitatores
749 1399 884 1437 significat
896 1409 903 1429 5

962 591 990 616 δι
1001 587 1063 616 alias
1072 586 1162 616 sensus
1173 587 1283 616 moralis
1294 587 1406 617 dicitur5
1417 585 1607 624 tropologicus
1614 586 1689 615 enim
1700 586 1760 615 sen-

963 627 1004 656 sus
1015 628 1053 656 est
1061 627 1115 657 -ille
1125 649 1133 661 ,
1143 628 1190 667 qui
1200 627 1232 656 ad
1244 638 1332 656 mores
1344 626 1516 657 transferturz
1529 635 1557 655 ut
1567 628 1688 665 exempli
1698 638 1759 666 gra-

962 668 1000 696 tia
1014 667 1094 697 vestis
1103 668 1256 697 Sacerdotis
1266 668 1381 697 candida
1393 667 1535 696 interioris
1544 666 1634 696 cordis
1644 669 1741 696 mundi
1749 685 1759 690 -

961 708 1148 738 tiarndenotat
1158 729 1166 742 ,
1177 708 1210 737 dc
1220 709 1314 748 quoin
1323 708 1543 746 diff-Anagogiffi
1553 710 1582 736 δε
1593 707 1759 737 ἀίᾶ.ΒίθΙι”.ι

961 759 1065 788 egimus
1075 770 1082 778 .

923 794 1038 821 Txovus
1053 812 1060 823 ,
1071 800 1155 829 genus
1164 790 1410 819 monasticicantus
1420 813 1427 823 ,
1439 789 1558 828 quiante
1571 787 1652 817 Miss'ae
1664 789 1759 818 Intro-

964 832 1033 860 itum
1052 831 1082 859 in
1097 830 1314 860 solemnitatibus
1331 830 1385 860 dici
1404 830 1505 859 solebat
1516 850 1524 861 ,
1544 839 1557 856 a
1568 829 1606 858 D.
1616 830 1757 868 Gregorio

962 874 1032 910 Papa
1041 893 1050 905 ‚
1060 881 1090 900 ut
1102 871 1184 900 refert
1196 872 1341 901 Durandus
1351 893 1359 904 ,
1381 871 1427 900 lib.
1439 882 1465 906 4.
1485 879 1541 907 cap.
1557 880 1579 897 i.
1601 869 1740 898 institutus
1751 883 1758 897 :

962 916 990 941 ὅ(
1000 912 1038 941 est
1049 912 1206 948 hujusmodi
1217 933 1223 940 .
1245 911 1372 950 Exempli
1383 911 1473 950 gratia
1492 911 1521 939 in
1539 909 1584 938 die
1594 909 1760 938 Nativitatis

963 952 1081 982 Domini
1091 954 1226 982 Introitus
1237 953 1336 991 prioris
1346 951 1434 981 Miss'ae
1446 949 1545 990 incipit
1557 971 1566 984 ‚
1585 955 1656 978 Puer
1670 959 1757 978 natu,-

962 995 996 1031 est
1005 994 1063 1027 &a
1085 1003 1148 1022 ante
1169 1003 1249 1032 quem
1267 994 1410 1022 canebatur
1417 991 1534 1031 sequens
1545 994 1651 1029 'tropus
1662 1003 1668 1018 :
1690 996 1760 1019 Ecce

962 1035 1035 1071 adest
1046 1055 1054 1066 ,
1076 1035 1108 1063 de
1118 1045 1169 1074 quo
1182 1035 1312 1071 Propheta
1324 1036 1485 1062 cecinerunt
1495 1053 1503 1065 ‚
1522 1035 1550 1060 ὅ(
1560 1031 1652 1070 postea
1663 1031 1760 1059 imme-

961 1074 1036 1104 diate
1058 1073 1166 1103 sensum
1188 1074 1379 1103 continuando
1398 1073 1551 1103 Introitum
1577 1074 1759 1110 conjugebant

960 1120 1032 1144 Puer
1043 1124 1129 1144 natus
1140 1115 1196 1149 &a
1218 1125 1273 1144 vox
1285 1114 1361 1142 enim
1372 1111 1472 1153 τρόπω,-
1479 1111 1688 1141 conversionem
1700 1133 1708 1144 ,
1732 1115 1761 1141 s<

962 1156 1167 1185 revolutionem
1177 1155 1311 1194 fignificat
1322 1166 1331 1186 ς
1343 1165 1406 1183 nam
1415 1155 1579 1183 reiterantur
1591 1153 1687 1181 eadem
1699 1162 1760 1181 ver—

962 1196 1002 1229 ba,
1013 1196 1115 1225 &ideo
1126 1207 1140 1225 a
1151 1198 1259 1234 Joanne
1270 1195 1379 1228 Beletli,
1390 1207 1413 1224 c.
1428 1205 1474 1231 59.
1486 1194 1587 1223 dicitur
1597 1199 1685 1227 Zona,
1695 1194 1759 1232 quia

963 1246 1099 1275 tamquam
1108 1237 1249 1275 cingulum
1259 1236 1400 1264 amborum
1410 1234 1535 1264 sensuum
1547 1234 1637 1272 capita
1653 1243 1761 1263 conno-

962 1277 1018 1306 dat.
1031 1281 1070 1306 Ac
1082 1281 1268 1315 Tropanarius
1278 1276 1418 1305 dicebatur
1428 1276 1496 1304 liber
1508 1297 1516 1308 ,
1528 1275 1556 1303 in
1566 1285 1620 1313 quo
1632 1274 1759 1304 contine-

963 1319 1058 1346 bantur
1068 1317 1224 1353 hujusmodi
1238 1317 1417 1356 tropi.Gr.eci
1427 1327 1520 1345 tamen
1532 1319 1698 1352 Trop.=rium
1708 1324 1759 1344 vo-

962 1369 1027 1387 cant
1036 1360 1179 1387 nonnullas
1190 1369 1281 1396 preces
1293 1379 1300 1391 ,
1319 1368 1382 1398 quas
1391 1357 1462 1397 saepe
1480 1357 1511 1386 in
1530 1356 1605 1385 horis
1625 1355 1760 1384 canonicis

964 1409 1065 1428 canunt
1075 1420 1082 1427 .
1108 1400 1180 1428 Vide
1199 1401 1307 1436 Versus*

112 1447 177 1466 nam
198 1449 227 1466 in
235 1440 376 1472 cavernis,
394 1439 514 1478 locisque
535 1441 565 1468 ab
577 1438 697 1468 humano
707 1439 905 1477 conspec'turc-
921 1443 1118 1469 Titossaxum.
1141 1441 1215 1469 Vide
1235 1440 1391 1476 Troffulus·.

112 1476 196 1505 motis
206 1480 443 1517 congregabantur
452 1500 460 1507 .
477 1481 718 1519 Fit-Troglodytae
731 1481 824 1518 populi
837 1489 904 1518 prae-
921 1483 1084 1509 Titossucus
1096 1502 1104 1513 ,
1117 1485 1204 1519 Eques
1215 1480 1284 1508 levis
1294 1489 1435 1508 armature
1447 1498 1454 1506 .
1476 1477 1585 1512 [Dolet
1605 1476 1653 1505 fibi
1663 1477 1760 1515 prxla-

114 1519 200 1545 dones
209 1537 217 1544 .
227 1518 298 1546 Plin.
308 1520 355 1547 lib.
366 1531 412 1557 37.
421 1530 480 1558 cap.
493 1526 517 1549 8.
527 1524 554 1548 δι
566 1521 612 1548 lib.
629 1531 671 1548 ii.
682 1531 704 1548 c.
718 1531 766 1558 37⁷.

76 1561 231 1589 noenius
243 1579 251 1590 ‚
271 1560 437 1588 monachalis
449 1561 528 1589 vestis
540 1582 548 1593 ,
567 1571 646 1599 quam
666 1561 749 1599 aliqui
770 1559 906 1599 scapulare

115 1600 165 1629 elle
174 1608 271 1636 putant
283 1619 290 1625 .
315 1600 446 1638 [Semper
455 1600 603 1639 asperrimo
620 1611 634 1629 a
644 1599 758 1639 scapulis
766 1600 848 1640 usque
871 1603 904 1630 ad

115 1648 193 1669 renes
202 1638 363 1668 induebatur
373 1641 486 1680 trogulo
495 1662 502 1670 .
524 1643 559 1671 In
569 1642 625 1670 vita
642 1642 667 1670 S.
679 1643 768 1671 Maur.
778 1643 790 1672 ]
812 1644 868 1671 FR.
887 1643 905 1671 li

115 1680 197 1719 usque
215 1679 248 1707 ad
258 1690 334 1709 rencs
345 1682 467 1720 trogulus
477 1682 626 1720 pertinebat
636 1703 644 1714 ,
666 1681 790 1720 profecto
802 1693 858 1710 non
867 1683 904 1711 est

114 1720 218 1749 cuculla
229 1741 235 1751 ,
245 1731 305 1758 quse
318 1722 409 1751 talaris
419 1722 457 1750 est
467 1744 475 1755 ,
484 1732 513 1750 ut
523 1722 589 1751 salso
599 1722 737 1751 existimat
746 1723 905 1760 Calepinus.

114 1760 263 1790 Matthaeus
274 1771 364 1790 tamen
375 1762 488 1791 Parisius
500 1762 606 1791 fortan‘e
615 1761 744 1791 mendose
754 1764 906 1800 Tragulam

113 1800 208 1829 scribit
219 1821 228 1832 ,
239 1801 383 1840 inquiens:
408 1808 420 1838 [
433 1806 467 1831 Et
478 1802 512 1831 fic
524 1803 557 1831 de
566 1803 734 1832 secularibus
743 1803 812 1832 fiunt
823 1803 904 1832 Γεω-

114 1841 226 1870 lai-iores
236 1861 243 1872 ‚
262 1845 290 1870 ὅς
299 1843 433 1871 mentitur
451 1843 480 1872 in
491 1843 523 1871 iis
533 1844 702 1882 tragulorum
713 1843 802 1871 vilitas
812 1865 820 1875 ,
843 1844 905 1872 dum

113 1881 160 1910 sub
169 1881 264 1909 habitu
275 1884 441 1920 paupertatis
450 1905 458 1916 ‚
470 1883 582 1922 spiritus
590 1883 693 1912 habitat
704 1884 833 1912 elationis
841 1905 848 1912 .
871 1886 905 1913 In

114 1921 177 1950 hist.
189 1921 222 1949 ad
233 1931 276 1949 an.
292 1932 375 1960 ¹253·
389 1926 400 1955 ]
424 1927 483 1962 Ego
495 1934 585 1953 tamen
595 1924 770 1953 verisimilius
783 1933 850 1961 puto
859 1924 906 1953 de-

115 1971 210 1990 notare
218 1962 339 1991 cilicium
349 1974 383 1992 ex
397 1965 481 1993 verbo
489 1975 580 2003 graeco
589 1976 679 2002 ree-722
689 1986 696 1997 ,
706 1964 781 2003 quod
791 1965 886 1993 rodere
898 1989 905 1999 ,

114 2006 142 2031 ὃς
153 2001 298 2040 asperitate
317 2013 503 2043 compungere
521 2005 656 2044 fignificat
666 2025 674 2031 .
694 2006 767 2034 Item
785 2007 904 2043 Tragula

114 2043 185 2081 apud
193 2043 320 2071 Gellium
330 2065 338 2076 ,
351 2044 396 2073 lib.
411 2056 420 2072 i
428 2057 454 2073 0.
466 2056 522 2084 cap.
534 2057 549 2075 2
557 2055 581 2080 5.
602 2043 735 2074 hastarum
746 2066 755 2077 ‚
765 2045 883 2074 telorum
893 2067 905 2084 ,

114 2083 263 2118 jaculorum
273 2104 282 2116 ,
304 2082 350 2113 seu
369 2085 524 2124 gladiorum
544 2084 646 2124 species
665 2084 727 2113 sunt
736 2105 746 2113 .

74 2127 248 2153 ΤιςοΡΑιυυΜ
260 2145 268 2156 ,
289 2126 319 2152 ὅ(
328 2129 515 2163 Tsopanarius
527 2146 534 2153 .
547 2126 620 2154 Vide
630 2131 732 2163 Tropus
742 2146 750 2153 .

72 2166 335 2193 TROPHAEOPHORUS
347 2186 353 2192 .
375 2167 433 2195 PR,
443 2162 630 2204 τροπαιαφᾶρσς
641 2187 649 2199 ,
672 2166 758 2199 idest,
776 2165 905 2204 Trophaei

111 2205 240 2244 gestator,
253 2204 288 2233 fic
297 2205 390 2233 Graeci
399 2206 582 2244 &Georgium
593 2208 747 2241 Martyrem
758 2208 906 2244 appellant,

112 2245 160 2283 qui
171 2244 288 2283 depingi
296 2243 368 2274 solet
382 2256 454 2284 equo
467 2247 584 2275 inlidens
594 2267 603 2279 ‚
622 2249 650 2275 &
659 2246 750 2275 lancea
761 2246 904 2276 draconem

112 2285 297 2313 transfodiens
317 2286 352 2314 ad
370 2287 488 2325 puellam
506 2286 672 2319 liberandam
685 2308 691 2315 .
713 2287 795 2322 Quod
807 2286 903 2317 fastum

108 2325 193 2360 multi
203 2325 356 2364 Scriptores
371 2325 525 2362 symbolum
533 2328 624 2366 potius
633 2347 644 2364 ,
662 2337 744 2366 quam
763 2326 903 2357 historiam

106 2375 235 2405 reputant
245 2377 253 2397 5
266 2366 331 2396 licet
342 2366 389 2395 alii
402 2377 498 2398 verum
505 2366 650 2399 successitm
661 2368 828 2406 existiment.
840 2369 903 2400 Un-

148 2407 340 2442 ⁸Hierolem'con
350 2411 443 2440 Macri
450 2429 458 2440 .

962 1531 1021 1549 tum
1029 1524 1160 1555 juvenem
1175 1532 1230 1549 non
1240 1521 1352 1559 quidem
1362 1528 1510 1550 comatum,
1522 1529 1579 1546 non
1591 1518 1708 1545 vestium
1719 1516 1759 1545 se-

962 1562 1095 1591 ricarums
1118 1561 1164 1590 sed
1175 1562 1332 1593 troliuium,
1354 1565 1380 1589 ἃ
1404 1560 1431 1588 in
1448 1559 1571 1587 sordibus
1589 1558 1736 1586 delicatum
1749 1579 1756 1585 .

964 1602 1133 1636 Hieronym.
1144 1603 1177 1631 de
1191 1603 1296 1630 vitand.
1305 1601 1376 1639 susp.
1386 1600 1518 1631 contub.]
1541 1600 1626 1633 Cujus
1638 1598 1760 1626 nominis

962 1643 1137 1681 etymologia
1149 1654 1181 1671 ex
1191 1642 1315 1672 Trolliilo
1328 1642 1443 1671 Etrurie
1456 1640 1584 1669 civitate
1597 1638 1738 1667 derivatur
1750 1659 1759 1671 ‚

963 1693 1022 1720 qua:
1033 1683 1116 1711 semel
1126 1693 1203 1721 capta
1214 1683 1298 1712 fuerat
1311 1684 1340 1711 ab
1352 1681 1490 1720 Equitibus
1500 1679 1629 1709 Trossitlis
1640 1680 1760 1717 appella-

965 1724 1000 1751 tis
1011 1745 1018 1756 ,
1030 1724 1084 1752 fine
1095 1723 1234 1752 consortio
1245 1724 1410 1762 pedestrium
1420 1735 1426 1750 :
1437 1721 1557 1759 indeque
1566 1720 1703 1756 Troffulus
1713 1729 1762 1757 ep—

964 1765 1064 1802 pellata
1074 1763 1135 1798 suit,
1145 1775 1204 1803 quae
1216 1765 1279 1792 licet
1289 1765 1320 1793 fit
1329 1767 1383 1799 jam
1393 1764 1492 1795 d2ruta‚
1503 1761 1588 1790 adhuc
1600 1769 1689 1803 tamen
1701 1762 1760 1795 ejus

963 1805 1025 1833 litus
1036 1814 1138 1833 nomen
1150 1805 1250 1834 retinet
1262 1827 1268 1837 ,
1280 1807 1352 1840 cujus
1366 1805 1452 1832 ruine
1467 1803 1539 1830 inter
1553 1801 1716 1833 Vollinium,
1729 1805 1758 1830 δε

965 1847 1111 1874 serentum
1123 1844 1275 1883 spec‘iantur
1286 1869 1292 1874 .
1317 1847 1372 1874 fit.
1384 1844 1430 1872 sed
1443 1844 1470 1871 in
1482 1842 1606 1871 editione
1617 1841 1762 1871 Parifienst

965 1885 998 1914 de
1009 1896 1082 1914 anno
1099 1897 1182 1921 1579.
1194 1886 1288 1913 citatus
1299 1895 1389 1913 textus
1400 1882 1572 1918 Hieronymi
1585 1903 1592 1915 ,
1605 1883 1762 1919 Torosolum

964 1925 1045 1954 lubet
1056 1947 1063 1953 .
1075 1929 1113 1954 At
1124 1926 1380 1963 quomodocumque
1391 1926 1496 1963 legatur
1505 1945 1513 1957 ,
1525 1923 1714 1957 Hieronymus
1726 1923 1762 1952 de

965 1966 1080 1995 vitando
1088 1965 1210 2003 suspec‘to
1219 1966 1400 1994 contubernio
1412 1987 1418 1998 ,
1428 1964 1559 2002 epist-47·
1568 1963 1602 1991 de
1612 1963 1763 1991 libidinoso

964 2007 1140 2035 contubernii
1152 2007 1274 2044 periculo
1287 2006 1408 2044 loquitur
1420 2027 1427 2038 ,
1437 2004 1480 2033 ubi
1492 2005 1526 2033 sic
1536 2003 1643 2042 inquit:
1666 2004 1764 2038 [Libi-

964 2045 1062 2076 dinosa
1072 2057 1146 2075 mens
1155 2047 1294 2075 ardentius
1305 2045 1420 2075 honesta
1439 2044 1614 2084 prosequitur
1631 2047 1684 2072 ἃς.
1704 2048 1761 2080 [Et

967 2087 1079 2116 inferius
1089 2088 1118 2115 in
1129 2087 1226 2115 eodem
1237 2087 1377 2124 proposito
1393 2086 1427 2115 de
1447 2085 1550 2114 malitia
1562 2084 1740 2113 foeminarum
1752 2107 1760 2118 ‚

963 2138 1023 2166 quae
1034 2127 1095 2156 fiae
1105 2126 1150 2155 sub
1161 2137 1297 2165 pretextu
1308 2127 1401 2166 aliquo
1411 2125 1561 2155 necesshriae
1572 2125 1712 2154 servitutis
1731 2136 1761 2154 in

963 2169 1047 2196 domo
1060 2168 1198 2196 Amasium
1209 2168 1388 2197 introducunt
1400 2188 1408 2200 ‚
1420 2167 1492 2195 inter
1501 2167 1550 2194 alia
1562 2166 1595 2195 lic
1607 2167 1660 2193 ait:
1676 2166 1761 2200 [Do-

963 2209 1002 2237 let
1014 2208 1058 2237 fibi
1071 2209 1222 2246 praelatum·
1232 2212 1360 2243 juvenem
1371 2229 1379 2241 ‚
1398 2217 1456 2235 non
1473 2206 1585 2246 quidem
1605 2215 1741 2234 comatum
1751 2228 1760 2239 ‚

965 2260 1023 2277 non
1036 2248 1150 2277 vestium
1162 2247 1327 2280 sericarum]
1347 2248 1410 2287 quia
1431 2257 1567 2285 tamquam
1589 2246 1663 2274 domi
1678 2245 1761 2274 famu-

964 2290 1020 2317 lum
1032 2288 1093 2317 fifte
1105 2289 1184 2317 illum
1194 2289 1317 2318 admittit
1329 2311 1337 2323 ,
1347 2289 1463 2326 ideoque
1472 2287 1517 2316 sub
1527 2296 1661 2325 praetextu
1670 2285 1760 2314 sordi-

963 2330 1001 2358 do
1015 2351 1022 2362 ,
1032 2339 1060 2357 ac
1074 2329 1124 2357 vili
1136 2329 1323 2360 introducitur
1333 2342 1341 2362 3
1350 2329 1416 2358 hinc
1429 2327 1583 2365 subjungit:
1597 2327 1672 2363 [Sed
1683 2337 1760 2355 toro-

963 2369 1051 2401 solum
1061 2391 1069 2406 ,
1081 2369 1160 2408 (five
1170 2378 1202 2400 ut
1211 2371 1263 2401 alii
1275 2372 1370 2410 legunt
1381 2368 1546 2403 )trossiilum
1554 2388 1564 2402 ,
1587 2370 1616 2398 ὃς
1627 2368 1658 2397 in
1670 2366 1760 2438 {ordi-

1403 2411 1426 2440 X
1438 2420 1453 2437 x
1692 2417 1723 2437 us
