1866 2526
478 18 583 61 OF

122 79 226 108 coelum
234 76 341 108 elevare
350 98 360 111 ‚
370 79 397 106 ἀ
409 74 500 106 statim
518 75 663 105 dimittere
672 96 680 110 ‚
690 74 920 115 quemadmodum

122 119 244 148 rubrica:
256 117 378 154 [Oculis
387 117 423 146 ad
431 117 524 146 Deum
533 117 647 146 elevatis
659 138 668 150 ‚
687 127 716 145 ac
727 116 817 146 statim
827 114 922 146 dimis-

122 159 177 190 fis]
195 158 324 188 ordinat:
344 158 438 187 oculus
449 158 525 197 enim
533 168 594 186 cum
616 157 647 188 sit
658 158 736 186 rcstae
755 156 922 186 intentionis

122 199 287 235 symbolum,
297 197 376 229 debet
386 198 416 226 in
425 196 517 227 Deum
525 198 613 237 dirigi
623 219 631 231 ,
644 207 706 226 cum
715 197 878 227 sacrificium
889 196 921 225 fit

121 240 192 268 aeus
203 238 290 267 latrix
304 259 314 271 ,
332 239 478 268 divinitati
487 238 542 267 soli
554 239 653 268 debitae
665 259 673 271 ,
692 249 722 267 ut
730 239 813 268 docet
822 239 920 268 Suarez

121 277 191 318 disp.
206 284 250 315 84.
260 278 324 308 scast-
340 290 363 308 ι.
375 280 403 311 §.
414 290 440 317 3.
450 279 538 312 debet,
551 279 764 318 inquamaiatim
772 279 867 307 oculos
878 278 918 306 di-

120 320 305 352 mittere,cum
315 319 344 348 sc
356 319 444 358 ipsum
453 321 580 349 Sacerdos
589 319 777 358 nominet,qui
789 328 918 358 tanquam

121 370 246 399 peccator
255 361 392 399 indignus
402 360 508 389 imitari
519 370 632 390 tenetur
641 360 818 389 Publicanum
830 380 838 393 ‚
861 369 918 387 non

120 401 270 430 audentem
285 402 380 431 oculos
396 402 426 430 in
435 402 538 430 coelum
550 402 642 430 levare
653 421 661 428 .
680 402 715 429 In
727 400 832 430 Calicis
840 399 919 428 ofler-

121 441 196 470 torio
205 443 382 471 crucifixum
398 441 531 481 aspiciam
551 442 582 471 fit
598 442 673 470 enim
682 450 750 469 tunc
767 438 918 468 suiviffimi

121 482 216 510 odoris
227 482 415 521 pretiolislimi
425 483 532 512 Christi
544 482 685 520 sanguinis
694 481 918 509 mentio-Diaco-

119 533 170 551 niis
181 524 212 551 in
223 524 272 552 illo
283 524 342 552 :iStu
354 534 435 553 manu
443 523 593 552 sustentans
603 523 726 553 mlicem,
737 520 860 559 proferre
868 521 902 549 de

121 564 166 592 bct
188 574 240 592 una
257 574 318 593 cum
329 565 495 594 Celebrante
515 563 629 592 eandem
647 562 797 591 oblationis
814 562 920 590 oratio-

1283 17 1324 59 O
1354 18 1388 58 F
1639 33 1717 74 471

977 75 1059 105 verba
1071 74 1126 105 illa:
1137 79 1194 104 Fac
1205 84 1250 103 τηε
1260 74 1319 108 ότι.
1331 72 1487 113 idest,qnod
1498 84 1512 103 a
1522 73 1590 104 diris
1598 75 1656 106 illis
1667 100 1676 112 ‚
1687 81 1716 108 1&
1725 83 1738 113 (
1747 84 1778 107 ut

977 115 1015 144 im
1025 116 1134 145 dicatur
1142 119 1155 148 )
1164 114 1316 144 mortiferis
1330 114 1475 143 tormentis
1484 135 1492 147 ,
1512 115 1580 144 faxit
1589 117 1665 147 Deus
1675 140 1684 152 ‚
1704 128 1735 148 ut
1743 118 1778 148 ad

979 156 1123 185 transitum
1131 165 1243 185 :eternae
1253 156 1354 194 gloriae
1366 165 1432 184 mox
1451 154 1590 193 quiescere
1602 167 1759 189 mereantur
1768 178 1777 187 .

977 195 1125 227 offertorii
1133 195 1309 232 synonyma.
1329 196 1403 225 Vide
1411 196 1440 224 in
1449 196 1514 224 dic't.
1525 196 1636 226 oblano
1654 201 1691 232 :nt
1705 201 1778 228 Item

977 236 1150 266 offertorium
1161 237 1296 266 tobaleam
1304 236 1488 276 significando
1499 246 1550 275 qua
1561 237 1591 266 in
1600 238 1779 268 dist-oblatio

977 277 1096 307 diximus
1106 300 1114 311 ,
1135 278 1165 306 in
1175 288 1227 316 qua
1237 286 1334 315 nempe
1344 277 1499 306 oblationes
1511 278 1591 315 panis
1609 279 1778 318 recipieban-

979 328 1022 347 tur
1031 339 1040 351 ,
1059 318 1207 356 eademque
1216 315 1313 356 ‘mappa
1323 317 1541 347 Archidiaconus
1551 317 1704 348 sublevabat
1714 318 1781 348 cali-

978 369 1038 387 cem
1048 368 1212 397 coopertum
1221 368 1282 387 cum
1291 358 1392 387 Hostia
1400 358 1430 386 in
1442 357 1519 388 Miss'a
1534 359 1694 389 Pontificali
1712 369 1779 388 ante

978 400 1161 438 prolationem
1169 399 1319 429 Orationis
1328 399 1592 431 Dominicah'sficut
1602 400 1636 429 ad
1646 399 1777 439 presens,

978 440 1095 478 propriis
1105 440 1227 469 manibus
1238 450 1300 468 cum
1316 439 1438 468 sublevat
1457 440 1589 468 idemmet
1607 441 1757 470 Celebrans
1770 452 1777 468 ι

981 487 992 515 [
1014 483 1099 510 Levat
1117 491 1178 509 cum
1197 479 1341 509 offertorio
1367 480 1494 510 Calicem
1519 490 1568 519 per
1583 480 1656 510 ansas
1666 502 1674 509 .
1694 481 1780 511 Ordo

978 524 1061 550 Rom.
1074 523 1085 552 ]
1097 521 1131 550 fic
1143 521 1248 550 faciunt
1264 521 1348 550 etiam
1367 521 1694 558 Greci-Cicremoniae,
1715 531 1776 560 qiiae

977 571 1100 600 tempore
1108 561 1243 591 offertorii
1254 562 1324 591 fiunt
1335 582 1343 589 .
1356 561 1430 590 Vide
1440 561 1572 600 Pratbesis
1583 583 1591 590 .
1612 563 1724 591 oblatio
1736 582 1743 589 .

121 613 187 632 nem
197 625 206 636 ‚
224 605 397 643 significans,
416 605 490 644 quod
501 603 628 634 Christus
649 603 767 641 proprio
783 601 918 640 sanguine
935 601 1109 631 Oiffiiu'izix
1121 623 1129 630 .
1142 604 1198 632 Ht.
1209 602 1348 632 Oblarrix.
1357 603 1457 632 Bullar.
1467 602 1562 632 Castu.
1572 612 1640 632 tom.
1653 615 1680 632 2.
1691 601 1784 631 const.v

121 644 260 674 mediante
270 646 492 684 promulgaverat
503 643 688 682 evangelium
699 665 707 676 ,
729 653 803 678 cujus
815 643 919 672 Diaco—

977 646 1153 678 95.&115.

122 694 174 714 nus
183 695 265 724 typus
276 686 315 714 est
325 705 332 713 .
343 686 420 720 Quid
431 695 522 714 autem
530 684 664 724 significet
675 683 856 714 offertoriiun.
867 684 919 712 Vi-
936 684 1026 712 Orric
1035 693 1124 712 iosmi
1136 705 1143 715 ‚
1154 682 1222 721 quid
1231 683 1366 722 lignificet
1379 703 1386 711 .
1400 684 1471 713 Vide
1481 686 1688 721 Testamentum
1697 704 1706 712 .

120 725 155 753 de
163 726 258 754 Schola
267 730 422 754 Cantor-um
430 745 437 753 .
452 726 613 759 Quaeritiira
623 724 787 764 Theobgis,
799 735 833 752 an
845 734 920 762 pera·
937 725 1108 753 officinis
1122 725 1207 752 Lim<
1218 746 1224 756 ,
1239 724 1276 752 ita
1286 736 1299 752 a
1309 724 1460 762 Radulpho
1470 735 1659 764 nuncupatum
1670 724 1723 754 fiiit
1732 722 1776 753 of-

120 766 165 793 c'ko
175 764 358 799 offertorio&
368 767 401 795 ad
413 765 506 795 Altare
518 765 605 795 delata
615 766 746 804 particula
756 764 915 793 consecran-

977 764 1069 792 ficium
1078 764 1207 793 divmum
1218 786 1226 797 ,
1237 764 1271 792 de
1281 765 1377 803 quoin
1388 766 1512 793 dit-'tione
1523 764 1649 804 sequenti
1660 787 1667 794 .

121 805 252 843 dmpoffic
262 806 337 835 licite
347 805 500 836 consecrari
510 827 517 834 .
529 808 642 845 Negant
650 807 735 844 aliqui
746 827 754 839 ‚
767 806 841 834 inter
852 815 920 844 quos
935 809 1087 837 orricium
1098 805 1245 837 Dimum«,
1256 806 1426 844 quotidiana:
1439 814 1530 843 preces
1542 828 1549 839 ‚
1562 807 1595 835 ad
1607 817 1670 846 quas
1681 815 1779 835 tenen-

122 847 263 876 Bomciiia
273 858 282 878 ς
293 848 383 876 Diana
393 858 459 876 vero
470 848 528 876 fieri
540 847 613 885 polle
622 848 660 875 ait
671 848 758 875 Trici.
775 857 784 874 i
792 857 818 881 4.
830 847 864 874 de
875 857 918 874 ce-

120 887 216 915 lebrat.
226 886 315 916 Miflit
336 887 460 917 Resolut.
473 900 488 921 7
498 899 520 916 i.
540 887 692 916 dummodo
709 897 802 916 tamen
816 897 875 915 non
886 887 917 915 lit

119 929 173 963 jam
180 928 314 957 Pte-*satio
323 929 446 967 incoepta
457 951 464 961 ,
476 929 515 957 ‘in
525 938 581 967 quo
600 928 659 957 casu
668 928 825 957 mentaliter
835 928 917 956 Cele-

119 968 196 996 brans
207 968 294 1001 illam,
305 968 350 998 seii
362 970 419 998 illas
427 971 570 1008 particulas
581 968 678 998 offerre
691 968 776 1007 poss'et
788 989 794 996 .
807 970 864 997 FR.
875 968 920 996 in-

120 1009 230 1037 tellet‘iu
248 1009 439 1038 diificilissima
454 1009 518 1038 sunt
540 1010 620 1038 rerba
634 1008 769 1038 offertorii
788 1009 816 1037 in
840 1009 920 1039 Mizia

117 1048 451 1089 Defunc'toruimnempe:
465 1053 524 1087 [Ne
531 1050 668 1079 absorbeat
679 1060 722 1078 eas
732 1053 868 1082 Tartarus,
881 1059 914 1077 ne

118 1089 216 1117 cadant
227 1100 256 1118 in
266 1090 407 1119 obscurum
417 1111 425 1118 .
438 1094 451 1123 ]
474 1092 587 1121 Auium
599 1101 676 1119 enim
686 1091 840 1128 Purgatorii
851 1111 860 1123 ,
869 1100 920 1129 pro

118 1131 214 1168 quibus
226 1130 378 1160 funduntur
397 1142 488 1170 preces
500 1154 508 1165 ,
528 1135 585 1168 jani
608 1133 639 1160 in
659 1140 720 1160 tuto
738 1130 833 1159 salutis
850 1131 919 1159 statu

119 1170 149 1199 su
155 1179 185 1198 nt
196 1193 203 1204 ,
214 1174 242 1200 δε
251 1175 376 1201 Tartarus
387 1195 394 1206 ,
402 1172 520 1206 scilicet,
530 1172 659 1201 Infernas
669 1182 710 1200 cis
721 1171 860 1200 absorbere
870 1182 915 1199 ne-

120 1221 254 1251 quaqnam
265 1213 354 1250 potest
365 1234 374 1246 ,
385 1223 474 1251 neque
484 1213 513 1241 in
524 1212 666 1241 obscurum
677 1213 747 1241 infra
758 1212 918 1251 purgatorii]

120 1252 215 1280 cadere
235 1253 443 1290 periclitantur.
467 1254 510 1282 Ad
522 1254 596 1292 quod
607 1253 788 1292 respondetur
805 1254 897 1291 primo
910 1274 918 1286 ‚

120 1293 280 1331 predictam
292 1294 486 1332 Antiphonam
506 1295 658 1334 antiquitus
678 1294 785 1322 recitari
805 1293 918 1322 consue-

121 1332 187 1362 visse
197 1334 226 1361 in
235 1335 293 1363 aftu
303 1345 410 1373 agoni-c
423 1346 432 1365 ς
457 1344 522 1364 tunc
539 1345 613 1363 enim
625 1334 757 1374 temporis
769 1333 846 1364 Miss'a
857 1344 920 1372 pro·

121 1375 178 1412 pria
187 1374 389 1404 Deffinstorum
408 1386 464 1405 non
476 1376 681 1415 reperiebatur:
703 1375 779 1414 quod
791 1376 921 1413 probatur

120 1415 266 1444 evidenter
285 1427 318 1444 ex
338 1416 459 1454 ipsismet
469 1418 575 1447 verb135
600 1423 611 1451 [
623 1419 672 1445 fic
692 1426 733 1444 eas
744 1415 867 1444 Domine
886 1416 922 1444 de

121 1465 211 1484 morte
223 1457 335 1485 tramite
344 1457 378 1485 ad
389 1458 476 1484 vitam
487 1478 494 1484 .
505 1460 516 1488 ]
531 1457 656 1486 Secundo
665 1457 770 1489 dicunt,
783 1457 859 1495 quod
869 1467 919 1495 per

123 1505 225 1523 nomen
237 1500 354 1524 Tartari
367 1517 374 1529 ,
394 1501 421 1525 ὁ(
432 1498 546 1534 Obscum*
568 1497 763 1535 Pur'gatoriuin
784 1497 920 1536 intelliga-

124 1544 169 1564 tur
179 1555 186 1562 .
204 1535 256 1564 Sed
266 1536 323 1564 hoec
332 1535 473 1575 responrio
483 1538 569 1576 prima
581 1537 672 1565 fronte
683 1548 740 1566 nou
750 1537 855 1566 arridet
868 1549 876 1568 5
901 1537 920 1566 fi

125 1577 201 1604 enim
212 1576 322 1605 Anima-
333 1575 397 1605 sunt
407 1579 500 1613 jamin
511 1578 676 1618 Purgatorio
689 1600 697 1610 ‚
709 1578 849 1616 quomodo
862 1588 922 1616 pre-

124 1626 226 1650 camur,
239 1626 273 1644 ne
281 1616 419 1646 absorbeat
429 1629 471 1647 eas
482 1620 673 1658 Purgatorium
683 1641 691 1652 ‚
701 1623 729 1647 «Sc
739 1629 773 1647 ne
783 1619 880 1647 cadant
892 1619 921 1647 in

125 1657 267 1686 obscurum
279 1661 288 1687 ?
299 1658 344 1687 Ad
354 1659 428 1696 quod
438 1660 586 1697 replicatur
595 1681 603 1692 ‚
613 1660 688 1698 quod
700 1669 750 1698 pro
759 1660 799 1687 eis
809 1660 921 1698 quidem

125 1707 268 1737 precamur
277 1720 285 1731 ‚
297 1709 330 1727 ne
339 1699 385 1727 diu
397 1698 589 1729 absorbeantur
599 1701 635 1729 ibi
648 1721 656 1733 ,
666 1705 694 1729 δε
706 1710 741 1729 ne
749 1700 847 1730 cadant
860 1699 921 1734 (se-

125 1739 245 1767 cundum
255 1739 376 1767 nostrum
386 1745 509 1779 captum)
521 1741 548 1769 in
559 1739 749 1769 obscuritatem
758 1741 921 1771 oblivionis:

127 1779 161 1808 fic
172 1789 254 1808 etiam
266 1780 451 1820 intelligenda
459 1779 519 1810 sunt
530 1780 678 1810 Psalmistx
691 1782 769 1810 verba
778 1783 806 1810 iri
818 1783 859 1812 Ps.
873 1787 920 1811 68.

127 1819 172 1847 ubi
183 1820 230 1847 ille
240 1821 340 1856 ajebzt:
355 1827 367 1855 [
380 1822 461 1860 Eripe
472 1823 558 1852 mede
571 1823 638 1854 luto,
650 1832 679 1850 ut
693 1833 750 1850 non
760 1822 883 1863 infigan]
895 1827 921 1852 S<

127 1862 287 1902 tamen-jam
295 1859 323 1888 se
334 1861 449 1890 infixum
463 1863 538 1892 fuiss'e
549 1865 578 1892 iii
596 1862 716 1899 ejusdem
728 1863 827 1893 Psalmi
846 1866 920 1904 prin-

129 1899 204 1937 cipio
215 1900 346 1929 tacebatur
358 1923 366 1934 ,
377 1902 504 1941 inqussens
516 1915 522 1931 r
536 1905 664 1939 [Infixus
675 1903 734 1932 sum
745 1905 775 1932 in
784 1907 852 1934 limo
861 1915 924 1944 pro-

130 1940 207 1970 fundi
222 1942 234 1972 ]
248 1942 359 1979 rogabat
368 1942 452 1981 igitur
463 1966 470 1977 ‚
493 1955 527 1973 ne
537 1945 637 1974 infixus
656 1954 807 1975 remaneret
825 1948 854 1975 in
865 1947 924 1975 luto

128 1979 245 2010 miseriz
259 2001 267 2009 .
285 1983 407 2012 Tandem
417 1983 598 2024 respondetur
607 1986 651 2025 pia
661 2007 670 2018 ‚
691 1996 720 2014 ac
732 1986 875 2016 favorabili
885 1988 923 2016 D.

130 2022 303 2065 Hieronymi
312 2023 455 2062 opinione,
467 2036 526 2064 qux
539 2026 568 2055 in
581 2027 713 2065 aliquibus
723 2027 925 2057 Defunctorum

130 2062 281 2092 Miflalibus
291 2065 416 2103 imprimi
427 2065 640 2099 solermimirum
664 2068 791 2102 [Anima=
803 2090 810 2101 ,
823 2079 881 2107 qux
895 2069 924 2097 in

131 2104 294 2146 Purgatorio
305 2115 469 2144 torquentur
481 2129 490 2141 ‚
513 2118 564 2146 pro
572 2107 667 2147 quibus
676 2107 746 2136 solet
757 2109 883 2138 Sacerdos
895 2110 925 2138 in

131 2144 210 2173 Missa
221 2155 297 2173 orire
309 2167 316 2178 ,
341 2146 452 2176 interim
463 2148 568 2177 nullum
586 2158 753 2177 tormentum
772 2148 906 2179 sustinent
918 2172 926 2183 ,

131 2185 197 2212 dum
207 2184 286 2215 Miii‘a
295 2187 445 2217 celebratur
453 2209 460 2216 .
472 2190 485 2220 ]
506 2190 598 2229 Igitur
607 2187 665 2218 haec
675 2188 820 2219 Offertorii
836 2190 927 2220 oratio

130 2225 164 2254 ad
173 2225 384 2265 supplicandiun
393 2229 527 2269 dirigitur
536 2251 545 2263 ,
565 2240 601 2259 nc
612 2229 711 2259 iterum
721 2230 818 2259 cadant
829 2232 859 2260 in
870 2241 927 2260 tor-

131 2269 234 2296 mentis
243 2268 304 2307 post
314 2269 445 2303 Mifl'amss
456 2270 551 2309 quibus
559 2280 611 2309 pro
619 2271 670 2300 illo
680 2271 794 2300 interim
806 2268 928 2301 suble'va-

133 2319 167 2338 ωε
181 2308 243 2338 sunt
253 2309 352 2338 animae
364 2310 430 2342 illae,
440 2321 490 2350 pro
501 2311 595 2350 quibus
605 2321 726 2351 rogatur,
738 2315 765 2340 ἃ
776 2313 808 2341 in
816 2311 928 2346 summa,

131 2361 166 2381 ne
175 2350 290 2390 amplius
310 2349 346 2379 ibi
364 2351 541 2382 detineantur
551 2372 559 2381 .
581 2353 642 2382 Pari
652 2352 737 2382 modo
747 2353 931 2392 explanantur

977 855 1022 873 tur
1033 845 1209 874 Eccleiiastici
1221 856 1329 874 ratione
1339 847 1447 874 ordinis
1458 867 1464 878 ‚
1482 847 1538 876 live
1549 847 1682 876 Beneficii
1693 868 1702 880 ‚
1721 846 1780 875 five

976 885 1112 924 religiosae
1124 885 1297 924 professionis
1308 907 1316 914 .
1327 888 1371 915 De
1381 896 1436 926 quo
1447 887 1551 917 dic‘tuin
1559 889 1597 917 ei‘t
1608 890 1638 917 iii
1648 886 1781 917 dictioni-

977 927 1022 954 bus
1032 930 1215 955 Breviarium
1226 950 1233 955 .
1253 932 1358 956 Canon.
1377 930 1482 965 Cursus
1494 949 1501 956 .
1523 935 1595 958 Hira
1617 932 1758 958 canonica
1771 947 1778 955 .

976 968 1108 1005 officialis
1118 969 1188 995 liber
1198 988 1205 995 .
1225 969 1398 1005 Sacrificium
1408 988 1415 995 .
1435 972 1476 998 Ac
1495 971 1669 999 membratim
1679 971 1693 997 -'
1705 968 1779 998 Vide

976 1009 1138 1046 Anttphona
1150 1028 1157 1035 .
1169 1009 1288 1045 Duplex.
1301 1014 1436 1046 Hymnus.
1445 1013 1560 1039 Laudes.
1572 1014 1667 1040 Lec'ho.
1680 1014 1779 1038 Matu-

976 1053 1070 1077 tinum
1081 1069 1087 1076 .
1099 1052 1267 1078 iva-[turnum
1278 1069 1284 1076 .
1305 1053 1430 1078 Oc‘tava.
1448 1052 1623 1088 semiduplex
1633 1071 1639 1078 .
1663 1053 1696 1078 Et
1709 1059 1777 1089 quo-

981 1090 1066 1118 modo
1084 1090 1255 1118 recitandum
1266 1110 1272 1117 .
1295 1090 1369 1119 Vide
1389 1091 1514 1128 farsura
1526 1112 1533 1119 .
1554 1092 1758 1128 Responsorium
1770 1110 1779 1118 .

977 1132 1100 1161 Rubrica
1112 1151 1118 1157 .
1140 1131 1321 1169 Semtduplex.
1331 1135 1370 1159 Te
1379 1136 1470 1159 Deum
1482 1153 1488 1160 .
1501 1133 1601 1169 Versus.
1613 1132 1704 1169 Versus
1716 1139 1779 1169 ape·

977 1175 1089 1199 rationu
1099 1191 1106 1198 .
1118 1172 1223 1209 Vespera
1235 1191 1242 1198 .
1255 1172 1362 1210 Incipit
1372 1181 1463 1200 autem
1477 1174 1505 1201 in
1517 1173 1691 1203 Subdiacono
1708 1173 1780 1200 obli-

976 1212 1053 1251 gatio
1064 1211 1198 1240 recitandi
1209 1212 1239 1240 ab
1249 1213 1349 1241 eodem
1359 1212 1474 1241 instanti
1485 1235 1493 1247 ,
1514 1215 1544 1243 in
1556 1224 1612 1254 quo
1630 1212 1728 1252 recipit
1738 1211 1778 1241 sa-

976 1262 1052 1281 crum
1061 1252 1192 1282 ordinem
1202 1264 1213 1286 ,·
1231 1252 1324 1292 itaque
1334 1263 1444 1282 tenetur
1452 1254 1570 1284 recitare
1578 1255 1654 1284 illam
1665 1254 1780 1283 canoni-

976 1303 1034 1322 cam
1045 1293 1141 1322 horam
1153 1315 1161 1327 ‚
1181 1304 1241 1332 quae
1252 1293 1284 1322 in
1304 1304 1337 1322 eo
1347 1304 1470 1333 tempore
1479 1294 1549 1326 solet
1570 1296 1600 1324 in
1609 1294 1709 1324 Choro
1719 1304 1780 1333 per-

976 1333 1091 1364 solvi-Si
1102 1345 1168 1363 vero
1180 1345 1245 1364 :inte
1254 1335 1548 1369 ordinationem,illam
1556 1336 1718 1366 canonicam
1728 1335 1766 1364 ho
1773 1353 1781 1358 ·

977 1385 1035 1404 ram
1044 1374 1215 1416 anticipass‘et
1225 1397 1233 1409 ,
1244 1375 1336 1404 denuo
1347 1377 1423 1406 illam
1441 1379 1501 1417 post
1508 1377 1718 1407 ordinationem
1737 1386 1780 1406 re·

976 1417 1062 1445 citare
1081 1427 1194 1446 tenerur
1204 1436 1211 1443 ·
1229 1417 1365 1446 Austores
1381 1428 1462 1456 penes
1472 1419 1641 1447 Bonacinam
1659 1417 1694 1446 de
1703 1416 1781 1446 horis

978 1458 1120 1487 canonicis
1129 1456 1199 1495 disp.
1214 1468 1237 1485 ι.
1247 1458 1340 1497 quaest.
1353 1470 1379 1487 ι.
1390 1460 1482 1496 punct.
1495 1469 1519 1494 5.
1532 1469 1578 1488 nu.
1589 1470 1618 1496 9.
1638 1458 1716 1487 Idem
1736 1458 1780 1487 di-

978 1499 1095 1527 cendum
1105 1499 1139 1528 de
1149 1498 1319 1527 Beneficiato
1330 1520 1338 1531 ‚
1346 1509 1389 1527 cui
1400 1499 1500 1537 incipit
1509 1500 1644 1538 obligatio
1656 1499 1776 1528 recitan-

979 1540 1008 1568 di
1017 1540 1143 1568 officium
1153 1540 1185 1567 ab
1194 1538 1262 1567 hora
1270 1549 1352 1577 capta>
1364 1538 1532 1580 pofi'effionis
1541 1560 1548 1568 .
1570 1540 1628 1577 Qui
1638 1539 1716 1579 plura
1732 1541 1778 1569 be-

979 1579 1076 1609 neficia
1085 1579 1203 1619 possidet
1215 1601 1223 1612 ‚
1235 1589 1318 1607 unum
1329 1590 1436 1608 tantum
1445 1581 1569 1609 officium
1586 1581 1617 1609 in
1626 1581 1672 1610 die
1681 1581 1780 1610 recita-

978 1631 1006 1648 re
1016 1631 1125 1650 tenetur
1135 1632 1142 1652 ς
1154 1620 1201 1650 scd
1212 1621 1257 1659 qui
1268 1630 1353 1649 unum
1363 1621 1523 1651 beneficium
1532 1621 1601 1657 juste
1610 1620 1740 1661 possidet,
1751 1626 1782 1652 δε

977 1661 1052 1690 :iliud
1064 1662 1160 1697 injuste
1171 1683 1180 1694 ,
1190 1671 1297 1690 tenetur
1307 1662 1365 1690 duo
1374 1662 1466 1691 officia
1473 1664 1587 1693 recitare
1597 1662 1727 1701 quotidie
1743 1672 1780 1692 ex

979 1703 1108 1732 rationib.
1119 1713 1132 1731 a
1144 1702 1286 1732 Bonacina
1296 1702 1418 1731 adduciis
1427 1703 1458 1732 in
1471 1704 1498 1732 d.
1510 1703 1585 1732 traft.
1595 1703 1630 1732 dc
1640 1703 1726 1733 Horis
1733 1713 1777 1732 ca-

979 1754 1047 1772 non.
1057 1742 1126 1782 disp.
1144 1755 1166 1772 1.
1178 1743 1271 1782 quaest.
1284 1754 1310 1772 2.
1322 1753 1403 1782 punc.
1414 1755 1442 1778 4.
1454 1755 1528 1773 num.
1540 1755 1567 1780 4.
1579 1745 1648 1773 Non
1666 1745 1705 1773 est
1716 1754 1778 1783 per-

979 1783 1085 1812 missiim
1095 1785 1185 1814 dicere
1195 1783 1322 1812 officium
1338 1784 1372 1813 de
1392 1786 1518 1824 quolibet
1538 1786 1634 1816 Sansto
1655 1786 1712 1815 (ine
1727 1795 1776 1814 ex-

980 1823 1063 1864 press'a
1073 1826 1148 1854 Sedis
1160 1824 1326 1864 Apostolicae
1337 1825 1451 1854 licentia
1463 1848 1470 1859 ,
1489 1827 1554 1855 dum
1565 1827 1594 1855 in
1606 1826 1777 1855 Calendario

980 1876 1038 1894 non
1050 1867 1208 1905 reperiatur.
1220 1867 1279 1894 Nec
1292 1865 1416 1894 locorum
1424 1867 1571 1896 Ordinarii
1581 1866 1680 1896 habent
1694 1866 1778 1896 facul-

979 1916 1064 1935 tatem
1074 1907 1191 1935 addendi
1202 1908 1232 1934 in
1241 1907 1316 1934 dieto
1326 1907 1496 1936 Calendario
1507 1908 1576 1936 alios
1586 1908 1707 1936 Sanc'tos.
1718 1908 1775 1937 Sac.

975 1948 1192 1986 ‚RinCongrega
1197 1957 1215 1975 t.
1218 1957 1246 1983 9.
1251 1947 1380 1976 Decemb.
1389 1958 1396 1975 ι
1405 1954 1441 1976 62
1448 1953 1461 1976 8
1465 1949 1574 1988 .Neque
1581 1947 1708 1977 officium
1717 1958 1778 1978 mu-

981 1997 1034 2015 tari
1047 1988 1145 2025 potest,
1156 1998 1216 2016 cum
1225 1990 1303 2022 juxta
1312 1988 1474 2017 Calendarii
1487 1988 1726 2028 praescriptioncm
1735 2000 1778 2019 re-

978 2029 1058 2057 citari
1066 2029 1162 2057 debeat
1171 2050 1178 2061 ,
1198 2032 1225 2056 δ(
1247 2038 1294 2067 qui
1305 2028 1404 2056 fruitur
1425 2029 1559 2059 beneficio
1578 2030 1759 2060 ecclcfiastico
1768 2053 1778 2064 ,

980 2079 1119 2097 teneretur
1145 2070 1178 2098 ad
1198 2069 1401 2098 restitutionem
1417 2071 1669 2100 emolumentorum
1702 2071 1777 2101 illius

988 2109 1053 2138 diei.
1064 2111 1210 2148 Congrcg.
1221 2110 1339 2139 Rituum
1354 2114 1378 2138 8.
1390 2112 1482 2149 April.
1497 2122 1506 2139 ι
1514 2115 1581 2140 628.
1591 2111 1675 2148 Quod
1685 2112 1781 2140 decre-

982 2161 1040 2180 tum
1051 2150 1101 2179 fuit
1113 2151 1216 2179 deinde
1227 2151 1258 2179 ab
1267 2150 1384 2179 Urbano
1394 2153 1480 2181 vill.
1489 2153 1667 2190 approbatum
1676 2174 1683 2181 .
1697 2154 1777 2181 Exci-

980 2192 1091 2231 piuntur
1100 2201 1202 2224 tamen,
1213 2191 1259 2230 qui
1273 2201 1320 2229 per
1328 2192 1383 2220 duo
1392 2191 1488 2221 saecula
1495 2203 1559 2221 ante
1568 2194 1610 2223 Pii
1623 2195 1658 2221 V.
1669 2194 1776 2222 Bullam

981 2234 1012 2261 iri
1022 2232 1164 2261 Breviario
1174 2232 1331 2270 appositam,
1342 2242 1425 2261 ritum
1436 2233 1576 2263 diversum
1585 2232 1776 2267 observarunt,

982 2283 1011 2302 iit
1023 2273 1123 2301 ibidem
1133 2272 1306 2311 exprimitur.
1315 2273 1435 2310 Quando
1445 2274 1475 2303 in
1488 2275 1565 2303 Bulla
1574 2274 1781 2304 Canonizatio-

983 2314 1027 2343 nis
1036 2314 1200 2346 conceditur
1212 2314 1286 2342 illius
1295 2315 1383 2342 Sancti
1394 2315 1566 2344 Canonizati
1575 2315 1701 2343 officium
1712 2336 1721 2348 ‚
1734 2315 1777 2343 in-

982 2354 1170 2395 telligendum
1178 2354 1216 2384 est
1226 2375 1236 2388 ,
1255 2353 1349 2384 flesset
1365 2356 1498 2384 Patronus
1518 2356 1565 2384 ille
1584 2356 1693 2385 Sanctus
1705 2378 1713 2388 ‚
1735 2357 1782 2386 vel

1403 2398 1432 2426 G
1452 2406 1473 2435 g
1514 2406 1533 2431 4
1696 2399 1745 2426 Ti-
