1866 2526
469 71 571 116 SU

109 137 156 166 vel
166 129 390 166 lnternuntium
409 141 439 159 ac
446 130 521 166 jubet
533 150 542 162 ‚
560 138 589 157 ut
602 126 706 166 aliquos
726 126 902 167 negligentes

111 177 258 217 Episcopus
265 172 385 212 corrigat
397 194 405 205 ,
423 174 451 200 ὅ(
461 171 526 209 quia
533 168 718 199 Subdiaconus
726 178 790 197 ante
800 169 903 197 litteras

112 217 253 251 Pontificis
262 225 322 244 non
332 213 438 242 fun-§tus
446 212 483 241 est
494 211 590 240 officio
599 209 649 239 suo
659 230 668 243 ,
681 209 804 248 arguitur
813 229 822 242 ‚
844 218 903 238 can.

110 261 236 290 volumus
247 279 255 290 ,
270 263 314 286 ιε.
324 265 369 294 qu.
381 266 408 290 4.
418 263 476 282 can.
487 250 670 291 cognovimus
680 271 688 284 ,
697 260 756 278 can.
766 250 800 279 de
810 249 886 288 lapsis
895 267 903 281 ,

118 313 127 331 ι
135 308 163 332 6.
170 309 215 340 qu.
226 305 254 328 6.
262 295 387 335 Pelagius
396 297 467 332 Papa
479 294 578 322 Melito
585 291 758 321 subdiacono
767 291 841 326 jubet
853 311 861 323 ,
874 298 903 317 ut

111 352 188 371 curet
208 339 238 368 in
246 337 380 368 eleftione
401 334 515 364 Abbatis
525 355 532 367 ,
555 344 590 362 ne
597 341 693 362 contra
709 341 828 360 canones
839 329 883 374 fiat
893 350 900 362 ‚

80 410 82 412 .
111 393 172 411 can.
182 381 316 411 Abbatein
327 379 355 405 in
365 375 536 406 Monasterio
546 395 554 408 ,
570 385 580 402 1
588 378 613 403 8.
622 383 668 412 qu.
682 383 708 402 ε..
721 373 903 401 Innocentius

108 424 169 453 111.
179 423 217 452 H.
238 419 410 449 subdiacono
421 416 545 455 praecipit
557 436 565 448 ‚
586 425 621 443 ne
631 414 699 442 linat
716 421 812 440 contra
823 421 905 456 cano—

79 485 82 487 -
110 473 179 493 num
190 462 288 492 statuta
309 459 369 488 fieri
378 457 568 486 ordinationes
579 476 587 488 ‚
609 455 642 483 de
651 462 775 491 tempore
785 451 904 496 ordinat.

111 515 135 533 c.
151 515 194 541 ¹3.
205 504 278 531 Item
287 498 439 538 Gregorius
452 497 578 527 Antonio
607 495 663 524 five
674 491 832 537 Anthemio
842 491 905 534 Sub-

111 545 180 573 diac.
189 542 341 581 invigilare
351 539 472 578 imponit
481 559 490 572 ,
500 547 536 566 ne
546 534 695 574 Episcopus
704 533 851 577 simoniace
859 533 905 560 eli.

80 608 83 609 ν
111 595 190 624 gatur
201 605 209 616 ,
219 593 279 611 can.
289 581 358 610 illud
370 602 378 613 ,
401 585 426 609 8.
435 590 462 618 q.
475 590 500 608 ι.
511 577 609 606 Eidem
627 573 784 604 Anthemio
797 572 903 616 Subdin-

111 635 184 654 cono
195 622 322 663 praefatus
333 621 484 660 Gregorius
495 640 503 651 ,
513 626 543 646 ut
553 614 718 658 Episcopum
729 612 905 651 Amclpluca-

113 675 181 694 nunt
193 687 200 698 ‚
211 664 268 694 five
278 660 505 699 Amalphitanum
516 679 525 690 ,
536 657 570 686 ad
578 656 754 685 residentiam
763 663 885 698 coerceat
897 675 903 686 ,

113 705 250 744 imponit,
265 714 325 732 can.
335 700 474 740 pervenit,
485 710 512 732 7.
521 708 567 737 qu.
582 708 605 725 1.
618 698 679 726 Imo
689 695 723 724 de
734 704 846 733 antiqua
856 693 904 722 hac

112 743 311 775 consuetudine
329 742 406 771 Sedis
426 739 594 778 Apostolicae
614 737 727 766 testatur
748 739 820 781 Papa
829 735 905 770 Sym-

110 785 218 815 machus
227 805 235 818 ,
253 782 396 822 inquiens:
420 787 433 816 [
444 780 531 809 Valde
543 778 716 808 necessizrium
734 777 784 806 esse
796 774 905 819 prospe-

111 826 199 854 ximus
210 845 218 857 ,
237 833 266 852 ut
277 823 342 852 ficut
356 821 580 862 praedeccfforum
601 819 756 862 nostrorum
774 817 824 845 fuit
834 816 907 861 judi-

111 866 186 894 cium
198 886 206 897 ,
224 865 262 893 ita
272 864 340 896 uni,
360 863 504 900 eidemque
512 859 633 899 personae
646 867 742 902 omnia
751 867 905 886 committa-

112 916 170 935 mus
180 927 188 938 ,
200 907 228 934 ὅ(
239 905 285 933 ubi
294 915 343 932 nos
355 902 502 941 praesentes
513 900 564 930 esse
574 911 632 929 non
643 899 776 940 postumus
786 921 795 932 ,
817 897 907 942 nostra

114 957 163 985 per
172 956 234 975 eum
243 968 251 978 ,
261 946 303 974 cui
314 944 486 982 praecipimus
496 965 505 976 ,
524 940 736 979 repraesentetur
743 940 889 968 austoritas
900 958 907 965 .

112 987 296 1023 Quamobrem
305 987 387 1014 Petro
396 983 565 1012 Subdiacono
575 980 644 1011 sedis
656 981 752 1010 nostrae
762 980 835 1009 intra
846 981 909 1008 Pro.

114 1027 236 1056 vinciam
245 1025 366 1054 Siciliam
378 1024 451 1053 vices
461 1023 563 1052 nostras
572 1023 737 1058 <auxiliante
748 1022 824 1052 Deo)
833 1029 908 1064 com-

114 1067 245 1100 mifimus,
257 1066 318 1094 dist.
328 1076 376 1101 94.
388 1075 446 1093 can.
462 1076 485 1092 1.
496 1066 507 1096 J
522 1067 584 1092 Erat
596 1063 679 1092 nimis
687 1063 754 1091 elata
764 1060 907 1090 Subdiaco-

113 1118 211 1136 norum
229 1106 394 1136 auctoritatis
419 1105 557 1143 usurpatio
568 1126 576 1137 ,
601 1105 672 1133 unde
703 1103 819 1141 legimus
838 1101 908 1140 apud

112 1148 262 1180 Nondum,
272 1146 366 1176 decad.
381 1158 404 1175 1.
414 1146 460 1174 lib.
473 1154 498 1181 ς.
508 1145 582 1184 quod
594 1146 714 1182 Joannes
727 1143 907 1172 Subdiatonus

111 1188 294 1228 Region-arius
311 1186 433 1225 regionis
451 1186 546 1224 primae
558 1207 566 1218 ,
589 1189 616 1214 δ(
637 1186 683 1214 alii
704 1185 830 1214 factionis
852 1186 908 1219 ejus

112 1229 218 1258 Clerici
229 1228 367 1267 Vigilium
377 1227 579 1267 proclamarunt
588 1227 617 1254 in
628 1224 792 1255 Pontificem
806 1229 908 1255 Roma-

112 1280 179 1299 num
198 1269 369 1307 subrogatum
381 1271 434 1296 &c.
454 1269 492 1301 :lh
513 1266 676 1296 Subdiaconi
688 1264 908 1303 Apostoliciho-

111 1311 157 1339 die
165 1310 196 1338 in
214 1308 399 1337 sunstionibus
409 1307 546 1345 papalibus
563 1307 719 1335 induuntur
738 1306 810 1334 veste
822 1306 909 1334 viola-

112 1361 159 1379 cea
169 1372 178 1384 ,
187 1354 214 1379 ὅ(
224 1349 352 1378 deferunt
361 1358 473 1387 cappam
484 1346 669 1386 episcopalem
682 1369 689 1379 ,
699 1346 774 1385 quod
783 1348 907 1375 officium

112 1401 167 1420 erat
187 1390 259 1428 prius
272 1390 367 1419 venale
377 1411 385 1422 ‚
403 1388 450 1417 sed
461 1389 620 1416 Alexander
637 1390 707 1426 Papa
721 1389 789 1415 V11.
801 1388 907 1416 abstulit

113 1431 187 1460 hunc
197 1429 305 1459 abusum
319 1455 322 1458 ⁴
340 1433 368 1458 δ(
389 1428 568 1458 Auditotibus
587 1431 668 1457 Rotae
692 1427 762 1456 iliud
771 1429 889 1457 contulit
900 1450 907 1461 ,

112 1471 206 1509 quibus
223 1470 347 1498 habitum
364 1469 517 1497 violaceum
539 1467 669 1496 conceffit
682 1490 689 1501 ‚
709 1478 737 1496 ac
756 1469 908 1506 praecedere

112 1511 240 1540 Clericos
257 1511 382 1538 Camers:
394 1509 543 1536 declaravit
555 1529 562 1535 .
582 1508 654 1536 Vide
665 1515 735 1538 Rota
747 1528 754 1535 .
775 1510 816 1537 Ita
827 1509 908 1537 etiam

113 1551 289 1585 admajorem
299 1549 440 1586 Cappellae
451 1550 577 1578 decorem
585 1550 766 1584 Acolytatum
776 1549 908 1578 Referen-

115 1591 197 1619 dariis
218 1590 374 1618 vorantibus
385 1590 504 1617 contulit
513 1610 520 1621 ‚
543 1589 660 1627 pretium
678 1589 823 1618 restituens
833 1590 887 1619 illis
900 1611 905 1616 .

113 1631 202 1670 quiea
212 1631 275 1659 offic
281 1631 306 1658 ia
313 1638 436 1658 emerant
445 1650 451 1657 .
461 1631 505 1658 De
517 1630 686 1658 Subdiacono
695 1629 891 1660 Oblationario
901 1651 907 1657 .

115 1671 188 1700 Vide
198 1672 307 1699 oblatio
318 1691 325 1702 ,
337 1674 364 1699 δε
373 1670 582 1699 oblationarius
592 1691 600 1698 .
625 1670 680 1705 Qui
690 1670 791 1709 primus
801 1680 857 1699 erat
867 1671 907 1699 in<

115 1721 157 1741 ter
166 1711 345 1741 Subdiacones
355 1711 562 1740 oblationarius
574 1721 587 1739 a
598 1712 701 1740 Larinis
711 1732 719 1744 ‚
743 1715 770 1740 ὃ(
779 1722 793 1739 a
803 1711 907 1740 Graecis

1277 68 1306 112 S
1337 68 1379 112 U
1629 76 1710 128 639

957 129 1014 162 ejus
1025 124 1160 155 sinistram
1173 147 1180 159 ,
1193 123 1243 155 sed
1252 134 1313 155 cum
1323 125 1405 156 mitra
1415 147 1422 159 ,
1445 137 1475 156 ut
1484 127 1566 166 poffit
1574 126 1621 159 suo
1632 139 1758 169 tempore

957 166 1056 196 stando
1073 166 1139 196 dare
1169 165 1280 196 solitam
1297 167 1538 200 benedictionem
1567 170 1627 208 post
1648 170 1756 200 litanias

957 206 1088 237 Pontifex
1107 207 1141 236 ad
1152 206 1230 236 suum
1239 207 1374 238 thronum
1385 207 1457 237 redit
1468 230 1475 241 ‚
1498 208 1529 238 in
1540 220 1594 248 quo
1603 221 1664 239 cum
1674 212 1756 240 mitra

959 248 990 277 in
1008 248 1098 287 capite
1106 248 1138 277 ab
1156 247 1292 287 Episcopo
1303 249 1390 283 stante
1407 249 1506 288 recipit
1525 260 1653 289 patenam
1665 275 1673 285 ,
1694 253 1760 280 cali-

960 298 1029 322 cem,
1041 289 1164 317 urceolos
1174 293 1227 318 δεε-
1237 300 1298 318 cum
1307 289 1387 318 solita
1399 291 1544 320 verborum
1557 292 1643 321 forma
1656 313 1664 320 .
1675 295 1758 322 Tem-

961 339 1028 369 pore
1046 339 1154 363 auaem,
1175 340 1231 369 quo
1246 328 1324 362 sacrae
1335 331 1422 360 vestes
1441 332 1587 362 traduntur
1599 355 1606 367 ‚
1625 333 1757 362 Pontifici

962 369 1061 408 absque
1070 370 1151 399 mitra
1168 369 1278 400 sedenti
1287 371 1404 410 ponitur
1416 370 1495 410 super
1505 375 1706 412 caputaniictus
1725 375 1756 403 ab

958 410 1096 449 Episcopo
1115 410 1202 440 stante
1212 411 1293 442 mitra
1302 413 1373 442 tetsto
1385 433 1393 446 ‚
1414 413 1473 450 post
1484 424 1564 452 quem
1585 415 1673 444 astum
1682 436 1691 448 ,
1713 415 1760 444 sta-

961 460 1012 478 tun
1022 452 1117 480 Elefto
1135 451 1249 490 ponitur
1257 453 1338 482 mitra
1349 475 1358 487 ,
1377 464 1406 482 ac
1417 453 1501 483 etiam
1519 455 1673 494 manipulus
1683 476 1690 484 .
1714 459 1754 485 Ac

961 491 1061 520 iterum
1071 492 1190 530 deponit
1201 492 1311 524 mitram
1323 515 1332 527 ‚
1350 493 1462 523 exuitur
1471 495 1606 534 pluviali,
1625 500 1653 526 ὅ(
1665 497 1757 526 indui-

959 541 1004 559 tur
1015 532 1148 561 tunicella
1157 554 1164 565 ‚
1183 537 1212 562 δ(
1223 533 1261 563 ita
1272 534 1384 563 indutus
1393 533 1467 564 sedet
1477 546 1538 566 cum
1548 537 1629 566 mitra
1639 558 1648 571 ,
1658 537 1756 575 accipit

959 572 1060 600 librum
1068 573 1244 611 epistolarum
1252 575 1283 604 ab
1294 573 1432 614 Episcopo
1443 597 1449 604 .
1461 577 1569 607 Peracta
1578 577 1688 608 tandem
1697 576 1758 607 misi

960 612 986 641 sa
996 612 1130 641 reass'umit
1143 614 1263 652 pluviale
1273 637 1280 649 ‚
1291 620 1318 645 ὁ(
1327 616 1361 645 ad
1371 615 1444 646 suam
1455 618 1625 648 mansionem
1636 619 1758 649 reditum

957 653 1022 681 facit
1031 674 1038 682 .
1059 655 1116 684 FR.
1135 654 1296 685 Subdiaconi
1316 657 1440 686 officium
1462 659 1500 688 est
1518 659 1632 698 psallere
1643 682 1652 694 ‚
1674 665 1703 689 δε
1722 660 1759 688 le-

959 694 1063 722 ftiones
1076 705 1182 728 canere,
1192 706 1250 724 can.
1264 696 1293 724 in
1304 698 1398 726 Sansta
1411 719 1419 730 ,
1431 698 1492 727 dist.
1503 711 1552 736 9²--
1565 701 1608 730 ubi
1619 711 1701 739 poena
1709 711 1759 729 ex-

962 735 1222 764 communicationis
1230 737 1470 767 contravenientes
1481 750 1610 769 notantur
1622 761 1629 770 .
1649 741 1761 771 subdia-

961 784 1045 803 conus
1055 784 1090 803 ex
1104 776 1257 815 privilegio
1267 777 1488 808 defer-[Pontifici
1499 781 1528 810 in
1537 780 1643 810 throno
1652 781 1760 811 sedenti

961 815 1186 845 communionem
1196 837 1203 845 .
1225 818 1298 847 Vide
1308 823 1470 849 Communia
1481 841 1488 848 .
1501 821 1674 860 Significatus
1686 833 1761 861 pate-

961 866 1002 885 nae
1019 858 1153 885 contec‘tae
1172 859 1200 886 in
1227 868 1309 887 manu
1329 859 1490 890 Subdiaconi
1500 883 1507 890 .
1527 862 1602 891 Vide
1631 869 1742 892 Pateria
1751 883 1760 891 -

961 897 1079 933 Quando
1090 909 1150 927 non
1167 899 1248 928 debet
1264 901 1465 938 genuflectere.
1486 903 1560 932 Vide
1579 905 1761 942 Genuflexis.

961 938 1045 968 Ordo
1064 939 1094 967 ab
1113 950 1146 967 eo
1165 937 1312 969 servandus
1332 941 1362 969 in
1380 941 1469 972 danda
1488 955 1552 984 pace
1563 966 1570 973 .
1595 945 1668 974 Vide
1678 950 1740 974 Pax
1751 964 1759 971 -

962 979 1121 1008 Duodecim
1131 981 1309 1010 Subdiaconis
1317 983 1469 1022 antiquitus
1478 986 1547 1023 Papa
1557 986 1663 1014 lavabat
1678 986 1760 1024 pedes

962 1019 993 1048 in
1003 1022 1166 1050 caeremonia
1183 1022 1266 1050 Feriae
1280 1024 1315 1052 V.
1334 1024 1435 1053 Coenae
1446 1026 1531 1054 Dom.
1552 1026 1625 1055 Vide
1645 1032 1740 1056 Fanon
1752 1045 1759 1052 -

963 1061 1082 1096 Quando
1093 1062 1264 1101 manipulum
1285 1063 1354 1093 serre
1366 1076 1424 1094 non
1443 1063 1537 1095 debeat
1547 1087 1553 1094 .
1578 1066 1652 1095 Vide
1663 1070 1762 1096 Mant-

959 1102 1043 1139 pulus
1056 1121 1062 1128 .
1084 1103 1174 1131 Debet
1183 1103 1290 1132 deferre
1299 1115 1407 1135 crucem
1417 1107 1445 1135 in
1457 1105 1669 1145 processionibus
1679 1128 1687 1136 .
1707 1106 1760 1136 Vi-

962 1143 996 1171 de
1008 1147 1087 1172 Crux
1097 1165 1103 1172 .
1121 1144 1304 1174 Subdiaconus
1316 1146 1352 1175 est
1362 1146 1520 1182 symbolum
1533 1148 1662 1184 Hebraici
1672 1157 1758 1186 popu—

964 1183 982 1211 li
994 1204 1000 1211 .
1021 1184 1093 1214 Vide
1102 1186 1196 1214 Schola
1205 1189 1360 1215 Carnorum
1371 1208 1377 1214 .
1398 1189 1581 1217 Subdiaconus
1590 1199 1688 1223 canens
1699 1198 1757 1227 cpi-

963 1223 1058 1253 stolam
1079 1225 1108 1254 in
1120 1235 1230 1265 peccato
1247 1228 1359 1256 mortali
1379 1230 1535 1258 mortaliter
1557 1239 1648 1268 peccat
1667 1227 1760 1259 secun-

963 1264 1026 1292 dum
1037 1266 1141 1304 aliquos
1153 1266 1332 1306 Theologos;
1352 1267 1425 1297 secus
1437 1280 1503 1299 vero
1515 1270 1532 1299 si
1545 1270 1600 1299 fine
1619 1270 1760 1308 manipulo

965 1305 992 1333 id
1003 1316 1078 1344 agat:
1091 1317 1120 1335 ac
1129 1307 1230 1336 multos
1241 1308 1336 1337 fortius
1347 1308 1380 1338 de
1393 1311 1522 1339 Diacono
1533 1310 1682 1340 dicendum
1692 1333 1700 1345 ‚
1712 1312 1758 1350 qui

965 1347 1051 1385 magis
1060 1347 1195 1377 ministrat
1205 1348 1238 1377 ad
1248 1349 1349 1378 altare:
1368 1349 1416 1379 sed
1426 1351 1523 1380 mitior
1531 1352 1629 1390 opinio
1650 1352 1760 1382 excusat

963 1397 976 1415 a
989 1389 1098 1416 mortali
1111 1410 1117 1416 .
1132 1391 1169 1418 At
1181 1390 1199 1418 fi
1209 1390 1447 1429 prodigiumillud
1457 1393 1759 1431 conlideraretur‚quod

965 1428 1061 1457 divina
1068 1430 1177 1467 Justitia
1188 1430 1217 1459 in
1229 1431 1385 1459 Diaconum
1398 1432 1629 1462 Anthiochenum
1641 1434 1760 1462 demon-

964 1469 1075 1500 stravit5
1091 1470 1112 1498 is
1122 1471 1197 1499 enim
1207 1481 1267 1499 cum
1276 1471 1305 1499 in
1316 1480 1428 1510 peccato
1439 1473 1549 1501 mortali
1559 1473 1689 1503 existeret
1698 1495 1706 1507 ‚
1716 1485 1760 1502 ca-

964 1520 1094 1548 nei-etque
1105 1512 1288 1550 Evangelium
1298 1533 1305 1545 ‚
1317 1513 1347 1540 ab
1358 1523 1455 1541 araneo
1465 1512 1605 1542 venenoso
1614 1513 1760 1553 aggi-effus,

964 1550 1011 1588 qui
1023 1551 1052 1579 in
1073 1554 1130 1586 ejus
1147 1553 1239 1591 gulam
1257 1553 1415 1591 penetravit
1425 1574 1433 1586 ,
1455 1563 1649 1592 venenatoque
1666 1554 1760 1586 morsu

963 1601 1087 1620 enecatus
1100 1592 1167 1622 fuit5
1181 1603 1256 1621 certe
1266 1594 1338 1622 cauti
1351 1615 1359 1626 ,
1371 1597 1398 1622 δ(
1408 1604 1420 1622 a
1429 1594 1535 1622 delictis
1546 1595 1641 1623 mundi
1651 1597 1761 1625 accede-

964 1642 1027 1659 rent
1037 1633 1129 1661 altaris
1139 1633 1263 1662 Ministri
1272 1634 1305 1662 ad
1316 1634 1528 1663 ministrandum
1538 1656 1544 1662 .
1559 1635 1678 1668 Quando
1688 1637 1758 1666 obli-

961 1673 1040 1710 gatio
1050 1674 1182 1702 recitandi
1191 1675 1316 1703 officium
1325 1674 1453 1705 divinum
1465 1675 1563 1714 incipit
1574 1676 1603 1703 in
1612 1676 1760 1707 subdiaco-

963 1723 1000 1741 no
1011 1733 1017 1740 .
1037 1713 1109 1742 Vide
1118 1714 1243 1753 Officium
1253 1736 1261 1743 .

114 1753 282 1790 Domesticm
300 1751 484 1790 appellabatur
493 1772 502 1783 ,
522 1751 556 1779 ita
567 1751 660 1780 Anast.
679 1751 790 1780 Bibliot.
805 1751 833 1780 in
843 1755 904 1781 An-
921 1753 1065 1782 Sunnrrro
1074 1776 1083 1789 ,
1094 1753 1223 1791 subjectio
1233 1778 1241 1789 ,
1260 1755 1378 1785 servitus
1391 1776 1397 1784 .
1410 1762 1423 1792 [
1435 1756 1459 1786 Si
1472 1766 1562 1785 autem
1572 1756 1758 1787 manifestim-

116 1801 176 1820 not.
193 1791 228 1821 ad
238 1793 351 1823 Concil.
362 1793 448 1821 VIII.
466 1792 622 1821 Oecumen.
641 1794 786 1828 [Primum
799 1792 907 1821 Subdin-

113 1842 247 1860 tonorum
257 1833 349 1862 Graeci
360 1831 549 1861 Domesticum
557 1843 658 1862 vocant
666 1854 675 1865 ,
694 1843 776 1871 quem
785 1834 906 1862 Romani

962 1803 1005 1821 me
1015 1796 1183 1833 cognoveris
1196 1818 1202 1828 ‚
1213 1807 1258 1825 eos
1267 1806 1328 1825 cum
1343 1796 1489 1835 Arnulpho
1499 1797 1533 1826 de
1542 1795 1586 1826 sua
1597 1796 1755 1828 subditione

961 1835 1066 1863 locutos
1079 1835 1153 1864 fuisse
1164 1857 1170 1863 .
1182 1838 1206 1865 S.
1218 1840 1303 1875 Greg.
1316 1837 1347 1865 in
1362 1838 1467 1876 Regist.
1478 1838 1524 1866 lib.
1537 1849 1563 1867 2.
1573 1849 1596 1866 c.
1609 1849 1655 1876 ²3·

117 1872 340 1901 oblationarium
352 1875 364 1904 ]
377 1873 472 1902 Hodie
482 1881 574 1901 tamen
584 1874 710 1901 Dec-:nus
719 1895 726 1905 ‚
740 1876 767 1902 &
779 1874 903 1902 camera·
919 1875 1099 1904 Sunnocroa
1112 1897 1118 1903 .
1143 1877 1216 1905 Vide
1235 1878 1439 1906 Bactalaureus
1449 1899 1456 1905 .

115 1913 170 1940 rins
179 1913 411 1941 Subdiacouorum
420 1913 522 1942 dicitur
531 1934 539 1941 .
553 1913 627 1942 Vide
637 1914 760 1942 Pathum
771 1934 778 1941 .
789 1915 834 1943 De
843 1915 906 1943 Sub-
918 1917 1014 1944 Suntx
1025 1937 1033 1948 ‚
1044 1915 1173 1951 subiet-‘tus
1182 1939 1190 1950 ‚
1202 1916 1322 1946 subditus
1333 1938 1339 1944 .
1356 1923 1367 1952 [
1380 1918 1447 1947 Una
1458 1928 1518 1946 cnm
1530 1918 1619 1947 subice
1628 1919 1716 1948 elei-0
1724 1919 1760 1950 de

114 1952 232 1980 diacono
244 1956 411 1982 stationario
421 1953 524 1982 dietum
533 1953 609 1982 estin
620 1953 686 1982 dist.
695 1957 794 1983 Statio.
805 1955 832 1983 Si
843 1966 904 1983 con.

961 1957 1067 1984 tumulo
1077 1958 1191 1994 proprio
1204 1958 1295 1986 levare
1306 1978 1312 1985 .
1325 1959 1360 1986 In
1372 1958 1427 1986 vita
1435 1959 1459 1987 S.
1471 1959 1546 1987 Celfi
1559 1957 1648 1997 Episc-

115 1992 212 2032 tigerit
224 2003 329 2022 norum
348 1994 468 2022 Elcc'tum
479 1995 508 2022 in
518 1994 684 2024 Pontificem
697 1994 905 2024 Subdiaconatus
919 1997 973 2025 Suu
982 2007 1061 2027 ῐεςτι
1074 2018 1081 2029 ,
1095 1997 1172 2029 idest,
1183 1998 1285 2036 publici
1297 1998 1466 2035 poenitentes
1478 2019 1485 2026 .
1499 1999 1571 2028 Vide
1580 2005 1758 2041 Hyemantes.

114 2033 241 2062 ordinem
260 2032 391 2072 suscipere
400 2055 408 2067 ,
424 2033 600 2064 observandae
612 2034 674 2063 sunt
690 2037 863 2065 caeremoniae
875 2036 905 2065 in
919 2037 1238 2067 Stvnixvi‘rmonunus
1250 2058 1257 2066 .
1276 2038 1349 2067 Vide
1357 2042 1588 2069 Invitatort'anus
1598 2060 1605 2068 .

113 2074 312 2103 Caeremoniaii
332 2076 460 2104 Romano
478 2074 677 2113 Christophori
693 2076 816 2104 Marcelli
837 2087 905 2114 prae—
919 2078 1074 2107 SunirATA
1086 2099 1094 2110 ,
1104 2081 1131 2106 a&
1141 2080 1280 2108 subitatio
1289 2099 1296 2107 .
1308 2079 1381 2108 Vide
1391 2080 1484 2108 subito
1494 2100 1502 2108 .

113 2114 222 2153 iiriptae
231 2136 238 2147 ‚
259 2125 317 2153 qum
328 2113 393 2144 sunt
401 2114 444 2144 hae
456 2126 464 2146 5
480 2117 647 2154 comparebit
658 2116 764 2145 Electus
775 2117 904 2147 Pontifex
920 2119 1031 2147 Sumro
1043 2140 1050 2151 ‚
1073 2119 1184 2147 verbum
1194 2141 1202 2152 ‚
1229 2119 1296 2148 idest
1306 2141 1314 2152 ‚
1335 2119 1482 2149 confestim
1503 2121 1587 2150 venio
1599 2143 1608 2155 ,
1629 2121 1686 2151 five
1705 2132 1738 2151 eo
1749 2144 1756 2150 .

113 2154 226 2183 indutus
244 2154 358 2184 rocheto
369 2177 376 2188 ,
394 2165 455 2184 cum
464 2155 564 2184 amistn
573 2155 688 2194 desuper
698 2156 826 2195 impofito
838 2179 846 2191 ‚
868 2158 905 2187 ita

114 2204 145 2223 ut
156 2205 190 2224 eo
208 2204 288 2234 caput
300 2195 382 2234 poslit
392 2197 467 2235 tegis
487 2197 618 2225 vestietur
626 2197 683 2226 alba
694 2218 702 2229 ,
722 2198 836 2236 cingulo
846 2220 855 2232 ‚
877 2202 904 2228 ἀ

112 2235 228 2273 pluviali
240 2258 246 2268 ,
265 2245 295 2264 ut
303 2247 316 2265 a
327 2237 402 2265 collo
411 2246 500 2266 totum
520 2237 638 2275 pendeat
647 2239 707 2276 post
717 2247 825 2276 tergum
845 2249 904 2268 cum

111 2276 196 2305 mitra
206 2277 236 2305 in
245 2277 334 2315 capite
347 2288 356 2307 ς
377 2277 456 2306 saciet
464 2277 664 2307 confeffionem
676 2288 737 2306 tum
755 2279 905 2308 Celebran—

111 2325 139 2345 te
152 2327 159 2347 ς
182 2318 257 2356 leget
267 2318 419 2348 Introitum
436 2318 466 2346 in
477 2322 532 2354 ejus
542 2317 645 2355 throno
654 2340 662 2351 ,
682 2329 708 2347 ac
718 2319 781 2347 alias
801 2321 905 2349 oratio—

108 2366 154 2386 nes
165 2378 172 2389 ,
195 2368 225 2386 ut
236 2359 319 2386 moris
329 2358 368 2387 est
381 2371 387 2387 :
411 2369 535 2398 tempore
543 2359 698 2388 litaniar'um
708 2360 903 2398 gcnuflestatur

106 2397 135 2426 in
147 2397 299 2429 faldistorio
310 2399 366 2429 {ine
376 2400 457 2430 mitra
467 2421 476 2435 ‚
498 2404 525 2431 ὃς
536 2399 684 2440 Episcopus
698 2400 727 2429 in
738 2399 852 2431 scabello
869 2403 901 2431 ad

962 2165 975 2194 [
984 2160 1057 2188 Cum
1067 2159 1198 2187 militibus
1206 2158 1258 2188 suis
1270 2160 1398 2198 Princeps
1407 2170 1521 2199 reperite
1531 2161 1670 2191 subitavit.
1682 2165 1756 2192 Pon-

961 2200 1013 2228 tius
1023 2199 1053 2227 in
1066 2200 1121 2227 vita
1140 2200 1164 2228 S.
1174 2200 1332 2238 Cypriam]
1353 2201 1416 2230 Imo
1425 2200 1499 2230 idem
1519 2203 1629 2231 sanetus
1637 2203 1758 2240 Cypria-

962 2250 1029 2272 nus,
1049 2240 1126 2278 epist.
1140 2250 1184 2274 57.
1194 2241 1281 2269 utitur
1289 2241 1388 2270 codem
1410 2242 1495 2271 verbo
1505 2242 1534 2270 in
1557 2242 1758 2280 fignificatione

960 2280 1060 2319 passiva
1073 2292 1078 2308 :
1094 2286 1106 2315 [
1118 2280 1163 2309 Ut
1174 2290 1298 2319 appareat
1308 2292 1393 2321 nuper
1401 2280 1533 2312 subitatos
1546 2281 1596 2311 esse
1607 2303 1614 2315 ,
1625 2286 1653 2311 δε
1663 2293 1756 2317 novae,

960 2331 1040 2360 atque
1049 2319 1165 2350 insuetae
1177 2323 1214 2350 rei
1229 2331 1331 2360 pavore
1342 2322 1485 2361 trepidasse
1497 2325 1526 2354 .]
1548 2326 1640 2361 Atque
1650 2323 1687 2352 D.
1698 2326 1758 2354 Au-

957 2362 1082 2401 gustinus
1092 2381 1100 2394 ,
1122 2361 1200 2390 hom.
1211 2373 1256 2394 27·
1267 2372 1300 2391 ex
1312 2363 1410 2392 eodem
1423 2364 1505 2392 verbo
1524 2373 1627 2392 nomen
1645 2364 1758 2404 adieffi-

963 2412 1028 2435 vum
1040 2402 1170 2432 formavit
1184 2424 1193 2438 ,
1213 2403 1363 2443 inquiens?
1387 2404 1529 2440 [Subitata
1540 2425 1548 2438 ,
1567 2408 1596 2435 δε
1613 2404 1756 2443 inopinata

1669 2445 1717 2474 du.-
