1866 2526
116 53 196 93 454
455 37 504 81 N
535 38 572 79 Ε

1240 34 1358 79 NE

61 98 215 127 NEAPoLis
231 122 235 130 ,
254 94 416 136 Campaniae
432 95 544 125 Civitas
554 115 561 123 .
579 95 637 125 PR.
651 103 776 132 tempore
787 90 1026 131 Rogerii³Ni÷Mus
1038 111 1045 119 .
1058 92 1115 121 FR.
1126 102 1219 126 nemo,
1228 94 1333 123 nullus.
1357 101 1368 130 [
1380 92 1451 130 Quia
1461 104 1554 124 nemus
1566 92 1662 122 rec'tius
1673 91 1764 122 custos,

104 137 206 167 Siciliae
219 137 305 176 Regis
312 139 390 171 MM.
401 137 494 166 CCC.
506 140 533 165 δ(
543 136 650 166 LXIII.
661 135 744 174 pafl‘us
753 133 883 163 circuibat
896 153 903 159 0

107 178 189 207 Falco
200 181 352 210 Benevent.
363 178 393 206 in
405 179 462 213 ejus
471 176 568 206 chron.
578 186 643 204 ann.
657 186 667 204 1
675 186 742 210 240.

962 132 1137 176 praeponitur
1159 133 1224 162 vita:
1237 135 1334 164 alienae
1344 156 1353 168 ,
1372 145 1452 174 quam
1473 135 1520 174 qui
1539 134 1610 174 prius
1621 133 1709 162 custos
1721 133 1756 162 fa-

962 173 1018 201 stus
1029 181 1094 201 vitae
1106 171 1159 202 suae
1169 193 1178 201 .
1188 175 1243 206 Ivo
1252 174 1457 214 Carum-epist.
1469 188 1484 206 ε,
1493 186 1535 214 1).

64 220 198 252 Nauio,
209 230 249 248 as·
260 221 316 249 FR,
328 219 451 251 verbum,
458 217 599 247 obscurare
609 219 657 250 ,ὃς
665 215 812 254 denigrare
822 212 906 251 signi-
918 213 1023 242 >Numa
1035 234 1042 245 ‚
1065 211 1121 241 five
1137 218 1234 244 Nania
1243 235 1252 248 ,
1273 216 1366 245 oratio
1385 215 1502 246 funebris
1514 236 1521 243 .
1546 216 1619 245 Vide
1635 213 1758 246 fletobo-

105 259 184 291 fleat,
197 265 209 294 [
220 260 331 298 Semper
341 259 455 297 cupiunt
465 257 641 296 splendorem
649 278 657 290 ,
668 260 695 285 δ(
705 265 790 294 genus
800 257 904 283 Roma-
920 283 923 286 Α
964 257 1053 282 tomia
1064 274 1072 285 ,
1091 255 1196 283 Threni
1207 275 1215 283 .

103 299 136 328 ni
145 300 265 328 nominis
275 300 398 328 nebulare
408 319 415 326 .
426 300 451 328 S.
463 298 563 330 Vidor
573 297 689 330 Uticen.
700 296 747 324 lib.
763 306 789 333 3.
799 294 833 322 de
843 304 904 332 per·
921 295 1084 323 Ni-:ocoitus
1095 315 1102 322 .
1117 296 1174 324 FR-
1185 293 1299 334 νεωκόρυ;
1329 296 1425 335 templi
1435 296 1532 330 custos,
1542 296 1589 335 qui
1598 296 1694 325 titulus
1705 295 1757 324 Ci-

106 339 191 369 secut.
204 340 319 370 Vandal.
332 341 344 371 ]
364 339 398 368 de
408 339 541 368 Vandalis
552 337 692 376 loquitur.

60 383 249 410 Nrcisssmns
263 401 270 408 .
294 383 351 409 FR.
363 380 465 418 duplex
477 401 485 412 ‚
507 379 621 417 simplex
631 399 639 410 ,
650 385 759 415 nempe,
770 380 798 405 ὅ(
807 376 903 405 condi-

106 422 218 450 tionalis
230 443 237 455 ‚
249 431 310 456 can.
322 421 389 450 valis
399 421 447 448 irs-<3
458 441 466 453 ,
489 431 535 454 24.
547 431 573 458 q.
587 430 614 453 4.

67 463 290 498 Nrezssirosus
303 480 312 495 5
333 471 433 500 egenus
443 482 451 493 ,
462 464 488 488 ὅ(
503 461 602 498 pauper
613 479 620 486 .
642 458 736 493 [Quia
749 455 838 485 missiis
848 457 892 485 Im

109 504 242 542 peratoris
253 511 310 531 erat
320 523 328 534 ,
350 506 377 530 ἃ
388 501 505 538 capitula
518 500 598 538 ipiius
615 509 665 537 pro
675 497 848 527 defensandis
858 496 904 525 ad-

107 544 187 572 venis
197 566 204 577 ‚
216 548 243 572 ὃ(
255 541 418 571 necellitolis
428 541 540 569 habebat
551 561 558 568 .
576 539 719 568 Flodoard.
729 539 776 566 lib.
789 549 814 576 3.
837 536 903 566 hist-

106 586 225 613 Remen.
235 593 292 621 cap.
305 584 372 613 26.]
393 582 468 620 quod
476 581 546 620 saepe
558 579 677 619 usurpari
688 579 797 608 videtur
807 589 820 606 a
829 577 902 606 scri-0

108 625 230 663 pror-ibus
255 623 328 651 illius
349 622 439 651 saeculi
449 643 456 650 .

963 334 1092 362 vitatibus
1103 335 1159 363 illis
1175 335 1362 369 tribuebatur,
1383 337 1414 365 in
1423 337 1517 375 quib'us
1526 338 1637 377 aliquod
1651 337 1756 365 celebre

963 375 1096 413 templum
1106 376 1296 414 reperiebatur,
1309 377 1538 415 quemadmodum
1549 377 1599 406 fuit
1611 378 1679 406 illud
1690 375 1758 405 Dia-

963 426 1006 443 nae
1019 415 1160 452 Ephesium
1173 437 1180 443 .
1198 417 1320 446 Salderus
1329 428 1397 445 vero
1406 417 1523 446 credidit
1531 417 1648 453 ejusdem
1659 418 1758 456 tempii

964 456 1116 484 Custodem
1126 457 1292 500 appellatum
1303 456 1378 489 fuist‘e
1387 463 1534 487 Neocomm
1544 470 1555 491 ,-
1576 457 1623 487 sed
1632 469 1664 487 ex
1679 466 1756 487 textu

959 495 1163 533 Theophylaffl
1184 508 1242 536 cap.
1267 510 1310 534 ¹9·
1331 498 1402 527 clare
1422 498 1618 531 convincitur,
1640 500 1683 528 ubi
1703 500 1737 526 ait
1750 510 1755 524 :

964 537 1074 571 [Unde
1086 537 1205 575 Ephesus
1217 540 1314 567 Dianae
1325 540 1470 568 Neocoros
1479 538 1616 567 dicebatur
1627 550 1635 570 ς
1654 542 1666 571 ]
1681 538 1757 568 Licet

961 587 1057 605 verum
1067 578 1110 610 sit,
1122 579 1196 617 quod
1205 580 1353 618 aliquando
1364 579 1515 617 adulatorie
1523 578 1578 608 hoc
1589 589 1693 611 nomen
1702 581 1758 608 Im-

961 619 1129 656 perator-ibus
1140 620 1306 650 tribuebatur
1315 640 1323 648 .
1754 634 1759 637 ’

66 664 369 697 Nnco.FR-idest,non
379 664 431 692 alo.
442 662 530 692 Giossl
542 662 571 691 in
580 672 639 690 can.
651 661 723 689 inter
733 669 842 693 caetera,
856 670 902 688 22.
917 659 1083 692 ‚Nromrmi
1096 682 1102 691 ,
1112 657 1238 696 νεομῖωιά
1250 681 1257 688 .
1270 661 1313 690 Est
1325 671 1398 690 nova
1410 661 1472 689 luna
1484 682 1491 693 ,
1504 660 1591 698 prima
1601 660 1661 689 dies
1668 659 1739 688 lunae
1752 682 1758 691 ,

106 705 200 744 quaest.
219 717 246 740 4.

65 748 290 777 Necnorooum
302 767 309 778 ,
319 742 494 784 νεκρολάγιον,
506 753 681 771 mortuorum
689 741 836 779 catalogus,
849 750 903 778 quo

107 787 239 816 vocabuio
251 786 309 814 usus
320 786 357 814 est
368 786 440 814 Beda
451 786 481 814 in
490 784 553 813 hist.
568 784 720 822 Anglicana
732 782 778 810 lib.
792 793 818 817 4.
829 792 851 808 c.
860 792 867 808 1
876 791 902 815 4.

106 827 221 857 Dicitur
232 827 312 855 etiam
321 828 477 855 Obttorium
488 848 494 853 .
506 827 579 854 Item
588 828 615 852 ὅ(
627 824 828 852 calendarium
839 843 847 854 ‚
867 821 903 848 ita

108 867 235 898 Anseim.
250 869 295 895 lib.
312 879 333 895 i.
345 877 386 904 ep.
400 879 413 896 2
423 867 551 904 1.inq11it
562 886 568 892 .
582 871 594 900 [
607 866 659 893 Vir
670 864 717 892 ille
727 863 791 901 ‚qui
802 873 815 890 a
827 861 903 890 nobis

105 919 192 946 nuper
203 909 322 936 moriens
330 907 494 942 monachum
505 905 616 944 sumpfit
627 904 749 933 habitum
760 925 768 937 ,
791 903 810 931 si
820 902 904 930 etiam

962 698 1008 728 seu
1021 701 1134 729 meniis.
1152 702 1207 730 PR.
1228 704 1309 730 LXX.
1332 702 1475 739 quodlibet
1487 701 1654 740 principium
1665 700 1760 728 mensis

960 744 1139 769 Neomenias»
1152 751 1390 770 verteruntzomne
1400 742 1473 771 enim
1484 742 1582 770 mensis
1593 740 1763 779 principium

961 781 1031 818 apud
1042 782 1171 809 Hebraeos
1183 783 1376 821 vvenerabatur;
1387 781 1434 810 sed
1444 783 1472 810 ab
1482 780 1608 820 operibus
1619 780 1759 810 servilibus

961 832 1018 850 non
1029 820 1161 850 ceflabant
1174 846 1177 848 .
1197 824 1237 850 D.
1248 823 1438 857 Hieronymus
1448 825 1608 852 Neomenias
1628 821 1759 851 Kalendas

959 862 1162 900 interpretavit.
1175 863 1314 891 Abulenfis
1323 873 1399 896 vero,
1408 867 1436 892 ὃ(
1447 865 1677 899 Lyranus‚1v0vus
1688 861 1761 899 defe-

961 905 1018 931 aus
1028 909 1106 932 Luna
1120 903 1325 935 transtulerunt.
1336 904 1409 932 Vide
1418 904 1568 932 Sabbatum
1579 902 1760 940 trigesimum.

103 949 327 978 benedit‘lionem
348 948 502 986 ass'umpsit5
535 946 664 975 mandate
685 945 763 973 nobis
784 953 903 977 nomen,
920 944 1105 972 Nropurtax
1120 964 1127 975 ,
1138 940 1271 981 νεσᾳύλαξ
1283 966 1289 976 ,
1303 944 1389 971 custos
1401 944 1498 981 templi
1511 963 1518 970 .

108 993 135 1018 δ(
149 990 224 1018 diem
233 990 323 1018 obitus
336 993 390 1025 ejus
401 1010 409 1021 ,
430 998 459 1017 ut
481 989 511 1016 in
524 987 616 1016 nostro
626 985 796 1016 calendario
805 982 904 1012 scriba·
920 984 1100 1012 Nropmrus
1112 1005 1118 1016 ‚
1131 980 1247 1019 νεᾰᾳυγυς
1259 1005 1266 1016 ‚
1279 994 1372 1012 recens
1383 984 1530 1022 plantatus,
1542 993 1629 1022 nuper
1639 981 1761 1022 genituS,

107 1041 151 1058 tur
165 1051 171 1057 .

68 1074 306 1103 Nammores,
317 1067 466 1109 νεκροφόρος,
477 1071 600 1108 capulus,
608 1066 818 1106 pollinfforfive
831 1069 903 1093 mor·

108 1122 220 1140 tuorum
229 1112 336 1140 delator
348 1132 355 1138 .
367 1111 439 1139 Vide
450 1113 621 1139 Funerarius
632 1131 640 1141 ,
659 1114 814 1136 Funerator
822 1127 830 1139 ‚
841 1111 904 1134 Por-

109 1156 200 1181 ticam
211 1174 217 1185 ,
237 1152 451 1189 Sandaptlarius
463 1172 470 1183 ‚
494 1151 601 1188 Vespillo
611 1170 617 1177 .

65 1195 280 1224 Necnornrrffi
294 1214 301 1225 ‚
314 1190 466 1229 v2m909i1'7m
478 1217 483 1226 ,
494 1201 534 1219 res
544 1189 668 1222 mortuis,
678 1188 757 1222 idest,
769 1187 857 1217 Idolis
866 1185 905 1215 sa-

97 1233 236 1268 ,crificatae
250 1245 255 1260 :
277 1231 500 1272 quandoquidem
511 1232 622 1260 Idolum
639 1240 780 1259 mortuum
790 1230 843 1257 alio
855 1237 902 1255 nor

107 1275 182 1303 mine
192 1272 480 1312 appella²atur÷Vide
489 1277 618 1301 Mortuus
631 1292 637 1298 .
650 1272 661 1301 ]
673 1271 700 1298 Si
712 1281 779 1309 ergo
791 1269 881 1308 gulam
894 1288 901 1299 ‚

107 1320 136 1345 ὃ(
147 1324 273 1343 venirem
284 1314 314 1341 ab
324 1312 540 1350 inquinamentis
552 1312 695 1340 liberamus
705 1333 713 1344 ‚
735 1320 839 1350 quanto
850 1318 905 1335 mn-

106 1356 148 1396 gis
160 1354 312 1394 augustiora
324 1353 422 1386 nostra,
433 1354 525 1382 oculos
537 1375 544 1385 ‚
556 1356 584 1381 ὃ(
595 1362 671 1380 aures
682 1352 712 1379 ab
725 1349 905 1384 idolothytis,

107 1401 136 1426 ὅ(
147 1394 320 1430 necrothytis
339 1394 525 1432 voluptatibus
541 1393 700 1421 abstinemus
713 1396 721 1422 ?
743 1391 859 1422 Tertull.
872 1389 905 1417 de

108 1437 223 1476 spefiac.
245 1445 302 1474 cap.
330 1445 373 1472 ¹3·

64 1481 265 1509 NEDFRATRES
279 1497 287 1509 ,
309 1474 451 1504 luminaria
463 1497 470 1508 ,
491 1475 547 1504 five
566 1473 726 1503 incendium
736 1470 906 1510 superstitio-

108 1518 167 1547 sum
178 1517 339 1546 rusticorum
352 1515 382 1544 in
400 1515 468 1545 sesto
481 1517 506 1544 S.
517 1517 562 1553 J0.
572 1518 637 1553 Bap.
651 1515 679 1542 in
691 1517 764 1549 cujus
777 1513 856 1540 noete
869 1510 907 1538 su-

110 1559 151 1588 nis
163 1558 294 1597 ligabatur
303 1557 337 1585 ad
347 1556 449 1594 palum,
464 1567 515 1595 qua
525 1555 667 1584 hincinde
677 1555 788 1593 agitata,
800 1556 827 1580 ὃ(
841 1562 908 1579 con-

110 1599 205 1628 fricata
220 1621 225 1631 ,
247 1609 280 1627 eo
289 1606 366 1626 motu
377 1597 546 1625 excitabatur
557 1596 628 1634 ignis
639 1617 645 1628 ‚
667 1597 699 1623 :d
712 1604 793 1633 quem
806 1592 907 1621 deinde

108 1640 286 1678 imponebant
298 1639 440 1667 stramenta
449 1659 457 1670 ,
477 1641 504 1666 ὅ(
517 1636 612 1666 similia
622 1633 715 1674 pabula
726 1637 842 1663 flammae
855 1653 862 1665 ,
881 1642 908 1660 ac

112 1682 215 1709 cineres
225 1678 421 1707 conservabant
432 1699 439 1710 ,
450 1678 483 1706 ad
493 1688 534 1706 eas·
545 1687 574 1706 in
584 1676 684 1715 campis
694 1673 887 1713 dispergendas
901 1694 908 1705 ‚

111 1731 204 1750 erucas
222 1719 362 1749 frondium
385 1719 549 1747 derodentcs
568 1718 616 1746 tali
638 1726 729 1745 cinere
740 1714 830 1744 necari
843 1713 909 1741 fallo

111 1761 225 1800 persuasi
235 1772 244 1792 ς
255 1761 289 1789 de
302 1770 352 1798 qua
363 1758 557 1797 superstitione
567 1758 597 1787 fir
609 1757 716 1785 mentio
726 1756 755 1784 in
767 1757 804 1790 Sy
812 1755 885 1782 nodo
896 1763 910 1780 a

107 1804 138 1831 S.
152 1801 295 1831 Bonifatio
306 1803 373 1838 Papa
384 1800 483 1828 Caroli
494 1799 591 1837 Magni
610 1807 735 1836 tempore
753 1796 891 1827 (celebrata
902 1814 910 1826 ,

113 1843 158 1872 ubi
168 1842 210 1871 his
222 1841 308 1870 verbis
319 1839 438 1878 exprefle
451 1839 628 1877 prohibetur:
650 1841 662 1870 ]
675 1838 740 1867 Sive
759 1837 820 1864 illos
830 1834 911 1863 sacri-

112 1885 188 1921 legos
200 1883 279 1921 ignes
289 1904 296 1915 ,
314 1892 381 1920 quos
393 1881 541 1909 nedfratres
551 1888 652 1908 vocant
664 1900 670 1906 .
684 1881 695 1909 ]
708 1877 805 1915 Aliqui
816 1877 912 1914 legunt

112 1924 268 1962 Netfmtrrr
280 1944 287 1955 ,
308 1922 357 1950 alii
367 1921 509 1959 Nefratres
521 1943 527 1953 ,
550 1924 578 1949 ὃ(
587 1921 635 1948 :ilii
645 1919 723 1957 Nefri
733 1930 744 1952 ,-
763 1916 809 1945 sed
820 1916 914 1944 corda-

112 1975 197 1992 tiores
207 1963 367 2001 Nedf'ratres
381 1963 471 2000 legere
485 1962 591 1989 malunt
602 1983 609 1993 ,
632 1970 692 1988 cuin
702 1970 734 1987 ex
749 1958 857 1986 vocibus
868 1967 914 1984 an-

110 2004 189 2042 glicis
200 2003 354 2041 Nood-frter
366 2024 373 2034 ‚
384 2003 452 2030 idest
464 2023 471 2034 ,
483 2000 640 2030 necessarius
652 2000 725 2039 ignis
737 2021 743 2032 ‚
753 1999 893 2027 derivetur
907 2019 914 2030 ,

115 2044 178 2081 quia
190 2045 268 2072 illum
280 2044 312 2071 ad
332 2044 505 2071 fertilitatem
514 2042 670 2081 germinum
684 2039 857 2068 necessarium
867 2048 915 2076 pu-

113 2085 207 2112 tabant
218 2105 224 2112 .

75 2128 249 2153 Νῐῡῑιοεκῑ
260 2135 299 2152 ia.
311 2125 367 2153 IR-
378 2124 411 2151 iic
423 2124 564 2156 definitur,
575 2120 758 2161 Negligentia
769 2120 806 2148 est
818 2129 917 2149 nover-

115 2176 143 2193 ca
153 2165 324 2193 Eruditionis
333 2185 342 2201 ,
355 2175 414 2192 can.
427 2164 499 2191 nihil
512 2185 519 2196 ‚
531 2163 592 2191 dist.
608 2168 652 2200 83.
665 2166 700 2191 Et
712 2160 868 2200 ignorantia
878 2160 917 2188 est

115 2216 201 2233 mater
213 2209 373 2233 cunctorum
383 2214 505 2232 errorum
517 2225 525 2237 ‚
545 2215 603 2232 can.
619 2214 641 2231 i.
653 2203 716 2231 dist.
728 2212 740 2239 3
750 2206 773 2229 8.

961 1035 993 1052 ex
1004 1020 1054 1054 νέον
1064 1045 1071 1055 ,
1083 1031 1167 1061 nuper
1178 1045 1186 1056 ‚
1199 1028 1225 1052 δε
1237 1025 1321 1053 verbo
1332 1022 1385 1064 φιῖω
1394 1046 1402 1057 ,
1414 1027 1492 1062 gigno
1502 1025 1613 1064 ,planto
1625 1036 1630 1051 :
1644 1024 1708 1052 inde
1726 1023 1762 1050 12—-

963 1064 1015 1092 tini
1027 1063 1126 1092 foetum
1137 1074 1245 1102 partum
1254 1065 1386 1094 dixerunt
1397 1085 1403 1093 .
1416 1063 1564 1103 Neophyti
1576 1075 1589 1092 a
1603 1064 1699 1093 saneto
1711 1064 1762 1091 Ze-

961 1115 1036 1134 none
1045 1104 1125 1133 serni.
1137 1112 1163 1134 6.
1173 1105 1204 1133 ad
1215 1105 1328 1144 Neoph.
1340 1106 1512 1144 appellantur
1520 1106 1668 1143 Triponaies
1679 1104 1765 1132 homi-

963 1157 1009 1174 nes
1024 1166 1030 1173 .
1050 1147 1122 1174 Item
1133 1148 1283 1184 Neophytus
1297 1146 1446 1185 aliquando
1465 1145 1599 1184 fignificat
1618 1144 1762 1173 hominem

961 1187 995 1215 ad
1004 1186 1091 1215 sacros
1111 1187 1222 1220 ordines
1234 1208 1241 1220 ,
1264 1188 1307 1216 vel
1325 1188 1357 1215 ad
1368 1186 1560 1226 Episcopatum
1585 1194 1762 1224 promotuum

963 1228 996 1256 lic
1014 1227 1088 1255 enim
1103 1228 1183 1256 verba
1194 1228 1240 1255 illa
1253 1227 1398 1266 Apostoli,
1412 1228 1502 1262 [Non
1511 1225 1697 1264 Neophyrum
1707 1247 1715 1258 ‚
1728 1235 1762 1253 nr:

962 1268 991 1295 in
999 1267 1150 1306 superbiam
1161 1269 1246 1296 elatus
1256 1289 1263 1299 ,
1284 1269 1389 1296 incidat
1402 1268 1430 1296 in
1443 1267 1576 1301 judicium
1586 1266 1714 1296 Diaboli.
1741 1275 1762 1292 1.

962 1309 1068 1337 Timor.
1079 1318 1136 1346 cap.
1151 1310 1199 1345 3.]
1213 1308 1409 1347 intelliguntur
1420 1329 1426 1335 .
1438 1309 1510 1336 Nam
1521 1307 1551 1335 in
1562 1306 1704 1345 primitiva
1715 1309 1764 1334 Ec-

961 1349 1038 1377 clesia
1048 1358 1142 1377 omnes
1152 1370 1159 1381 ,
1179 1352 1205 1376 ὃς
1216 1349 1324 1387 ipsimet
1344 1349 1472 1387 Apostoli
1494 1358 1571 1376 erant
1595 1345 1743 1385 Neophyti
1758 1367 1764 1376 ,

962 1399 1029 1428 ergo
1040 1399 1097 1417 non
1118 1388 1152 1417 de
1162 1388 1329 1418 Christianis
1351 1390 1432 1418 novis
1449 1389 1479 1417 in
1498 1388 1551 1416 fide
1570 1388 1606 1416 ibi
1616 1386 1763 1425 Apostolus

964 1429 1138 1460 intellexerat
1151 1440 1158 1460 ς
1178 1429 1225 1458 sed
1236 1430 1270 1458 de
1280 1430 1396 1459 novitiis
1407 1430 1434 1457 in
1445 1428 1628 1458 ecclesiasticis
1639 1427 1761 1455 ministe-

963 1470 1100 1509 riis‚,quos
1111 1470 1144 1498 ad
1155 1469 1349 1508 Episcopatum
1360 1469 1442 1499 evehi
1453 1469 1619 1507 reprobavit.
1631 1471 1687 1497 PR.
1702 1467 1765 1496 Un-

965 1511 1000 1539 de
1010 1511 1094 1549 gratis
1103 1510 1217 1548 quidem
1226 1511 1336 1539 Salelles
1348 1520 1415 1538 tom.
1442 1521 1464 1538 1.
1483 1509 1516 1537 de
1528 1509 1655 1547 Inquilit.
1676 1507 1766 1545 prole-

965 1561 1039 1590 gom.
1056 1563 1097 1579 10.
1113 1558 1171 1578 n.6.
1184 1561 1312 1589 tanquam
1322 1550 1459 1579 summum
1468 1549 1648 1588 privilegium
1661 1548 1766 1576 Doeio-

966 1591 1001 1619 ris
1011 1591 1138 1630 gentium
1152 1590 1226 1619 suill'e
1238 1601 1385 1631 exaggerat
1398 1613 1405 1624 ,
1426 1590 1500 1629 quod
1511 1589 1583 1618 idem
1595 1599 1689 1617 contra
1700 1597 1768 1625 prae-

966 1632 1066 1660 distant
1076 1635 1130 1666 ejus
1140 1632 1348 1660 ordinationem
1359 1654 1366 1664 ‚
1391 1632 1516 1660 Sanctum
1527 1631 1653 1658 Publium
1663 1629 1765 1657 Melite

966 1672 1126 1710 Principem
1136 1672 1280 1700 novellum
1300 1672 1329 1700 in
1340 1672 1394 1701 fide
1415 1672 1445 1700 in
1454 1669 1576 1707 ejusdem
1586 1668 1688 1698 Insula:
1700 1669 1750 1706 Epi
1758 1685 1768 1690 ·

966 1712 1077 1751 scopum
1087 1713 1227 1740 ordinarat
1238 1724 1245 1743 3
1257 1714 1324 1741 benc
1334 1723 1426 1741 tamen
1435 1712 1488 1740 dici
1500 1709 1584 1750 posset
1593 1731 1602 1743 ‚
1612 1709 1672 1742 effe,
1685 1709 1769 1736 nimi-

967 1763 1026 1782 rum
1037 1774 1044 1785 ,
1056 1753 1193 1792 praedistae
1206 1754 1306 1793 regulae
1319 1754 1447 1792 Apostoli
1457 1752 1665 1789 exceptionem,
1685 1749 1704 1777 fi
1717 1748 1768 1777 ille

968 1794 1101 1831 Princeps
1114 1793 1269 1832 pcrsaltum
1288 1794 1321 1822 ad
1330 1794 1432 1821 metum
1445 1791 1635 1830 Episcopatum
1659 1799 1768 1827 promo-

970 1844 1011 1862 tus
1022 1834 1109 1862 fuiss‘et
1118 1855 1125 1861 .
1136 1833 1284 1872 Neophyti
1295 1834 1384 1872 igitur
1394 1833 1523 1861 dicuntur
1535 1832 1610 1861 Laici
1619 1853 1627 1864 ‚
1650 1831 1697 1869 qui
1710 1831 1770 1857 nul-

968 1876 997 1903 lo
1006 1875 1113 1912 praevio
1126 1875 1310 1903 Ecclesiastico
1328 1874 1428 1902 ordine
1447 1874 1481 1901 ad
1495 1871 1687 1910 Episcopatuin
1707 1881 1771 1908 pro-

970 1925 1119 1943 moventur
1131 1926 1137 1945 ,-
1150 1926 1182 1943 ex
1194 1913 1246 1942 hoc
1256 1915 1332 1943 enim
1342 1915 1430 1953 capite
1441 1913 1609 1951 Neophytus
1620 1910 1770 1950 appellatus

971 1956 1060 1984 fuerat
1069 1955 1184 1984 Photius
1196 1956 1224 1983 in
1236 1957 1288 1983 IV.
1301 1955 1518 1991 Constantinop.
1530 1953 1644 1982 Concil.
1653 1951 1720 1980 can.
1742 1962 1770 1985 4.

970 2000 997 2025 ὅ(
1007 1998 1096 2025 Patres
1108 1996 1144 2024 ibi
1157 1995 1230 2024 illius
1240 1995 1450 2024 Patriarchalem
1460 1994 1625 2022 elestionem
1647 1992 1751 2020 nullam
1762 2012 1770 2023 ,

970 2037 1160 2065 &invalidam
1171 2037 1205 2065 ob
1218 2036 1246 2064 sti
1257 2037 1425 2065 declararunt
1437 2057 1445 2067 ‚
1465 2045 1523 2063 non
1532 2034 1594 2072 quia
1612 2043 1668 2062 erat
1688 2032 1771 2063 fidei,

970 2076 1019 2105 sed
1037 2077 1169 2105 ordinum
1189 2077 1429 2105 ecclesiasticorum
1449 2074 1635 2113 Neothtus5
1666 2072 1771 2101 constat

968 2119 1047 2153 >enim
1059 2117 1138 2146 illum
1153 2128 1166 2146 a
1177 2117 1325 2146 nativitate
1335 2117 1503 2155 baptizatum
1513 2113 1605 2147 fuisse,
1623 2124 1690 2152 ergo
1711 2123 1770 2140 tan-

970 2168 1049 2197 quam
1061 2158 1091 2186 in
1111 2158 1349 2186 administratione
1369 2159 1512 2186 Sacrorum
1530 2156 1674 2186 novellus,
1695 2154 1771 2181 Neo-

971 2199 1072 2237 phytus
1091 2199 1238 2237 appellatus
1269 2198 1319 2226 fuit
1331 2219 1338 2226 .
1362 2198 1441 2226 Idem
1468 2196 1584 2226 photius
1603 2192 1770 2231 Neophytus

970 2241 1055 2267 etiam
1069 2239 1098 2267 ab
1110 2241 1200 2274 ivone
1209 2238 1376 2267 Carnotenfi
1389 2231 1770 2275 epist-285.appellatur.Un-

969 2280 1003 2308 de
1015 2282 1134 2317 joannes
1146 2282 1216 2317 Papa
1230 2281 1315 2313 VIII.
1328 2279 1439 2317 quando
1451 2279 1483 2306 ad
1503 2276 1657 2305 instantiam
1676 2275 1771 2308 Augu-

970 2321 1072 2349 storum
1083 2330 1137 2358 prae
1143 2320 1221 2347 fatam
1232 2320 1395 2348 electionem
1406 2316 1609 2348 reinvalidavit‚
1619 2312 1721 2342 eisdem
1732 2320 1769 2339 ita

967 2360 1128 2400 scripserat,-
1149 2360 1215 2396 [Ut
1226 2360 1285 2400 post
1297 2369 1417 2390 mortem
1434 2357 1528 2388 Photii
1549 2355 1637 2384 fratris
1662 2350 1746 2421 nffilri
1759 2371 1768 2383 ,

1663 2403 1681 2422 n
1715 2410 1726 2413 -

73 2248 279 2275 Nffiorinrio
292 2265 298 2272 .
322 2245 395 2272 Vide
417 2248 613 2273 Litreratum.

76 2288 179 2315 Ninos
187 2297 236 2315 [tis
249 2307 256 2318 ,
277 2284 444 2313 nemorenfis
456 2306 463 2316 ,
483 2283 527 2312 seu
546 2283 690 2313 nemoralis
702 2304 708 2311 .
739 2283 799 2316 [In
817 2291 917 2309 novam

117 2327 225 2355 thecam
236 2325 393 2354 nemoscam
405 2347 412 2358 ,
425 2323 567 2353 honestam
579 2347 585 2356 ,
597 2323 786 2353 &notabilem
796 2313 925 2361 seposui-¹

112 2377 169 2396 mus
183 2387 189 2394 .
215 2369 248 2396 Iu
274 2368 330 2397 vita
353 2368 377 2397 S.
391 2366 529 2404 Vinrolei
542 2366 607 2395 Abb.
620 2375 646 2402 3.
668 2366 749 2393 Mart.
920 2355 925 2415 Ι
