1866 2526
145 76 192 116 32
202 76 222 103 2
309 104 313 107 χ
481 60 518 101 E
548 60 591 101 X

128 130 175 158 qu.
192 130 214 148 1.
225 112 443 157 exomologesim
453 139 461 151 ,
476 118 688 157 poenitentiam,
700 115 745 145 vel
755 115 916 146 satisfaftio-

128 171 193 189 nem
203 158 355 198 intelligit.
368 159 441 188 Vide
451 161 550 188 Baton.
562 169 606 187 an.
619 165 664 194 56.
678 169 704 186 n.
720 165 763 186 16.
779 169 822 191 17.
835 162 861 186 ὅ(
878 162 918 186 18.

125 201 172 230 De
180 198 351 229 confessione
361 211 426 229 vero
440 198 629 234 sacramentali
640 219 646 227 .
658 199 732 228 Vide
744 199 921 237 Confhffiosa-

123 241 304 270 crumentalis
315 262 324 273 ,
336 241 496 278 Humiltfico
507 260 515 268 .

82 284 222 312 EXONIA.
245 281 320 310 Vide
340 285 464 310 sunnia.

83 325 294 352 Exoitmnno
304 343 312 354 ,
324 322 449 351 deviatio
459 343 467 354 ‚
487 321 634 350 distractio.
647 327 658 355 [
669 321 793 358 Ideoque
805 324 831 349 δε
842 331 855 348 a
867 319 922 358 pti—

124 364 236 392 mordio
244 362 455 391 exorbitationis
463 362 713 401 capacem-Tertull.
724 362 758 389 de
767 361 920 396 aniius-4]

125 405 187 433 Ubi
205 404 239 433 de
249 403 363 433 homine
375 403 496 443 loquitur
506 424 513 435 ‚
532 402 579 441 qui
591 424 598 435 ,
617 401 748 430 nimirum
760 423 767 433 ,
790 411 921 439 quatenus

125 444 273 483 corporalis
283 445 314 474 sit
325 467 333 478 ,
343 445 374 473 ab
383 447 437 479 ejus
446 443 594 472 creationis
604 442 758 480 primordio
768 442 801 470 ad
811 443 921 474 vitium,

1271 57 1381 99 EX

976 118 1123 146 xercizare
1133 113 1164 144 in
1174 114 1228 144 hoc
1239 116 1301 145 loco
1310 117 1437 151 adjuvare
1449 112 1646 157 interpretatur
1656 128 1665 149 5
1682 117 1779 149 secun--

977 157 1010 185 da
1020 167 1086 185 vero
1096 156 1156 185 vice
1164 157 1391 186 exorcizabantur
1402 165 1466 187 ante
1475 155 1653 195 baptismum,
1662 169 1722 189 em,
1732 160 1778 190 de-

977 197 1043 226 hinc
1054 199 1153 226 iterum
1162 199 1356 227 exorcizantur
1367 219 1375 230 ,
1397 197 1492 227 eadem
1510 197 1571 226 dist.
1584 211 1610 234 4.
1621 199 1691 229 idest
1701 222 1710 234 ‚
1728 211 1779 240 ¹per

978 247 1032 267 tres
1042 239 1101 267 dies
1111 246 1174 265 ante
1183 238 1345 276 baptismum
1355 259 1362 266 .
1384 237 1484 267 Glofss
1495 238 1561 267 ibid.
1583 241 1733 279 Caeterum
1742 247 1780 270 E-

977 281 1094 317 xorctsta
1103 278 1205 306 dicitur
1214 279 1346 317 Defensor
1355 301 1362 312 ,
1384 279 1447 317 quia
1465 289 1562 318 corpus
1579 291 1592 309 a
1609 281 1780 312 daemonibus

977 318 1214 349 defendit.Glossa
1228 319 1258 346 in
1268 330 1326 348 can.
1338 319 1496 353 Monachus,
1505 321 1567 349 dist.
1577 333 1624 354 77.
1636 323 1680 351 De
1691 326 1782 353 Exor-

976 361 1049 389 cistis
1059 359 1230 388 mentionem
1251 359 1315 388 facit
1326 360 1492 389 'Valentinus
1502 362 1575 400 Imp.
1596 362 1652 390 inl.
1664 365 1778 399 Presby-

977 412 1050 429 teros
1060 401 1075 434 ,¹
1090 408 1118 429 6.
1136 401 1210 429 Cod.
1228 400 1262 428 de
1272 399 1362 439 Episc.
1372 404 1401 429 δε.
1411 401 1486 430 Cler.
1507 402 1580 431 Vide
1600 406 1760 442 Anagnesta
1769 425 1778 437 ,

977 442 1130 471 Probabilis
1141 462 1148 469 .

121 490 149 514 ἀ
159 486 191 514 ad
201 487 302 514 malum
313 485 409 514 devius
421 484 458 512 cst
469 505 477 516 ‚
489 494 517 511 :zc
528 483 670 511 distractus
681 503 687 510 .
708 484 743 510 In
754 482 852 511 eodem
861 482 921 510 sen-
937 488 1060 513 Exonno
1075 505 1082 516 ‚
1096 493 1146 520 pro
1157 481 1263 510 deorno
1275 504 1282 516 ‚
1296 462 1389 521 spolio
1399 502 1406 509 .
1419 483 1514 518 [Nam
1523 484 1652 522 {cclesias
1662 487 1692 514 Β,
1702 486 1779 515 Petri

122 526 153 554 su
161 528 199 556 D.
212 530 282 565 Aug.
296 532 307 561 [
321 525 481 554 Exorbitare
493 523 636 554 abitinere
647 522 791 562 sapientiae
803 545 811 557 ‚
834 523 882 552 lib.
892 534 921 560 9.

124 567 158 595 de
171 567 262 596 Civit.
272 567 326 595 Dei
339 568 351 597 ]
362 565 436 594 dixit
447 586 453 592 .

83 610 272 637 Exoucisms
283 629 290 640 ‚
314 602 485 644 ἔξορκισμός,
503 604 638 642 adjuratio
658 627 665 638 ,
688 615 702 633 a
724 606 809 634 verbo
830 615 921 644 graeco

122 647 249 687 ὲξαρκῖζω
258 668 264 680 ,
283 648 379 682 adjuro
390 668 397 679 ,
421 646 558 685 religione
567 646 709 685 obstringo
720 666 727 673 .

81 692 254 719 ExoumsTA
263 710 275 721 ‚
296 684 427 726 ε’ξορκιςῦς
436 708 444 719 ,
456 687 607 722 adjurator:
619 697 687 715 unus
698 698 730 715 ex
742 696 858 725 quatuor
870 685 920 714 rni-

124 730 234 758 noribus
256 728 415 759 ordinibus,
433 731 506 759 cuius
523 728 647 756 officium
666 727 703 755 cst
714 732 919 767 Eut-rgumenos

123 770 246 805 adjurare
257 790 263 797 .
286 768 384 798 Refert
394 768 464 796 Bedi
476 769 650 797 Salomonem
659 769 807 797 exorcistas
818 768 919 796 consti-

977 529 1004 553 &
1014 525 1089 552 Pauli
1101 533 1234 552 exornare
1247 523 1311 552 fecit
1321 527 1376 559 ejus
1386 522 1512 552 sanctitas
1524 545 1531 556 ‚
1543 528 1571 553 δ(
1580 527 1674 555 cuneta
1683 536 1780 556 corum

976 565 1084 593 cimelia
1104 569 1130 593 ἃ
1142 574 1253 592 ornatus
1272 565 1302 592 in
1321 563 1390 592 hanc
1400 563 1554 592 Civitatem
1564 567 1718 595 Romanam
1736 568 1779 596 in-

977 606 1103 634 troduxit
1113 627 1119 633 .
1133 605 1285 634 Anastasius
1296 603 1429 633 Biblioth.
1441 604 1471 632 in
1481 605 1605 634 Adriano
1616 607 1640 635 1.
1653 609 1666 638 ]
1678 609 1722 636 ubi
1735 619 1778 637 re-

979 647 1029 675 fert
1041 667 1047 679 ,
1068 647 1144 685 quod
1155 656 1267 683 propter
1285 655 1387 674 metum
1407 644 1515 673 hostilis
1524 646 1661 676 Defiderii
1670 650 1780 687 Longo-

976 688 1121 716 bardorum
1131 687 1219 725 Regis
1232 687 1364 715 adventus
1375 686 1403 714 in
1414 686 1533 719 Urbem,
1544 686 1673 715 Pontifex
1684 691 1779 718 omnia

975 727 1092 766 pretiosa
1101 736 1261 756 ornamenta
1273 728 1462 764 praedictarum
1473 728 1653 757 Ecclesiarurn
1665 729 1780 758 abstule-

976 778 1017 797 rat
1030 792 1037 802 ‚
1052 769 1120 798 &in
1131 778 1191 796 tuto
1200 767 1357 806 reposuerat
1366 788 1373 795 .

122 809 199 839 tuisse
210 832 217 843 ,
239 821 267 839 ac
278 821 323 838 eos
335 810 366 838 in
386 809 469 837 modo
480 809 658 837 exorcizandi
677 808 831 837 instruxiss'e
843 830 850 841 ,
874 819 918 837 au-
935 813 1033 839 Exons
1044 832 1051 838 .
1062 814 1145 838 Extra
1155 809 1256 837 sortem
1268 809 1377 847 positus.
1391 814 1402 843 [
1415 808 1550 838 Primitiae
1564 820 1630 849 ergo
1640 810 1779 849 quiescen-

124 852 228 880 stoi-em
247 850 359 879 afferens
371 849 519 887 Joseplium
530 848 668 878 hebraeum
680 871 688 881 ,
713 850 758 877 lib.
772 854 795 877 8.
806 860 828 878 c.
843 861 867 879 2.
880 853 916 878 A-

122 893 216 920 malar.
227 892 261 920 de
271 890 372 920 Eccles.
383 889 428 918 off.
439 891 484 918 lib.
499 903 523 919 ι..
533 900 590 928 cap.
602 902 630 926 9.
642 893 675 918 Et
686 890 822 929 Origines
834 901 856 918 c.
870 901 883 928 3
893 900 917 925 5.

123 932 154 961 in
166 931 267 960 Matth.
286 932 396 960 testatur
415 931 566 959 Salomonis
583 930 800 958 exorcismorum
820 931 919 960 librum

974 851 1043 878 tium
1055 850 1182 880 Christus
1194 871 1200 877 .
1213 850 1266 878 Sed
1276 860 1367 878 utrum
1378 849 1486 877 suorum
1496 850 1694 888 quiescentium
1704 873 1712 884 ‚
1733 851 1780 889 qui

975 892 1047 930 quasi
1060 892 1156 919 mortis
1166 900 1274 919 exortes
1284 912 1292 923 ,
1312 890 1384 918 dulci
1397 891 1514 929 quodam
1525 889 1622 929 sopore
1633 901 1762 920 tenentur
1771 912 1780 919 .

973 943 1008 961 an
1018 933 1143 961 omnium
1153 940 1324 960 mortuorum
1336 934 1345 960 ?
1356 932 1393 959 D.
1406 930 1531 959 Ambros.
1544 933 1578 960 de
1589 932 1643 963 fide
1653 931 1750 962 Resur.

119 974 153 1002 ad
162 973 200 1001 sui
212 973 297 1012 usque
308 982 432 1010 tempora
441 971 630 1000 conservatum
642 971 716 1000 luisse
727 992 734 999 .
755 971 919 1001 Prudentius
935 977 1010 1002 Exos
1022 994 1029 1000 .
1041 973 1114 1002 Vide
1124 974 1195 1011 Esox
1205 993 1212 999 .

122 1014 151 1042 in
161 1013 267 1052 Apoth.
278 1024 374 1041 contra
386 1013 497 1051 Judoeos
507 1012 686 1041 exorcizandi
697 1011 854 1049 hujusmodi
865 1023 920 1041 car·
934 1017 1126 1043 Exorrnicus
1141 1025 1149 1044 ἢ
1173 1009 1320 1051 {goz-secun}
1330 1034 1337 1045 ,
1349 1021 1477 1041 externus
1490 1033 1497 1044 ,
1508 1012 1626 1041 trivialis
1636 1035 1644 1045 ,
1653 1022 1783 1052 pervaga-

121 1055 195 1083 mina
203 1054 357 1093 composuit
367 1074 374 1081 .

158 1097 277 1125 Intonat
289 1095 412 1124 Antistes
425 1094 561 1123 Domini:
586 1093 648 1133 fuge
670 1093 767 1122 callide
789 1093 900 1132 serpens
911 1114 918 1122 .

159 1140 235 1165 Exue
259 1146 285 1164 te
307 1136 454 1168 membris,
477 1139 504 1164 δ(
526 1134 608 1173 spiras
629 1134 706 1163 solve
729 1136 858 1164 latentes.

158 1175 445 1215 MancipiumChtisti
468 1175 718 1214 furcorrnptiffiiue
740 1186 838 1204 vexas.

156 1217 260 1249 Desine
271 1240 278 1250 ‚
301 1217 426 1247 Christus
437 1217 507 1245 adest
517 1215 631 1245 humani
641 1216 764 1254 corporis
777 1217 851 1244 ultor
864 1236 871 1243 .

156 1260 226 1287 Non
237 1259 304 1287 licet
314 1281 320 1291 ,
332 1267 360 1286 ut
372 1257 491 1296 spolium
501 1258 598 1296 rapias,
611 1257 652 1285 cui
664 1256 789 1286 Christus
801 1255 920 1285 inhaesit.

156 1298 252 1329 Pulsus
274 1300 314 1329 abi
326 1320 333 1331 ‚
356 1297 469 1327 ventose
481 1298 572 1336 liquor
583 1318 592 1334 ‚
603 1297 811 1332 Christusjubet
824 1319 831 1330 ,
856 1296 920 1324 exi.

116 1343 183 1370 Erat
193 1340 276 1368 etiam
295 1339 442 1374 Exotcistae
464 1339 588 1367 osticium
608 1337 831 1367 cathecumenos
857 1347 920 1365 ante

115 1380 285 1419 Baptismum
305 1381 480 1408 exorcizare.
504 1379 640 1417 Cyprian.
664 1379 739 1416 epist.
752 1385 798 1411 76.
819 1380 919 1416 Optat.

114 1420 410 1450 MileVit.Catechum.
432 1422 512 1455 myst.
526 1433 551 1449 τ..
573 1420 711 1449 anianz.
729 1419 776 1448 lib.
794 1431 820 1454 4.
842 1418 919 1447 Balil.

114 1472 183 1490 orat.
196 1462 229 1490 de
239 1461 382 1500 baptismo.
395 1461 521 1490 Ambros.
538 1461 570 1489 ad
589 1459 749 1499 Amphiloc.
769 1459 915 1494 Chrysost.

115 1504 150 1531 de
161 1504 275 1532 Sacram.
287 1503 332 1531 lib.
348 1513 402 1530 με.
417 1512 442 1538 5.
465 1501 614 1531 Exorcistae
625 1523 633 1534 ‚
655 1501 689 1529 de
706 1501 800 1538 quibus
819 1501 919 1538 Ulpia-

114 1554 164 1571 nus
173 1543 396 1573 Christianorum
407 1541 607 1572 inimicissimus
618 1543 740 1581 loquitur
753 1563 760 1574 ,
771 1552 848 1569 erant
860 1542 919 1569 ido-

112 1585 238 1618 lolatrae,
261 1583 507 1623 quisuperstitiofis
529 1582 760 1615 incantationibus
780 1593 793 1610 a
806 1583 918 1610 Daemo-

974 1065 1018 1083 τοι·
1030 1077 1038 1088 ‚
1049 1055 1080 1082 ab
1100 1051 1218 1092 ἐξώγερος
1228 1074 1234 1084 ‚
1257 1054 1380 1081 exterior
1389 1074 1395 1080 .
1411 1053 1553 1081 Exoterica
1571 1053 1697 1091 quaedam
1715 1053 1781 1082 scri-

976 1106 1021 1134 Pta
1032 1104 1202 1123 vocaverunt
1214 1091 1390 1122 acroamzffica
1402 1115 1409 1126 ,
1422 1094 1456 1122 de
1467 1093 1561 1131 quibus
1574 1094 1676 1123 Cicero
1688 1094 1757 1123 dicit
1773 1106 1778 1122 ε

975 1137 1041 1172 [De
1049 1136 1157 1165 summo
1168 1145 1255 1163 autem
1267 1135 1339 1163 bono
1350 1156 1358 1167 ,
1378 1134 1440 1172 quia
1453 1137 1508 1163 duo
1526 1145 1626 1173 genera
1647 1135 1780 1163 librorum

975 1177 1037 1205 sunt
1049 1199 1056 1209 ,
1079 1187 1163 1205 unum
1175 1176 1345 1214 populariter
1355 1175 1486 1213 scriptum
1499 1198 1506 1208 ,
1529 1176 1603 1214 quod
1622 1176 1782 1204 exotericon

975 1218 1145 1256 appellabant
1158 1239 1164 1249 ,
1176 1218 1293 1245 alterum
1305 1216 1424 1245 limatius
1434 1238 1441 1249 ,
1454 1217 1528 1256 quod
1540 1217 1569 1244 in
1578 1217 1781 1245 commentariis

974 1259 1145 1296 reliquerunt
1155 1278 1161 1284 .
1173 1258 1219 1285 lib.
1236 1268 1260 1293 5.
1272 1257 1306 1284 de
1317 1257 1424 1285 Finibus
1436 1278 1443 1284 .
1456 1261 1467 1289 ]
1485 1261 1630 1286 Exoterica
1639 1258 1708 1285 bona
1718 1257 1780 1285 sunt

976 1299 1046 1326 bona
1056 1308 1170 1327 externa
1181 1320 1187 1330 ‚
1198 1302 1225 1326 ὅ(
1237 1298 1348 1326 fortuita
1358 1319 1365 1330 ,
1379 1299 1450 1336 apud
1465 1298 1644 1326 Aristotelem
1663 1309 1690 1330 7.
1705 1298 1780 1326 Poli-

976 1340 1022 1367 tic.
1033 1343 1060 1368 ὅ(
1072 1339 1227 1388 exotericus¹
1237 1338 1402 1377 principatus
1412 1360 1419 1371 ,
1443 1338 1512 1366 idest
1526 1348 1653 1366 externus
1663 1358 1670 1365 .

935 1383 1088 1409 Exoncus
1100 1401 1107 1412 ‚
1118 1379 1242 1416 ἐξωνικυς
1253 1402 1259 1412 ,
1270 1380 1430 1417 peregrinus
1445 1401 1451 1411 ,
1462 1388 1607 1406 extraneus
1617 1400 1624 1406 .
1645 1380 1709 1407 Vox
1725 1378 1780 1407 for-

975 1430 1045 1449 mata
1054 1421 1085 1448 ab
1096 1418 1144 1457 ἔξω
1155 1441 1162 1451 ,
1176 1430 1250 1448 exrra
1262 1441 1269 1453 ‚
1281 1420 1364 1448 foris:
1379 1425 1406 1449 ὃς
1419 1421 1450 1448 ab
1461 1430 1490 1447 ea
1501 1420 1610 1448 exotica
1619 1429 1760 1459 unguenta
1770 1440 1779 1453 ,

975 1472 1034 1500 que
1046 1472 1058 1489 a
1069 1461 1207 1490 Cicerone
1219 1482 1226 1492 ‚
1238 1459 1266 1489 in
1278 1461 1324 1488 lib.
1335 1461 1369 1488 de
1379 1462 1511 1493 Oratore,
1522 1461 1676 1489 adventitia
1684 1460 1779 1488 dicun-

976 1513 1037 1530 tur.
1062 1505 1127 1530 Eam
1138 1500 1218 1529 habet
1229 1502 1413 1530 Tertullianus
1424 1523 1431 1533 ,
1455 1501 1533 1529 luxus
1552 1501 1716 1539 peregrinos
1729 1500 1781 1528 irn-

975 1542 1089 1581 probans
1101 1553 1107 1569 :
1129 1542 1213 1582 Quid
1228 1543 1280 1570 tibz
1293 1547 1400 1580 Europa
1409 1552 1471 1570 cmn
1479 1545 1595 1570 exoticis
1608 1542 1759 1570 munditiis
1770 1545 1780 1570 ἓ

977 1584 1023 1612 lib.
1048 1583 1082 1611 de
1092 1584 1181 1611 Pallio
1192 1603 1199 1615 ,
1222 1593 1244 1610 c.
1259 1594 1285 1617 4.

111 1626 190 1654 nibus
201 1636 314 1654 vexatos
323 1635 416 1653 curare
426 1625 594 1654 ostentabant
604 1636 615 1658 ,-
639 1624 673 1652 sic
693 1623 767 1651 enim
779 1623 870 1662 inquit
888 1625 919 1652 il—
934 1628 1134 1653 EprLMATus
1144 1645 1151 1657 ,
1163 1623 1246 1662 alapis
1258 1623 1405 1661 percussus.
1427 1628 1439 1658 [
1452 1622 1520 1651 Vidi
1530 1632 1591 1651 eum
1611 1622 1639 1650 in
1650 1621 1734 1651 horto
1748 1622 1781 1650 li-

112 1667 158 1694 le:
184 1667 277 1702 [Non
289 1675 382 1695 tamen
394 1666 413 1694 fi
425 1666 577 1694 incantavit
587 1687 594 1698 ‚
617 1664 636 1693 fi
647 1665 808 1702 imprecatus
818 1664 857 1692 cst
869 1685 876 1696 ‚
900 1665 918 1693 si

112 1712 127 1741 (
138 1711 170 1735 ut'
180 1707 286 1745 vulgari
299 1707 382 1736 verbo
392 1707 572 1745 impostorum
582 1709 666 1738 utar)
688 1705 861 1734 exorcizavit
871 1727 878 1737 ‚
890 1706 918 1733 in

114 1749 133 1777 l.
149 1759 171 1776 1.
182 1747 208 1776 ff.
221 1748 256 1776 de
267 1758 324 1776 var.
345 1751 371 1776 ἃ
386 1747 524 1776 extraord.
535 1747 665 1785 cognit.]
689 1755 737 1784 per
756 1745 917 1784 impostores

114 1798 207 1817 tamen
217 1788 398 1818 Christicolas
409 1788 545 1827 intelligit
556 1809 563 1820 ,
584 1797 700 1826 quorum
710 1788 818 1826 vulgari
837 1796 915 1815 voca-

111 1829 176 1858 bulo
188 1832 359 1858 Exorcizare
370 1829 473 1862 utitur,
497 1839 527 1857 ut
549 1829 739 1863 Hieronymus
749 1849 756 1860 ,
776 1827 853 1865 epist.
873 1835 915 1855 16.

975 1675 1069 1703 garum
1080 1686 1088 1697 ,
1112 1664 1142 1692 in
1159 1665 1232 1692 atrio
1242 1664 1387 1693 Pontificis
1398 1664 1581 1702 expalmatum
1591 1684 1598 1690 .
1617 1665 1710 1692 Petrus
1722 1664 1780 1691 Ble—

973 1705 1030 1734 sen.
1042 1707 1126 1734 Serm.
1142 1717 1150 1733 1
1160 1710 1184 1734 8.
1205 1707 1217 1736 ]
1240 1705 1345 1733 Eodem
1365 1704 1444 1733 sensu
1462 1704 1599 1742 reperitur
1618 1703 1780 1732 vocabulum

974 1748 1121 1775 Pizlmatus
1134 1766 1140 1773 .
1154 1746 1361 1781 [Attendamus
1372 1745 1458 1774 filium
1471 1744 1708 1782 Virginisillitum
1717 1742 1781 1781 spu-

974 1787 1009 1814 tis
1021 1809 1027 1819 ,
1049 1787 1198 1825 palmatum
1209 1785 1332 1825 colaphis
1343 1805 1350 1813 .
1370 1786 1450 1814 Idem
1462 1786 1547 1814 Serui.
1559 1796 1605 1819 24.
1619 1787 1630 1816 ]
1646 1785 1707 1813 Vide
1718 1785 1780 1813 Pal-

973 1836 1053 1856 mata
1064 1848 1071 1854 -

110 1869 232 1898 senserat
243 1890 250 1897 .
261 1872 333 1898 Item
343 1870 487 1898 exorcistae
498 1872 610 1898 Astures
620 1869 717 1905 templi
727 1863 899 1906 appellantur
909 1889 915 1895 .
933 1872 1071 1897 Exprcro
1087 1888 1093 1895 .
1118 1867 1192 1896 Vide
1212 1868 1331 1904 Observa
1340 1887 1348 1895 .

111 1911 177 1939 Ifid.
193 1910 240 1938 lib.
252 1922 277 1939 2.
289 1921 347 1948 cap.
362 1921 405 1949 ¹3·
415 1911 449 1939 de
460 1909 559 1939 Eccles.
570 1910 646 1937 offic.
659 1911 715 1938 FR.
726 1908 860 1947 josephus
870 1898 1088 1938 lie-'Expriuoa
1099 1929 1106 1936 .
1132 1910 1187 1937 FR.
1210 1918 1261 1946 pro
1274 1907 1394 1936 defendo
1403 1928 1411 1936 .
1434 1910 1507 1937 Item
1527 1917 1578 1946 pro
1600 1917 1652 1945 ago
1663 1926 1670 1933 .
1694 1906 1778 1936 Glos-

112 1951 198 1979 braeus
208 1950 285 1989 supra
294 1952 426 1990 allegatus
436 1951 513 1980 addit
523 1950 588 1979 ibid.
609 1949 636 1978 se
646 1949 747 1978 vidisse
758 1950 918 1978 Eleazarum
970 1948 997 1977 sa
1008 1971 1016 1982 ,
1040 1949 1071 1977 in
1093 1959 1117 1977 c.
1142 1960 1150 1976 1
1158 1970 1164 1976 .
1188 1948 1222 1977 de
1241 1948 1357 1986 Judiciis
1368 1969 1375 1976 .

110 1990 250 2020 hebreum
262 1993 398 2031 quendam
415 1992 445 2020 in
465 1991 616 2031 conspeetu
627 1990 784 2029 Vespasiani
796 1992 917 2028 Impera-
932 1993 1058 2019 Exmro.
1080 1991 1137 2018 FR.
1159 1999 1201 2017 res
1219 1990 1333 2025 jacentis
1343 1988 1514 2018 haereditatis
1524 1987 1663 2017 substraho
1674 2008 1681 2015 .
1693 1986 1778 2015 Glos-

110 2032 180 2060 toris
189 2034 293 2060 annulo
303 2054 311 2065 ,
332 2033 363 2061 in
373 2036 446 2069 cujus
458 2033 552 2071 lapillo
570 2030 705 2069 insculpta
724 2041 780 2060 erat
792 2032 917 2069 quedam
971 2029 998 2059 sa
1007 2052 1015 2064 ‚
1040 2031 1069 2058 in
1079 2041 1138 2058 can.
1147 2039 1193 2058 aut
1203 2029 1269 2058 facta
1280 2052 1289 2063 ‚
1310 2030 1344 2059 dc
1354 2030 1454 2069 poenit.
1466 2029 1527 2058 dist.
1545 2040 1568 2058 1.

110 2072 187 2101 radix
208 2082 221 2099 a
239 2073 389 2102 Solomone
409 2084 547 2112 tamquam
569 2073 730 2101 daemonum
749 2071 914 2109 expulsatrix
931 2075 1126 2100 Expromrox
1137 2091 1144 2098 .
1169 2073 1226 2100 FR.
1239 2074 1333 2110 Agens
1346 2093 1352 2103 ,
1378 2080 1552 2109 procutator.
1565 2076 1578 2105 [
1590 2067 1736 2107 Siquando
1747 2068 1781 2096 in

109 2112 229 2141 indicata
238 2134 245 2145 ,
259 2123 309 2151 qua
317 2124 533 2153 energumenum
544 2114 708 2142 liberaverat
719 2135 727 2146 ‚
739 2113 914 2152 applicando,
971 2111 1046 2140 causa
1057 2112 1172 2150 capituli
1185 2133 1193 2144 ‚
1218 2112 1262 2139 vel
1272 2111 1346 2141 causa
1357 2112 1437 2140 status
1455 2111 1659 2149 interpellatum
1679 2108 1762 2137 suerit
1772 2131 1781 2143 ‚

110 2152 217 2182 scilicet
230 2175 236 2185 ,
258 2154 290 2182 ad
302 2156 431 2192 patientis
443 2166 518 2184 nares
527 2154 682 2191 hujusmodi
703 2154 822 2193 sigillum
834 2164 841 2184 ;
863 2152 915 2181 for-
971 2163 1030 2181 non
1040 2163 1089 2191 per
1101 2153 1291 2190 exploratores
1302 2174 1309 2184 ,
1321 2151 1366 2180 sed
1379 2162 1427 2190 per
1437 2151 1464 2180 se
1476 2152 1546 2189 ipsos
1565 2151 1601 2179 est
1623 2150 1759 2188 agendum
1771 2170 1780 2182 ,

109 2193 178 2222 tasse
190 2202 247 2222 erat
257 2196 353 2224 Radix
363 2200 451 2223 Baras
463 2217 470 2228 ‚
482 2206 542 2234 quae
555 2196 585 2223 in
596 2194 717 2223 officinis
730 2195 915 2231 Herbaparis,
971 2204 1031 2221 can.
1043 2194 1062 2222 fi
1073 2193 1184 2232 quando
1194 2215 1202 2226 ‚
1216 2205 1241 2221 2.
1251 2204 1296 2231 qu.
1310 2200 1336 2221 6.
1347 2195 1359 2224 ]
1372 2193 1409 2221 ibi
1421 2191 1521 2221 Gloss'a.
1536 2194 1608 2220 Item
1620 2192 1781 2228 explorator

109 2234 156 2263 seu
166 2236 343 2271 Radixparis
353 2245 541 2264 communiter
551 2245 673 2268 vocatur,
684 2245 764 2273 quam
773 2235 915 2264 exorcistae
971 2233 1088 2262 sumitur
1106 2244 1134 2262 in
1143 2234 1241 2262 maiam
1251 2244 1356 2273 partem
1367 2254 1374 2261 .
1397 2233 1470 2262 Vide
1487 2239 1615 2262 Scamem
1625 2253 1634 2265 ‚
1655 2232 1781 2269 Specula-

109 2275 145 2304 ad
153 2275 226 2304 hunc
236 2276 361 2303 eflectum
372 2276 452 2304 valde
464 2276 657 2305 commendant
668 2296 674 2304 .
696 2275 779 2311 Quod
787 2274 865 2312 supra
875 2275 916 2303 di-
972 2283 1014 2302 tor
1027 2297 1033 2307 ,
1056 2276 1153 2304 Sculta
1161 2295 1168 2301 .

111 2317 184 2345 citur
194 2316 409 2344 Cathecumenos
423 2326 489 2345 ante
499 2318 669 2355 baptismum
687 2319 847 2346 exorcizare
858 2315 916 2349 &a
931 2319 1053 2344 Expoxo
1064 2335 1070 2342 .
1095 2315 1169 2344 Vide
1190 2317 1295 2344 Intimo
1305 2336 1311 2343 .

112 2356 141 2385 id
150 2357 189 2384 bis
201 2356 261 2385 fieri
272 2355 486 2394 solebat,nempe
498 2356 601 2396 viginti
611 2358 668 2385 dies
678 2366 741 2385 ante
751 2349 1150 2394 baptismum'fixpunoamus
1161 2375 1169 2382 .
1194 2357 1250 2384 PR.
1274 2356 1330 2384 fine
1341 2355 1445 2394 pudore
1455 2377 1463 2388 ,
1486 2359 1513 2384 δε
1525 2351 1706 2382 verecundia:
1727 2349 1779 2378 ali-

111 2408 170 2426 can.
181 2400 258 2427 Ante
268 2396 392 2436 viginti,
403 2397 437 2426 de
447 2397 595 2427 consecrat.
608 2398 670 2427 dist.
685 2409 711 2433 4.
723 2397 767 2426 ubi
777 2395 868 2427 Gloss.
880 2403 917 2426 E-
971 2396 1018 2434 qui
1029 2406 1121 2426 tamen
1132 2405 1262 2435 corrupte
1271 2398 1486 2435 Expuderatum
1494 2394 1616 2426 scribunt
1627 2403 1636 2425 5
1658 2403 1673 2421 a
1691 2390 1782 2431 pudo?

1706 2441 1735 2460 re
