<?xml version="1.0" encoding="UTF-8"?>
<!DOCTYPE html PUBLIC "-//W3C//DTD XHTML 1.0 Transitional//EN"
    "http://www.w3.org/TR/xhtml1/DTD/xhtml1-transitional.dtd">
<html xmlns="http://www.w3.org/1999/xhtml" xml:lang="en" lang="en">
 <head>
  <title>
</title>
<meta http-equiv="Content-Type" content="text/html;charset=utf-8" />
  <meta name='ocr-system' content='tesseract 3.04.00' />
  <meta name='ocr-capabilities' content='ocr_page ocr_carea ocr_par ocr_line ocrx_word'/>
</head>
<body>
  <div class='ocr_page' id='page_1' title='image "./dominicimacrimel00magr/dominicimacrimel00magr_0656.png"; bbox 0 0 1866 2526; ppageno 0'>
   <div class='ocr_carea' id='block_1_1' title="bbox 158 26 589 72">
    <p class='ocr_par' dir='ltr' id='par_1_1' title="bbox 158 26 589 72">
     <span class='ocr_line' id='line_1_1' title="bbox 158 26 589 72; baseline -0.005 0"><span class='ocrx_word' id='word_1_1' title='bbox 158 29 239 72; x_wconf 83' lang='lat'>628</span> <span class='ocrx_word' id='word_1_2' title='bbox 495 27 524 70; x_wconf 90' lang='lat' dir='ltr'><strong><em>S</em></strong></span> <span class='ocrx_word' id='word_1_3' title='bbox 556 26 589 70; x_wconf 91' lang='lat' dir='ltr'>P</span> 
     </span>
    </p>
   </div>
   <div class='ocr_carea' id='block_1_2' title="bbox 103 82 940 284">
    <p class='ocr_par' dir='ltr' id='par_1_2' title="bbox 103 82 940 284">
     <span class='ocr_line' id='line_1_2' title="bbox 141 82 937 125; baseline -0.006 -9"><span class='ocrx_word' id='word_1_4' title='bbox 141 88 262 118; x_wconf 79' lang='lat' dir='ltr'>rantibus</span> <span class='ocrx_word' id='word_1_5' title='bbox 271 93 328 114; x_wconf 85' lang='lat' dir='ltr'>non</span> <span class='ocrx_word' id='word_1_6' title='bbox 337 83 477 120; x_wconf 81' lang='lat' dir='ltr'>debemus,</span> <span class='ocrx_word' id='word_1_7' title='bbox 490 85 520 115; x_wconf 91' lang='lat' dir='ltr'>in</span> <span class='ocrx_word' id='word_1_8' title='bbox 528 95 661 125; x_wconf 81' lang='lat' dir='ltr'>quantum</span> <span class='ocrx_word' id='word_1_9' title='bbox 672 86 816 125; x_wconf 75' lang='lat' dir='ltr'>possumus,</span> <span class='ocrx_word' id='word_1_10' title='bbox 827 93 875 112; x_wconf 86' lang='lat' dir='ltr'>nos</span> <span class='ocrx_word' id='word_1_11' title='bbox 890 82 937 112; x_wconf 82' lang='lat' dir='ltr'>de-</span> 
     </span>
     <span class='ocr_line' id='line_1_3' title="bbox 142 124 939 169; baseline -0.008 -11"><span class='ocrx_word' id='word_1_12' title='bbox 142 138 244 169; x_wconf 80' lang='lat' dir='ltr'>negare</span> <span class='ocrx_word' id='word_1_13' title='bbox 254 141 266 160; x_wconf 54' lang='lat'>,‘</span> <span class='ocrx_word' id='word_1_14' title='bbox 273 137 331 156; x_wconf 84' lang='lat' dir='ltr'>can.</span> <span class='ocrx_word' id='word_1_15' title='bbox 342 126 406 154; x_wconf 88' lang='lat' dir='ltr'>licet</span> <span class='ocrx_word' id='word_1_16' title='bbox 417 147 425 159; x_wconf 95' lang='lat'><em>,</em></span> <span class='ocrx_word' id='word_1_17' title='bbox 437 126 499 156; x_wconf 86' lang='lat' dir='ltr'>dist.</span> <span class='ocrx_word' id='word_1_18' title='bbox 514 132 559 160; x_wconf 83' lang='lat'>87·</span> <span class='ocrx_word' id='word_1_19' title='bbox 571 129 583 159; x_wconf 93' lang='lat'>]</span> <span class='ocrx_word' id='word_1_20' title='bbox 595 129 667 163; x_wconf 78' lang='lat' dir='ltr'>cujus</span> <span class='ocrx_word' id='word_1_21' title='bbox 678 127 773 155; x_wconf 83' lang='lat' dir='ltr'>titulus</span> <span class='ocrx_word' id='word_1_22' title='bbox 784 124 839 152; x_wconf 90' lang='lat' dir='ltr'>est:</span> <span class='ocrx_word' id='word_1_23' title='bbox 860 126 939 159; x_wconf 88' lang='lat' dir='ltr'>[Im-</span> 
     </span>
     <span class='ocr_line' id='line_1_4' title="bbox 142 163 858 209; baseline -0.007 -10"><span class='ocrx_word' id='word_1_24' title='bbox 142 168 312 209; x_wconf 84' lang='lat' dir='ltr'>plorantibus</span> <span class='ocrx_word' id='word_1_25' title='bbox 321 167 474 205; x_wconf 84' lang='lat' dir='ltr'>patrocinia</span> <span class='ocrx_word' id='word_1_26' title='bbox 483 166 611 206; x_wconf 83' lang='lat' dir='ltr'>Episcopi</span> <span class='ocrx_word' id='word_1_27' title='bbox 622 167 720 194; x_wconf 87' lang='lat' dir='ltr'>debent</span> <span class='ocrx_word' id='word_1_28' title='bbox 728 163 812 193; x_wconf 80' lang='lat' dir='ltr'><strong>adesse</strong></span> <span class='ocrx_word' id='word_1_29' title='bbox 821 185 828 193; x_wconf 91' lang='lat'><strong>.</strong></span> <span class='ocrx_word' id='word_1_30' title='bbox 851 168 858 194; x_wconf 61' lang='lat'>⁸,</span> 
     </span>
     <span class='ocr_line' id='line_1_5' title="bbox 103 204 940 246; baseline -0.007 -7"><span class='ocrx_word' id='word_1_31' title='bbox 103 211 237 240; x_wconf 67' lang='lat' dir='ltr'>szitrmx</span> <span class='ocrx_word' id='word_1_32' title='bbox 247 229 255 241; x_wconf 83' lang='lat'><em>‚</em></span> <span class='ocrx_word' id='word_1_33' title='bbox 267 208 376 246; x_wconf 80' lang='lat' dir='ltr'>spretor</span> <span class='ocrx_word' id='word_1_34' title='bbox 386 229 395 240; x_wconf 84' lang='lat'><em>,</em></span> <span class='ocrx_word' id='word_1_35' title='bbox 407 206 564 245; x_wconf 84' lang='lat' dir='ltr'>aspernator</span> <span class='ocrx_word' id='word_1_36' title='bbox 574 229 583 240; x_wconf 93' lang='lat'><em>‚</em></span> <span class='ocrx_word' id='word_1_37' title='bbox 594 213 772 244; x_wconf 88' lang='lat' dir='ltr'>contemptor</span> <span class='ocrx_word' id='word_1_38' title='bbox 783 225 789 232; x_wconf 95' lang='lat'>.</span> <span class='ocrx_word' id='word_1_39' title='bbox 798 211 814 240; x_wconf 70' lang='lat'>1</span> <span class='ocrx_word' id='word_1_40' title='bbox 824 208 895 244; x_wconf 84' lang='lat' dir='ltr'>Erga</span> <span class='ocrx_word' id='word_1_41' title='bbox 906 204 940 233; x_wconf 86' lang='lat' dir='ltr'>fa-</span> 
     </span>
     <span class='ocr_line' id='line_1_6' title="bbox 144 244 940 284; baseline -0.006 -5"><span class='ocrx_word' id='word_1_42' title='bbox 144 251 249 279; x_wconf 84' lang='lat' dir='ltr'>miliam</span> <span class='ocrx_word' id='word_1_43' title='bbox 257 247 331 277; x_wconf 80' lang='lat' dir='ltr'>suam</span> <span class='ocrx_word' id='word_1_44' title='bbox 341 269 349 281; x_wconf 89' lang='lat'>,</span> <span class='ocrx_word' id='word_1_45' title='bbox 370 249 460 276; x_wconf 88' lang='lat' dir='ltr'>necin</span> <span class='ocrx_word' id='word_1_46' title='bbox 477 246 652 277; x_wconf 82' lang='lat' dir='ltr'>admittendo</span> <span class='ocrx_word' id='word_1_47' title='bbox 671 246 787 274; x_wconf 81' lang='lat' dir='ltr'>conffl&#39;o</span> <span class='ocrx_word' id='word_1_48' title='bbox 807 244 922 284; x_wconf 81' lang='lat' dir='ltr'>spernax</span> <span class='ocrx_word' id='word_1_49' title='bbox 932 268 940 279; x_wconf 91' lang='lat'>‚</span> 
     </span>
    </p>
   </div>
   <div class='ocr_carea' id='block_1_3' title="bbox 139 284 941 375">
    <p class='ocr_par' dir='ltr' id='par_1_3' title="bbox 139 284 941 375">
     <span class='ocr_line' id='line_1_7' title="bbox 140 284 941 325; baseline -0.006 -6"><span class='ocrx_word' id='word_1_50' title='bbox 140 301 191 319; x_wconf 87' lang='lat' dir='ltr'>nec</span> <span class='ocrx_word' id='word_1_51' title='bbox 210 290 241 317; x_wconf 94' lang='lat' dir='ltr'>in</span> <span class='ocrx_word' id='word_1_52' title='bbox 253 285 447 325; x_wconf 84' lang='lat' dir='ltr'>investigando</span> <span class='ocrx_word' id='word_1_53' title='bbox 469 295 545 314; x_wconf 85' lang='lat' dir='ltr'>reatu</span> <span class='ocrx_word' id='word_1_54' title='bbox 555 284 704 324; x_wconf 75' lang='lat' dir='ltr'>persequax</span> <span class='ocrx_word' id='word_1_55' title='bbox 717 307 724 313; x_wconf 89' lang='lat'><strong><em>.</em></strong></span> <span class='ocrx_word' id='word_1_56' title='bbox 747 287 763 314; x_wconf 91' lang='lat' dir='ltr'>S</span> <span class='ocrx_word' id='word_1_57' title='bbox 776 285 843 314; x_wconf 88' lang='lat' dir='ltr'>don.</span> <span class='ocrx_word' id='word_1_58' title='bbox 854 286 901 315; x_wconf 89' lang='lat' dir='ltr'>lib.</span> <span class='ocrx_word' id='word_1_59' title='bbox 914 298 941 322; x_wconf 85' lang='lat'>4.</span> 
     </span>
     <span class='ocr_line' id='line_1_8' title="bbox 139 325 941 375; baseline -0.001 -18"><span class='ocrx_word' id='word_1_60' title='bbox 139 330 219 375; x_wconf 72' lang='lat' dir='ltr'>epist.</span> <span class='ocrx_word' id='word_1_61' title='bbox 229 341 258 365; x_wconf 87' lang='lat'>9.</span> <span class='ocrx_word' id='word_1_62' title='bbox 271 331 284 360; x_wconf 92' lang='grc'>]</span> <span class='ocrx_word' id='word_1_63' title='bbox 299 329 356 357; x_wconf 81' lang='lat' dir='ltr'>FR.</span> <span class='ocrx_word' id='word_1_64' title='bbox 369 325 468 355; x_wconf 89' lang='lat' dir='ltr'>eodem</span> <span class='ocrx_word' id='word_1_65' title='bbox 479 326 612 357; x_wconf 78' lang='lat' dir='ltr'>vocabulo</span> <span class='ocrx_word' id='word_1_66' title='bbox 623 325 684 355; x_wconf 89' lang='lat' dir='ltr'>usus</span> <span class='ocrx_word' id='word_1_67' title='bbox 697 327 733 355; x_wconf 87' lang='lat' dir='ltr'>est</span> <span class='ocrx_word' id='word_1_68' title='bbox 746 326 794 354; x_wconf 86' lang='lat' dir='ltr'>Sil.</span> <span class='ocrx_word' id='word_1_69' title='bbox 805 327 889 363; x_wconf 48' lang='lat' dir='ltr'>lima.</span> <span class='ocrx_word' id='word_1_70' title='bbox 899 328 941 356; x_wconf 88' lang='lat' dir='ltr'>in-</span> 
     </span>
    </p>
   </div>
   <div class='ocr_carea' id='block_1_4' title="bbox 142 379 828 488">
    <p class='ocr_par' dir='ltr' id='par_1_4' title="bbox 142 379 828 488">
     <span class='ocr_line' id='line_1_9' title="bbox 163 379 258 399; baseline -0.042 0"><span class='ocrx_word' id='word_1_71' title='bbox 163 379 239 399; x_wconf 77' lang='lat' dir='ltr'>uicus</span> <span class='ocrx_word' id='word_1_72' title='bbox 251 380 258 395; x_wconf 87' lang='grc'>.“</span> 
     </span>
     <span class='ocr_line' id='line_1_10' title="bbox 142 382 828 447; baseline -0.006 -8"><span class='ocrx_word' id='word_1_73' title='bbox 142 382 161 409; x_wconf 72' lang='lat' dir='ltr'>q</span> <span class='ocrx_word' id='word_1_74' title='bbox 184 409 292 440; x_wconf 64' lang='lat' dir='ltr'>Ductor</span> <span class='ocrx_word' id='word_1_75' title='bbox 301 407 365 437; x_wconf 86' lang='lat' dir='ltr'>Piso</span> <span class='ocrx_word' id='word_1_76' title='bbox 374 407 450 438; x_wconf 87' lang='lat' dir='ltr'>viros</span> <span class='ocrx_word' id='word_1_77' title='bbox 459 406 599 446; x_wconf 80' lang='lat' dir='ltr'>spernaces</span> <span class='ocrx_word' id='word_1_78' title='bbox 609 407 706 436; x_wconf 84' lang='lat' dir='ltr'>mortis</span> <span class='ocrx_word' id='word_1_79' title='bbox 715 407 809 447; x_wconf 82' lang='lat' dir='ltr'>agebat</span> <span class='ocrx_word' id='word_1_80' title='bbox 820 427 828 436; x_wconf 92' lang='lat'><strong>.</strong></span> 
     </span>
     <span class='ocr_line' id='line_1_11' title="bbox 183 451 350 488; baseline -0.012 -8"><span class='ocrx_word' id='word_1_81' title='bbox 183 451 245 480; x_wconf 84' lang='lat' dir='ltr'>Ore</span> <span class='ocrx_word' id='word_1_82' title='bbox 265 459 333 488; x_wconf 87' lang='lat' dir='ltr'>puer</span> <span class='ocrx_word' id='word_1_83' title='bbox 341 470 350 483; x_wconf 90' lang='lat'>‚</span> 
     </span>
    </p>
   </div>
   <div class='ocr_carea' id='block_1_5' title="bbox 103 487 941 528">
    <p class='ocr_par' dir='ltr' id='par_1_5' title="bbox 103 487 941 528">
     <span class='ocr_line' id='line_1_12' title="bbox 103 487 941 528; baseline -0.007 -6"><span class='ocrx_word' id='word_1_84' title='bbox 103 492 276 523; x_wconf 69' lang='lat' dir='ltr'>SPHAERJSTA</span> <span class='ocrx_word' id='word_1_85' title='bbox 286 511 294 523; x_wconf 83' lang='lat'><em>,</em></span> <span class='ocrx_word' id='word_1_86' title='bbox 305 487 442 528; x_wconf 67' lang='grc' dir='ltr'><strong><em>σφαιριςιές</em></strong></span> <span class='ocrx_word' id='word_1_87' title='bbox 453 510 460 522; x_wconf 84' lang='lat'><em>,</em></span> <span class='ocrx_word' id='word_1_88' title='bbox 473 488 535 527; x_wconf 78' lang='lat' dir='ltr'>pilae</span> <span class='ocrx_word' id='word_1_89' title='bbox 546 487 621 517; x_wconf 81' lang='lat' dir='ltr'>lusor</span> <span class='ocrx_word' id='word_1_90' title='bbox 630 509 637 516; x_wconf 86' lang='lat'><strong>.</strong></span> <span class='ocrx_word' id='word_1_91' title='bbox 647 491 726 519; x_wconf 81' lang='lat' dir='ltr'>Putas</span> <span class='ocrx_word' id='word_1_92' title='bbox 739 499 772 518; x_wconf 88' lang='lat' dir='ltr'>ne</span> <span class='ocrx_word' id='word_1_93' title='bbox 786 487 926 518; x_wconf 88' lang='lat' dir='ltr'>videbitur</span> <span class='ocrx_word' id='word_1_94' title='bbox 934 511 941 522; x_wconf 94' lang='lat'><em>‚</em></span> 
     </span>
    </p>
   </div>
   <div class='ocr_carea' id='block_1_6' title="bbox 1308 32 1404 74">
    <p class='ocr_par' dir='ltr' id='par_1_6' title="bbox 1308 32 1404 74">
     <span class='ocr_line' id='line_1_13' title="bbox 1308 32 1404 74; baseline 0 0"><span class='ocrx_word' id='word_1_95' title='bbox 1308 32 1404 74; x_wconf 89' lang='lat' dir='ltr'>SP</span> 
     </span>
    </p>
   </div>
   <div class='ocr_carea' id='block_1_7' title="bbox 999 84 1671 523">
    <p class='ocr_par' dir='ltr' id='par_1_7' title="bbox 999 84 1671 523">
     <span class='ocr_line' id='line_1_14' title="bbox 1039 84 1350 119; baseline 0.023 -7"><span class='ocrx_word' id='word_1_96' title='bbox 1039 84 1132 115; x_wconf 84' lang='lat' dir='ltr'>Terris</span> <span class='ocrx_word' id='word_1_97' title='bbox 1143 85 1200 117; x_wconf 83' lang='lat' dir='ltr'>dies</span> <span class='ocrx_word' id='word_1_98' title='bbox 1215 86 1350 119; x_wconf 75' lang='lat' dir='ltr'>illabitur:</span> 
     </span>
     <span class='ocr_line' id='line_1_15' title="bbox 1039 126 1397 167; baseline 0.014 -13"><span class='ocrx_word' id='word_1_99' title='bbox 1039 126 1118 155; x_wconf 82' lang='lat' dir='ltr'>Lucis</span> <span class='ocrx_word' id='word_1_100' title='bbox 1126 127 1237 157; x_wconf 82' lang='lat' dir='ltr'>resultat</span> <span class='ocrx_word' id='word_1_101' title='bbox 1246 128 1378 167; x_wconf 84' lang='lat' dir='ltr'>spiculum</span> <span class='ocrx_word' id='word_1_102' title='bbox 1389 139 1397 159; x_wconf 71' lang='grc'>.-</span> 
     </span>
     <span class='ocr_line' id='line_1_16' title="bbox 1036 163 1415 199; baseline 0.016 -6"><span class='ocrx_word' id='word_1_103' title='bbox 1036 163 1166 198; x_wconf 81' lang='lat' dir='ltr'>Discedat</span> <span class='ocrx_word' id='word_1_104' title='bbox 1175 178 1258 196; x_wconf 90' lang='lat' dir='ltr'>omne</span> <span class='ocrx_word' id='word_1_105' title='bbox 1267 171 1396 199; x_wconf 85' lang='lat' dir='ltr'>lubricum</span> <span class='ocrx_word' id='word_1_106' title='bbox 1407 192 1415 199; x_wconf 89' lang='lat'><strong>.</strong></span> 
     </span>
     <span class='ocr_line' id='line_1_17' title="bbox 999 206 1513 245; baseline 0.018 -11"><span class='ocrx_word' id='word_1_107' title='bbox 999 207 1034 234; x_wconf 86' lang='lat' dir='ltr'>Et</span> <span class='ocrx_word' id='word_1_108' title='bbox 1045 206 1077 235; x_wconf 89' lang='lat' dir='ltr'>in</span> <span class='ocrx_word' id='word_1_109' title='bbox 1087 207 1196 245; x_wconf 86' lang='lat' dir='ltr'>hymno</span> <span class='ocrx_word' id='word_1_110' title='bbox 1207 208 1273 237; x_wconf 73' lang='lat' dir='ltr'>seria</span> <span class='ocrx_word' id='word_1_111' title='bbox 1283 211 1336 239; x_wconf 92' lang='lat' dir='ltr'>1v.</span> <span class='ocrx_word' id='word_1_112' title='bbox 1346 211 1380 241; x_wconf 85' lang='lat' dir='ltr'>ad</span> <span class='ocrx_word' id='word_1_113' title='bbox 1389 211 1494 242; x_wconf 84' lang='lat' dir='ltr'>Laudes</span> <span class='ocrx_word' id='word_1_114' title='bbox 1504 234 1513 243; x_wconf 83' lang='lat'><strong><em>.</em></strong></span> 
     </span>
     <span class='ocr_line' id='line_1_18' title="bbox 1039 247 1394 289; baseline 0.014 -14"><span class='ocrx_word' id='word_1_115' title='bbox 1039 247 1143 289; x_wconf 76' lang='lat' dir='ltr'>Caligo</span> <span class='ocrx_word' id='word_1_116' title='bbox 1153 259 1232 279; x_wconf 80' lang='lat' dir='ltr'>terrae</span> <span class='ocrx_word' id='word_1_117' title='bbox 1242 249 1376 279; x_wconf 85' lang='lat' dir='ltr'>scinditur</span> <span class='ocrx_word' id='word_1_118' title='bbox 1385 272 1394 284; x_wconf 91' lang='lat'>‚</span> 
     </span>
     <span class='ocr_line' id='line_1_19' title="bbox 1038 289 1373 328; baseline 0.012 -13"><span class='ocrx_word' id='word_1_119' title='bbox 1038 289 1160 319; x_wconf 76' lang='lat' dir='ltr'>Percussa</span> <span class='ocrx_word' id='word_1_120' title='bbox 1171 290 1241 319; x_wconf 82' lang='lat' dir='ltr'>Solis·</span> <span class='ocrx_word' id='word_1_121' title='bbox 1250 289 1355 328; x_wconf 87' lang='lat' dir='ltr'>spiculo</span> <span class='ocrx_word' id='word_1_122' title='bbox 1365 311 1373 319; x_wconf 88' lang='lat'><strong>.</strong></span> 
     </span>
     <span class='ocr_line' id='line_1_20' title="bbox 1002 329 1671 369; baseline 0.012 -13"><span class='ocrx_word' id='word_1_123' title='bbox 1002 330 1042 355; x_wconf 82' lang='lat' dir='ltr'>Ex</span> <span class='ocrx_word' id='word_1_124' title='bbox 1052 329 1206 359; x_wconf 84' lang='lat' dir='ltr'>Prudentio</span> <span class='ocrx_word' id='word_1_125' title='bbox 1214 353 1222 364; x_wconf 90' lang='lat'><em>‚</em></span> <span class='ocrx_word' id='word_1_126' title='bbox 1233 331 1267 359; x_wconf 83' lang='lat' dir='ltr'>ad</span> <span class='ocrx_word' id='word_1_127' title='bbox 1276 330 1463 361; x_wconf 79' lang='lat' dir='ltr'>imitationem</span> <span class='ocrx_word' id='word_1_128' title='bbox 1472 334 1564 363; x_wconf 79' lang='lat' dir='ltr'>Poetae</span> <span class='ocrx_word' id='word_1_129' title='bbox 1578 332 1651 364; x_wconf 87' lang='lat' dir='ltr'>illius</span> <span class='ocrx_word' id='word_1_130' title='bbox 1661 357 1671 369; x_wconf 84' lang='lat'>‚</span> 
     </span>
     <span class='ocr_line' id='line_1_21' title="bbox 1040 369 1659 403; baseline 0.011 -6"><span class='ocrx_word' id='word_1_131' title='bbox 1040 369 1109 400; x_wconf 90' lang='lat' dir='ltr'>Non</span> <span class='ocrx_word' id='word_1_132' title='bbox 1118 371 1188 401; x_wconf 88' lang='lat' dir='ltr'>radii</span> <span class='ocrx_word' id='word_1_133' title='bbox 1198 370 1263 399; x_wconf 91' lang='lat' dir='ltr'>solis</span> <span class='ocrx_word' id='word_1_134' title='bbox 1275 393 1282 403; x_wconf 92' lang='lat'><em>,</em></span> <span class='ocrx_word' id='word_1_135' title='bbox 1293 382 1351 399; x_wconf 89' lang='lat' dir='ltr'>non</span> <span class='ocrx_word' id='word_1_136' title='bbox 1362 371 1451 401; x_wconf 86' lang='lat' dir='ltr'>lucida</span> <span class='ocrx_word' id='word_1_137' title='bbox 1461 374 1513 402; x_wconf 77' lang='lat' dir='ltr'>tela</span> <span class='ocrx_word' id='word_1_138' title='bbox 1526 374 1598 403; x_wconf 86' lang='lat' dir='ltr'>diei.</span> <span class='ocrx_word' id='word_1_139' title='bbox 1640 380 1659 383; x_wconf 60' lang='grc'><em>”</em></span> 
     </span>
     <span class='ocr_line' id='line_1_22' title="bbox 999 408 1479 451; baseline 0.01 -14"><span class='ocrx_word' id='word_1_140' title='bbox 999 408 1049 437; x_wconf 86' lang='lat' dir='ltr'>Seii</span> <span class='ocrx_word' id='word_1_141' title='bbox 1059 413 1150 450; x_wconf 78' lang='lat' dir='ltr'>potius</span> <span class='ocrx_word' id='word_1_142' title='bbox 1162 422 1195 440; x_wconf 88' lang='lat' dir='ltr'>ex</span> <span class='ocrx_word' id='word_1_143' title='bbox 1207 412 1288 451; x_wconf 85' lang='lat' dir='ltr'>Virg.</span> <span class='ocrx_word' id='word_1_144' title='bbox 1299 412 1418 442; x_wconf 86' lang='lat' dir='ltr'>AEneid.</span> <span class='ocrx_word' id='word_1_145' title='bbox 1435 424 1479 442; x_wconf 81' lang='lat' dir='ltr'>iz.</span> 
     </span>
     <span class='ocr_line' id='line_1_23' title="bbox 1039 451 1438 491; baseline 0.013 -14"><span class='ocrx_word' id='word_1_146' title='bbox 1039 466 1182 476; x_wconf 58' lang='lat'>——</span> <span class='ocrx_word' id='word_1_147' title='bbox 1191 455 1225 480; x_wconf 88' lang='lat' dir='ltr'>Et</span> <span class='ocrx_word' id='word_1_148' title='bbox 1235 451 1338 491; x_wconf 83' lang='lat' dir='ltr'>spicula</span> <span class='ocrx_word' id='word_1_149' title='bbox 1347 452 1438 482; x_wconf 73' lang='lat' dir='ltr'>castris</span> 
     </span>
     <span class='ocr_line' id='line_1_24' title="bbox 1039 489 1309 523; baseline 0.026 -7"><span class='ocrx_word' id='word_1_150' title='bbox 1039 489 1131 519; x_wconf 85' lang='lat' dir='ltr'>Densa</span> <span class='ocrx_word' id='word_1_151' title='bbox 1144 492 1245 521; x_wconf 87' lang='lat' dir='ltr'>cadunt</span> <span class='ocrx_word' id='word_1_152' title='bbox 1255 497 1309 523; x_wconf 84' lang='lat' dir='ltr'>&amp;c-</span> 
     </span>
    </p>
   </div>
   <div class='ocr_carea' id='block_1_8' title="bbox 142 527 1792 576">
    <p class='ocr_par' dir='ltr' id='par_1_8' title="bbox 142 527 1792 576">
     <span class='ocr_line' id='line_1_25' title="bbox 142 527 1792 576; baseline 0.001 -14"><span class='ocrx_word' id='word_1_153' title='bbox 142 542 172 562; x_wconf 89' lang='lat' dir='ltr'>ut</span> <span class='ocrx_word' id='word_1_154' title='bbox 182 531 234 576; x_wconf 70' lang='lat' dir='ltr'>hoc</span> <span class='ocrx_word' id='word_1_155' title='bbox 246 531 326 570; x_wconf 87' lang='lat' dir='ltr'>piger</span> <span class='ocrx_word' id='word_1_156' title='bbox 337 529 467 567; x_wconf 73' lang='lat' dir='ltr'>paiaestrae</span> <span class='ocrx_word' id='word_1_157' title='bbox 477 529 572 558; x_wconf 90' lang='lat' dir='ltr'>luduin</span> <span class='ocrx_word' id='word_1_158' title='bbox 582 540 706 559; x_wconf 78' lang='lat' dir='ltr'>exerceat</span> <span class='ocrx_word' id='word_1_159' title='bbox 717 535 726 560; x_wconf 72' lang='grc' dir='ltr'><strong><em>ἓ</em></strong></span> <span class='ocrx_word' id='word_1_160' title='bbox 738 532 796 559; x_wconf 90' lang='lat' dir='ltr'>Aut</span> <span class='ocrx_word' id='word_1_161' title='bbox 807 530 892 558; x_wconf 82' lang='lat' dir='ltr'>afinus</span> <span class='ocrx_word' id='word_1_162' title='bbox 902 527 942 557; x_wconf 89' lang='lat' dir='ltr'>se-</span> <span class='ocrx_word' id='word_1_163' title='bbox 959 529 1099 559; x_wconf 67' lang='lat' dir='ltr'>Spicums</span> <span class='ocrx_word' id='word_1_164' title='bbox 1110 551 1118 558; x_wconf 89' lang='lat'><strong>.</strong></span> <span class='ocrx_word' id='word_1_165' title='bbox 1141 534 1197 563; x_wconf 85' lang='lat' dir='ltr'>FR.</span> <span class='ocrx_word' id='word_1_166' title='bbox 1208 533 1302 563; x_wconf 80' lang='lat' dir='ltr'>fornix</span> <span class='ocrx_word' id='word_1_167' title='bbox 1313 554 1320 562; x_wconf 91' lang='lat'>.</span> <span class='ocrx_word' id='word_1_168' title='bbox 1340 539 1354 569; x_wconf 89' lang='grc'>[</span> <span class='ocrx_word' id='word_1_169' title='bbox 1365 535 1442 564; x_wconf 86' lang='lat' dir='ltr'>Ante</span> <span class='ocrx_word' id='word_1_170' title='bbox 1460 533 1605 575; x_wconf 74' lang='lat' dir='ltr'>ingressum</span> <span class='ocrx_word' id='word_1_171' title='bbox 1624 546 1689 566; x_wconf 88' lang='lat' dir='ltr'>vero</span> <span class='ocrx_word' id='word_1_172' title='bbox 1699 539 1792 570; x_wconf 65' lang='lat' dir='ltr'>Basili„</span> 
     </span>
    </p>
   </div>
   <div class='ocr_carea' id='block_1_9' title="bbox 141 568 941 650">
    <p class='ocr_par' dir='ltr' id='par_1_9' title="bbox 141 568 941 650">
     <span class='ocr_line' id='line_1_26' title="bbox 141 568 941 613; baseline -0.006 -11"><span class='ocrx_word' id='word_1_173' title='bbox 141 573 206 613; x_wconf 88' lang='lat' dir='ltr'>gnis</span> <span class='ocrx_word' id='word_1_174' title='bbox 217 581 290 601; x_wconf 90' lang='lat' dir='ltr'>inter</span> <span class='ocrx_word' id='word_1_175' title='bbox 298 569 499 608; x_wconf 74' lang='lat' dir='ltr'>sphaeristarum</span> <span class='ocrx_word' id='word_1_176' title='bbox 508 569 636 599; x_wconf 85' lang='lat' dir='ltr'>ordinem</span> <span class='ocrx_word' id='word_1_177' title='bbox 645 571 727 600; x_wconf 86' lang='lat' dir='ltr'>celeri</span> <span class='ocrx_word' id='word_1_178' title='bbox 737 570 831 599; x_wconf 84' lang='lat' dir='ltr'>volatu</span> <span class='ocrx_word' id='word_1_179' title='bbox 840 568 941 598; x_wconf 87' lang='lat' dir='ltr'>discur-</span> 
     </span>
     <span class='ocr_line' id='line_1_27' title="bbox 142 610 941 650; baseline -0.004 -9"><span class='ocrx_word' id='word_1_180' title='bbox 142 623 185 643; x_wconf 80' lang='lat' dir='ltr'>rat</span> <span class='ocrx_word' id='word_1_181' title='bbox 198 617 208 642; x_wconf 71' lang='grc' dir='ltr'><strong>ἓ</strong></span> <span class='ocrx_word' id='word_1_182' title='bbox 231 613 349 650; x_wconf 86' lang='lat' dir='ltr'>Gregor.</span> <span class='ocrx_word' id='word_1_183' title='bbox 368 613 472 640; x_wconf 84' lang='lat' dir='ltr'>Turon.</span> <span class='ocrx_word' id='word_1_184' title='bbox 483 611 513 639; x_wconf 87' lang='lat' dir='ltr'>in</span> <span class='ocrx_word' id='word_1_185' title='bbox 532 610 638 649; x_wconf 62' lang='lat' dir='ltr'>praefat.</span> <span class='ocrx_word' id='word_1_186' title='bbox 658 611 692 639; x_wconf 88' lang='lat' dir='ltr'>de</span> <span class='ocrx_word' id='word_1_187' title='bbox 703 612 776 650; x_wconf 86' lang='lat' dir='ltr'>glor.</span> <span class='ocrx_word' id='word_1_188' title='bbox 797 610 917 640; x_wconf 74' lang='lat' dir='ltr'>Conteff.</span> <span class='ocrx_word' id='word_1_189' title='bbox 929 613 941 642; x_wconf 95' lang='lat'><em>]</em></span> 
     </span>
    </p>
   </div>
   <div class='ocr_carea' id='block_1_10' title="bbox 142 651 942 690">
    <p class='ocr_par' dir='ltr' id='par_1_10' title="bbox 142 651 942 690">
     <span class='ocr_line' id='line_1_28' title="bbox 142 651 942 690; baseline -0.004 -8"><span class='ocrx_word' id='word_1_190' title='bbox 142 658 208 683; x_wconf 73' lang='lat' dir='ltr'>Erat</span> <span class='ocrx_word' id='word_1_191' title='bbox 220 652 303 681; x_wconf 84' lang='lat' dir='ltr'>etiam</span> <span class='ocrx_word' id='word_1_192' title='bbox 321 651 462 681; x_wconf 82' lang='lat' dir='ltr'>Officialis</span> <span class='ocrx_word' id='word_1_193' title='bbox 485 651 641 690; x_wconf 83' lang='lat' dir='ltr'>Apostolici</span> <span class='ocrx_word' id='word_1_194' title='bbox 653 652 750 681; x_wconf 81' lang='lat' dir='ltr'>Palatii</span> <span class='ocrx_word' id='word_1_195' title='bbox 766 652 878 684; x_wconf 87' lang='lat' dir='ltr'>titulus,</span> <span class='ocrx_word' id='word_1_196' title='bbox 900 652 942 680; x_wconf 89' lang='lat' dir='ltr'>cui</span> 
     </span>
    </p>
   </div>
   <div class='ocr_carea' id='block_1_11' title="bbox 999 575 1790 619">
    <p class='ocr_par' dir='ltr' id='par_1_11' title="bbox 999 575 1790 619">
     <span class='ocr_line' id='line_1_29' title="bbox 999 575 1790 619; baseline 0.013 -21"><span class='ocrx_word' id='word_1_197' title='bbox 999 580 1036 598; x_wconf 77' lang='lat' dir='ltr'>cae</span> <span class='ocrx_word' id='word_1_198' title='bbox 1047 592 1054 603; x_wconf 89' lang='lat'><em>,</em></span> <span class='ocrx_word' id='word_1_199' title='bbox 1079 581 1191 601; x_wconf 86' lang='lat' dir='ltr'>necnon</span> <span class='ocrx_word' id='word_1_200' title='bbox 1200 577 1227 602; x_wconf 68' lang='grc' dir='ltr'>ὃ(</span> <span class='ocrx_word' id='word_1_201' title='bbox 1237 584 1301 603; x_wconf 86' lang='lat' dir='ltr'>ante</span> <span class='ocrx_word' id='word_1_202' title='bbox 1312 575 1459 604; x_wconf 83' lang='lat' dir='ltr'>introitum</span> <span class='ocrx_word' id='word_1_203' title='bbox 1476 576 1537 605; x_wconf 81' lang='lat' dir='ltr'>atrii</span> <span class='ocrx_word' id='word_1_204' title='bbox 1549 577 1669 615; x_wconf 79' lang='lat' dir='ltr'>quinque</span> <span class='ocrx_word' id='word_1_205' title='bbox 1681 579 1790 619; x_wconf 76' lang='lat' dir='ltr'>desuper</span> 
     </span>
    </p>
   </div>
   <div class='ocr_carea' id='block_1_12' title="bbox 1002 610 1794 694">
    <p class='ocr_par' dir='ltr' id='par_1_12' title="bbox 1002 610 1794 694">
     <span class='ocr_line' id='line_1_30' title="bbox 1002 610 1794 655; baseline 0.015 -17"><span class='ocrx_word' id='word_1_206' title='bbox 1002 610 1119 655; x_wconf 86' lang='lat' dir='ltr'>fornices</span> <span class='ocrx_word' id='word_1_207' title='bbox 1129 624 1215 653; x_wconf 87' lang='lat' dir='ltr'>,quos</span> <span class='ocrx_word' id='word_1_208' title='bbox 1225 614 1342 653; x_wconf 88' lang='lat' dir='ltr'>spiculos</span> <span class='ocrx_word' id='word_1_209' title='bbox 1353 615 1470 646; x_wconf 81' lang='lat' dir='ltr'>dicimus</span> <span class='ocrx_word' id='word_1_210' title='bbox 1479 639 1487 651; x_wconf 93' lang='lat'><em>,</em></span> <span class='ocrx_word' id='word_1_211' title='bbox 1499 618 1589 647; x_wconf 85' lang='lat' dir='ltr'>voluit</span> <span class='ocrx_word' id='word_1_212' title='bbox 1598 637 1605 645; x_wconf 85' lang='lat'><strong>.</strong></span> <span class='ocrx_word' id='word_1_213' title='bbox 1620 616 1728 649; x_wconf 82' lang='lat' dir='ltr'>Chi-on.</span> <span class='ocrx_word' id='word_1_214' title='bbox 1739 621 1794 650; x_wconf 82' lang='lat' dir='ltr'>Ca-</span> 
     </span>
     <span class='ocr_line' id='line_1_31' title="bbox 1003 652 1274 694; baseline 0.011 -14"><span class='ocrx_word' id='word_1_215' title='bbox 1003 652 1051 681; x_wconf 81' lang='lat' dir='ltr'>fin.</span> <span class='ocrx_word' id='word_1_216' title='bbox 1063 652 1107 681; x_wconf 91' lang='lat' dir='ltr'>lib.</span> <span class='ocrx_word' id='word_1_217' title='bbox 1120 665 1147 692; x_wconf 85' lang='lat'>3.</span> <span class='ocrx_word' id='word_1_218' title='bbox 1158 666 1216 694; x_wconf 82' lang='lat' dir='ltr'>cap.</span> <span class='ocrx_word' id='word_1_219' title='bbox 1229 660 1274 685; x_wconf 80' lang='lat'>28.</span> 
     </span>
    </p>
   </div>
   <div class='ocr_carea' id='block_1_13' title="bbox 145 691 1795 738">
    <p class='ocr_par' dir='ltr' id='par_1_13' title="bbox 145 691 1795 738">
     <span class='ocr_line' id='line_1_32' title="bbox 145 691 1795 738; baseline 0.007 -21"><span class='ocrx_word' id='word_1_220' title='bbox 145 703 236 722; x_wconf 57' lang='lat' dir='ltr'>curam</span> <span class='ocrx_word' id='word_1_221' title='bbox 247 691 416 721; x_wconf 76' lang='lat' dir='ltr'>exercitandi</span> <span class='ocrx_word' id='word_1_222' title='bbox 428 692 555 722; x_wconf 86' lang='lat' dir='ltr'>Clericos</span> <span class='ocrx_word' id='word_1_223' title='bbox 565 713 572 724; x_wconf 93' lang='lat'><em>‚</em></span> <span class='ocrx_word' id='word_1_224' title='bbox 592 702 720 730; x_wconf 79' lang='lat' dir='ltr'>tanquam</span> <span class='ocrx_word' id='word_1_225' title='bbox 733 691 889 730; x_wconf 80' lang='lat' dir='ltr'>Paedagogo</span> <span class='ocrx_word' id='word_1_226' title='bbox 901 693 941 720; x_wconf 89' lang='lat' dir='ltr'>in·</span> <span class='ocrx_word' id='word_1_227' title='bbox 959 692 1147 723; x_wconf 72' lang='lat' dir='ltr'>SPIRiTUALls</span> <span class='ocrx_word' id='word_1_228' title='bbox 1158 716 1165 722; x_wconf 86' lang='lat'><strong>.</strong></span> <span class='ocrx_word' id='word_1_229' title='bbox 1188 698 1244 726; x_wconf 82' lang='lat' dir='ltr'>FR.</span> <span class='ocrx_word' id='word_1_230' title='bbox 1257 707 1296 726; x_wconf 87' lang='lat' dir='ltr'>res</span> <span class='ocrx_word' id='word_1_231' title='bbox 1307 708 1364 726; x_wconf 84' lang='lat' dir='ltr'>non</span> <span class='ocrx_word' id='word_1_232' title='bbox 1385 698 1534 737; x_wconf 77' lang='lat' dir='ltr'>corporalis</span> <span class='ocrx_word' id='word_1_233' title='bbox 1545 719 1552 727; x_wconf 92' lang='lat'><strong>.</strong></span> <span class='ocrx_word' id='word_1_234' title='bbox 1572 700 1676 735; x_wconf 82' lang='lat' dir='ltr'>[Inter</span> <span class='ocrx_word' id='word_1_235' title='bbox 1694 709 1795 738; x_wconf 85' lang='lat' dir='ltr'>corpo-</span> 
     </span>
    </p>
   </div>
   <div class='ocr_carea' id='block_1_14' title="bbox 101 732 942 1015">
    <p class='ocr_par' dir='ltr' id='par_1_14' title="bbox 142 732 942 853">
     <span class='ocr_line' id='line_1_33' title="bbox 142 732 942 771; baseline -0.005 -8"><span class='ocrx_word' id='word_1_236' title='bbox 142 734 281 763; x_wconf 82' lang='lat' dir='ltr'>cumbebat</span> <span class='ocrx_word' id='word_1_237' title='bbox 292 754 299 761; x_wconf 92' lang='lat'><strong>.</strong></span> <span class='ocrx_word' id='word_1_238' title='bbox 324 733 509 768; x_wconf 70' lang='lat' dir='ltr'>[Gratianum</span> <span class='ocrx_word' id='word_1_239' title='bbox 522 743 588 762; x_wconf 77' lang='lat' dir='ltr'>vero</span> <span class='ocrx_word' id='word_1_240' title='bbox 598 732 663 761; x_wconf 87' lang='lat' dir='ltr'>sacri</span> <span class='ocrx_word' id='word_1_241' title='bbox 677 733 847 771; x_wconf 81' lang='lat' dir='ltr'>sphaeristam</span> <span class='ocrx_word' id='word_1_242' title='bbox 856 733 942 761; x_wconf 84' lang='lat' dir='ltr'>Patri-</span> 
     </span>
     <span class='ocr_line' id='line_1_34' title="bbox 142 772 940 806; baseline -0.005 -2"><span class='ocrx_word' id='word_1_243' title='bbox 142 774 230 804; x_wconf 77' lang='lat' dir='ltr'>arch&#39;ii</span> <span class='ocrx_word' id='word_1_244' title='bbox 241 795 248 801; x_wconf 93' lang='lat'><strong><em>.</em></strong></span> <span class='ocrx_word' id='word_1_245' title='bbox 270 774 364 803; x_wconf 84' lang='lat' dir='ltr'>Anast.</span> <span class='ocrx_word' id='word_1_246' title='bbox 376 773 489 802; x_wconf 84' lang='lat' dir='ltr'>Bibliot.</span> <span class='ocrx_word' id='word_1_247' title='bbox 500 773 530 802; x_wconf 91' lang='lat' dir='ltr'>in</span> <span class='ocrx_word' id='word_1_248' title='bbox 540 775 633 803; x_wconf 88' lang='lat' dir='ltr'>Leone</span> <span class='ocrx_word' id='word_1_249' title='bbox 642 775 695 803; x_wconf 91' lang='lat' dir='ltr'>IV.</span> <span class='ocrx_word' id='word_1_250' title='bbox 708 777 720 806; x_wconf 79' lang='lat' dir='ltr'>J</span> <span class='ocrx_word' id='word_1_251' title='bbox 741 773 785 803; x_wconf 83' lang='lat' dir='ltr'>ubi</span> <span class='ocrx_word' id='word_1_252' title='bbox 795 772 940 801; x_wconf 86' lang='lat' dir='ltr'>mendosus</span> 
     </span>
     <span class='ocr_line' id='line_1_35' title="bbox 144 812 515 853; baseline -0.005 -9"><span class='ocrx_word' id='word_1_253' title='bbox 144 824 236 844; x_wconf 86' lang='lat' dir='ltr'>textus</span> <span class='ocrx_word' id='word_1_254' title='bbox 243 815 408 853; x_wconf 77' lang='lat' dir='ltr'>superistam</span> <span class='ocrx_word' id='word_1_255' title='bbox 417 812 498 842; x_wconf 82' lang='lat' dir='ltr'>habet</span> <span class='ocrx_word' id='word_1_256' title='bbox 508 835 515 842; x_wconf 83' lang='lat'><em>.</em></span> 
     </span>
    </p>

    <p class='ocr_par' dir='ltr' id='par_1_15' title="bbox 101 851 942 934">
     <span class='ocr_line' id='line_1_36' title="bbox 101 851 942 893; baseline -0.005 -7"><span class='ocrx_word' id='word_1_257' title='bbox 101 856 346 886; x_wconf 66' lang='lat' dir='ltr'><strong>SFHAERISTERIUM</strong></span> <span class='ocrx_word' id='word_1_258' title='bbox 359 876 366 888; x_wconf 90' lang='lat'><em>‚</em></span> <span class='ocrx_word' id='word_1_259' title='bbox 376 851 546 893; x_wconf 71' lang='grc' dir='ltr'>σφαιριςῆριον</span> <span class='ocrx_word' id='word_1_260' title='bbox 556 876 565 887; x_wconf 87' lang='lat'><em>‚</em></span> <span class='ocrx_word' id='word_1_261' title='bbox 578 854 701 892; x_wconf 74' lang='lat' dir='ltr'>palaestra</span> <span class='ocrx_word' id='word_1_262' title='bbox 730 855 804 883; x_wconf 85' lang='lat' dir='ltr'>locus</span> <span class='ocrx_word' id='word_1_263' title='bbox 819 875 826 886; x_wconf 96' lang='lat'><em>,</em></span> <span class='ocrx_word' id='word_1_264' title='bbox 846 853 890 882; x_wconf 89' lang='lat' dir='ltr'>ubi</span> <span class='ocrx_word' id='word_1_265' title='bbox 902 854 942 882; x_wconf 89' lang='lat' dir='ltr'>lu-</span> 
     </span>
     <span class='ocr_line' id='line_1_37' title="bbox 146 894 941 934; baseline -0.003 -10"><span class='ocrx_word' id='word_1_266' title='bbox 146 897 209 925; x_wconf 88' lang='lat' dir='ltr'>dum</span> <span class='ocrx_word' id='word_1_267' title='bbox 220 895 369 934; x_wconf 74' lang='lat' dir='ltr'>spliaeristae</span> <span class='ocrx_word' id='word_1_268' title='bbox 380 896 543 924; x_wconf 80' lang='lat' dir='ltr'>exercebant</span> <span class='ocrx_word' id='word_1_269' title='bbox 553 916 559 922; x_wconf 89' lang='lat'><em>.</em></span> <span class='ocrx_word' id='word_1_270' title='bbox 573 895 699 924; x_wconf 85' lang='lat' dir='ltr'>Sidonius</span> <span class='ocrx_word' id='word_1_271' title='bbox 709 918 717 929; x_wconf 94' lang='lat'><em>,</em></span> <span class='ocrx_word' id='word_1_272' title='bbox 730 896 775 924; x_wconf 87' lang='lat' dir='ltr'>lib.</span> <span class='ocrx_word' id='word_1_273' title='bbox 788 906 813 923; x_wconf 82' lang='lat'>2.</span> <span class='ocrx_word' id='word_1_274' title='bbox 826 894 904 933; x_wconf 88' lang='lat' dir='ltr'>epist.</span> <span class='ocrx_word' id='word_1_275' title='bbox 917 907 941 924; x_wconf 81' lang='lat'>7..</span> 
     </span>
    </p>

    <p class='ocr_par' dir='ltr' id='par_1_16' title="bbox 102 936 581 973">
     <span class='ocr_line' id='line_1_38' title="bbox 102 936 581 973; baseline -0.008 -6"><span class='ocrx_word' id='word_1_276' title='bbox 102 938 259 967; x_wconf 65' lang='lat' dir='ltr'>SPi-ifirinori</span> <span class='ocrx_word' id='word_1_277' title='bbox 270 957 276 964; x_wconf 90' lang='lat'><strong>.</strong></span> <span class='ocrx_word' id='word_1_278' title='bbox 289 937 361 965; x_wconf 83' lang='lat' dir='ltr'>Vide</span> <span class='ocrx_word' id='word_1_279' title='bbox 372 936 564 973; x_wconf 74' lang='lat' dir='ltr'>Diasphendon</span> <span class='ocrx_word' id='word_1_280' title='bbox 574 957 581 963; x_wconf 95' lang='lat'>.</span> 
     </span>
    </p>

    <p class='ocr_par' dir='ltr' id='par_1_17' title="bbox 101 974 942 1015">
     <span class='ocr_line' id='line_1_39' title="bbox 101 974 942 1015; baseline -0.005 -7"><span class='ocrx_word' id='word_1_281' title='bbox 101 979 211 1009; x_wconf 72' lang='lat' dir='ltr'>Sx‘iimx</span> <span class='ocrx_word' id='word_1_282' title='bbox 224 975 347 1015; x_wconf 50' lang='lat' dir='ltr'>sebi,</span> <span class='ocrx_word' id='word_1_283' title='bbox 358 975 473 1004; x_wconf 75' lang='lat' dir='ltr'>fabulosa</span> <span class='ocrx_word' id='word_1_284' title='bbox 483 976 639 1005; x_wconf 83' lang='lat' dir='ltr'>Gentilium</span> <span class='ocrx_word' id='word_1_285' title='bbox 649 977 735 1015; x_wconf 82' lang='lat' dir='ltr'>figura</span> <span class='ocrx_word' id='word_1_286' title='bbox 748 997 755 1009; x_wconf 93' lang='lat'><em>,</em></span> <span class='ocrx_word' id='word_1_287' title='bbox 766 976 800 1005; x_wconf 86' lang='lat' dir='ltr'>de</span> <span class='ocrx_word' id='word_1_288' title='bbox 811 986 861 1014; x_wconf 84' lang='lat' dir='ltr'>qua</span> <span class='ocrx_word' id='word_1_289' title='bbox 872 974 942 1014; x_wconf 71' lang='lat' dir='ltr'>sxpe</span> 
     </span>
    </p>
   </div>
   <div class='ocr_carea' id='block_1_15' title="bbox 998 734 1799 1019">
    <p class='ocr_par' dir='ltr' id='par_1_18' title="bbox 998 734 1799 1019">
     <span class='ocr_line' id='line_1_40' title="bbox 998 734 1798 778; baseline 0.011 -18"><span class='ocrx_word' id='word_1_290' title='bbox 998 734 1064 776; x_wconf 78' lang='lat' dir='ltr'>ralia</span> <span class='ocrx_word' id='word_1_291' title='bbox 1075 755 1083 766; x_wconf 92' lang='lat'><em>‚</em></span> <span class='ocrx_word' id='word_1_292' title='bbox 1106 739 1134 764; x_wconf 72' lang='grc' dir='ltr'>ὃς</span> <span class='ocrx_word' id='word_1_293' title='bbox 1145 735 1298 774; x_wconf 74' lang='lat' dir='ltr'>spiritualia</span> <span class='ocrx_word' id='word_1_294' title='bbox 1316 748 1375 766; x_wconf 85' lang='lat' dir='ltr'>eam</span> <span class='ocrx_word' id='word_1_295' title='bbox 1395 741 1576 778; x_wconf 86' lang='lat' dir='ltr'>cognovimus</span> <span class='ocrx_word' id='word_1_296' title='bbox 1597 739 1648 768; x_wconf 82' lang='lat' dir='ltr'>effe</span> <span class='ocrx_word' id='word_1_297' title='bbox 1670 740 1798 770; x_wconf 76' lang='lat' dir='ltr'>differen-</span> 
     </span>
     <span class='ocr_line' id='line_1_41' title="bbox 1000 777 1797 819; baseline 0.009 -17"><span class='ocrx_word' id='word_1_298' title='bbox 1000 782 1066 803; x_wconf 86' lang='lat' dir='ltr'>tiam</span> <span class='ocrx_word' id='word_1_299' title='bbox 1076 795 1083 806; x_wconf 93' lang='lat'><em>,</em></span> <span class='ocrx_word' id='word_1_300' title='bbox 1104 777 1179 814; x_wconf 85' lang='lat' dir='ltr'>quod</span> <span class='ocrx_word' id='word_1_301' title='bbox 1197 778 1348 815; x_wconf 81' lang='lat' dir='ltr'>corporalia</span> <span class='ocrx_word' id='word_1_302' title='bbox 1368 779 1471 808; x_wconf 81' lang='lat' dir='ltr'>facilius</span> <span class='ocrx_word' id='word_1_303' title='bbox 1491 780 1667 809; x_wconf 82' lang='lat' dir='ltr'>destruuntur</span> <span class='ocrx_word' id='word_1_304' title='bbox 1681 802 1690 813; x_wconf 87' lang='lat'><em>‚</em></span> <span class='ocrx_word' id='word_1_305' title='bbox 1714 790 1797 819; x_wconf 82' lang='lat' dir='ltr'>quam</span> 
     </span>
     <span class='ocr_line' id='line_1_42' title="bbox 1000 815 1799 855; baseline 0.009 -13"><span class='ocrx_word' id='word_1_306' title='bbox 1000 815 1211 848; x_wconf 83' lang='lat' dir='ltr'>coiisti·uuntur;</span> <span class='ocrx_word' id='word_1_307' title='bbox 1230 817 1380 855; x_wconf 73' lang='lat' dir='ltr'>spiritualia</span> <span class='ocrx_word' id='word_1_308' title='bbox 1390 830 1456 849; x_wconf 88' lang='lat' dir='ltr'>vero</span> <span class='ocrx_word' id='word_1_309' title='bbox 1467 820 1569 849; x_wconf 75' lang='lat' dir='ltr'>facilius</span> <span class='ocrx_word' id='word_1_310' title='bbox 1581 820 1774 849; x_wconf 83' lang='lat' dir='ltr'>construuntur</span> <span class='ocrx_word' id='word_1_311' title='bbox 1790 842 1799 854; x_wconf 84' lang='lat'><em>,</em></span> 
     </span>
     <span class='ocr_line' id='line_1_43' title="bbox 1000 855 1797 895; baseline 0.009 -13"><span class='ocrx_word' id='word_1_312' title='bbox 1000 865 1079 893; x_wconf 76' lang='lat' dir='ltr'>quain</span> <span class='ocrx_word' id='word_1_313' title='bbox 1091 855 1266 886; x_wconf 83' lang='lat' dir='ltr'>destruuntur</span> <span class='ocrx_word' id='word_1_314' title='bbox 1275 878 1282 886; x_wconf 83' lang='lat'><strong><em>.</em></strong></span> <span class='ocrx_word' id='word_1_315' title='bbox 1307 859 1393 888; x_wconf 85' lang='lat' dir='ltr'>Unde</span> <span class='ocrx_word' id='word_1_316' title='bbox 1404 863 1478 895; x_wconf 80' lang='lat' dir='ltr'>juxta</span> <span class='ocrx_word' id='word_1_317' title='bbox 1488 861 1631 889; x_wconf 77' lang='lat' dir='ltr'>canonicas</span> <span class='ocrx_word' id='word_1_318' title='bbox 1643 859 1797 889; x_wconf 58' lang='lat' dir='ltr'>sanctiones</span> 
     </span>
     <span class='ocr_line' id='line_1_44' title="bbox 1002 894 1793 938; baseline 0.008 -14"><span class='ocrx_word' id='word_1_319' title='bbox 1002 894 1151 934; x_wconf 82' lang='lat' dir='ltr'>Episcopus</span> <span class='ocrx_word' id='word_1_320' title='bbox 1160 896 1296 927; x_wconf 89' lang='lat' dir='ltr'>honorem</span> <span class='ocrx_word' id='word_1_321' title='bbox 1306 899 1369 927; x_wconf 80' lang='lat' dir='ltr'>dare</span> <span class='ocrx_word' id='word_1_322' title='bbox 1379 900 1465 938; x_wconf 79' lang='lat' dir='ltr'>potest</span> <span class='ocrx_word' id='word_1_323' title='bbox 1475 922 1483 934; x_wconf 96' lang='lat'><em>,</em></span> <span class='ocrx_word' id='word_1_324' title='bbox 1501 906 1613 938; x_wconf 80' lang='lat' dir='ltr'>(nempe</span> <span class='ocrx_word' id='word_1_325' title='bbox 1622 902 1774 930; x_wconf 67' lang='lat' dir='ltr'>ordinando</span> <span class='ocrx_word' id='word_1_326' title='bbox 1784 923 1793 934; x_wconf 91' lang='lat'><em>,</em></span> 
     </span>
     <span class='ocr_line' id='line_1_45' title="bbox 1001 935 1798 980; baseline 0.008 -16"><span class='ocrx_word' id='word_1_327' title='bbox 1001 935 1036 968; x_wconf 64' lang='grc' dir='ltr'>ά·</span> <span class='ocrx_word' id='word_1_328' title='bbox 1045 938 1221 973; x_wconf 74' lang='lat' dir='ltr'>consecrando</span> <span class='ocrx_word' id='word_1_329' title='bbox 1232 961 1239 972; x_wconf 93' lang='lat'><em>‚</em></span> <span class='ocrx_word' id='word_1_330' title='bbox 1250 944 1261 972; x_wconf 93' lang='lat'>)</span> <span class='ocrx_word' id='word_1_331' title='bbox 1272 939 1343 968; x_wconf 83' lang='lat' dir='ltr'>soliis</span> <span class='ocrx_word' id='word_1_332' title='bbox 1355 940 1457 968; x_wconf 78' lang='lat' dir='ltr'>auferre</span> <span class='ocrx_word' id='word_1_333' title='bbox 1468 951 1526 970; x_wconf 90' lang='lat' dir='ltr'>non</span> <span class='ocrx_word' id='word_1_334' title='bbox 1536 941 1642 980; x_wconf 82' lang='lat' dir='ltr'>potest,</span> <span class='ocrx_word' id='word_1_335' title='bbox 1655 941 1701 970; x_wconf 85' lang='lat' dir='ltr'>lib.</span> <span class='ocrx_word' id='word_1_336' title='bbox 1715 953 1737 970; x_wconf 85' lang='grc' dir='ltr'>ι.</span> <span class='ocrx_word' id='word_1_337' title='bbox 1750 942 1798 970; x_wconf 86' lang='lat' dir='ltr'>de-</span> 
     </span>
     <span class='ocr_line' id='line_1_46' title="bbox 999 977 1475 1019; baseline 0.011 -16"><span class='ocrx_word' id='word_1_338' title='bbox 999 977 1093 1004; x_wconf 83' lang='lat' dir='ltr'>cretal.</span> <span class='ocrx_word' id='word_1_339' title='bbox 1103 978 1137 1006; x_wconf 89' lang='lat' dir='ltr'>de</span> <span class='ocrx_word' id='word_1_340' title='bbox 1148 981 1269 1008; x_wconf 80' lang='lat' dir='ltr'>translat.</span> <span class='ocrx_word' id='word_1_341' title='bbox 1282 979 1370 1018; x_wconf 87' lang='lat' dir='ltr'>Episc.</span> <span class='ocrx_word' id='word_1_342' title='bbox 1381 991 1437 1019; x_wconf 88' lang='lat' dir='ltr'>cap.</span> <span class='ocrx_word' id='word_1_343' title='bbox 1450 993 1475 1010; x_wconf 84' lang='lat' dir='ltr'>z.</span> 
     </span>
    </p>
   </div>
   <div class='ocr_carea' id='block_1_16' title="bbox 143 1016 1794 1060">
    <p class='ocr_par' dir='ltr' id='par_1_19' title="bbox 143 1016 1794 1060">
     <span class='ocr_line' id='line_1_47' title="bbox 143 1016 1794 1060; baseline 0.001 -13"><span class='ocrx_word' id='word_1_344' title='bbox 143 1027 254 1057; x_wconf 78' lang='lat' dir='ltr'>rogatus</span> <span class='ocrx_word' id='word_1_345' title='bbox 265 1017 320 1050; x_wconf 86' lang='lat' dir='ltr'>sui,</span> <span class='ocrx_word' id='word_1_346' title='bbox 341 1027 387 1045; x_wconf 88' lang='lat' dir='ltr'>cui·</span> <span class='ocrx_word' id='word_1_347' title='bbox 400 1027 496 1055; x_wconf 82' lang='lat' dir='ltr'>nempe</span> <span class='ocrx_word' id='word_1_348' title='bbox 516 1016 567 1044; x_wconf 88' lang='lat' dir='ltr'>hoc</span> <span class='ocrx_word' id='word_1_349' title='bbox 586 1019 724 1055; x_wconf 78' lang='lat' dir='ltr'>poeticum</span> <span class='ocrx_word' id='word_1_350' title='bbox 744 1019 898 1046; x_wconf 74' lang='lat' dir='ltr'>monstrum</span> <span class='ocrx_word' id='word_1_351' title='bbox 910 1017 943 1045; x_wconf 81' lang='lat' dir='ltr'>ad</span> <span class='ocrx_word' id='word_1_352' title='bbox 959 1018 1147 1047; x_wconf 62' lang='lat' dir='ltr'>§mxii-mitis</span> <span class='ocrx_word' id='word_1_353' title='bbox 1170 1021 1280 1048; x_wconf 71' lang='lat' dir='ltr'>Hono.</span> <span class='ocrx_word' id='word_1_354' title='bbox 1309 1023 1365 1050; x_wconf 82' lang='lat' dir='ltr'>FR.</span> <span class='ocrx_word' id='word_1_355' title='bbox 1383 1032 1430 1060; x_wconf 89' lang='lat' dir='ltr'>per</span> <span class='ocrx_word' id='word_1_356' title='bbox 1449 1022 1661 1051; x_wconf 67' lang='lat' dir='ltr'>antonomasiam</span> <span class='ocrx_word' id='word_1_357' title='bbox 1677 1020 1794 1050; x_wconf 83' lang='lat' dir='ltr'>summus</span> 
     </span>
    </p>
   </div>
   <div class='ocr_carea' id='block_1_17' title="bbox 143 1058 944 1583">
    <p class='ocr_par' dir='ltr' id='par_1_20' title="bbox 143 1058 944 1583">
     <span class='ocr_line' id='line_1_48' title="bbox 143 1058 941 1096; baseline -0.003 -9"><span class='ocrx_word' id='word_1_358' title='bbox 143 1058 216 1087; x_wconf 82' lang='lat' dir='ltr'>fores</span> <span class='ocrx_word' id='word_1_359' title='bbox 226 1058 403 1096; x_wconf 84' lang='lat' dir='ltr'>antiquarum</span> <span class='ocrx_word' id='word_1_360' title='bbox 415 1058 591 1086; x_wconf 66' lang='lat' dir='ltr'>Ecclesiarum</span> <span class='ocrx_word' id='word_1_361' title='bbox 600 1059 783 1087; x_wconf 64' lang='lat' dir='ltr'>collocabatur</span> <span class='ocrx_word' id='word_1_362' title='bbox 794 1078 801 1085; x_wconf 89' lang='lat'><em>.</em></span> <span class='ocrx_word' id='word_1_363' title='bbox 814 1058 859 1087; x_wconf 85' lang='lat' dir='ltr'>Ad</span> <span class='ocrx_word' id='word_1_364' title='bbox 869 1058 941 1096; x_wconf 83' lang='lat' dir='ltr'>quod</span> 
     </span>
     <span class='ocr_line' id='line_1_49' title="bbox 144 1098 941 1137; baseline -0.003 -9"><span class='ocrx_word' id='word_1_365' title='bbox 144 1098 276 1137; x_wconf 84' lang='lat' dir='ltr'>respondi</span> <span class='ocrx_word' id='word_1_366' title='bbox 295 1098 491 1137; x_wconf 76' lang='lat' dir='ltr'>AEgyptiosiii</span> <span class='ocrx_word' id='word_1_367' title='bbox 504 1108 598 1126; x_wconf 85' lang='lat' dir='ltr'>eorum</span> <span class='ocrx_word' id='word_1_368' title='bbox 618 1100 726 1137; x_wconf 85' lang='lat' dir='ltr'>templis</span> <span class='ocrx_word' id='word_1_369' title='bbox 737 1099 872 1127; x_wconf 83' lang='lat' dir='ltr'>collocare</span> <span class='ocrx_word' id='word_1_370' title='bbox 889 1099 941 1126; x_wconf 89' lang='lat' dir='ltr'>hoc</span> 
     </span>
     <span class='ocr_line' id='line_1_50' title="bbox 144 1137 941 1171; baseline -0.003 -3"><span class='ocrx_word' id='word_1_371' title='bbox 144 1140 315 1169; x_wconf 76' lang='lat' dir='ltr'>fimulacriini</span> <span class='ocrx_word' id='word_1_372' title='bbox 324 1138 419 1168; x_wconf 74' lang='lat' dir='ltr'>solitos</span> <span class='ocrx_word' id='word_1_373' title='bbox 432 1137 507 1167; x_wconf 76' lang='lat' dir='ltr'>fuisse</span> <span class='ocrx_word' id='word_1_374' title='bbox 519 1161 526 1171; x_wconf 93' lang='lat'><em>,</em></span> <span class='ocrx_word' id='word_1_375' title='bbox 537 1148 565 1167; x_wconf 89' lang='lat' dir='ltr'>ut</span> <span class='ocrx_word' id='word_1_376' title='bbox 576 1140 708 1167; x_wconf 84' lang='lat' dir='ltr'>Clemens</span> <span class='ocrx_word' id='word_1_377' title='bbox 720 1140 923 1168; x_wconf 72' lang='lat' dir='ltr'>Alexandrinus</span> <span class='ocrx_word' id='word_1_378' title='bbox 934 1161 941 1171; x_wconf 90' lang='lat'><em>,</em></span> 
     </span>
     <span class='ocr_line' id='line_1_51' title="bbox 145 1179 941 1218; baseline -0.003 -9"><span class='ocrx_word' id='word_1_379' title='bbox 145 1181 193 1210; x_wconf 79' lang='lat' dir='ltr'>lib.</span> <span class='ocrx_word' id='word_1_380' title='bbox 204 1191 231 1215; x_wconf 92' lang='lat'>4.</span> <span class='ocrx_word' id='word_1_381' title='bbox 244 1180 364 1208; x_wconf 84' lang='lat' dir='ltr'>stromat.</span> <span class='ocrx_word' id='word_1_382' title='bbox 375 1180 458 1208; x_wconf 85' lang='lat' dir='ltr'>refert</span> <span class='ocrx_word' id='word_1_383' title='bbox 469 1201 476 1212; x_wconf 93' lang='lat'><em>‚</em></span> <span class='ocrx_word' id='word_1_384' title='bbox 490 1180 522 1207; x_wconf 83' lang='lat' dir='ltr'>ad</span> <span class='ocrx_word' id='word_1_385' title='bbox 535 1180 689 1208; x_wconf 86' lang='lat' dir='ltr'>docendum</span> <span class='ocrx_word' id='word_1_386' title='bbox 699 1179 826 1208; x_wconf 85' lang='lat' dir='ltr'>homines</span> <span class='ocrx_word' id='word_1_387' title='bbox 838 1202 845 1213; x_wconf 90' lang='lat'><em>‚</em></span> <span class='ocrx_word' id='word_1_388' title='bbox 868 1180 941 1218; x_wconf 85' lang='lat' dir='ltr'>quod</span> 
     </span>
     <span class='ocr_line' id='line_1_52' title="bbox 143 1220 941 1260; baseline 0.001 -12"><span class='ocrx_word' id='word_1_389' title='bbox 143 1222 220 1251; x_wconf 88' lang='lat' dir='ltr'>Deus</span> <span class='ocrx_word' id='word_1_390' title='bbox 230 1220 342 1252; x_wconf 86' lang='lat' dir='ltr'>timeri,</span> <span class='ocrx_word' id='word_1_391' title='bbox 361 1230 497 1259; x_wconf 82' lang='lat' dir='ltr'>amarique</span> <span class='ocrx_word' id='word_1_392' title='bbox 506 1220 654 1251; x_wconf 54' lang='lat' dir='ltr'>debuissem</span> <span class='ocrx_word' id='word_1_393' title='bbox 669 1221 784 1260; x_wconf 87' lang='lat' dir='ltr'>ideoque</span> <span class='ocrx_word' id='word_1_394' title='bbox 796 1221 941 1260; x_wconf 76' lang='lat' dir='ltr'>sphingem</span> 
     </span>
     <span class='ocr_line' id='line_1_53' title="bbox 144 1260 940 1300; baseline -0.001 -10"><span class='ocrx_word' id='word_1_395' title='bbox 144 1262 206 1291; x_wconf 81' lang='lat' dir='ltr'>bina</span> <span class='ocrx_word' id='word_1_396' title='bbox 217 1260 302 1299; x_wconf 83' lang='lat' dir='ltr'>figura</span> <span class='ocrx_word' id='word_1_397' title='bbox 314 1283 321 1294; x_wconf 94' lang='lat'><em>,</em></span> <span class='ocrx_word' id='word_1_398' title='bbox 342 1261 460 1289; x_wconf 81' lang='lat' dir='ltr'>humana</span> <span class='ocrx_word' id='word_1_399' title='bbox 471 1283 478 1294; x_wconf 93' lang='lat'><em>‚</em></span> <span class='ocrx_word' id='word_1_400' title='bbox 490 1260 593 1289; x_wconf 88' lang='lat' dir='ltr'>scilicet</span> <span class='ocrx_word' id='word_1_401' title='bbox 604 1283 611 1293; x_wconf 83' lang='lat'><em>,</em></span> <span class='ocrx_word' id='word_1_402' title='bbox 631 1266 658 1290; x_wconf 62' lang='grc' dir='ltr'>ἃ</span> <span class='ocrx_word' id='word_1_403' title='bbox 669 1262 766 1290; x_wconf 75' lang='lat' dir='ltr'>brutali</span> <span class='ocrx_word' id='word_1_404' title='bbox 780 1261 921 1300; x_wconf 69' lang='lat' dir='ltr'>fingebant</span> <span class='ocrx_word' id='word_1_405' title='bbox 935 1283 940 1293; x_wconf 86' lang='lat'><em>‚</em></span> 
     </span>
     <span class='ocr_line' id='line_1_54' title="bbox 143 1302 941 1341; baseline -0.001 -11"><span class='ocrx_word' id='word_1_406' title='bbox 143 1302 278 1341; x_wconf 79' lang='lat' dir='ltr'>perillam</span> <span class='ocrx_word' id='word_1_407' title='bbox 289 1323 296 1334; x_wconf 89' lang='lat'><em>,</em></span> <span class='ocrx_word' id='word_1_408' title='bbox 309 1302 496 1339; x_wconf 75' lang='lat' dir='ltr'>placiditatem</span> <span class='ocrx_word' id='word_1_409' title='bbox 507 1323 515 1333; x_wconf 87' lang='lat'><em>,</em></span> <span class='ocrx_word' id='word_1_410' title='bbox 528 1311 607 1339; x_wconf 81' lang='lat' dir='ltr'>atque</span> <span class='ocrx_word' id='word_1_411' title='bbox 615 1313 663 1340; x_wconf 84' lang='lat' dir='ltr'>per</span> <span class='ocrx_word' id='word_1_412' title='bbox 674 1303 761 1335; x_wconf 75' lang='lat' dir='ltr'>istam,</span> <span class='ocrx_word' id='word_1_413' title='bbox 772 1302 941 1330; x_wconf 80' lang='lat' dir='ltr'>ferocitatem</span> 
     </span>
     <span class='ocr_line' id='line_1_55' title="bbox 145 1341 940 1381; baseline -0.003 -10"><span class='ocrx_word' id='word_1_414' title='bbox 145 1341 331 1381; x_wconf 72' lang='lat' dir='ltr'>significantes</span> <span class='ocrx_word' id='word_1_415' title='bbox 340 1362 347 1369; x_wconf 91' lang='lat'><strong>.</strong></span> <span class='ocrx_word' id='word_1_416' title='bbox 362 1344 436 1370; x_wconf 87' lang='lat' dir='ltr'>Hinc</span> <span class='ocrx_word' id='word_1_417' title='bbox 447 1341 602 1370; x_wconf 74' lang='lat' dir='ltr'>Christiani</span> <span class='ocrx_word' id='word_1_418' title='bbox 612 1342 706 1370; x_wconf 81' lang='lat' dir='ltr'>eadem</span> <span class='ocrx_word' id='word_1_419' title='bbox 717 1343 873 1371; x_wconf 88' lang='lat' dir='ltr'>intentione</span> <span class='ocrx_word' id='word_1_420' title='bbox 885 1365 892 1375; x_wconf 83' lang='lat'><em>,</em></span> <span class='ocrx_word' id='word_1_421' title='bbox 912 1352 940 1369; x_wconf 87' lang='lat' dir='ltr'>ut</span> 
     </span>
     <span class='ocr_line' id='line_1_56' title="bbox 147 1382 941 1421; baseline -0.003 -10"><span class='ocrx_word' id='word_1_422' title='bbox 147 1383 201 1411; x_wconf 92' lang='lat' dir='ltr'>Dei</span> <span class='ocrx_word' id='word_1_423' title='bbox 210 1393 330 1411; x_wconf 81' lang='lat' dir='ltr'>amorem</span> <span class='ocrx_word' id='word_1_424' title='bbox 342 1404 350 1415; x_wconf 92' lang='lat'><em>‚</em></span> <span class='ocrx_word' id='word_1_425' title='bbox 373 1386 400 1411; x_wconf 69' lang='grc' dir='ltr'>ἃ</span> <span class='ocrx_word' id='word_1_426' title='bbox 413 1382 542 1410; x_wconf 82' lang='lat' dir='ltr'>timorem</span> <span class='ocrx_word' id='word_1_427' title='bbox 555 1382 656 1420; x_wconf 76' lang='lat' dir='ltr'>pariter</span> <span class='ocrx_word' id='word_1_428' title='bbox 665 1382 795 1411; x_wconf 88' lang='lat' dir='ltr'>haberent</span> <span class='ocrx_word' id='word_1_429' title='bbox 815 1393 941 1421; x_wconf 28' lang='lat' dir='ltr'>perpetu*</span> 
     </span>
     <span class='ocr_line' id='line_1_57' title="bbox 146 1423 943 1462; baseline 0 -12"><span class='ocrx_word' id='word_1_430' title='bbox 146 1433 192 1451; x_wconf 86' lang='lat' dir='ltr'>um</span> <span class='ocrx_word' id='word_1_431' title='bbox 205 1445 213 1455; x_wconf 90' lang='lat'><em>‚</em></span> <span class='ocrx_word' id='word_1_432' title='bbox 224 1423 276 1451; x_wconf 86' lang='lat' dir='ltr'>lioc</span> <span class='ocrx_word' id='word_1_433' title='bbox 288 1423 422 1451; x_wconf 83' lang='lat' dir='ltr'>fimulacri</span> <span class='ocrx_word' id='word_1_434' title='bbox 431 1432 642 1451; x_wconf 86' lang='lat' dir='ltr'>monumentum</span> <span class='ocrx_word' id='word_1_435' title='bbox 653 1423 716 1451; x_wconf 87' lang='lat' dir='ltr'>licet</span> <span class='ocrx_word' id='word_1_436' title='bbox 727 1424 834 1462; x_wconf 88' lang='lat' dir='ltr'>gentile</span> <span class='ocrx_word' id='word_1_437' title='bbox 845 1445 852 1456; x_wconf 91' lang='lat'><em>‚</em></span> <span class='ocrx_word' id='word_1_438' title='bbox 868 1433 943 1451; x_wconf 76' lang='lat' dir='ltr'>extra</span> 
     </span>
     <span class='ocr_line' id='line_1_58' title="bbox 146 1462 943 1502; baseline 0 -11"><span class='ocrx_word' id='word_1_439' title='bbox 146 1464 292 1498; x_wconf 75' lang='lat' dir='ltr'>Ecclesiam</span> <span class='ocrx_word' id='word_1_440' title='bbox 302 1463 421 1502; x_wconf 85' lang='lat' dir='ltr'>relinqui</span> <span class='ocrx_word' id='word_1_441' title='bbox 433 1462 612 1501; x_wconf 81' lang='lat' dir='ltr'>permiserant</span> <span class='ocrx_word' id='word_1_442' title='bbox 623 1483 630 1490; x_wconf 90' lang='lat'>.</span> <span class='ocrx_word' id='word_1_443' title='bbox 653 1465 709 1493; x_wconf 79' lang='lat' dir='ltr'>FR.</span> <span class='ocrx_word' id='word_1_444' title='bbox 719 1465 801 1492; x_wconf 85' lang='lat' dir='ltr'>alium</span> <span class='ocrx_word' id='word_1_445' title='bbox 813 1464 943 1492; x_wconf 81' lang='lat' dir='ltr'>moralem</span> 
     </span>
     <span class='ocr_line' id='line_1_59' title="bbox 143 1503 942 1543; baseline -0.004 -10"><span class='ocrx_word' id='word_1_446' title='bbox 143 1504 327 1543; x_wconf 69' lang='lat' dir='ltr'>significatum</span> <span class='ocrx_word' id='word_1_447' title='bbox 338 1503 413 1533; x_wconf 81' lang='lat' dir='ltr'>affert</span> <span class='ocrx_word' id='word_1_448' title='bbox 424 1504 530 1533; x_wconf 78' lang='lat' dir='ltr'>Natalis</span> <span class='ocrx_word' id='word_1_449' title='bbox 540 1504 645 1533; x_wconf 85' lang='lat' dir='ltr'>Comes</span> <span class='ocrx_word' id='word_1_450' title='bbox 656 1525 663 1537; x_wconf 92' lang='lat'><em>‚</em></span> <span class='ocrx_word' id='word_1_451' title='bbox 684 1504 729 1532; x_wconf 82' lang='lat' dir='ltr'>lib.</span> <span class='ocrx_word' id='word_1_452' title='bbox 742 1516 770 1540; x_wconf 89' lang='lat'>9.</span> <span class='ocrx_word' id='word_1_453' title='bbox 782 1504 906 1539; x_wconf 83' lang='lat' dir='ltr'>Mythol.</span> <span class='ocrx_word' id='word_1_454' title='bbox 920 1514 942 1531; x_wconf 87' lang='lat' dir='ltr'>c.</span> 
     </span>
     <span class='ocr_line' id='line_1_60' title="bbox 151 1544 944 1583; baseline -0.003 -10"><span class='ocrx_word' id='word_1_455' title='bbox 151 1556 160 1573; x_wconf 83' lang='lat' dir='ltr'>x</span> <span class='ocrx_word' id='word_1_456' title='bbox 170 1549 194 1573; x_wconf 86' lang='lat'>8.</span> <span class='ocrx_word' id='word_1_457' title='bbox 204 1546 288 1582; x_wconf 87' lang='lat' dir='ltr'>quod,</span> <span class='ocrx_word' id='word_1_458' title='bbox 301 1544 446 1577; x_wconf 84' lang='lat' dir='ltr'>nimirum,</span> <span class='ocrx_word' id='word_1_459' title='bbox 464 1554 544 1583; x_wconf 79' lang='lat' dir='ltr'>:equo</span> <span class='ocrx_word' id='word_1_460' title='bbox 553 1544 656 1578; x_wconf 85' lang='lat' dir='ltr'>animo,</span> <span class='ocrx_word' id='word_1_461' title='bbox 666 1555 694 1572; x_wconf 81' lang='lat' dir='ltr'>ac</span> <span class='ocrx_word' id='word_1_462' title='bbox 706 1545 887 1574; x_wconf 76' lang='lat' dir='ltr'>tolerabiliter</span> <span class='ocrx_word' id='word_1_463' title='bbox 898 1554 944 1582; x_wconf 88' lang='lat' dir='ltr'>per</span> 
     </span>
    </p>
   </div>
   <div class='ocr_carea' id='block_1_18' title="bbox 997 1058 1799 1574">
    <p class='ocr_par' dir='ltr' id='par_1_21' title="bbox 997 1058 1799 1574">
     <span class='ocr_line' id='line_1_61' title="bbox 999 1058 1796 1100; baseline 0.006 -16"><span class='ocrx_word' id='word_1_464' title='bbox 999 1058 1129 1086; x_wconf 83' lang='lat' dir='ltr'>Pontifex</span> <span class='ocrx_word' id='word_1_465' title='bbox 1144 1059 1315 1100; x_wconf 84' lang='lat' dir='ltr'>intelligitur</span> <span class='ocrx_word' id='word_1_466' title='bbox 1327 1071 1374 1100; x_wconf 91' lang='lat' dir='ltr'>per</span> <span class='ocrx_word' id='word_1_467' title='bbox 1387 1062 1433 1090; x_wconf 81' lang='lat' dir='ltr'>illa</span> <span class='ocrx_word' id='word_1_468' title='bbox 1446 1064 1525 1092; x_wconf 85' lang='lat' dir='ltr'>verba</span> <span class='ocrx_word' id='word_1_469' title='bbox 1549 1074 1571 1091; x_wconf 89' lang='lat' dir='ltr'>i.</span> <span class='ocrx_word' id='word_1_470' title='bbox 1583 1063 1697 1091; x_wconf 87' lang='lat' dir='ltr'>Corint.</span> <span class='ocrx_word' id='word_1_471' title='bbox 1715 1073 1736 1089; x_wconf 91' lang='lat' dir='ltr'>i.</span> <span class='ocrx_word' id='word_1_472' title='bbox 1752 1070 1796 1097; x_wconf 73' lang='grc' dir='ltr'>ις.</span> 
     </span>
     <span class='ocr_line' id='line_1_62' title="bbox 1000 1099 1796 1139; baseline 0.009 -14"><span class='ocrx_word' id='word_1_473' title='bbox 1000 1099 1178 1136; x_wconf 80' lang='lat' dir='ltr'>[Spiritualis</span> <span class='ocrx_word' id='word_1_474' title='bbox 1198 1103 1286 1138; x_wconf 78' lang='lat' dir='ltr'>(idest</span> <span class='ocrx_word' id='word_1_475' title='bbox 1298 1103 1394 1135; x_wconf 82' lang='lat' dir='ltr'>homo)</span> <span class='ocrx_word' id='word_1_476' title='bbox 1417 1113 1505 1132; x_wconf 82' lang='lat' dir='ltr'>autem</span> <span class='ocrx_word' id='word_1_477' title='bbox 1524 1103 1626 1139; x_wconf 80' lang='lat' dir='ltr'>judicat</span> <span class='ocrx_word' id='word_1_478' title='bbox 1636 1102 1726 1130; x_wconf 87' lang='lat' dir='ltr'>omnia</span> <span class='ocrx_word' id='word_1_479' title='bbox 1738 1124 1745 1135; x_wconf 93' lang='lat'>‚</span> <span class='ocrx_word' id='word_1_480' title='bbox 1767 1105 1796 1132; x_wconf 72' lang='grc' dir='ltr'>δε</span> 
     </span>
     <span class='ocr_line' id='line_1_63' title="bbox 1001 1139 1794 1180; baseline 0.005 -14"><span class='ocrx_word' id='word_1_481' title='bbox 1001 1139 1057 1176; x_wconf 87' lang='lat' dir='ltr'>ipse</span> <span class='ocrx_word' id='word_1_482' title='bbox 1075 1150 1089 1168; x_wconf 84' lang='lat' dir='ltr'>a</span> <span class='ocrx_word' id='word_1_483' title='bbox 1108 1142 1362 1178; x_wconf 82' lang='lat' dir='ltr'>neminejudicatur</span> <span class='ocrx_word' id='word_1_484' title='bbox 1373 1164 1379 1170; x_wconf 91' lang='lat'><strong>.</strong></span> <span class='ocrx_word' id='word_1_485' title='bbox 1393 1146 1405 1174; x_wconf 95' lang='lat'>]</span> <span class='ocrx_word' id='word_1_486' title='bbox 1431 1144 1489 1171; x_wconf 78' lang='lat' dir='ltr'>Ubi</span> <span class='ocrx_word' id='word_1_487' title='bbox 1510 1144 1543 1172; x_wconf 82' lang='lat' dir='ltr'>fic</span> <span class='ocrx_word' id='word_1_488' title='bbox 1554 1143 1710 1172; x_wconf 78' lang='lat' dir='ltr'>Bonifacius</span> <span class='ocrx_word' id='word_1_489' title='bbox 1721 1145 1794 1180; x_wconf 76' lang='lat' dir='ltr'>Papa</span> 
     </span>
     <span class='ocr_line' id='line_1_64' title="bbox 1001 1181 1798 1222; baseline 0.004 -15"><span class='ocrx_word' id='word_1_490' title='bbox 1001 1181 1085 1208; x_wconf 82' lang='lat' dir='ltr'><strong>VIII.</strong></span> <span class='ocrx_word' id='word_1_491' title='bbox 1098 1182 1231 1220; x_wconf 84' lang='lat' dir='ltr'>exponit:</span> <span class='ocrx_word' id='word_1_492' title='bbox 1254 1184 1302 1218; x_wconf 80' lang='lat' dir='ltr'>[Si</span> <span class='ocrx_word' id='word_1_493' title='bbox 1318 1194 1382 1212; x_wconf 85' lang='lat' dir='ltr'>vero</span> <span class='ocrx_word' id='word_1_494' title='bbox 1401 1183 1522 1222; x_wconf 85' lang='lat' dir='ltr'>suprema</span> <span class='ocrx_word' id='word_1_495' title='bbox 1534 1196 1547 1212; x_wconf 82' lang='lat' dir='ltr'>a</span> <span class='ocrx_word' id='word_1_496' title='bbox 1565 1183 1626 1212; x_wconf 91' lang='lat' dir='ltr'>solo</span> <span class='ocrx_word' id='word_1_497' title='bbox 1636 1185 1698 1212; x_wconf 89' lang='lat' dir='ltr'>Deo</span> <span class='ocrx_word' id='word_1_498' title='bbox 1709 1205 1717 1216; x_wconf 89' lang='lat'><em>‚</em></span> <span class='ocrx_word' id='word_1_499' title='bbox 1740 1193 1798 1211; x_wconf 86' lang='lat' dir='ltr'>non</span> 
     </span>
     <span class='ocr_line' id='line_1_65' title="bbox 1002 1220 1795 1262; baseline 0.005 -15"><span class='ocrx_word' id='word_1_500' title='bbox 1002 1221 1032 1248; x_wconf 78' lang='lat' dir='ltr'>ab</span> <span class='ocrx_word' id='word_1_501' title='bbox 1053 1220 1209 1251; x_wconf 82' lang='lat' dir='ltr'>hominibus</span> <span class='ocrx_word' id='word_1_502' title='bbox 1230 1224 1333 1261; x_wconf 87' lang='lat' dir='ltr'>poterit</span> <span class='ocrx_word' id='word_1_503' title='bbox 1351 1224 1486 1261; x_wconf 79' lang='lat' dir='ltr'>judicari,</span> <span class='ocrx_word' id='word_1_504' title='bbox 1507 1225 1622 1253; x_wconf 84' lang='lat' dir='ltr'>testante</span> <span class='ocrx_word' id='word_1_505' title='bbox 1638 1224 1776 1262; x_wconf 85' lang='lat' dir='ltr'>Apostolo</span> <span class='ocrx_word' id='word_1_506' title='bbox 1787 1245 1795 1256; x_wconf 93' lang='lat'><em>‚</em></span> 
     </span>
     <span class='ocr_line' id='line_1_66' title="bbox 999 1260 1799 1303; baseline 0.006 -16"><span class='ocrx_word' id='word_1_507' title='bbox 999 1260 1148 1298; x_wconf 78' lang='lat' dir='ltr'>spiritualis</span> <span class='ocrx_word' id='word_1_508' title='bbox 1159 1263 1246 1291; x_wconf 88' lang='lat' dir='ltr'>homo</span> <span class='ocrx_word' id='word_1_509' title='bbox 1256 1265 1358 1299; x_wconf 82' lang='lat' dir='ltr'>judicat</span> <span class='ocrx_word' id='word_1_510' title='bbox 1370 1266 1464 1292; x_wconf 75' lang='lat' dir='ltr'>omnia</span> <span class='ocrx_word' id='word_1_511' title='bbox 1475 1287 1483 1297; x_wconf 88' lang='lat'><em>,</em></span> <span class='ocrx_word' id='word_1_512' title='bbox 1496 1265 1552 1303; x_wconf 77' lang='lat' dir='ltr'>ipse</span> <span class='ocrx_word' id='word_1_513' title='bbox 1562 1275 1651 1293; x_wconf 86' lang='lat' dir='ltr'>autem</span> <span class='ocrx_word' id='word_1_514' title='bbox 1663 1275 1676 1292; x_wconf 85' lang='lat' dir='ltr'>a</span> <span class='ocrx_word' id='word_1_515' title='bbox 1688 1264 1799 1292; x_wconf 88' lang='lat' dir='ltr'>nemine</span> 
     </span>
     <span class='ocr_line' id='line_1_67' title="bbox 997 1303 1798 1339; baseline 0.005 -11"><span class='ocrx_word' id='word_1_516' title='bbox 997 1303 1132 1336; x_wconf 70' lang='lat' dir='ltr'>judicatur</span> <span class='ocrx_word' id='word_1_517' title='bbox 1143 1323 1149 1330; x_wconf 90' lang='lat'><strong>.</strong></span> <span class='ocrx_word' id='word_1_518' title='bbox 1161 1305 1205 1331; x_wconf 71' lang='lat' dir='ltr'>Est</span> <span class='ocrx_word' id='word_1_519' title='bbox 1217 1314 1307 1332; x_wconf 82' lang='lat' dir='ltr'>:tutem</span> <span class='ocrx_word' id='word_1_520' title='bbox 1319 1304 1376 1332; x_wconf 76' lang='lat' dir='ltr'>haec</span> <span class='ocrx_word' id='word_1_521' title='bbox 1387 1305 1541 1338; x_wconf 67' lang='lat' dir='ltr'>auctoritas,</span> <span class='ocrx_word' id='word_1_522' title='bbox 1553 1311 1565 1339; x_wconf 85' lang='lat'>(</span> <span class='ocrx_word' id='word_1_523' title='bbox 1575 1305 1624 1333; x_wconf 76' lang='lat' dir='ltr'>etsi</span> <span class='ocrx_word' id='word_1_524' title='bbox 1634 1305 1693 1332; x_wconf 83' lang='lat' dir='ltr'>data</span> <span class='ocrx_word' id='word_1_525' title='bbox 1704 1305 1734 1332; x_wconf 83' lang='lat' dir='ltr'>sit</span> <span class='ocrx_word' id='word_1_526' title='bbox 1745 1304 1798 1332; x_wconf 88' lang='lat' dir='ltr'>ho-</span> 
     </span>
     <span class='ocr_line' id='line_1_68' title="bbox 1001 1342 1795 1382; baseline 0.006 -14"><span class='ocrx_word' id='word_1_527' title='bbox 1001 1342 1089 1374; x_wconf 88' lang='lat' dir='ltr'>mini,</span> <span class='ocrx_word' id='word_1_528' title='bbox 1100 1346 1126 1370; x_wconf 69' lang='grc' dir='ltr'>δε</span> <span class='ocrx_word' id='word_1_529' title='bbox 1138 1353 1294 1377; x_wconf 67' lang='lat' dir='ltr'>exerceatur</span> <span class='ocrx_word' id='word_1_530' title='bbox 1304 1355 1351 1382; x_wconf 89' lang='lat' dir='ltr'>per</span> <span class='ocrx_word' id='word_1_531' title='bbox 1363 1344 1506 1372; x_wconf 84' lang='lat' dir='ltr'>hominem</span> <span class='ocrx_word' id='word_1_532' title='bbox 1518 1349 1529 1376; x_wconf 86' lang='lat'>)</span> <span class='ocrx_word' id='word_1_533' title='bbox 1541 1356 1597 1374; x_wconf 84' lang='lat' dir='ltr'>nori</span> <span class='ocrx_word' id='word_1_534' title='bbox 1608 1344 1733 1376; x_wconf 83' lang='lat' dir='ltr'>humana,</span> <span class='ocrx_word' id='word_1_535' title='bbox 1748 1343 1795 1373; x_wconf 85' lang='lat' dir='ltr'>sed</span> 
     </span>
     <span class='ocr_line' id='line_1_69' title="bbox 1000 1380 1798 1423; baseline 0.003 -14"><span class='ocrx_word' id='word_1_536' title='bbox 1000 1382 1091 1420; x_wconf 83' lang='lat' dir='ltr'>potitis</span> <span class='ocrx_word' id='word_1_537' title='bbox 1101 1380 1199 1413; x_wconf 56' lang='lat' dir='ltr'>dii&#39;iiirt</span> <span class='ocrx_word' id='word_1_538' title='bbox 1210 1407 1217 1416; x_wconf 90' lang='lat'><strong><em>‚</em></strong></span> <span class='ocrx_word' id='word_1_539' title='bbox 1238 1395 1284 1412; x_wconf 92' lang='lat' dir='ltr'>ore</span> <span class='ocrx_word' id='word_1_540' title='bbox 1295 1385 1395 1413; x_wconf 87' lang='lat' dir='ltr'>divino</span> <span class='ocrx_word' id='word_1_541' title='bbox 1408 1388 1490 1413; x_wconf 87' lang='lat' dir='ltr'>Petro</span> <span class='ocrx_word' id='word_1_542' title='bbox 1499 1386 1579 1417; x_wconf 82' lang='lat' dir='ltr'>data,</span> <span class='ocrx_word' id='word_1_543' title='bbox 1599 1385 1699 1423; x_wconf 78' lang='lat' dir='ltr'>sibique</span> <span class='ocrx_word' id='word_1_544' title='bbox 1711 1407 1718 1417; x_wconf 84' lang='lat'><em>,</em></span> <span class='ocrx_word' id='word_1_545' title='bbox 1731 1383 1798 1412; x_wconf 80' lang='lat' dir='ltr'>suis-</span> 
     </span>
     <span class='ocr_line' id='line_1_70' title="bbox 1000 1421 1799 1463; baseline 0.006 -14"><span class='ocrx_word' id='word_1_546' title='bbox 1000 1433 1051 1462; x_wconf 84' lang='lat' dir='ltr'>que</span> <span class='ocrx_word' id='word_1_547' title='bbox 1062 1421 1247 1453; x_wconf 79' lang='lat' dir='ltr'>succestoribiis</span> <span class='ocrx_word' id='word_1_548' title='bbox 1259 1425 1288 1452; x_wconf 90' lang='lat' dir='ltr'>in</span> <span class='ocrx_word' id='word_1_549' title='bbox 1298 1424 1356 1462; x_wconf 91' lang='lat' dir='ltr'>ipso</span> <span class='ocrx_word' id='word_1_550' title='bbox 1369 1447 1375 1457; x_wconf 79' lang='grc'><strong><em>,</em></strong></span> <span class='ocrx_word' id='word_1_551' title='bbox 1396 1436 1475 1463; x_wconf 82' lang='lat' dir='ltr'>quem</span> <span class='ocrx_word' id='word_1_552' title='bbox 1486 1425 1617 1454; x_wconf 76' lang='lat' dir='ltr'>coni&#39;eiiiis</span> <span class='ocrx_word' id='word_1_553' title='bbox 1630 1424 1681 1453; x_wconf 87' lang='lat' dir='ltr'>fuit</span> <span class='ocrx_word' id='word_1_554' title='bbox 1693 1446 1700 1456; x_wconf 87' lang='lat'><em>‚</em></span> <span class='ocrx_word' id='word_1_555' title='bbox 1722 1434 1799 1462; x_wconf 79' lang='lat' dir='ltr'>petra.</span> 
     </span>
     <span class='ocr_line' id='line_1_71' title="bbox 1002 1464 1798 1503; baseline 0.004 -13"><span class='ocrx_word' id='word_1_556' title='bbox 1002 1464 1122 1496; x_wconf 73' lang='lat' dir='ltr'>firmata,</span> <span class='ocrx_word' id='word_1_557' title='bbox 1143 1465 1254 1493; x_wconf 85' lang='lat' dir='ltr'>dicente</span> <span class='ocrx_word' id='word_1_558' title='bbox 1265 1465 1390 1493; x_wconf 88' lang='lat' dir='ltr'>Domino</span> <span class='ocrx_word' id='word_1_559' title='bbox 1410 1466 1459 1502; x_wconf 77' lang='lat' dir='ltr'>ipsi</span> <span class='ocrx_word' id='word_1_560' title='bbox 1477 1468 1578 1494; x_wconf 81' lang='lat' dir='ltr'>Petro:</span> <span class='ocrx_word' id='word_1_561' title='bbox 1600 1465 1798 1503; x_wconf 76' lang='lat' dir='ltr'>Qiodciimqtie</span> 
     </span>
     <span class='ocr_line' id='line_1_72' title="bbox 1001 1504 1796 1544; baseline 0.005 -14"><span class='ocrx_word' id='word_1_562' title='bbox 1001 1504 1129 1541; x_wconf 77' lang='lat' dir='ltr'>ligaveris</span> <span class='ocrx_word' id='word_1_563' title='bbox 1138 1508 1189 1533; x_wconf 86' lang='lat' dir='ltr'>&amp;c.</span> <span class='ocrx_word' id='word_1_564' title='bbox 1212 1509 1323 1534; x_wconf 79' lang='lat' dir='ltr'>Extrav.</span> <span class='ocrx_word' id='word_1_565' title='bbox 1336 1516 1435 1534; x_wconf 86' lang='lat' dir='ltr'>comm.</span> <span class='ocrx_word' id='word_1_566' title='bbox 1448 1505 1481 1533; x_wconf 89' lang='lat' dir='ltr'>cle</span> <span class='ocrx_word' id='word_1_567' title='bbox 1493 1508 1588 1542; x_wconf 76' lang='lat' dir='ltr'>major.</span> <span class='ocrx_word' id='word_1_568' title='bbox 1599 1508 1628 1532; x_wconf 64' lang='grc' dir='ltr'>ὅ(</span> <span class='ocrx_word' id='word_1_569' title='bbox 1638 1504 1717 1532; x_wconf 88' lang='lat' dir='ltr'>obed.</span> <span class='ocrx_word' id='word_1_570' title='bbox 1738 1516 1796 1544; x_wconf 83' lang='lat' dir='ltr'>cap.</span> 
     </span>
     <span class='ocr_line' id='line_1_73' title="bbox 1003 1543 1231 1574; baseline 0.009 -3"><span class='ocrx_word' id='word_1_571' title='bbox 1003 1554 1082 1572; x_wconf 80' lang='lat' dir='ltr'>uiiiin</span> <span class='ocrx_word' id='word_1_572' title='bbox 1094 1543 1213 1574; x_wconf 55' lang='lat' dir='ltr'>sanctam</span> <span class='ocrx_word' id='word_1_573' title='bbox 1224 1566 1231 1573; x_wconf 94' lang='lat'><strong>.</strong></span> 
     </span>
    </p>
   </div>
   <div class='ocr_carea' id='block_1_19' title="bbox 145 1584 1800 1625">
    <p class='ocr_par' dir='ltr' id='par_1_22' title="bbox 145 1584 1800 1625">
     <span class='ocr_line' id='line_1_74' title="bbox 145 1584 1800 1625; baseline 0.001 -13"><span class='ocrx_word' id='word_1_574' title='bbox 145 1586 215 1613; x_wconf 83' lang='lat' dir='ltr'>hanc</span> <span class='ocrx_word' id='word_1_575' title='bbox 235 1584 379 1613; x_wconf 72' lang='lat' dir='ltr'>fabulosam</span> <span class='ocrx_word' id='word_1_576' title='bbox 391 1586 505 1624; x_wconf 82' lang='lat' dir='ltr'>figuram</span> <span class='ocrx_word' id='word_1_577' title='bbox 524 1584 725 1624; x_wconf 87' lang='lat' dir='ltr'>persecutiones</span> <span class='ocrx_word' id='word_1_578' title='bbox 735 1607 743 1619; x_wconf 96' lang='lat'><em>,</em></span> <span class='ocrx_word' id='word_1_579' title='bbox 764 1589 791 1614; x_wconf 71' lang='grc' dir='ltr'>ὃ(</span> <span class='ocrx_word' id='word_1_580' title='bbox 812 1596 944 1614; x_wconf 76' lang='lat' dir='ltr'>aerumnas</span> <span class='ocrx_word' id='word_1_581' title='bbox 961 1587 1192 1615; x_wconf 69' lang='lat' dir='ltr'>SPiRITUALITEit</span> <span class='ocrx_word' id='word_1_582' title='bbox 1224 1589 1280 1616; x_wconf 71' lang='lat' dir='ltr'>PR.</span> <span class='ocrx_word' id='word_1_583' title='bbox 1291 1586 1359 1615; x_wconf 88' lang='lat' dir='ltr'>idest</span> <span class='ocrx_word' id='word_1_584' title='bbox 1370 1609 1377 1619; x_wconf 91' lang='lat'><em>,</em></span> <span class='ocrx_word' id='word_1_585' title='bbox 1400 1586 1474 1625; x_wconf 81' lang='lat' dir='ltr'>quod</span> <span class='ocrx_word' id='word_1_586' title='bbox 1485 1597 1542 1615; x_wconf 88' lang='lat' dir='ltr'>non</span> <span class='ocrx_word' id='word_1_587' title='bbox 1554 1586 1588 1614; x_wconf 87' lang='lat' dir='ltr'>de</span> <span class='ocrx_word' id='word_1_588' title='bbox 1599 1586 1683 1614; x_wconf 82' lang='lat' dir='ltr'>verbo</span> <span class='ocrx_word' id='word_1_589' title='bbox 1694 1585 1725 1613; x_wconf 82' lang='lat' dir='ltr'>ad</span> <span class='ocrx_word' id='word_1_590' title='bbox 1738 1595 1800 1613; x_wconf 79' lang='lat' dir='ltr'>vei·-</span> 
     </span>
    </p>
   </div>
   <div class='ocr_carea' id='block_1_20' title="bbox 144 1624 945 1827">
    <p class='ocr_par' dir='ltr' id='par_1_23' title="bbox 144 1624 945 1827">
     <span class='ocr_line' id='line_1_75' title="bbox 146 1624 942 1666; baseline 0.001 -13"><span class='ocrx_word' id='word_1_591' title='bbox 146 1625 273 1654; x_wconf 84' lang='lat' dir='ltr'>homines</span> <span class='ocrx_word' id='word_1_592' title='bbox 282 1624 391 1654; x_wconf 81' lang='lat' dir='ltr'>sufferre</span> <span class='ocrx_word' id='word_1_593' title='bbox 401 1626 564 1654; x_wconf 77' lang='lat' dir='ltr'>docerentur</span> <span class='ocrx_word' id='word_1_594' title='bbox 577 1637 584 1656; x_wconf 76' lang='lat'>5</span> <span class='ocrx_word' id='word_1_595' title='bbox 603 1636 665 1653; x_wconf 82' lang='lat' dir='ltr'>nam</span> <span class='ocrx_word' id='word_1_596' title='bbox 675 1626 744 1654; x_wconf 82' lang='lat' dir='ltr'>alata</span> <span class='ocrx_word' id='word_1_597' title='bbox 754 1625 860 1664; x_wconf 85' lang='lat' dir='ltr'>Sphinx</span> <span class='ocrx_word' id='word_1_598' title='bbox 873 1627 942 1666; x_wconf 81' lang='lat' dir='ltr'>figu—</span> 
     </span>
     <span class='ocr_line' id='line_1_76' title="bbox 146 1666 943 1705; baseline 0.001 -11"><span class='ocrx_word' id='word_1_599' title='bbox 146 1667 251 1694; x_wconf 81' lang='lat' dir='ltr'>rabatur</span> <span class='ocrx_word' id='word_1_600' title='bbox 262 1688 270 1699; x_wconf 93' lang='lat'><em>,</em></span> <span class='ocrx_word' id='word_1_601' title='bbox 291 1667 364 1705; x_wconf 89' lang='lat' dir='ltr'>quod</span> <span class='ocrx_word' id='word_1_602' title='bbox 376 1666 413 1694; x_wconf 88' lang='lat' dir='ltr'>est</span> <span class='ocrx_word' id='word_1_603' title='bbox 434 1667 517 1694; x_wconf 89' lang='lat' dir='ltr'>incon</span> <span class='ocrx_word' id='word_1_604' title='bbox 523 1666 617 1694; x_wconf 80' lang='lat' dir='ltr'>stantis</span> <span class='ocrx_word' id='word_1_605' title='bbox 637 1666 753 1695; x_wconf 76' lang='lat' dir='ltr'>fortunae</span> <span class='ocrx_word' id='word_1_606' title='bbox 772 1666 943 1701; x_wconf 74' lang='lat' dir='ltr'>symbolum5</span> 
     </span>
     <span class='ocr_line' id='line_1_77' title="bbox 144 1707 945 1746; baseline 0.001 -11"><span class='ocrx_word' id='word_1_607' title='bbox 144 1717 275 1745; x_wconf 68' lang='lat' dir='ltr'>praeoerea</span> <span class='ocrx_word' id='word_1_608' title='bbox 284 1707 396 1735; x_wconf 79' lang='lat' dir='ltr'>aduncis</span> <span class='ocrx_word' id='word_1_609' title='bbox 407 1707 538 1746; x_wconf 81' lang='lat' dir='ltr'>unguibus</span> <span class='ocrx_word' id='word_1_610' title='bbox 551 1707 676 1745; x_wconf 78' lang='lat' dir='ltr'>fingitur,</span> <span class='ocrx_word' id='word_1_611' title='bbox 688 1708 719 1735; x_wconf 84' lang='lat' dir='ltr'>ad</span> <span class='ocrx_word' id='word_1_612' title='bbox 733 1708 888 1736; x_wconf 82' lang='lat' dir='ltr'>indicandas</span> <span class='ocrx_word' id='word_1_613' title='bbox 899 1708 945 1736; x_wconf 82' lang='lat' dir='ltr'>ad-</span> 
     </span>
     <span class='ocr_line' id='line_1_78' title="bbox 148 1747 943 1786; baseline 0 -10"><span class='ocrx_word' id='word_1_614' title='bbox 148 1747 304 1776; x_wconf 77' lang='lat' dir='ltr'>versitatum</span> <span class='ocrx_word' id='word_1_615' title='bbox 316 1748 484 1785; x_wconf 71' lang='lat' dir='ltr'>rapacitates,</span> <span class='ocrx_word' id='word_1_616' title='bbox 495 1747 590 1786; x_wconf 86' lang='lat' dir='ltr'>quibus</span> <span class='ocrx_word' id='word_1_617' title='bbox 602 1747 694 1775; x_wconf 77' lang='lat' dir='ltr'>omnia</span> <span class='ocrx_word' id='word_1_618' title='bbox 706 1747 834 1781; x_wconf 58' lang='lat' dir='ltr'>fortunas,</span> <span class='ocrx_word' id='word_1_619' title='bbox 847 1759 875 1776; x_wconf 84' lang='lat' dir='ltr'>ac</span> <span class='ocrx_word' id='word_1_620' title='bbox 885 1759 943 1776; x_wconf 90' lang='lat' dir='ltr'>cor-</span> 
     </span>
     <span class='ocr_line' id='line_1_79' title="bbox 145 1787 944 1827; baseline 0.001 -12"><span class='ocrx_word' id='word_1_621' title='bbox 145 1788 221 1826; x_wconf 76' lang='lat' dir='ltr'>poris</span> <span class='ocrx_word' id='word_1_622' title='bbox 234 1789 302 1816; x_wconf 78' lang='lat' dir='ltr'>bona</span> <span class='ocrx_word' id='word_1_623' title='bbox 312 1788 411 1816; x_wconf 69' lang='lat' dir='ltr'>anteri-i</span> <span class='ocrx_word' id='word_1_624' title='bbox 421 1787 550 1827; x_wconf 73' lang='lat' dir='ltr'>possiint5</span> <span class='ocrx_word' id='word_1_625' title='bbox 574 1787 691 1816; x_wconf 82' lang='lat' dir='ltr'>humana</span> <span class='ocrx_word' id='word_1_626' title='bbox 702 1787 768 1815; x_wconf 79' lang='lat' dir='ltr'>facie</span> <span class='ocrx_word' id='word_1_627' title='bbox 783 1788 925 1825; x_wconf 79' lang='lat' dir='ltr'>praefertur</span> <span class='ocrx_word' id='word_1_628' title='bbox 937 1811 944 1822; x_wconf 95' lang='lat'><em>‚</em></span> 
     </span>
    </p>
   </div>
   <div class='ocr_carea' id='block_1_21' title="bbox 1001 1624 1798 1818">
    <p class='ocr_par' dir='ltr' id='par_1_24' title="bbox 1001 1624 1798 1818">
     <span class='ocr_line' id='line_1_80' title="bbox 1001 1624 1798 1660; baseline 0.001 -7"><span class='ocrx_word' id='word_1_629' title='bbox 1001 1627 1064 1654; x_wconf 83' lang='lat' dir='ltr'>buin</span> <span class='ocrx_word' id='word_1_630' title='bbox 1082 1627 1243 1655; x_wconf 79' lang='lat' dir='ltr'>memoriter</span> <span class='ocrx_word' id='word_1_631' title='bbox 1263 1629 1377 1656; x_wconf 84' lang='lat' dir='ltr'>retineri</span> <span class='ocrx_word' id='word_1_632' title='bbox 1389 1627 1466 1655; x_wconf 78' lang='lat' dir='ltr'>debet</span> <span class='ocrx_word' id='word_1_633' title='bbox 1478 1649 1485 1660; x_wconf 90' lang='lat'><em>,</em></span> <span class='ocrx_word' id='word_1_634' title='bbox 1509 1626 1554 1654; x_wconf 86' lang='lat' dir='ltr'>sed</span> <span class='ocrx_word' id='word_1_635' title='bbox 1568 1635 1676 1654; x_wconf 87' lang='lat' dir='ltr'>tantum</span> <span class='ocrx_word' id='word_1_636' title='bbox 1696 1624 1798 1654; x_wconf 82' lang='lat' dir='ltr'>sufficit</span> 
     </span>
     <span class='ocr_line' id='line_1_81' title="bbox 1001 1664 1797 1705; baseline -0.001 -10"><span class='ocrx_word' id='word_1_637' title='bbox 1001 1666 1204 1705; x_wconf 87' lang='lat' dir='ltr'>apprehendere</span> <span class='ocrx_word' id='word_1_638' title='bbox 1224 1667 1332 1696; x_wconf 70' lang='lat' dir='ltr'>sensum</span> <span class='ocrx_word' id='word_1_639' title='bbox 1344 1689 1350 1696; x_wconf 90' lang='lat'>.</span> <span class='ocrx_word' id='word_1_640' title='bbox 1371 1667 1598 1703; x_wconf 68' lang='lat' dir='ltr'>[catechumeni</span> <span class='ocrx_word' id='word_1_641' title='bbox 1617 1671 1669 1695; x_wconf 62' lang='lat' dir='ltr'>&amp;cu</span> <span class='ocrx_word' id='word_1_642' title='bbox 1689 1664 1797 1701; x_wconf 69' lang='lat' dir='ltr'>symbo-</span> 
     </span>
     <span class='ocr_line' id='line_1_82' title="bbox 1003 1705 1798 1745; baseline -0.001 -11"><span class='ocrx_word' id='word_1_643' title='bbox 1003 1708 1060 1734; x_wconf 91' lang='lat' dir='ltr'>lum</span> <span class='ocrx_word' id='word_1_644' title='bbox 1070 1729 1078 1740; x_wconf 93' lang='lat'><em>‚</em></span> <span class='ocrx_word' id='word_1_645' title='bbox 1098 1708 1172 1745; x_wconf 90' lang='lat' dir='ltr'>quod</span> <span class='ocrx_word' id='word_1_646' title='bbox 1183 1708 1219 1736; x_wconf 81' lang='lat' dir='ltr'>est</span> <span class='ocrx_word' id='word_1_647' title='bbox 1230 1709 1324 1737; x_wconf 82' lang='lat' dir='ltr'>Credo</span> <span class='ocrx_word' id='word_1_648' title='bbox 1336 1710 1363 1737; x_wconf 87' lang='lat' dir='ltr'>in</span> <span class='ocrx_word' id='word_1_649' title='bbox 1373 1709 1464 1736; x_wconf 86' lang='lat' dir='ltr'>Deum</span> <span class='ocrx_word' id='word_1_650' title='bbox 1474 1710 1580 1736; x_wconf 84' lang='lat' dir='ltr'>Patrem</span> <span class='ocrx_word' id='word_1_651' title='bbox 1590 1728 1597 1739; x_wconf 87' lang='lat'><em>‚</em></span> <span class='ocrx_word' id='word_1_652' title='bbox 1617 1705 1798 1744; x_wconf 79' lang='lat' dir='ltr'>spiritualiter</span> 
     </span>
     <span class='ocr_line' id='line_1_83' title="bbox 1003 1746 1797 1787; baseline -0.001 -12"><span class='ocrx_word' id='word_1_653' title='bbox 1003 1748 1149 1776; x_wconf 75' lang='lat' dir='ltr'>doceantur</span> <span class='ocrx_word' id='word_1_654' title='bbox 1159 1768 1170 1784; x_wconf 87' lang='lat'><em>,</em></span> <span class='ocrx_word' id='word_1_655' title='bbox 1182 1760 1242 1777; x_wconf 80' lang='lat' dir='ltr'>caii.</span> <span class='ocrx_word' id='word_1_656' title='bbox 1252 1759 1314 1778; x_wconf 80' lang='lat' dir='ltr'>ante</span> <span class='ocrx_word' id='word_1_657' title='bbox 1327 1748 1450 1787; x_wconf 86' lang='lat' dir='ltr'>viginti,</span> <span class='ocrx_word' id='word_1_658' title='bbox 1470 1748 1503 1776; x_wconf 90' lang='lat' dir='ltr'>de</span> <span class='ocrx_word' id='word_1_659' title='bbox 1513 1746 1659 1776; x_wconf 77' lang='lat' dir='ltr'>consecrat.</span> <span class='ocrx_word' id='word_1_660' title='bbox 1672 1746 1732 1774; x_wconf 89' lang='lat' dir='ltr'>dist.</span> <span class='ocrx_word' id='word_1_661' title='bbox 1746 1759 1771 1781; x_wconf 77' lang='lat'>4.</span> <span class='ocrx_word' id='word_1_662' title='bbox 1783 1749 1797 1778; x_wconf 88' lang='lat'>]</span> 
     </span>
     <span class='ocr_line' id='line_1_84' title="bbox 1002 1788 1198 1818; baseline 0 -1"><span class='ocrx_word' id='word_1_663' title='bbox 1002 1792 1030 1817; x_wconf 75' lang='grc' dir='ltr'>δε</span> <span class='ocrx_word' id='word_1_664' title='bbox 1041 1789 1077 1816; x_wconf 90' lang='lat' dir='ltr'>ibi</span> <span class='ocrx_word' id='word_1_665' title='bbox 1087 1788 1179 1818; x_wconf 58' lang='lat' dir='ltr'>Glossa</span> <span class='ocrx_word' id='word_1_666' title='bbox 1191 1810 1198 1817; x_wconf 89' lang='lat'><strong>.</strong></span> 
     </span>
    </p>
   </div>
   <div class='ocr_carea' id='block_1_22' title="bbox 148 1826 1799 1869">
    <p class='ocr_par' dir='ltr' id='par_1_25' title="bbox 148 1826 1799 1869">
     <span class='ocr_line' id='line_1_85' title="bbox 148 1826 1799 1869; baseline -0.002 -13"><span class='ocrx_word' id='word_1_667' title='bbox 148 1838 211 1856; x_wconf 86' lang='lat' dir='ltr'>nam</span> <span class='ocrx_word' id='word_1_668' title='bbox 220 1827 371 1856; x_wconf 82' lang='lat' dir='ltr'>humanum</span> <span class='ocrx_word' id='word_1_669' title='bbox 384 1829 421 1857; x_wconf 85' lang='lat' dir='ltr'>est</span> <span class='ocrx_word' id='word_1_670' title='bbox 434 1828 629 1857; x_wconf 72' lang='lat' dir='ltr'>calamitatibus</span> <span class='ocrx_word' id='word_1_671' title='bbox 639 1850 647 1860; x_wconf 94' lang='lat'><em>,</em></span> <span class='ocrx_word' id='word_1_672' title='bbox 660 1827 944 1868; x_wconf 76' lang='lat' dir='ltr'>viciilitiidiiiibusque</span> <span class='ocrx_word' id='word_1_673' title='bbox 962 1831 1098 1859; x_wconf 70' lang='lat' dir='ltr'>Sriitirus</span> <span class='ocrx_word' id='word_1_674' title='bbox 1120 1831 1253 1859; x_wconf 56' lang='lat' dir='ltr'>Sane-ms</span> <span class='ocrx_word' id='word_1_675' title='bbox 1266 1852 1274 1863; x_wconf 90' lang='lat'><em>,</em></span> <span class='ocrx_word' id='word_1_676' title='bbox 1295 1829 1441 1869; x_wconf 87' lang='lat' dir='ltr'>aliquando</span> <span class='ocrx_word' id='word_1_677' title='bbox 1459 1829 1637 1858; x_wconf 77' lang='lat' dir='ltr'>divinitatem</span> <span class='ocrx_word' id='word_1_678' title='bbox 1656 1826 1739 1856; x_wconf 90' lang='lat' dir='ltr'>Verbi</span> <span class='ocrx_word' id='word_1_679' title='bbox 1759 1837 1799 1854; x_wconf 91' lang='lat' dir='ltr'>in-</span> 
     </span>
    </p>
   </div>
   <div class='ocr_carea' id='block_1_23' title="bbox 106 1868 946 2394">
    <p class='ocr_par' dir='ltr' id='par_1_26' title="bbox 144 1868 944 1948">
     <span class='ocr_line' id='line_1_86' title="bbox 148 1868 944 1906; baseline 0.003 -10"><span class='ocrx_word' id='word_1_680' title='bbox 148 1868 266 1897; x_wconf 74' lang='lat' dir='ltr'>fortunae</span> <span class='ocrx_word' id='word_1_681' title='bbox 279 1868 374 1904; x_wconf 71' lang='lat' dir='ltr'>subjici</span> <span class='ocrx_word' id='word_1_682' title='bbox 388 1881 394 1900; x_wconf 69' lang='grc' dir='ltr'>ς</span> <span class='ocrx_word' id='word_1_683' title='bbox 417 1870 526 1897; x_wconf 83' lang='lat' dir='ltr'>tandem</span> <span class='ocrx_word' id='word_1_684' title='bbox 545 1869 655 1897; x_wconf 78' lang='lat' dir='ltr'>leonina</span> <span class='ocrx_word' id='word_1_685' title='bbox 664 1878 723 1906; x_wconf 82' lang='lat' dir='ltr'>pars</span> <span class='ocrx_word' id='word_1_686' title='bbox 737 1890 746 1902; x_wconf 91' lang='lat'><em>,</em></span> <span class='ocrx_word' id='word_1_687' title='bbox 769 1869 834 1898; x_wconf 84' lang='lat' dir='ltr'>forti</span> <span class='ocrx_word' id='word_1_688' title='bbox 853 1870 944 1898; x_wconf 85' lang='lat' dir='ltr'>animo</span> 
     </span>
     <span class='ocr_line' id='line_1_87' title="bbox 144 1908 622 1948; baseline 0 -12"><span class='ocrx_word' id='word_1_689' title='bbox 144 1909 255 1937; x_wconf 74' lang='lat' dir='ltr'>serenda</span> <span class='ocrx_word' id='word_1_690' title='bbox 264 1908 314 1938; x_wconf 84' lang='lat' dir='ltr'>effe</span> <span class='ocrx_word' id='word_1_691' title='bbox 326 1909 438 1938; x_wconf 82' lang='lat' dir='ltr'>adversa</span> <span class='ocrx_word' id='word_1_692' title='bbox 451 1932 458 1942; x_wconf 86' lang='lat'><em>‚</em></span> <span class='ocrx_word' id='word_1_693' title='bbox 470 1910 604 1948; x_wconf 79' lang='lat' dir='ltr'>significat</span> <span class='ocrx_word' id='word_1_694' title='bbox 616 1929 622 1936; x_wconf 94' lang='lat'>.</span> 
     </span>
    </p>

    <p class='ocr_par' dir='ltr' id='par_1_27' title="bbox 106 1947 945 2191">
     <span class='ocr_line' id='line_1_88' title="bbox 106 1947 945 1989; baseline 0.001 -10"><span class='ocrx_word' id='word_1_695' title='bbox 106 1950 274 1980; x_wconf 72' lang='lat' dir='ltr'>SPicAiiium</span> <span class='ocrx_word' id='word_1_696' title='bbox 285 1972 293 1983; x_wconf 88' lang='lat'><em>,</em></span> <span class='ocrx_word' id='word_1_697' title='bbox 312 1960 467 1989; x_wconf 70' lang='lat' dir='ltr'>granarium</span> <span class='ocrx_word' id='word_1_698' title='bbox 482 1972 490 1983; x_wconf 93' lang='lat'>‚</span> <span class='ocrx_word' id='word_1_699' title='bbox 508 1951 538 1978; x_wconf 89' lang='lat' dir='ltr'>in</span> <span class='ocrx_word' id='word_1_700' title='bbox 548 1960 602 1989; x_wconf 90' lang='lat' dir='ltr'>quo</span> <span class='ocrx_word' id='word_1_701' title='bbox 611 1949 692 1988; x_wconf 79' lang='lat' dir='ltr'>spitae</span> <span class='ocrx_word' id='word_1_702' title='bbox 706 1947 836 1979; x_wconf 78' lang='lat' dir='ltr'>frumenti</span> <span class='ocrx_word' id='word_1_703' title='bbox 847 1971 854 1983; x_wconf 93' lang='lat'><em>,</em></span> <span class='ocrx_word' id='word_1_704' title='bbox 874 1955 901 1980; x_wconf 73' lang='grc' dir='ltr'>ὅ(</span> <span class='ocrx_word' id='word_1_705' title='bbox 914 1951 945 1980; x_wconf 85' lang='lat' dir='ltr'>si-</span> 
     </span>
     <span class='ocr_line' id='line_1_89' title="bbox 147 1990 945 2029; baseline 0.001 -10"><span class='ocrx_word' id='word_1_706' title='bbox 147 1991 255 2019; x_wconf 88' lang='lat' dir='ltr'>milium</span> <span class='ocrx_word' id='word_1_707' title='bbox 266 2013 274 2024; x_wconf 84' lang='lat'><em>,</em></span> <span class='ocrx_word' id='word_1_708' title='bbox 284 1991 373 2019; x_wconf 88' lang='lat' dir='ltr'>donec</span> <span class='ocrx_word' id='word_1_709' title='bbox 385 1991 575 2020; x_wconf 84' lang='lat' dir='ltr'>triturarentur</span> <span class='ocrx_word' id='word_1_710' title='bbox 586 2012 594 2023; x_wconf 88' lang='lat'><em>,</em></span> <span class='ocrx_word' id='word_1_711' title='bbox 607 1990 837 2020; x_wconf 82' lang='lat' dir='ltr'>conservabantur</span> <span class='ocrx_word' id='word_1_712' title='bbox 845 2012 852 2018; x_wconf 96' lang='lat'>.</span> <span class='ocrx_word' id='word_1_713' title='bbox 864 1997 876 2026; x_wconf 95' lang='lat'>[</span> <span class='ocrx_word' id='word_1_714' title='bbox 887 1993 945 2029; x_wconf 69' lang='lat' dir='ltr'>Spi⁴</span> 
     </span>
     <span class='ocr_line' id='line_1_90' title="bbox 145 2031 943 2070; baseline 0.001 -11"><span class='ocrx_word' id='word_1_715' title='bbox 145 2032 248 2059; x_wconf 64' lang='lat' dir='ltr'>tarium</span> <span class='ocrx_word' id='word_1_716' title='bbox 259 2032 307 2060; x_wconf 88' lang='lat' dir='ltr'>illc</span> <span class='ocrx_word' id='word_1_717' title='bbox 318 2042 422 2060; x_wconf 85' lang='lat' dir='ltr'>novum</span> <span class='ocrx_word' id='word_1_718' title='bbox 431 2053 439 2064; x_wconf 91' lang='lat'><em>‚</em></span> <span class='ocrx_word' id='word_1_719' title='bbox 450 2031 512 2070; x_wconf 83' lang='lat' dir='ltr'>quia</span> <span class='ocrx_word' id='word_1_720' title='bbox 520 2032 554 2060; x_wconf 79' lang='lat' dir='ltr'>fic</span> <span class='ocrx_word' id='word_1_721' title='bbox 566 2031 652 2059; x_wconf 84' lang='lat' dir='ltr'>homo</span> <span class='ocrx_word' id='word_1_722' title='bbox 664 2041 718 2059; x_wconf 88' lang='lat' dir='ltr'>erat</span> <span class='ocrx_word' id='word_1_723' title='bbox 729 2053 737 2065; x_wconf 86' lang='lat'><em>,</em></span> <span class='ocrx_word' id='word_1_724' title='bbox 749 2031 815 2059; x_wconf 82' lang='lat' dir='ltr'>solis</span> <span class='ocrx_word' id='word_1_725' title='bbox 827 2032 888 2060; x_wconf 86' lang='lat' dir='ltr'>feris</span> <span class='ocrx_word' id='word_1_726' title='bbox 900 2054 906 2064; x_wconf 89' lang='lat'><em>‚</em></span> <span class='ocrx_word' id='word_1_727' title='bbox 918 2036 943 2061; x_wconf 76' lang='lat'>3&lt;</span> 
     </span>
     <span class='ocr_line' id='line_1_91' title="bbox 147 2071 944 2111; baseline 0.004 -13"><span class='ocrx_word' id='word_1_728' title='bbox 147 2071 234 2099; x_wconf 90' lang='lat' dir='ltr'>belvis</span> <span class='ocrx_word' id='word_1_729' title='bbox 246 2093 253 2104; x_wconf 94' lang='lat'><em>‚</em></span> <span class='ocrx_word' id='word_1_730' title='bbox 273 2072 418 2111; x_wconf 75' lang='lat' dir='ltr'>avibusque</span> <span class='ocrx_word' id='word_1_731' title='bbox 431 2072 586 2100; x_wconf 82' lang='lat' dir='ltr'>domesticis</span> <span class='ocrx_word' id='word_1_732' title='bbox 595 2072 680 2100; x_wconf 91' lang='lat' dir='ltr'>condi</span> <span class='ocrx_word' id='word_1_733' title='bbox 692 2072 791 2100; x_wconf 85' lang='lat' dir='ltr'>fecerat</span> <span class='ocrx_word' id='word_1_734' title='bbox 802 2093 810 2105; x_wconf 88' lang='lat'><em>,</em></span> <span class='ocrx_word' id='word_1_735' title='bbox 830 2073 860 2100; x_wconf 83' lang='lat' dir='ltr'>iii</span> <span class='ocrx_word' id='word_1_736' title='bbox 880 2073 944 2101; x_wconf 85' lang='lat' dir='ltr'>Vita</span> 
     </span>
     <span class='ocr_line' id='line_1_92' title="bbox 149 2112 944 2152; baseline 0.003 -13"><span class='ocrx_word' id='word_1_737' title='bbox 149 2112 239 2140; x_wconf 69' lang='lat' dir='ltr'>Sanfli</span> <span class='ocrx_word' id='word_1_738' title='bbox 250 2113 326 2142; x_wconf 82' lang='lat' dir='ltr'>Galli</span> <span class='ocrx_word' id='word_1_739' title='bbox 339 2135 346 2146; x_wconf 88' lang='lat'><em>‚</em></span> <span class='ocrx_word' id='word_1_740' title='bbox 369 2124 426 2152; x_wconf 85' lang='lat' dir='ltr'>cap.</span> <span class='ocrx_word' id='word_1_741' title='bbox 437 2113 527 2142; x_wconf 89' lang='lat' dir='ltr'>ultim.</span> <span class='ocrx_word' id='word_1_742' title='bbox 540 2115 551 2144; x_wconf 95' lang='lat'>]</span> <span class='ocrx_word' id='word_1_743' title='bbox 564 2114 598 2140; x_wconf 89' lang='lat' dir='ltr'>de</span> <span class='ocrx_word' id='word_1_744' title='bbox 611 2123 666 2151; x_wconf 86' lang='lat' dir='ltr'>quo</span> <span class='ocrx_word' id='word_1_745' title='bbox 678 2113 811 2142; x_wconf 83' lang='lat' dir='ltr'>vocabulo</span> <span class='ocrx_word' id='word_1_746' title='bbox 821 2112 851 2141; x_wconf 85' lang='lat' dir='ltr'>fit</span> <span class='ocrx_word' id='word_1_747' title='bbox 863 2113 944 2141; x_wconf 82' lang='lat' dir='ltr'>etiam</span> 
     </span>
     <span class='ocr_line' id='line_1_93' title="bbox 149 2153 593 2191; baseline 0.002 -11"><span class='ocrx_word' id='word_1_748' title='bbox 149 2161 256 2180; x_wconf 88' lang='lat' dir='ltr'>mentio</span> <span class='ocrx_word' id='word_1_749' title='bbox 266 2153 295 2180; x_wconf 87' lang='lat' dir='ltr'>in</span> <span class='ocrx_word' id='word_1_750' title='bbox 307 2153 368 2191; x_wconf 85' lang='lat' dir='ltr'>lege</span> <span class='ocrx_word' id='word_1_751' title='bbox 376 2153 454 2182; x_wconf 86' lang='lat' dir='ltr'>salica</span> <span class='ocrx_word' id='word_1_752' title='bbox 467 2175 474 2186; x_wconf 81' lang='lat'><em>‚</em></span> <span class='ocrx_word' id='word_1_753' title='bbox 486 2162 532 2181; x_wconf 86' lang='lat' dir='ltr'>tit.</span> <span class='ocrx_word' id='word_1_754' title='bbox 550 2163 593 2189; x_wconf 85' lang='lat'>¹9·</span> 
     </span>
    </p>

    <p class='ocr_par' dir='ltr' id='par_1_28' title="bbox 106 2193 589 2232">
     <span class='ocr_line' id='line_1_94' title="bbox 106 2193 589 2232; baseline 0 -11"><span class='ocrx_word' id='word_1_755' title='bbox 106 2193 301 2223; x_wconf 60' lang='lat' dir='ltr'>Sricuinon</span> <span class='ocrx_word' id='word_1_756' title='bbox 313 2213 320 2220; x_wconf 87' lang='lat'><strong>.</strong></span> <span class='ocrx_word' id='word_1_757' title='bbox 333 2194 406 2222; x_wconf 85' lang='lat' dir='ltr'>Vide</span> <span class='ocrx_word' id='word_1_758' title='bbox 417 2195 573 2232; x_wconf 72' lang='lat' dir='ltr'>speculator</span> <span class='ocrx_word' id='word_1_759' title='bbox 583 2214 589 2220; x_wconf 91' lang='lat'><em>.</em></span> 
     </span>
    </p>

    <p class='ocr_par' dir='ltr' id='par_1_29' title="bbox 108 2233 946 2342">
     <span class='ocr_line' id='line_1_95' title="bbox 108 2233 946 2273; baseline 0.001 -12"><span class='ocrx_word' id='word_1_760' title='bbox 108 2233 256 2265; x_wconf 74' lang='lat' dir='ltr'>Smcuiiiii</span> <span class='ocrx_word' id='word_1_761' title='bbox 269 2253 275 2259; x_wconf 92' lang='lat'><em>.</em></span> <span class='ocrx_word' id='word_1_762' title='bbox 296 2235 352 2262; x_wconf 70' lang='lat' dir='ltr'>PR.</span> <span class='ocrx_word' id='word_1_763' title='bbox 364 2235 450 2263; x_wconf 73' lang='lat' dir='ltr'>tc&#39;um</span> <span class='ocrx_word' id='word_1_764' title='bbox 461 2256 469 2267; x_wconf 88' lang='lat'><em>‚</em></span> <span class='ocrx_word' id='word_1_765' title='bbox 487 2238 515 2263; x_wconf 76' lang='grc' dir='ltr'>δι</span> <span class='ocrx_word' id='word_1_766' title='bbox 526 2234 684 2263; x_wconf 80' lang='lat' dir='ltr'>translative</span> <span class='ocrx_word' id='word_1_767' title='bbox 698 2244 748 2273; x_wconf 89' lang='lat' dir='ltr'>pro</span> <span class='ocrx_word' id='word_1_768' title='bbox 767 2233 836 2262; x_wconf 88' lang='lat' dir='ltr'>Solis</span> <span class='ocrx_word' id='word_1_769' title='bbox 847 2233 924 2262; x_wconf 79' lang='lat' dir='ltr'>radio</span> <span class='ocrx_word' id='word_1_770' title='bbox 933 2245 946 2262; x_wconf 83' lang='lat' dir='ltr'>a</span> 
     </span>
     <span class='ocr_line' id='line_1_96' title="bbox 151 2272 944 2312; baseline 0.003 -11"><span class='ocrx_word' id='word_1_771' title='bbox 151 2273 242 2302; x_wconf 81' lang='lat' dir='ltr'>Poetis</span> <span class='ocrx_word' id='word_1_772' title='bbox 253 2272 410 2312; x_wconf 77' lang='lat' dir='ltr'>usurpatur:</span> <span class='ocrx_word' id='word_1_773' title='bbox 431 2276 464 2304; x_wconf 79' lang='lat' dir='ltr'>lic</span> <span class='ocrx_word' id='word_1_774' title='bbox 475 2274 506 2302; x_wconf 90' lang='lat' dir='ltr'>in</span> <span class='ocrx_word' id='word_1_775' title='bbox 516 2274 625 2310; x_wconf 84' lang='lat' dir='ltr'>hymno</span> <span class='ocrx_word' id='word_1_776' title='bbox 634 2275 737 2304; x_wconf 79' lang='lat' dir='ltr'>Sabbati</span> <span class='ocrx_word' id='word_1_777' title='bbox 749 2276 781 2304; x_wconf 85' lang='lat' dir='ltr'>ad</span> <span class='ocrx_word' id='word_1_778' title='bbox 794 2274 895 2304; x_wconf 83' lang='lat' dir='ltr'>Laudes</span> <span class='ocrx_word' id='word_1_779' title='bbox 904 2285 944 2303; x_wconf 79' lang='lat' dir='ltr'>ca-</span> 
     </span>
     <span class='ocr_line' id='line_1_97' title="bbox 150 2323 244 2342; baseline -0.011 0"><span class='ocrx_word' id='word_1_780' title='bbox 150 2323 228 2342; x_wconf 86' lang='lat' dir='ltr'>nitur</span> <span class='ocrx_word' id='word_1_781' title='bbox 239 2325 244 2340; x_wconf 79' lang='lat'>.-</span> 
     </span>
    </p>

    <p class='ocr_par' dir='ltr' id='par_1_30' title="bbox 191 2352 595 2394">
     <span class='ocr_line' id='line_1_98' title="bbox 191 2352 595 2394; baseline 0.002 -11"><span class='ocrx_word' id='word_1_782' title='bbox 191 2356 296 2384; x_wconf 74' lang='lat' dir='ltr'>Aurora</span> <span class='ocrx_word' id='word_1_783' title='bbox 305 2357 358 2391; x_wconf 83' lang='lat' dir='ltr'>jam</span> <span class='ocrx_word' id='word_1_784' title='bbox 368 2352 471 2394; x_wconf 76' lang='lat' dir='ltr'>spargit</span> <span class='ocrx_word' id='word_1_785' title='bbox 482 2355 577 2394; x_wconf 88' lang='lat' dir='ltr'>polum</span> <span class='ocrx_word' id='word_1_786' title='bbox 588 2368 595 2383; x_wconf 79' lang='lat' dir='ltr'>z</span> 
     </span>
    </p>
   </div>
   <div class='ocr_carea' id='block_1_24' title="bbox 1002 1866 1799 2421">
    <p class='ocr_par' dir='ltr' id='par_1_31' title="bbox 1002 1866 1799 2421">
     <span class='ocr_line' id='line_1_99' title="bbox 1004 1866 1798 1908; baseline -0.003 -11"><span class='ocrx_word' id='word_1_787' title='bbox 1004 1871 1087 1898; x_wconf 83' lang='lat' dir='ltr'>creati</span> <span class='ocrx_word' id='word_1_788' title='bbox 1108 1870 1240 1908; x_wconf 79' lang='lat' dir='ltr'>significat</span> <span class='ocrx_word' id='word_1_789' title='bbox 1252 1892 1259 1903; x_wconf 93' lang='lat'><em>‚</em></span> <span class='ocrx_word' id='word_1_790' title='bbox 1279 1871 1309 1899; x_wconf 89' lang='lat' dir='ltr'>in</span> <span class='ocrx_word' id='word_1_791' title='bbox 1318 1881 1372 1908; x_wconf 89' lang='lat' dir='ltr'>quo</span> <span class='ocrx_word' id='word_1_792' title='bbox 1391 1870 1468 1899; x_wconf 86' lang='lat' dir='ltr'>sensu</span> <span class='ocrx_word' id='word_1_793' title='bbox 1490 1871 1514 1898; x_wconf 82' lang='lat' dir='ltr'>S.</span> <span class='ocrx_word' id='word_1_794' title='bbox 1526 1870 1682 1907; x_wconf 82' lang='lat' dir='ltr'>Cyprianus</span> <span class='ocrx_word' id='word_1_795' title='bbox 1693 1866 1798 1896; x_wconf 78' lang='lat' dir='ltr'>advers.</span> 
     </span>
     <span class='ocr_line' id='line_1_100' title="bbox 1004 1907 1799 1949; baseline -0.004 -11"><span class='ocrx_word' id='word_1_796' title='bbox 1004 1910 1068 1948; x_wconf 89' lang='lat' dir='ltr'>Jud.</span> <span class='ocrx_word' id='word_1_797' title='bbox 1078 1910 1185 1949; x_wconf 84' lang='lat' dir='ltr'>inquit:</span> <span class='ocrx_word' id='word_1_798' title='bbox 1211 1917 1222 1946; x_wconf 94' lang='lat'>[</span> <span class='ocrx_word' id='word_1_799' title='bbox 1235 1911 1349 1949; x_wconf 83' lang='lat' dir='ltr'>Spiritus</span> <span class='ocrx_word' id='word_1_800' title='bbox 1360 1912 1469 1939; x_wconf 58' lang='lat' dir='ltr'>Sanetus</span> <span class='ocrx_word' id='word_1_801' title='bbox 1481 1910 1551 1938; x_wconf 86' lang='lat' dir='ltr'>filius</span> <span class='ocrx_word' id='word_1_802' title='bbox 1561 1909 1614 1938; x_wconf 86' lang='lat' dir='ltr'>Dei</span> <span class='ocrx_word' id='word_1_803' title='bbox 1626 1912 1686 1938; x_wconf 86' lang='lat' dir='ltr'>Rex</span> <span class='ocrx_word' id='word_1_804' title='bbox 1697 1907 1799 1936; x_wconf 81' lang='lat' dir='ltr'>consti-</span> 
     </span>
     <span class='ocr_line' id='line_1_101' title="bbox 1005 1949 1755 1983; baseline -0.004 -4"><span class='ocrx_word' id='word_1_805' title='bbox 1005 1959 1075 1979; x_wconf 89' lang='lat' dir='ltr'>tutus</span> <span class='ocrx_word' id='word_1_806' title='bbox 1086 1951 1123 1980; x_wconf 87' lang='lat' dir='ltr'>est</span> <span class='ocrx_word' id='word_1_807' title='bbox 1135 1971 1141 1978; x_wconf 90' lang='lat'>.</span> <span class='ocrx_word' id='word_1_808' title='bbox 1155 1954 1166 1983; x_wconf 90' lang='lat'><em>]</em></span> <span class='ocrx_word' id='word_1_809' title='bbox 1181 1954 1215 1980; x_wconf 89' lang='lat' dir='ltr'>Et</span> <span class='ocrx_word' id='word_1_810' title='bbox 1225 1952 1255 1979; x_wconf 87' lang='lat' dir='ltr'>in</span> <span class='ocrx_word' id='word_1_811' title='bbox 1266 1951 1363 1980; x_wconf 88' lang='lat' dir='ltr'>eodem</span> <span class='ocrx_word' id='word_1_812' title='bbox 1374 1951 1452 1980; x_wconf 88' lang='lat' dir='ltr'>sensu</span> <span class='ocrx_word' id='word_1_813' title='bbox 1462 1950 1626 1980; x_wconf 82' lang='lat' dir='ltr'>Prudentius</span> <span class='ocrx_word' id='word_1_814' title='bbox 1635 1949 1755 1977; x_wconf 82' lang='lat' dir='ltr'>cecinit:</span> 
     </span>
     <span class='ocr_line' id='line_1_102' title="bbox 1042 1990 1729 2030; baseline -0.004 -11"><span class='ocrx_word' id='word_1_815' title='bbox 1042 1994 1081 2019; x_wconf 86' lang='lat' dir='ltr'>Ex</span> <span class='ocrx_word' id='word_1_816' title='bbox 1093 2001 1148 2029; x_wconf 88' lang='lat' dir='ltr'>quo</span> <span class='ocrx_word' id='word_1_817' title='bbox 1158 1993 1304 2020; x_wconf 85' lang='lat' dir='ltr'>mortalem</span> <span class='ocrx_word' id='word_1_818' title='bbox 1315 1992 1486 2030; x_wconf 68' lang='lat' dir='ltr'>praestrinxit</span> <span class='ocrx_word' id='word_1_819' title='bbox 1498 1991 1612 2029; x_wconf 83' lang='lat' dir='ltr'>Spiritus</span> <span class='ocrx_word' id='word_1_820' title='bbox 1621 1990 1711 2018; x_wconf 89' lang='lat' dir='ltr'>alvum</span> <span class='ocrx_word' id='word_1_821' title='bbox 1722 2009 1729 2016; x_wconf 94' lang='lat'><strong><em>.</em></strong></span> 
     </span>
     <span class='ocr_line' id='line_1_103' title="bbox 1007 2026 1797 2069; baseline -0.005 -9"><span class='ocrx_word' id='word_1_822' title='bbox 1007 2033 1063 2060; x_wconf 78' lang='lat' dir='ltr'>FR.</span> <span class='ocrx_word' id='word_1_823' title='bbox 1078 2032 1151 2060; x_wconf 90' lang='lat' dir='ltr'>Vide</span> <span class='ocrx_word' id='word_1_824' title='bbox 1168 2033 1310 2061; x_wconf 86' lang='lat' dir='ltr'>Latinium</span> <span class='ocrx_word' id='word_1_825' title='bbox 1321 2033 1350 2060; x_wconf 88' lang='lat' dir='ltr'>in</span> <span class='ocrx_word' id='word_1_826' title='bbox 1372 2032 1498 2061; x_wconf 64' lang='lat' dir='ltr'>Cot-rest.</span> <span class='ocrx_word' id='word_1_827' title='bbox 1511 2029 1667 2069; x_wconf 81' lang='lat' dir='ltr'>Cypriani,</span> <span class='ocrx_word' id='word_1_828' title='bbox 1688 2026 1797 2068; x_wconf 72' lang='lat' dir='ltr'>praeser-</span> 
     </span>
     <span class='ocr_line' id='line_1_104' title="bbox 1005 2070 1797 2110; baseline -0.003 -11"><span class='ocrx_word' id='word_1_829' title='bbox 1005 2072 1056 2100; x_wconf 84' lang='lat' dir='ltr'>tim</span> <span class='ocrx_word' id='word_1_830' title='bbox 1067 2072 1095 2100; x_wconf 91' lang='lat' dir='ltr'>in</span> <span class='ocrx_word' id='word_1_831' title='bbox 1105 2072 1148 2100; x_wconf 86' lang='lat' dir='ltr'>tit.</span> <span class='ocrx_word' id='word_1_832' title='bbox 1160 2073 1358 2101; x_wconf 84' lang='lat' dir='ltr'>Testimonior.</span> <span class='ocrx_word' id='word_1_833' title='bbox 1370 2073 1416 2101; x_wconf 84' lang='lat' dir='ltr'>lib.</span> <span class='ocrx_word' id='word_1_834' title='bbox 1426 2083 1452 2110; x_wconf 77' lang='lat'>3.</span> <span class='ocrx_word' id='word_1_835' title='bbox 1463 2076 1490 2100; x_wconf 78' lang='grc' dir='ltr'>ὅ(</span> <span class='ocrx_word' id='word_1_836' title='bbox 1502 2072 1535 2100; x_wconf 91' lang='lat' dir='ltr'>de</span> <span class='ocrx_word' id='word_1_837' title='bbox 1547 2070 1662 2099; x_wconf 84' lang='lat' dir='ltr'>montib.</span> <span class='ocrx_word' id='word_1_838' title='bbox 1672 2071 1750 2101; x_wconf 76' lang='lat' dir='ltr'>Sina,</span> <span class='ocrx_word' id='word_1_839' title='bbox 1769 2072 1797 2097; x_wconf 65' lang='grc' dir='ltr'>δε</span> 
     </span>
     <span class='ocr_line' id='line_1_105' title="bbox 1003 2110 1797 2149; baseline -0.006 -9"><span class='ocrx_word' id='word_1_840' title='bbox 1003 2113 1070 2141; x_wconf 86' lang='lat' dir='ltr'>Sion</span> <span class='ocrx_word' id='word_1_841' title='bbox 1080 2134 1086 2140; x_wconf 93' lang='lat'><strong><em>.</em></strong></span> <span class='ocrx_word' id='word_1_842' title='bbox 1100 2115 1137 2147; x_wconf 83' lang='grc' dir='ltr'>;Η.</span> <span class='ocrx_word' id='word_1_843' title='bbox 1150 2113 1228 2149; x_wconf 86' lang='lat' dir='ltr'>Quin</span> <span class='ocrx_word' id='word_1_844' title='bbox 1240 2117 1268 2142; x_wconf 71' lang='grc' dir='ltr'>ὃ(</span> <span class='ocrx_word' id='word_1_845' title='bbox 1279 2113 1374 2141; x_wconf 78' lang='lat' dir='ltr'>claritis</span> <span class='ocrx_word' id='word_1_846' title='bbox 1385 2112 1500 2142; x_wconf 87' lang='lat' dir='ltr'>Tertull.</span> <span class='ocrx_word' id='word_1_847' title='bbox 1512 2110 1618 2141; x_wconf 86' lang='lat' dir='ltr'>advers.</span> <span class='ocrx_word' id='word_1_848' title='bbox 1629 2112 1705 2139; x_wconf 84' lang='lat' dir='ltr'>Prax.</span> <span class='ocrx_word' id='word_1_849' title='bbox 1715 2119 1737 2136; x_wconf 93' lang='lat' dir='ltr'>c.</span> <span class='ocrx_word' id='word_1_850' title='bbox 1750 2119 1797 2145; x_wconf 81' lang='lat'>30.</span> 
     </span>
     <span class='ocr_line' id='line_1_106' title="bbox 1002 2147 1797 2192; baseline -0.006 -11"><span class='ocrx_word' id='word_1_851' title='bbox 1002 2153 1181 2182; x_wconf 81' lang='lat' dir='ltr'>divinitatem</span> <span class='ocrx_word' id='word_1_852' title='bbox 1192 2153 1301 2182; x_wconf 82' lang='lat' dir='ltr'>Chi-isti</span> <span class='ocrx_word' id='word_1_853' title='bbox 1318 2153 1492 2182; x_wconf 78' lang='lat' dir='ltr'>intellexerat</span> <span class='ocrx_word' id='word_1_854' title='bbox 1504 2174 1511 2185; x_wconf 84' lang='lat'><em>,</em></span> <span class='ocrx_word' id='word_1_855' title='bbox 1526 2153 1573 2192; x_wconf 85' lang='lat' dir='ltr'>qui</span> <span class='ocrx_word' id='word_1_856' title='bbox 1591 2152 1625 2180; x_wconf 89' lang='lat' dir='ltr'>de</span> <span class='ocrx_word' id='word_1_857' title='bbox 1641 2153 1694 2186; x_wconf 85' lang='lat' dir='ltr'>ejus</span> <span class='ocrx_word' id='word_1_858' title='bbox 1704 2147 1797 2186; x_wconf 86' lang='lat' dir='ltr'>perso-</span> 
     </span>
     <span class='ocr_line' id='line_1_107' title="bbox 1004 2189 1796 2233; baseline -0.006 -11"><span class='ocrx_word' id='word_1_859' title='bbox 1004 2204 1055 2226; x_wconf 87' lang='lat' dir='ltr'>na,</span> <span class='ocrx_word' id='word_1_860' title='bbox 1075 2194 1179 2222; x_wconf 78' lang='lat' dir='ltr'>durnin</span> <span class='ocrx_word' id='word_1_861' title='bbox 1189 2195 1279 2222; x_wconf 87' lang='lat' dir='ltr'>Cruce</span> <span class='ocrx_word' id='word_1_862' title='bbox 1299 2194 1466 2232; x_wconf 84' lang='lat' dir='ltr'>patiebatur,</span> <span class='ocrx_word' id='word_1_863' title='bbox 1491 2194 1680 2233; x_wconf 37' lang='lat' dir='ltr'>exclamant&amp;</span> <span class='ocrx_word' id='word_1_864' title='bbox 1698 2189 1732 2232; x_wconf 74' lang='lat' dir='ltr'>sic</span> <span class='ocrx_word' id='word_1_865' title='bbox 1742 2190 1796 2218; x_wconf 82' lang='lat' dir='ltr'>ait:</span> 
     </span>
     <span class='ocr_line' id='line_1_108' title="bbox 1007 2231 1796 2274; baseline 0.001 -12"><span class='ocrx_word' id='word_1_866' title='bbox 1007 2240 1019 2268; x_wconf 93' lang='lat'>[</span> <span class='ocrx_word' id='word_1_867' title='bbox 1031 2235 1083 2262; x_wconf 86' lang='lat' dir='ltr'>Sed</span> <span class='ocrx_word' id='word_1_868' title='bbox 1094 2234 1154 2262; x_wconf 84' lang='lat' dir='ltr'>haec</span> <span class='ocrx_word' id='word_1_869' title='bbox 1166 2245 1222 2262; x_wconf 86' lang='lat' dir='ltr'>vox</span> <span class='ocrx_word' id='word_1_870' title='bbox 1235 2236 1322 2263; x_wconf 88' lang='lat' dir='ltr'>carnis</span> <span class='ocrx_word' id='word_1_871' title='bbox 1331 2256 1339 2267; x_wconf 89' lang='lat'><em>,</em></span> <span class='ocrx_word' id='word_1_872' title='bbox 1349 2238 1376 2263; x_wconf 76' lang='grc' dir='ltr'>ἀ</span> <span class='ocrx_word' id='word_1_873' title='bbox 1387 2235 1495 2268; x_wconf 69' lang='lat' dir='ltr'>animae,</span> <span class='ocrx_word' id='word_1_874' title='bbox 1510 2234 1577 2262; x_wconf 79' lang='lat' dir='ltr'>idest</span> <span class='ocrx_word' id='word_1_875' title='bbox 1586 2254 1594 2265; x_wconf 95' lang='lat'><em>,</em></span> <span class='ocrx_word' id='word_1_876' title='bbox 1606 2231 1736 2274; x_wconf 53' lang='lat' dir='ltr'>hominm,</span> <span class='ocrx_word' id='word_1_877' title='bbox 1748 2240 1796 2258; x_wconf 71' lang='lat' dir='ltr'>nec</span> 
     </span>
     <span class='ocr_line' id='line_1_109' title="bbox 1003 2270 1799 2314; baseline -0.006 -12"><span class='ocrx_word' id='word_1_878' title='bbox 1003 2273 1113 2312; x_wconf 89' lang='lat' dir='ltr'>spiritus</span> <span class='ocrx_word' id='word_1_879' title='bbox 1125 2296 1134 2307; x_wconf 94' lang='lat'><em>,</em></span> <span class='ocrx_word' id='word_1_880' title='bbox 1146 2275 1215 2303; x_wconf 87' lang='lat' dir='ltr'>idest</span> <span class='ocrx_word' id='word_1_881' title='bbox 1225 2297 1233 2308; x_wconf 95' lang='lat'><em>‚</em></span> <span class='ocrx_word' id='word_1_882' title='bbox 1244 2275 1317 2304; x_wconf 86' lang='lat' dir='ltr'>Dei.</span> <span class='ocrx_word' id='word_1_883' title='bbox 1328 2277 1341 2306; x_wconf 91' lang='lat'><em>]</em></span> <span class='ocrx_word' id='word_1_884' title='bbox 1366 2276 1427 2303; x_wconf 88' lang='lat' dir='ltr'>Imo</span> <span class='ocrx_word' id='word_1_885' title='bbox 1439 2276 1465 2304; x_wconf 82' lang='lat' dir='ltr'>S.</span> <span class='ocrx_word' id='word_1_886' title='bbox 1478 2273 1598 2303; x_wconf 84' lang='lat' dir='ltr'>Hilarius</span> <span class='ocrx_word' id='word_1_887' title='bbox 1607 2271 1722 2314; x_wconf 72' lang='lat' dir='ltr'>Spiritus</span> <span class='ocrx_word' id='word_1_888' title='bbox 1733 2270 1799 2313; x_wconf 41' lang='lat' dir='ltr'>San-s</span> 
     </span>
     <span class='ocr_line' id='line_1_110' title="bbox 1007 2309 1798 2354; baseline -0.006 -12"><span class='ocrx_word' id='word_1_889' title='bbox 1007 2315 1043 2343; x_wconf 68' lang='lat' dir='ltr'>eti</span> <span class='ocrx_word' id='word_1_890' title='bbox 1061 2316 1222 2344; x_wconf 82' lang='lat' dir='ltr'>vocabulum</span> <span class='ocrx_word' id='word_1_891' title='bbox 1234 2316 1316 2344; x_wconf 86' lang='lat' dir='ltr'>tribus</span> <span class='ocrx_word' id='word_1_892' title='bbox 1324 2316 1545 2343; x_wconf 82' lang='lat' dir='ltr'>concomitantcr</span> <span class='ocrx_word' id='word_1_893' title='bbox 1561 2313 1667 2354; x_wconf 73' lang='lat' dir='ltr'>divinis</span> <span class='ocrx_word' id='word_1_894' title='bbox 1676 2309 1798 2349; x_wconf 77' lang='lat' dir='ltr'>personis</span> 
     </span>
     <span class='ocr_line' id='line_1_111' title="bbox 1004 2351 1797 2393; baseline -0.011 -7"><span class='ocrx_word' id='word_1_895' title='bbox 1004 2356 1111 2390; x_wconf 75' lang='lat' dir='ltr'>tribuit,</span> <span class='ocrx_word' id='word_1_896' title='bbox 1123 2355 1188 2386; x_wconf 85' lang='lat' dir='ltr'>duni</span> <span class='ocrx_word' id='word_1_897' title='bbox 1199 2356 1245 2386; x_wconf 84' lang='lat' dir='ltr'>ait:</span> <span class='ocrx_word' id='word_1_898' title='bbox 1260 2362 1272 2392; x_wconf 92' lang='lat'>[</span> <span class='ocrx_word' id='word_1_899' title='bbox 1286 2356 1368 2393; x_wconf 83' lang='lat' dir='ltr'>Quod</span> <span class='ocrx_word' id='word_1_900' title='bbox 1379 2355 1536 2386; x_wconf 80' lang='lat' dir='ltr'>nominatur</span> <span class='ocrx_word' id='word_1_901' title='bbox 1548 2352 1662 2392; x_wconf 84' lang='lat' dir='ltr'>Spiritus</span> <span class='ocrx_word' id='word_1_902' title='bbox 1671 2351 1778 2393; x_wconf 64' lang='lat' dir='ltr'>Sanetus</span> <span class='ocrx_word' id='word_1_903' title='bbox 1789 2372 1797 2383; x_wconf 91' lang='grc'><strong><em>,</em></strong></span> 
     </span>
     <span class='ocr_line' id='line_1_112' title="bbox 1719 2400 1760 2421; baseline -0.049 0"><span class='ocrx_word' id='word_1_904' title='bbox 1719 2400 1760 2421; x_wconf 70' lang='lat' dir='ltr'>vi-</span> 
     </span>
    </p>
   </div>
  </div>
 </body>
</html>
