1866 2526
476 35 584 80 PA

131 95 293 138 responderi
302 89 422 129 videtur}
435 95 510 134 quod
518 95 636 125 Ecclesia
646 104 712 124 vere
720 116 729 128 ,
739 105 768 125 nt
776 95 928 136 significatu

127 139 243 179 proprio
251 138 283 167 in
294 137 350 166 illis
359 135 464 165 verbis:
476 143 489 172 [
500 136 648 165 Intellexit
656 139 709 172 jam
720 136 767 165 illa
778 135 924 166 hominum

127 181 203 210 beata
211 176 362 207 multitudo
371 181 423 206 διε.
435 179 449 210 ]
470 178 575 206 tiu-bini
585 177 662 206 illam
671 178 774 206 beatam
783 178 903 217 appellat
915 199 922 210 ‚

126 219 190 260 quia
198 219 330 249 nimirum
339 218 444 247 visione
456 218 542 246 Verbi
556 217 694 247 Incarnnti
713 217 785 247 beari
805 217 906 248 meruit
915 238 923 245 .

80 282 83 283 ν
125 260 217 299 Igitur
236 269 297 288 cum
317 259 420 298 populo
439 259 550 288 hebi-‚to
570 266 651 287 antea
666 259 701 288 de
717 258 772 288 hoc
801 260 922 288 adventu

123 300 232 331 Chi-isti
244 298 367 333 Isaias,c.
380 306 427 329 62.
437 299 596 338 praexiixerit
607 299 741 338 inquiens:
754 299 900 336 [Traiisite
912 321 920 332 ,

124 341 238 371 transite
248 350 296 380 per
307 349 399 380 portas
410 362 417 373 ‚
429 349 577 379 praeparate
589 340 662 369 viam
672 341 776 378 populo
788 362 795 373 ,
807 342 918 379 planum

125 382 205 412 facite
217 382 279 415 iter,
289 382 387 421 eligite
399 381 542 420 lapidea&
552 383 658 410 elevate
670 382 777 420 signum
787 382 820 410 ad
831 391 917 420 popu-

123 424 163 453 lou
174 444 182 452 .
193 427 262 452 Ecce
273 423 409 452 Dominus
419 423 541 451 auditum
552 421 615 450 fecit
625 421 655 450 in
666 422 797 450 extremis
816 431 914 451 terrae:

121 464 206 494 dicite
219 464 281 493 siliae
295 464 370 492 Sion:
383 466 449 491 Ecce
461 464 585 492 Salvator
597 471 657 490 tuus
667 461 746 490 venit
757 473 764 490 :
775 471 835 491 ecce
845 472 915 490 mer-

120 514 163 534 ces
172 508 227 540 ejus
237 514 297 532 cum
307 514 350 536 eo,
362 507 389 532 ὅ(
401 513 468 542 opus
478 506 534 540 ejus
543 510 636 531 coram
647 502 720 534 illm]
732 505 766 531 Et
776 503 914 535 clariu5‚ac

121 546 152 574 in
161 546 324 585 proximiori
335 553 461 583 tempore
473 543 638 572 vaticinavit
649 541 859 579 Zachariae-9.
871 543 914 571 di-

120 597 184 615 cens
195 599 200 614 ι
223 585 344 621 [Exulta
354 584 418 613 satis
429 584 484 613 filia
493 584 561 613 Sion
577 584 671 620 ,jubila
680 583 737 612 filia
745 583 911 622 Jerusalem:
926 593 930 597 ·

120 631 190 657 Ecce
202 629 263 656 Rex
274 636 333 654 tuus
351 627 445 655 veniet
465 624 515 652 tibi
533 624 616 660 justus
624 645 633 657 ‚
650 627 679 652 δε
688 624 828 654 Salvator:
853 623 912 663 ipse

118 677 218 706 pauper
230 688 237 699 ‚
249 671 277 695 δε
286 665 431 694 ascendens
441 663 520 703 super
531 664 644 693 Asinam
653 686 662 698 ‚
681 669 708 694 ὃς
717 664 796 704 super
807 665 911 704 pullum

119 708 207 737 filium
220 707 310 736 Asina:
322 727 330 734 .
342 709 354 738 ]
368 706 436 734 Ideo
447 714 574 744 tanquam
585 708 687 740 resjam
694 707 814 735 revelata
827 728 834 739 ,
844 710 872 735 &t
883 707 913 735 ab

118 748 241 777 Hebraeis
253 746 317 774 sniis
326 747 464 775 intellecta
473 745 613 785 subjungit
623 747 800 786 Evangelista
810 746 911 776 Matth.

115 798 172 827 etp.
184 797 230 816 ιι.
241 787 371 826 inquiens
382 799 388 814 :
401 792 413 823 [
426 789 488 816 Hoc
498 796 590 815 totum
601 787 700 816 fac‘tum
710 787 748 816 est
759 809 766 822 ‚
785 798 815 816 ut
826 788 913 817 adim—

115 828 238 867 pleretur
247 827 322 866 quod
332 827 435 857 dictum
443 828 482 856 est
493 838 540 867 per
549 827 716 866 prophetam
728 850 736 862 ,
752 829 892 858 dicentem
903 841 910 857 .-

116 869 211 898 Dicite
221 867 285 897 filiae
298 868 380 898 Sion:
402 873 470 898 Ecce
489 871 550 898 Rex
561 877 623 897 tuus
639 870 719 898 ve'nit
728 870 779 898 tibi
789 868 911 898 mansue-

112 918 156 938 tus
165 909 260 938 sedens
268 908 348 948 super
356 910 456 939 asinam
464 932 472 944 ‚
482 914 510 939 8<
521 910 625 947 pullum
635 909 722 938 silium
732 909 887 950 subjugalis.
898 912 910 941 ]

114 953 156 980 Ac
167 952 286 988 joannes
296 972 303 983 ,
313 961 336 978 c.
352 962 361 979 1
370 963 395 979 2.
408 952 504 986 [Sicut
515 949 646 988 scriptum
656 951 694 980 est
706 962 712 978 :
724 952 793 980 Noli
812 952 911 980 timere

114 991 168 1020 filia
176 991 245 1019 Sion
257 1003 263 1018 :
285 1001 346 1019 ecce
366 994 427 1021 Rex
448 989 507 1020 tuus
518 992 596 1020 venit
604 990 700 1020 sedens
716 990 795 1029 snper
804 993 910 1030 pullum

111 1030 191 1060 asina:
205 1052 211 1058 .
224 1033 292 1060 Haec
303 1041 359 1060 non
369 1042 560 1071 cognoverunt
571 1031 698 1071 discipuli
708 1035 763 1067 ejus
774 1033 892 1070 primum
905 1045 910 1059 :

111 1072 279 1112 sed‘quando
289 1071 459 1111 glorificatus
468 1073 505 1101 est
516 1072 590 1111 Jesus
601 1094 610 1106 ‚
621 1083 685 1102 tunc
694 1074 828 1102 recordati
838 1073 910 1107 sunt,

111 1113 174 1151 quia
185 1113 242 1141 liaec
253 1123 331 1141 erant
342 1112 440 1154 scripta
449 1114 484 1142 de
495 1124 544 1142 eo:
557 1117 583 1142 &
595 1114 654 1143 haec
666 1113 788 1143 fecerunt
796 1114 822 1143 ei
835 1135 842 1143 .
860 1118 909 1144 Te-

110 1154 272 1183 stimonium
283 1164 349 1193 ergo
359 1154 515 1192 perhibebat
525 1154 601 1182 turba
612 1176 618 1187 ,
637 1165 698 1193 quae
710 1165 766 1184 erat
786 1158 846 1184 cuin
856 1166 908 1186 eos

109 1194 220 1233 quando
229 1196 361 1223 Lazarum
373 1196 486 1224 vocavit
495 1195 529 1223 dc
539 1202 719 1224 monumento
731 1217 738 1228 ,
761 1200 789 1225 ἃ
800 1196 908 1225 suscita-

110 1236 155 1263 vit
164 1243 224 1263 eum
234 1245 248 1263 a
259 1236 377 1264 mortuis
385 1256 392 1263 .
402 1238 546 1274 Propterea
555 1239 583 1264 ὅ(
594 1236 705 1264 obviam
715 1247 793 1266 venit
804 1239 829 1267 ei
851 1247 908 1266 tur-

109 1276 157 1304 ba:
170 1275 232 1314 quia
242 1275 385 1305 audierunt
396 1286 457 1304 eum
469 1275 556 1305 fecisse
568 1275 620 1304 hoc
631 1276 736 1315 signum
748 1298 754 1305 .
766 1279 777 1309 ]
791 1279 843 1307 His
854 1278 907 1318 igi-

110 1325 154 1345 tur
163 1315 322 1354 praemisii55
334 1317 458 1346 Infertur
468 1318 597 1356 primum,
607 1318 698 1356 quoad
709 1318 907 1356 Apostolorum

107 1355 247 1385 inscitiam
257 1357 292 1386 de
301 1356 353 1386 hoc
363 1358 514 1393 mysterio,
533 1369 567 1387 eit
579 1365 659 1386 texui
669 1360 786 1396 Joannis
806 1359 885 1398 supra
898 1383 905 1393 ,

105 1398 180 1436 quod
190 1397 293 1426 scilicet
302 1408 442 1436 coeperant
454 1399 505 1427 hoc
515 1399 675 1434 mysterium
685 1399 850 1438 cognoscere
862 1401 904 1429 di-

103 1438 222 1477 scipuli,
230 1438 296 1467 dum
306 1438 409 1475 sederat
419 1439 546 1469 Christus
555 1439 634 1478 super
643 1439 754 1473 asinam,
767 1441 804 1469 :iit
815 1442 887 1471 enim
900 1455 905 1470 ;

108 1485 122 1513 [
133 1481 202 1507 Haec
212 1489 269 1506 non
277 1489 474 1518 cognoverunt
483 1479 610 1519 discipuli
621 1483 676 1515 ejus
687 1481 904 1518 primum]idest‚

106 1527 169 1546 cum
179 1517 421 1556 super-jumentum
434 1520 534 1548 vestari
551 1519 682 1556 Jui'sisi'et‚¹
701 1520 764 1550 ideo
783 1522 905 1561 sequitur

107 1558 284 1597 Evangelista
294 1560 340 1596 Jo.
351 1565 364 1595 [
375 1559 425 1588 Sed
436 1561 546 1598 quando
563 1560 734 1600 glorificatus
752 1563 790 1591 est
807 1562 885 1601 Jesus
897 1587 903 1597 ,

105 1603 118 1632 (
131 1611 148 1627 a
158 1599 260 1627 Turbis
272 1603 378 1637 nempe)
389 1609 453 1628 tunc
463 1601 598 1630 recordati
607 1600 746 1640 sunt‚quia
756 1602 815 1631 haec
826 1613 902 1633 erant

104 1639 205 1679 scripta
215 1639 249 1667 de
260 1649 294 1667 eo
304 1660 310 1667 .
323 1642 334 1671 ]
347 1640 471 1669 Insertur
480 1641 599 1670 secundo
610 1664 616 1675 ,
635 1643 710 1680 quod
723 1644 802 1672 rerba
814 1666 821 1676 ,
842 1655 901 1683 qux

106 1680 222 1709 Ecclesia
231 1678 308 1718 supra
319 1680 424 1718 profert
435 1681 464 1709 in
473 1681 526 1711 hoc
539 1681 621 1711 sesto:
643 1689 655 1718 [
668 1683 816 1713 Intellexit
825 1695 900 1714 enim

103 1723 157 1756 jam
169 1730 233 1748 tunc
243 1720 289 1748 illa
302 1720 448 1750 hominum
460 1723 535 1751 beata
553 1723 703 1752 multitudo
714 1725 883 1764 praefigurari
894 1749 900 1759 ,

104 1761 167 1798 quia
178 1761 351 1799 Redemptor
369 1762 460 1791 noster
478 1763 603 1792 humanis·
622 1765 773 1794 condolens
785 1765 901 1795 miseriis

104 1802 172 1831 &c.]
183 1801 392 1831 multitudinem
403 1803 479 1831 illam
489 1803 558 1832 hanc
569 1805 622 1833 Dei
633 1805 901 1836 commiserationem

103 1841 209 1868 abunde
219 1842 384 1871 intellexiste
399 1843 543 1881 significat,
553 1845 588 1873 de
601 1846 695 1884 quibus
705 1847 807 1875 Eccles.
820 1859 843 1876 c.
857 1853 899 1877 18.

101 1881 297 1919 praedicaverat
319 1888 332 1917 [
343 1883 534 1913 Misericordia
543 1885 598 1914 Dei
617 1885 696 1925 super
713 1897 826 1917 omnem
843 1899 899 1917 car-

103 1923 190 1954 nem,]
203 1925 231 1950 3<
242 1921 363 1951 inferius:
375 1924 500 1959 [Sensati
511 1925 540 1953 in
551 1927 638 1955 verbis
648 1949 655 1960 ,
665 1928 753 1966 &ipsi
764 1927 899 1967 sapientes

101 1972 216 2001 egerunt
230 1983 237 1994 ,
247 1965 275 1991 ὃ(
285 1964 483 1994 intellexerunt
494 1966 641 1996 veritatem
652 1989 660 2000 ,
674 1972 702 1997 ὅ(
711 1969 842 2005 justitiam
853 1992 859 2002 ,
869 1974 897 1999 <Sc

102 2002 293 2041 impleverunt
305 2006 490 2042 proi‘erbi2‚&
498 2007 626 2043 judicia-1
639 2012 672 2037 Et
683 2009 717 2037 de
727 2008 830 2038 eisdem
840 2009 896 2039 Isa-

101 2043 139 2071 ias
150 2066 158 2077 ,
182 2054 238 2082 cap.
260 2054 307 2082 43.
327 2045 452 2075 dixerat:
478 2049 559 2083 [Vos
578 2049 658 2077 testes·
677 2050 731 2078 mei
749 2050 818 2078 dicit
836 2051 896 2080 Do-

98 2085 188 2113 minus
198 2086 227 2115 .]
248 2084 336 2114 Unde
345 2087 466 2123 Joannes
473 2085 550 2127 supra
562 2100 568 2117 :
590 2094 605 2124 t
617 2090 818 2119 Testimonium
829 2101 895 2131 ergo

97 2124 237 2163 perhibuit
249 2126 324 2154 turbs
334 2148 342 2159 ,
354 2128 366 2157 ]
386 2130 414 2155 ὃ(
422 2126 545 2167 sequitur
564 2129 624 2168 post
635 2139 718 2168 pauca
728 2131 829 2161 ibidem
839 2133 894 2162 Isa-

96 2166 153 2194 ias:
169 2172 180 2201 [
194 2169 229 2194 Et
239 2166 354 2194 credatis
365 2168 435 2196 milii
446 2171 476 2200 .]
495 2169 566 2198 Ideo
577 2171 692 2200 Ecclesia
701 2172 806 2201 beatam
818 2173 894 2203 illam

95 2202 240 2234 hominum
252 2207 460 2237 multitudinem
469 2211 588 2249 appellat
601 2233 608 2244 ‚
618 2212 682 2250 quia
693 2213 822 2247 credidit,
836 2219 893 2250 [Et

94 2246 259 2286 intelligatis
269 2269 276 2280 ,
290 2248 353 2286 quia
363 2259 416 2288 ego
425 2249 481 2289 ipsc
490 2250 548 2280 sum
559 2253 590 2285 ‚]
603 2252 641 2280 ait
649 2253 751 2282 ibidem
764 2252 853 2288 Istius,
865 2260 892 2286 δ(

92 2287 207 2316 Ecclesia
216 2286 309 2326 supra:
320 2290 332 2320 ]
345 2291 524 2320 Intellcxerat
535 2294 611 2320 enim
620 2296 675 2329 jam
687 2294 733 2322 illa
746 2294 890 2324 hominum

90 2331 144 2357 &c.
157 2331 170 2360 ]
184 2332 218 2357 Er
229 2329 340 2358 tandem
349 2331 488 2370 Propheta
501 2333 601 2362 ibidem
610 2335 761 2363 concludit:
777 2341 790 2372 ζ
803 2338 891 2375 Popu—

87 2368 146 2398 lum
157 2369 240 2400 istum
249 2369 368 2406 formavi
379 2371 458 2408 mihi,
469 2376 498 2404 δι
507 2374 617 2411 laudeni
625 2385 714 2408 meam
725 2377 846 2409 narrabit
854 2399 863 2413 ,
874 2381 887 2410 ]

350 2466 360 2481 Ι

1288 36 1320 79 P
1353 37 1391 80 Α
1642 54 1722 94 491

981 94 1091 134 qua‘ndo
1101 116 1111 129 ,
1120 104 1219 134 nempe
1226 95 1414 126 clamaverunt
1425 96 1556 133 Hosnnna
1567 95 1624 130 &a
1645 96 1716 128 Item
1725 100 1778 130 Ba.

977 134 1055 164 ruth.
1065 146 1090 164 c.
1102 147 1128 165 ι.
1136 136 1166 164 in
1174 136 1249 166 idem
1257 135 1410 165 concinens
1420 135 1513 174 inquit
1523 148 1531 164 .·
1545 139 1603 172 [Et
1613 136 1699 168 scient
1709 142 1774 180 quie.
1790 158 1796 160 >

976 186 1031 215 ego
1040 176 1100 206 suni
1110 177 1248 206 Dominus
1257 175 1336 206 Deus
1347 176 1457 205 illorum
1466 197 1472 208 ,
1495 180 1524 206 Bc
1533 177 1604 206 dabo
1615 178 1653 207 eis
1663 191 1708 209 cor
1720 203 1728 215 ,
1739 186 1768 211 ὅ(

976 217 1142 257 intelligent
1143 229 1155 252 3
1165 221 1283 252 aures,&
1294 217 1418 248 audienti
1429 219 1456 246 δε
1467 217 1613 247 laudabunt
1625 228 1669 248 me
1680 221 1710 249 in
1721 231 1777 251 ter-

975 267 1034 286 ram
1042 258 1213 297 caPtivitatis
1223 261 1236 290 ]
1262 259 1326 298 quia
1336 258 1424 296 Judoei
1443 266 1568 298 tempore
1575 258 1686 289 Christi
1696 271 1774 292 erant

974 297 1075 328 subditi
1085 299 1261 330 Romanisz&
1272 298 1385 328 inferius
1394 299 1536 328 concludit
1548 306 1560 336 [
1575 303 1608 330 Et
1622 301 1732 332 statuam
1742 305 1777 333 il-

973 339 1006 368 lis
1015 340 1207 369 testsmentum
1217 340 1350 369 ilterum:
1364 342 1377 372 ]
1403 350 1470 379 ergo
1480 341 1514 370 de
1531 340 1645 371 scicntia
1654 344 1774 374 Domini

972 380 1027 409 Dei
1039 381 1068 409 in
1081 381 1186 420 populo
1203 380 1312 410 hebraeo
1331 381 1457 420 loquitur
1466 403 1475 415 ‚
1497 382 1607 422 quando
1630 383 1710 412 illuni
1719 383 1773 414 effe

971 421 1064 449 Deum
1073 422 1260 455 intellexerat,
1271 426 1299 451 &
1309 421 1442 455 laudavit,
1454 425 1587 458 Hofanna
1597 423 1731 458 dicens‚&
1741 426 1776 455 in-

971 461 1115 491 statuendo
1125 463 1243 491 alterurn
1253 463 1456 496 testamentum,
1468 462 1537 493 idest
1549 486 1557 497 ‚
1570 465 1753 504 Evangelium
1763 486 1775 496 .

970 503 1085 541 Insuper
1094 505 1150 540 jam
1160 503 1207 532 illa
1217 503 1293 532 beata
1303 503 1447 532 hominum
1457 505 1617 538 multitudo,
1630 507 1706 544 quod
1716 509 1775 537 Re-

968 542 1097 582 demptor
1106 543 1197 573 noster
1206 544 1270 573 css'et
1278 554 1341 573 cum
1349 544 1446 573 mortis
1458 545 1582 585 principe
1594 556 1775 586 pugnaturus,

969 583 1054 611 etiam
1063 587 1119 620 jam
1128 585 1314 617 intellexerat5
1326 595 1390 614 iiam
1401 594 1430 614 ut
1441 586 1630 626 allegat-supra
1643 591 1774 628 Evange-

970 623 1030 652 lista
1041 626 1162 662 joannes
1172 626 1209 653 :iit
1219 637 1226 654 :
1240 629 1298 661 [Et
1309 626 1367 654 haec
1379 625 1504 656 fecerunt
1513 629 1563 660 ei]
1578 628 1668 657 statim
1679 631 1772 669 reddit

969 665 1106 694 rationem
1118 677 1125 694 t
1138 671 1151 701 [
1162 666 1362 696 Testimonium
1373 677 1440 707 ergo
1449 668 1592 707 perhibuit
1602 670 1678 698 turba
1687 691 1695 704 ‚
1708 681 1770 709 quae

967 715 1024 734 erat
1035 716 1096 735 cum
1106 716 1139 735 eo
1150 728 1158 740 ,
1181 708 1290 744 quando
1300 709 1433 737 Lazarum
1443 710 1555 738 vocavit
1563 710 1598 739 de
1608 719 1653 739 mo
1658 720 1774 742 numen·

968 756 1000 775 to
1008 768 1016 780 ,
1029 750 1056 776 δε
1065 746 1207 776 suscitavit
1217 758 1278 777 eum
1289 759 1302 777 :i
1314 750 1430 776 mortuis
1443 771 1449 782 ‚
1467 759 1612 788 propterea
1620 755 1648 781 8(
1659 752 1772 782 obviam

969 787 1049 816 venit
1067 789 1092 817 ei
1114 788 1191 817 rurba
1201 810 1209 822 2
1232 789 1296 828 quia
1312 789 1458 819 audierunt
1478 800 1542 819 eum
1563 791 1653 820 fecisl'c·
1671 792 1724 822 hoe
1734 794 1769 824 si-

965 838 1064 867 -gnumt
1075 830 1088 860 ]
1099 829 1226 868 Signum,
1240 832 1349 869 inquam
1359 852 1366 863 ,
1379 840 1436 869 quo
1447 830 1514 860 satis
1524 832 1599 861 turba
1608 832 1768 873 intelligere

969 879 1105 908 potuerat,
1117 871 1191 909 quod
1202 871 1375 909 Redemptor
1385 871 1450 901 esset
1461 882 1522 901 cum
1532 874 1630 902 mortis
1639 873 1768 914 principe

969 919 1136 950 pugnaturus
1148 933 1155 944 ‚
1177 912 1394 942 dum.L:iz³rum
1412 923 1426 941 a
1442 915 1558 943 mortuis
1573 912 1750 945 suscitaverat
1760 937 1770 945 .

968 952 1149 981 Intellcxerat
1166 953 1232 981 item
1254 952 1316 981 satis
1333 953 1413 982 illum
1424 953 1475 983 elie
1487 964 1582 984 verum
1593 955 1770 987 Meffiamrex

968 993 1142 1029 praemonitis
1149 994 1348 1033 Prophetarum
1361 994 1445 1034 signis
1455 994 1533 1034 supra
1542 996 1667 1026 adductis
1675 1018 1683 1030 ‚
1702 999 1770 1027 licet

968 1033 1075 1063 errasl'cr
1091 1034 1194 1063 deinde
1212 1036 1276 1064 Deo
1303 1035 1415 1064 vidit-ita
1433 1036 1581 1076 Synagoga
1591 1059 1599 1071 ,
1627 1038 1768 1068 credendo

968 1073 1077 1103 Christi
1088 1074 1285 1104 humanitatem
1296 1074 1371 1104 fuisse
1381 1077 1765 1115 immortalem:lleymniim

968 1124 1056 1144 autem
1065 1117 1161 1145 Gloria
1171 1139 1178 1150 ,
1189 1118 1253 1145 laus
1265 1139 1272 1150 ‚
1282 1118 1364 1146 honor
1374 1117 1432 1151 &cu
1442 1118 1489 1157 qui
1500 1119 1609 1148 canitur
1620 1120 1650 1149 in
1661 1120 1769 1159 proces-

968 1156 1042 1184 sione
1051 1156 1130 1192 liujus
1141 1156 1199 1187 sesti
1213 1179 1220 1190 ‚
1239 1158 1389 1197 sigibertus
1401 1158 1429 1186 in
1439 1158 1539 1188 chron.
1549 1163 1577 1189 ὃς
1587 1162 1718 1191 Cranrius
1738 1163 1768 1192 in

967 1196 1030 1225 hist.
1041 1198 1099 1227 Sax.
1109 1199 1179 1237 apud
1191 1200 1338 1227 Baronium
1349 1210 1392 1227 an.
1407 1204 1438 1237 83
1448 1210 1473 1235 5.
1484 1211 1512 1228 n.
1525 1212 1551 1229 2.
1562 1200 1679 1231 asserunt
1689 1213 1768 1232 com-

967 1238 1086 1276 positum
1104 1238 1178 1268 fuisse
1198 1249 1212 1267 :t
1222 1238 1382 1268 Theodulfo
1391 1241 1554 1270 Floriacensi
1573 1243 1675 1272 Abbate
1689 1265 1696 1277 ,
1720 1244 1768 1282 qui

966 1288 1027 1307 cum
1039 1279 1102 1308 esset
1112 1280 1198 1309 bonus
1207 1290 1288 1318 poeta
1299 1302 1306 1313 ,
1316 1281 1381 1309 dum
1393 1281 1421 1309 in
1432 1291 1539 1311 carcere
1547 1282 1725 1315 detineretur.
1731 1286 1767 1314 de

965 1320 1081 1358 quadam
1098 1323 1294 1358 conjuratione
1314 1331 1410 1350 contra
1420 1322 1592 1352 Ludovicum
1613 1326 1768 1364 Imperato-

964 1370 1022 1389 rem
1034 1360 1182 1400 impuratus
1193 1383 1200 1394 ‚
1223 1362 1368 1401 praedic‘los
1377 1361 1469 1392 vei-sus
1479 1362 1666 1403 composuerat
1679 1388 1686 1399 ,
1697 1376 1768 1406 quos

964 1402 1099 1430 cecinerat
1109 1403 1138 1431 in
1151 1403 1263 1432 carceris
1273 1403 1387 1432 fenestra
1397 1426 1404 1437 ‚
1427 1404 1491 1433 dum
1504 1406 1659 1443 Imperator
1677 1408 1725 1436 ille
1734 1408 1766 1436 in

964 1443 1009 1471 die
1019 1443 1168 1481 palmarum
1188 1444 1253 1472 illuc
1265 1445 1441 1474 transiverat:
1462 1446 1506 1474 cui
1518 1447 1610 1475 taliter
1621 1448 1744 1485 placuere
1755 1470 1766 1482 .

963 1492 994 1511 ut
1003 1483 1149 1512 detentum
1160 1495 1217 1514 non
1225 1483 1314 1513 solum
1334 1496 1348 1513 a
1359 1485 1477 1513 vinculis
1487 1486 1619 1516 liberass'et
1630 1509 1638 1520 ,
1648 1489 1715 1527 quin
1727 1499 1767 1517 et-

964 1524 1016 1552 itim
1027 1524 1060 1553 ad
1072 1525 1305 1554 Aurelianensem
1315 1525 1506 1564 Episcopatum
1518 1528 1764 1566 promovisset-Sed

962 1563 1022 1593 haec
1041 1567 1180 1595 narrative
1197 1567 1301 1594 merito
1319 1575 1448 1606 tanquam
1459 1566 1575 1597 fabulosa
1593 1580 1606 1597 a
1618 1571 1764 1600 nonnullis

962 1605 1163 1640 rejicitursnam
1172 1607 1358 1639 Albinus‚s1ve
1369 1608 1502 1636 Alcuinus
1510 1609 1676 1648 Flaccu3,qui
1685 1611 1764 1640 obie-

961 1651 1022 1680 rat(
1033 1647 1102 1676 teste
1112 1648 1232 1676 Batonio
1241 1651 1253 1680 )
1263 1658 1307 1676 an.
1321 1652 1385 1683 804.
1397 1651 1424 1677 δ(
1434 1648 1636 1688 consequenter
1645 1651 1763 1690 triginta

961 1688 1039 1715 annis
1051 1698 1114 1717 ante
1124 1689 1236 1716 relatam
1247 1689 1468 1724 conjurationem
1479 1711 1486 1722 ‚
1510 1692 1685 1720 mentionem
1697 1691 1763 1722 facit

959 1728 994 1756 de
1005 1727 1160 1764 hujusmodi
1171 1728 1280 1764 hymno
1293 1751 1300 1762 ,
1312 1730 1363 1758 lib.
1380 1740 1401 1758 1.
1411 1730 1445 1758 de
1455 1730 1545 1759 divin.
1553 1731 1601 1760 off.
1619 1742 1641 1760 c.
1657 1743 1700 1768 ¹4·
1712 1735 1762 1763 In-

958 1766 1039 1807 super
1048 1769 1080 1797 ab
1088 1770 1209 1808 antiquis
1219 1770 1355 1799 Ludovici
1368 1772 1438 1809 Imp.
1449 1771 1630 1810 Scriptoribus
1641 1774 1716 1802 nulla
1726 1775 1764 1804 do

961 1810 1010 1838 tali
1028 1809 1143 1838 successu
1154 1812 1261 1839 mentio
1271 1810 1414 1849 colligitur
1425 1832 1432 1839 .
1443 1812 1505 1841 Imo
1517 1813 1708 1852 Enghirardus
1725 1816 1761 1845 de

959 1860 1023 1878 ann.
1039 1856 1121 1887 1318.
1133 1854 1160 1879 δε
1170 1854 1297 1890 Teganus
1306 1852 1340 1880 de
1351 1852 1433 1890 gestis
1442 1854 1579 1882 Ludovici
1589 1855 1644 1890 Pii:
1652 1865 1700 1884 nu.
1711 1867 1759 1885 22.

959 1891 1100 1919 affirmant
1110 1890 1326 1930 Theodulphum
1335 1893 1565 1922 Aurelianensem
1583 1898 1637 1930 jam
1647 1895 1761 1934 Epist-0-

959 1941 1034 1969 pum,
1045 1942 1096 1960 una
1107 1942 1169 1960 cuin
1178 1932 1237 1960 aliis
1249 1931 1432 1971 Coepiscopis
1443 1936 1592 1969 conjuratis
1601 1937 1631 1964 in
1642 1937 1759 1972 Synodo

957 1972 988 2000 ab
998 1972 1156 2010 Episcopali
1166 1973 1309 2011 dignitate
1319 1974 1471 2011 depositum
1486 1975 1570 2008 sume,
1581 1980 1609 2005 Ec
1622 1977 1653 2007 in
1661 1978 1760 2006 Mone-

956 2012 1068 2040 sterium
1085 2012 1226 2041 detrusum
1237 2035 1245 2046 ‚
1268 2024 1297 2042 ut
1311 2013 1425 2052 ipsemet
1433 2015 1516 2044 etiam
1526 2017 1560 2045 :id
1573 2017 1760 2048 Monduinam

957 2051 1122 2092 Episcopum
1133 2052 1245 2088 scribit',
1257 2059 1330 2090 cujus
1339 2055 1418 2094 epist.
1428 2055 1529 2086 inserta
1538 2059 1675 2097 reperitur
1684 2060 1756 2098 apud

953 2094 1108 2127 Canisium,
1121 2104 1190 2123 rom.
1206 2105 1230 2131 5.
1240 2097 1327 2134 antiq.
1339 2095 1401 2124 lest.
1412 2107 1468 2135 par.
1479 2108 1509 2136 3,
1526 2099 1572 2127 ubi
1587 2109 1680 2128 narrat
1690 2111 1757 2129 con-

953 2134 1111 2163 demnatum
1130 2144 1191 2164 euni
1213 2134 1287 2165 fuisse
1307 2135 1403 2176 absque
1413 2138 1670 2168 Summi'Pontificix
1680 2142 1756 2170 noti-

953 2175 1009 2206 ti25
1031 2176 1117 2205 suerat
1136 2175 1320 2206 nihilominus
1329 2187 1381 2206 una
1390 2187 1450 2207 cum
1459 2180 1566 2209 coeteris
1576 2182 1756 2219 complicibus

951 2216 1093 2245 occasione
1105 2218 1263 2256 nuptiarum
1275 2218 1379 2248 Lotarii
1390 2219 1522 2250 ludovici
1534 2220 1586 2250 filii
1595 2222 1708 2250 tandem
1718 2223 1754 2250 li-

950 2258 1096 2291 beratus‚ut
1106 2258 1208 2287 ibidem
1219 2259 1346 2289 Canisius
1358 2259 1441 2288 refert
1449 2281 1456 2289 .
1468 2263 1715 2298 Anonymus'vero
1726 2264 1754 2293 S.

949 2298 1124 2327 Mammantis
1136 2299 1202 2328 vitae
1215 2300 1342 2339 Scriptor
1352 2322 1360 2334 ,
1380 2310 1438 2340 cap.
1449 2313 1478 2338 9.
1489 2302 1658 2332 Reinaldurn
1669 2303 1754 2342 Ligo-

948 2338 1063 2367 nensem
1074 2338 1241 2379 Episcopum
1253 2339 1332 2381 hujus
1341 2341 1441 2377 hymni
1452 2345 1588 2381 :merorem
1598 2343 1660 2372 facit
1669 2365 1678 2377 ,
1689 2353 1751 2384 quw:

950 2379 1008 2409 vita
1017 2379 1048 2412 in
1057 2380 1196 2412 Biblioth.
1205 2381 1368 2413 floriacensi
1377 2393 1432 2422 ας.
1442 2383 1607 2423 legitur-Sed
1617 2383 1681 2428 huic
1689 2395 1751 2424 opi-

1647 2434 1710 2455 mo-
