1866 2526
68 98 83 112 .-
113 77 208 120 quast.
221 88 247 116 5.
256 76 398 119 subjungit
409 101 416 113 ‚
426 79 502 120 quod
510 78 691 110 Triburienfis
702 80 840 117 Synodur,
852 89 888 120 qu

480 21 583 63 PA

113 131 164 161 per
171 121 226 155 duo
233 119 331 152 saeciila
338 121 399 160 post
408 119 616 160 D.Gregorium
627 125 639 153 (
650 121 782 161 intelligo
791 122 911 168 priorem

113 154 255 198 synodum
263 164 278 194 )
286 161 420 193 celebrata
429 162 517 196 fuerat
529 184 536 195 ,
555 163 619 191 talia
627 164 782 198 juramenta
789 164 819 192 in
828 172 912 196 certis

112 202 210 233 cafibus
218 200 322 231 auferat
329 203 458 233 ordinare
470 207 478 232 Ξ
500 204 563 232 Hoc
575 202 709 243 liquidem
726 203 838 248 nonnisi
847 214 911 249 apo-

113 242 252 283 cryphum
259 242 311 272 cll'e
321 244 413 274 dicere
423 254 537 284 oportet
547 264 555 272 .
578 246 612 273 Et
622 244 657 273 fic
677 245 708 273 in
723 245 785 274 aliis
794 245 910 273 decretis

111 284 144 315 nb
153 294 187 313 eo
197 284 323 314 adductis
329 305 341 322 ,
349 286 423 324 quod
431 287 495 314 eflet
504 286 621 325 longum
632 284 735 314 referre
746 307 754 319 ‚
773 289 802 314 ἃ
813 284 907 315 censu-

113 325 150 355 ris
160 334 256 354 notare
269 345 276 352 .
287 325 364 362 Quin
373 331 400 356 δε
412 326 460 365 ipli
466 337 495 355 us
505 325 644 360 Gratiani,
653 326 702 365 qui
713 325 764 354 suit
776 326 907 356 Catinen-

113 366 146 396 fis
155 364 308 395 Monachus
317 367 478 396 Monasterii
488 368 514 396 S.
524 366 614 396 Procli
624 388 633 400 ,
655 367 740 406 patria
749 365 848 395 Tuscus
860 388 868 399 ,
879 370 906 396 ὅ(

112 408 246 437 Bononiae
259 407 449 437 Decretalium
458 407 595 437 Proscssor
605 429 612 441 ‚
623 407 656 436 de
665 417 740 436 anno
755 418 764 435 1
777 417 807 442 ¹5
818 418 840 435 ι.
849 409 907 436 col-

110 447 198 487 ligere
209 458 329 488 coeperat
342 449 376 477 ad
384 449 609 488 componendum
628 450 684 483 ejus
703 447 836 477 volumen
848 449 906 476 De-

108 498 249 517 cretorum
260 511 267 522 ‚
286 500 316 518 ac
332 490 366 518 de
376 500 451 519 :inno
465 500 474 518 i
484 497 551 526 561.
570 497 766 518 terminaverat
776 509 785 521 ‚
801 497 835 532 ’ut
848 491 905 517 Au-

109 530 168 558 ftor
188 529 225 558 est
237 529 413 560 Clierubinus
432 529 642 560 Ghirardaccius
662 529 693 558 in
713 529 759 557 sua
776 527 841 557 hist·
852 530 903 557 Ro-

110 581 178 598 non.
188 580 243 608 par.
261 582 283 600 i.
294 571 341 600 lib.
352 583 378 599 2.
390 575 418 601 «Sc
428 581 455 609 3.
466 575 494 600 6<
503 569 598 600 Gion‘a
607 571 638 599 in
647 571 673 602 ξ.
685 570 773 598 forma
784 570 904 608 Aposto-

110 611 200 639 lorum
210 631 218 638 .
230 623 255 640 2.
266 612 361 650 quaest.
371 618 399 640 6.
408 612 474 640 licet
484 611 514 640 in
525 621 640 649 corpore
649 610 775 639 habeatur
785 610 819 638 de
830 621 904 640 anno

114 661 123 679 i
136 658 200 687 165.
209 651 244 680 de
255 662 307 690 qua
317 662 346 680 re
355 650 450 680 diffuse
461 652 542 681 Cald.
551 652 582 680 iri
593 661 713 696 procem.
731 651 861 696 decretal.
873 663 900 690 3.

107 692 161 720 col.
172 692 258 721 Card.
269 691 352 721 Alex.
362 691 391 720 in
399 691 505 730 praefat.
515 692 618 721 decreti
629 693 658 720 in
670 701 820 731 principio,
833 695 903 737 Gra-

108 731 178 760 tiani
189 732 301 770 inquam
312 753 321 765 ‚
331 733 449 770 opinion
455 743 481 762 es
491 743 548 761 non
557 732 650 761 solent
660 734 794 771 acceptari
804 754 812 766 ‚
835 737 862 762 &
871 743 901 778 in

106 772 201 801 multis
211 773 391 811 reprobantur
401 794 410 802 .
427 773 507 803 Idem
519 774 602 803 Card.
615 773 768 803 Alexandr.
787 774 841 802 loc.
852 784 900 802 cit.

104 815 131 842 δε
143 812 250 840 Felinus
260 834 269 846 ,
290 812 320 841 iri
339 824 363 842 c.
376 825 402 842 2.
417 814 471 844 col.
491 825 538 850 ²4·
556 815 591 843 de
608 813 746 854 rescriptis
756 836 766 847 ‚
787 815 901 854 August.

105 851 212 882 Barbos.
230 853 261 881 in
271 863 388 892 prooem.
399 855 556 884 Collestan.
567 865 642 883 num.
653 860 679 884 8.
700 856 792 890 Quare
811 856 902 899 multo

102 893 189 932 inagis
207 894 385 933 improbanda
403 894 468 925 funt
477 894 568 925 assei-ta
577 897 659 925 Paleae
677 895 786 925 decreta
797 917 806 924 .
827 897 901 925 Vide

103 938 199 963 Canon
208 954 217 962 .

103 1016 166 1043 viro
176 1025 224 1053 per
235 1018 378 1053 quemdam
389 1017 546 1046 familiarem
555 1018 634 1047 suum
646 1019 813 1057 palefredum
822 1018 900 1047 albis-

102 1055 209 1084 fimum.
219 1057 377 1086 Gulielmus
385 1058 485 1092 Tyrius
494 1058 528 1087 de
537 1059 610 1088 bello
621 1059 672 1088 sac.
687 1060 732 1088 lib.
747 1070 790 1097 13·
800 1070 824 1087 c.
837 1071 868 1096 ²3
876 1061 898 1090 .]

969 80 1022 111 lius
1034 78 1158 110 Ecclefiae
1168 102 1176 114 ‚
1187 83 1243 113 ssve
1252 81 1415 115 Monasterii
1426 106 1432 114 .
1447 86 1493 116 De
1503 87 1551 116 hac
1561 90 1725 121 caeremonia
1735 89 1768 120 fle

958 121 1077 152 mentio
1085 122 1168 150 etiam
1176 124 1206 152 in
1215 133 1290 159 c-54.
1302 126 1417 163 Regulae
1429 128 1599 158 S-Benedic‘ti
1611 131 1654 160 his
1667 132 1764 161 verbis.-

970 162 1089 202 [Siquis
1100 161 1173 191 sorte
1181 165 1216 194 de
1227 164 1363 194 nobilibus
1372 165 1452 196 offert
1470 168 1559 197 filium
1577 169 1652 199 suum
1662 173 1725 202 Deo
1736 172 1766 201 in

969 202 1138 233 Monastetio
1151 224 1160 236 ,
1176 205 1196 235 si
1208 204 1265 244 ipse
1275 215 1342 244 puer
1351 206 1381 236 in
1389 209 1549 238 minoritate
1560 211 1598 239 est
1608 233 1616 244 ‚
1640 222 1766 250 pai-entes

965 245 1022 279 ejus
1032 243 1130 279 faciant
1139 246 1308 283 petitionem
1319 269 1327 280 ‚
1337 257 1418 285 quani
1427 248 1506 288 supra
1515 251 1637 281 diximus
1647 274 1656 286 ‚
1667 256 1694 281 ὅ(
1704 263 1767 282 cum

965 284 1198 324 oblationeipsam
1208 286 1375 326 petitionem
1388 311 1396 322 ‚
1414 293 1442 319 ὅ(
1452 301 1562 320 manum
1581 294 1658 331 pueri
1669 294 1767 323 invol-

967 334 1032 354 vant
1045 325 1075 354 in
1085 326 1155 364 palla
1166 328 1256 356 altaris
1266 348 1274 360 ‚
1287 332 1314 358 ὅ(
1324 329 1358 358 sic
1367 340 1430 360 eum
1438 331 1553 360 offerant
1562 354 1570 361 .
1581 336 1594 366 1
1617 337 1660 363 Ac
1671 335 1766 363 eadem

965 364 1072 395 sunCtio
1082 365 1252 405 specificatur
1261 368 1291 398 in
1302 380 1362 398 can.
1374 371 1492 409 praesens
1504 385 1549 401 zo.
1561 374 1694 413 quaest-3.
1703 375 1764 405 Ubi

963 415 1041 444 patei·
1059 407 1094 436 de
1111 408 1240 438 nullitate
1249 410 1424 448 professionis
1446 412 1499 441 filii
1509 412 1549 442 sui
1568 424 1599 443 in
1609 416 1764 455 Religione

963 456 1036 474 inter
1045 447 1096 476 alia
1105 448 1255 488 allegabat',
1275 452 1367 489 quod:
1393 459 1406 488 [
1418 455 1518 492 Neque
1539 465 1594 494 ego
1610 465 1688 494 pater
1705 459 1763 492 ejus

961 487 1030 524 palla
1038 488 1130 518 altaris
1140 490 1268 520 indutum
1281 492 1359 520 illum
1370 494 1475 522 obtuli.
1486 496 1501 526 1
1521 499 1555 524 Et
1567 498 1665 525 eodem
1677 497 1763 526 modo

961 527 1059 556 fiebant
1070 530 1222 560 oblationes
1231 533 1356 562 Eccleiiae
1366 535 1402 563 de
1411 535 1486 564 rebus
1495 536 1676 567 stabilibuszfic
1686 538 1763 567 enim

961 567 1065 606 legitur
1074 569 1104 598 in
1115 570 1268 601 donatione
1278 576 1397 604 Tertulli
1409 576 1504 606 favore
1513 578 1673 607 Monasterii
1683 579 1761 608 Caii-

961 609 1060 637 neniis:
1075 613 1190 650 [Atque
1199 623 1247 651 per
1258 615 1356 652 pa'lam
1367 616 1454 645 altaris
1465 617 1606 655 S.Jo:innis
1618 620 1759 658 Baptistae,

959 648 1104 688 eidemque
1114 653 1188 680 Patri
1198 654 1284 682 obtuli
1296 675 1304 687 ,
1315 660 1367 684 &c.
1380 659 1391 688 ]
1406 658 1464 686 Ubi
1481 657 1631 697 sequuntur
1639 662 1698 696 ejus
1709 661 1759 689 ste·

960 689 1057 718 bilium
1069 691 1237 723 donationes
1246 714 1254 722 .
1266 696 1301 723 In
1313 697 1454 726 Archivio
1463 700 1640 728 Cathedralis
1650 701 1760 730 Viterb.

958 729 1056 759 inveni
1065 731 1197 771 scriptum
1209 756 1217 768 ‚
1236 736 1312 773 quod
1323 736 1418 766 fideles
1429 739 1570 776 ponebant
1585 740 1666 780 super
1675 751 1758 780 caput

957 770 1060 799 Altaris
1078 774 1178 810 pallam
1195 775 1225 803 in
1233 775 1379 813 presentis
1393 778 1633 818 Arcliipresbyteri
1646 803 1654 815 ‚
1672 786 1701 811 ὃς
1720 783 1757 812 {ic

957 811 1189 843 constituebantur
1208 817 1297 846 oblati
1307 839 1315 850 ,
1335 822 1364 847 ὅ(
1374 829 1469 848 eorum
1480 821 1551 850 bona
1567 823 1594 850 S.
1607 823 1758 852 Laurentio

956 850 1102 882 offerebant
1111 874 1119 881 .
1129 856 1173 884 De
1184 857 1256 886 Palla
1267 858 1359 887 calicis
1370 879 1378 887 .
1391 860 1465 889 Vide
1478 865 1630 891 Animetta
1638 883 1646 890 .
1659 865 1760 893 calix.

957 895 1097 931 Corporale
1107 915 1116 922 .
1127 897 1236 926 Caetem
1245 919 1252 926 .
1263 899 1334 928 Vide
1342 903 1492 938 Linqsh'ma
1502 923 1512 930 .

916 934 1043 962 ΡΑιιΙΑ.
1058 937 1113 964 PR.
1126 936 1345 968 fortalleAltat-is
1354 940 1559 981 frontispicium
1569 965 1576 976 ‚
1598 944 1655 973 {ive
1672 944 1757 973 culci-

63 975 253 1005 PAttfittDus
264 997 272 1008 ‚
284 986 366 1015 equus
375 975 468 1005 cursor
477 997 485 1005 .
498 982 510 1012 [
523 977 658 1006 Miserunt
671 978 805 1016 praedisto
815 976 900 1006 nobili
955 983 996 1001 tra
1008 994 1015 1001 .
1029 976 1208 1010 [Duodecim
1218 980 1312 1017 pallias
1321 1002 1329 1013 ,
1342 992 1403 1020 quae
1416 983 1540 1020 pendent
1550 983 1596 1013 sub
1605 985 1675 1014 arcis
1684 1007 1691 1018 ,
1702 996 1756 1013 una

953 1024 1014 1042 cuni
1037 1017 1099 1044 velo
1117 1017 1206 1046 serico
1217 1041 1225 1052 ,
1247 1022 1323 1059 quod
1339 1021 1420 1051 habet
1431 1022 1572 1053 historiam
1590 1026 1756 1056 Nativitatis

955 1055 1076 1084 Domini
1089 1077 1099 1084 .
1120 1059 1204 1097 Apud
1213 1062 1373 1101 Torrigium
1392 1063 1426 1092 dc
1437 1065 1542 1103 Crypt.
1555 1067 1681 1096 Vatican.
1701 1067 1757 1095 im-

104 1096 148 1124 Ab
157 1097 290 1135 aliquibus
299 1108 391 1127 tamen
402 1098 559 1137 Palifridus
579 1099 704 1130 scribitur
717 1123 726 1134 ‚
744 1104 772 1129 δε
792 1101 823 1129 ab
839 1101 899 1136 :iliis
954 1095 1030 1134 pren:
1044 1108 1072 1125 ²·
1082 1108 1144 1137 Pag·
1159 1110 1224 1136 505·

102 1136 249 1175 Palfredm
260 1158 268 1165 .

61 1180 248 1211 ΡΑιικσιυΜ,
258 1179 331 1218 apud
342 1179 598 1210 Anastafilsiblioih.
610 1180 658 1211 sed
666 1181 749 1212 scribi
758 1182 840 1211 debet
850 1187 899 1210 Pe·

105 1222 225 1256 rergium
233 1230 266 1248 ex
280 1229 371 1258 graeco
380 1219 510 1260 πάρεργον
520 1243 529 1255 ,
551 1223 625 1261 quod
634 1223 773 1262 appendix
783 1244 791 1256 ‚
813 1226 842 1251 ὃ(
851 1232 897 1250 co-

101 1259 245 1287 rollarium
258 1260 392 1299 fignificat
402 1280 410 1287 .

60 1300 210 1331 PALesres
220 1321 229 1333 ‚
238 1310 326 1340 graeea
338 1311 394 1330 vox
405 1301 539 1336 παλαιςῆ
548 1325 556 1336 ,
577 1314 628 1343 qua
646 1304 735 1333 utitur
745 1305 783 1333 D.
795 1308 898 1337 Hiero-

99 1350 197 1376 nymus
217 1351 265 1374 in,
288 1352 311 1370 c.
333 1342 564 1377 40.Ezechielis:
588 1345 724 1384 fignificat
745 1348 896 1377 mensuram

99 1381 180 1408 unius
189 1382 270 1419 palmi
280 1382 396 1411 mitioris
405 1404 413 1416 ,
432 1393 466 1412 ex
476 1394 592 1422 quatuor
601 1387 779 1424 geometricis
798 1389 896 1428 digitis

99 1421 266 1451 constantis.

918 1137 1029 1165 Paccio
1040 1157 1048 1164 -
1060 1139 1117 1167 Ht.
1129 1142 1242 1170 verbum
1252 1164 1259 1175 ,
1270 1142 1407 1173 abscondo
1418 1166 1425 1177 ‚
1436 1155 1512 1184 tego.-
1522 1148 1534 1178 ]
1545 1149 1587 1177 Tu
1596 1149 1753 1187 ergo,quod

954 1178 1053 1206 tactum
1064 1179 1102 1206 est
1114 1201 1123 1213 ‚
1142 1182 1161 1210 fi
1171 1182 1272 1211 studeas
1281 1185 1394 1222 palliare
1407 1207 1414 1218 ‚
1434 1196 1464 1214 ut
1481 1188 1510 1216 id
1523 1188 1553 1216 in
1561 1189 1753 1219 confusionem

955 1227 1028 1246 tuam
1040 1240 1048 1251 ,
1068 1223 1097 1248 δε
1117 1221 1150 1249 ad
1166 1223 1243 1252 Sedis
1255 1225 1423 1262 Apostolicae
1435 1229 1612 1266 opprobrium
1632 1241 1690 1259 non
1708 1241 1754 1259 re-

953 1258 1060 1287 dundet
1069 1280 1077 1287 .
1086 1262 1132 1290 De
1141 1264 1304 1294 auctoritate
1314 1288 1322 1299 ‚
1332 1271 1359 1295 ὅ(
1371 1267 1418 1296 usu
1428 1269 1526 1302 Pallii,
1537 1280 1595 1308 cap.
1607 1272 1683 1308 3.Ad
1693 1274 1752 1310 pal-

952 1299 1076 1328 liandum
1087 1311 1168 1331 tantae
1181 1304 1404 1345 praesumptionis
1413 1308 1555 1343 exoessirm,
1566 1311 1612 1339 lib.
1624 1322 1648 1348 5.
1658 1312 1751 1343 decre-

953 1341 1000 1368 tal.
1011 1341 1055 1369 tit.
1068 1352 1082 1379 3
1094 1353 1117 1370 1.
1128 1355 1151 1371 t.
1167 1356 1176 1372 i
1187 1356 1210 1373 1.
1219 1347 1343 1376 Secundo
1352 1358 1442 1377 autem
1451 1350 1566 1380 dicimus
1577 1363 1633 1381 non
1646 1353 1728 1382 licere
1741 1377 1750 1388 ,

953 1391 987 1409 ne
999 1382 1072 1410 viam
1082 1386 1231 1422 aperiamus
1241 1387 1275 1415 iis
1285 1409 1294 1422 ‚
1305 1399 1351 1428 qui
1363 1391 1527 1428 pravitatem
1537 1392 1613 1421 suam
1622 1392 1751 1434 satagunt

951 1423 1065 1459 palliare
1076 1445 1083 1456 ,
1093 1425 1140 1454 lib.
1154 1437 1182 1464 3.
1194 1428 1324 1458 decretal.
1333 1439 1379 1458 tit.
1393 1442 1436 1459 iz.
1446 1442 1502 1470 cap.
1513 1433 1564 1461 ult.

59 1461 202 1490 musico
215 1484 223 1495 ‚
235 1464 324 1500 palam
335 1463 404 1492 facio
415 1485 423 1497 ‚
434 1469 461 1494 δ(
472 1466 624 1495 manifesto.
638 1473 649 1502 [
661 1467 755 1497 Vitam
766 1492 772 1502 ,
785 1471 896 1500 ordina—
911 1465 1084 1492 PALUOWM
1093 1486 1101 1493 ·
1125 1468 1200 1512 V1d‘7’
1220 1473 1320 1498 Blrms
1332 1491 1341 1498 ·
1418 1511 1422 1515 Δ
1551 1514 1557 1518 .
1627 1515 1632 1520 ⁸

99 1501 206 1529 tionem
219 1523 227 1534 ‚
239 1513 287 1531 nec
299 1515 356 1532 non
367 1508 393 1533 ὃ(
405 1506 510 1534 obitum
519 1505 725 1536 Γειεταῑιίίῐηιιιηι
744 1512 895 1547 quantum-
910 1506 1044 1533 PALLiuiu
1055 1526 1063 1538 ‚
1073 1504 1177 1536 saci-um
1188 1509 1296 1548 insigne
1311 1522 1324 1539 a
1342 1512 1475 1542 Pontifice
1485 1514 1647 1543 Patriarchis
1659 1537 1667 1549 ‚
1685 1519 1748 1547 Me.

99 1550 152 1579 que
161 1541 234 1576 stylo
245 1543 380 1580 palificare
391 1546 539 1583 gestientes
550 1567 558 1574 .
579 1549 613 1576 In
624 1548 681 1576 vita
700 1550 724 1577 S.
736 1552 830 1580 Severi
840 1555 895 1582 Ra-

102 1583 233 1610 vennatis
243 1583 412 1622 Archiepisc.
423 1587 497 1626 M3S.
515 1597 574 1625 quat
585 1588 614 1616 in
625 1589 794 1620 Bibliotheca
808 1593 894 1622 Valli-

99 1622 174 1650 cellae
196 1622 231 1651 de
248 1625 312 1652 urbe
332 1623 512 1656 conservatur
523 1648 531 1655 .

57 1664 198 1693 Punico
209 1685 218 1696 ‚
228 1664 295 1693 idest
308 1665 374 1703 palis
385 1668 479 1695 munio
488 1689 495 1695 .
519 1668 592 1697 Vide
604 1671 714 1699 Paxillo
722 1691 732 1700 0

58 1705 238 1739 PALIFRIDvs
250 1725 258 1731 -
281 1707 354 1734 Vide
365 1707 528 1745 Palefredus
539 1729 547 1736 .

57 1745 129 1772 Pin
141 1746 294 1774 Tcxniizs
307 1767 314 1778 ,
326 1747 447 1782 confinia
457 1770 464 1781 ,
475 1753 502 1777 δ(
512 1751 640 1779 termini.
655 1753 754 1786 [Palos
765 1756 892 1784 termales

98 1783 184 1821 figitis
194 1785 257 1814 Deo
267 1806 274 1813 .
289 1787 408 1816 Tenuis.
427 1789 461 1816 de
476 1792 559 1825 jejun.
569 1801 626 1829 cap.
643 1803 651 1820 i
665 1804 685 1820 i.
701 1796 712 1825 ]
737 1795 795 1823 Ubi
808 1806 891 1825 meta-

98 1823 213 1861 phorice
232 1826 266 1854 de
275 1827 398 1856 Deorum
419 1831 544 1868 potentia
560 1831 680 1862 limitata
700 1834 733 1863 ad
744 1837 891 1874 peculiares

98 1873 139 1891 res
157 1864 298 1903 loquitur.

57 1904 156 1933 Parii
170 1926 178 1937 ,
196 1915 256 1943 pers
266 1909 433 1946 corporalis,
454 1911 510 1940 {ive
530 1922 642 1951 parvum
652 1917 794 1954 corporale
806 1939 814 1950 ,
836 1929 891 1957 quo

96 1945 169 1973 calix
181 1948 348 1985 cooperitur.-
359 1950 462 1979 dicitui:
472 1953 545 1982 Palla
554 1965 567 1982 a
579 1957 733 1990 Palliando,
745 1968 804 1996 qux
816 1964 890 1988 Am-

96 1994 189 2015 metta
196 1987 278 2016 etiam
288 1991 454 2028 appellatum
465 1994 526 2032 quia
537 1995 566 2023 in
575 1998 716 2035 corporale
727 2019 734 2030 ,
747 1999 818 2037 quasi
829 2001 889 2028 :ini-

97 2027 180 2055 main
188 2038 304 2067 corpore
315 2031 467 2061 includitur
475 2053 484 2061 .
493 2036 657 2075 Antiquitas
666 2040 808 2077 tegebatur
816 2042 886 2070 calix

94 2067 194 2096 eodem
210 2072 353 2109 corporale
361 2093 369 2105 ,
389 2083 417 2101 ut
426 2074 530 2103 dictum
547 2078 584 2105 est
605 2078 634 2105 in
655 2078 720 2106 diet.
731 2083 870 2118 Corporale
879 2104 887 2110 .

95 2107 184 2137 Unde
192 2111 276 2140 Palla
287 2113 428 2151 corporalis
437 2115 576 2145 dicebatur
586 2129 592 2148 ς
615 2129 676 2147 nam
695 2130 796 2148 nomen
806 2124 886 2152 1³:111ae

95 2148 257 2188 simpliciter
268 2153 401 2191 fignificat
414 2156 516 2184 Altaris
527 2167 648 2197 mappam
660 2180 667 2192 ‚
677 2170 737 2198 quae
748 2161 829 2190 debet
837 2164 888 2192 ess'e

95 2189 168 2218 lines.
177 2213 184 2224 ,
196 2195 290 2221 &non
299 2195 512 2232 bombycinz,ut
524 2198 660 2228 instruunt
670 2201 807 2230 Rubi-icae.
818 2204 888 2234 Sei-i-

94 2230 135 2258 bit
146 2232 299 2262 Franciscus
310 2236 420 2264 Hallier
429 2236 459 2265 in
471 2238 516 2266 lib.
528 2239 562 2267 de
571 2240 762 2275 electionibus,
773 2247 800 2272 ὃ(
811 2246 887 2274 ordi-

93 2271 248 2302 nationibus
259 2295 266 2307 ,
277 2277 353 2314 quod
366 2278 474 2315 quando
491 2280 568 2318 pueri
585 2281 616 2309 ab
625 2292 719 2310 corum
730 2287 888 2322 parentibus

92 2310 365 2345 offerebanturaii'cui
378 2319 504 2348 Ecclciiae
516 2342 525 2353 ‚
545 2322 760 2352 involvebantur
776 2325 806 2353 in
815 2337 888 2366 map-

91 2352 135 2393 pis
143 2356 247 2385 Altaris
255 2378 265 2392 ,
283 2361 312 2387 ὃς
323 2358 357 2387 sic
367 2361 538 2391 remanebant
548 2363 632 2392 oblati
650 2364 680 2393 in
688 2363 834 2396 servitium
855 2369 890 2397 il-

357 2469 368 2484 Ι

950 1545 1112 1583 tropoliti5‚
1123 1558 1205 1587 atque
1219 1550 1444 1591 Archiepiscopis
1453 1554 1615 1589 coiicessiiiii,
1626 1557 1658 1584 ab
1668 1559 1747 1587 Alta-

950 1585 994 1618 ri,
1011 1584 1058 1614 sub
1076 1598 1130 1625 quo
1147 1600 1263 1628 corpora
1281 1593 1440 1631 Principum
1459 1596 1658 1633 Apostolorum
1668 1600 1745 1637 quie-

950 1624 1028 1654 scunt
1039 1649 1048 1660 ,
1068 1628 1242 1669 desumptum
1252 1653 1260 1664 ,
1273 1642 1302 1660 ac
1320 1633 1384 1662 loco
1401 1634 1631 1673 superhumeralis
1641 1639 1746 1669 Summi

950 1667 1103 1697 Sacerdotis
1113 1681 1234 1710 antiquae
1246 1673 1326 1711 Legis
1346 1673 1491 1705 succefliim
1502 1698 1510 1710 ‚
1533 1687 1563 1705 ut
1579 1678 1672 1718 inquit
1686 1682 1747 1710 Du-

950 1708 1026 1735 rand.
1037 1709 1066 1736 iii
1075 1712 1131 1746 ejus
1142 1714 1299 1746 Rationale,
1308 1714 1357 1743 lib.
1368 1726 1394 1753 3.
1405 1727 1463 1755 cap.
1480 1729 1523 1750 17.
1533 1729 1546 1746 a
1557 1721 1662 1749 Graecis
1671 1733 1743 1759 ωμο-

948 1743 1029 1786 φᾶριον
1037 1750 1142 1779 dicitur
1151 1773 1158 1780 .
1183 1754 1256 1783 Vide
1268 1754 1297 1782 in
1308 1755 1375 1784 dist.
1388 1760 1574 1796 Evangelium
1584 1781 1591 1787 .
1610 1762 1636 1792 ξ.
1646 1762 1744 1792 Simon

949 1788 1167 1820 Thestiilomcen.
1177 1797 1205 1822 δ(
1223 1806 1236 1822 τι
1255 1796 1362 1828 Latinis
1371 1799 1446 1827 Stola
1454 1801 1627 1837 Apostolatus
1638 1824 1646 1835 ‚
1667 1805 1745 1834 Stola

949 1831 1208 1870 Archiepiscopatus
1220 1856 1228 1868 ,
1242 1836 1318 1864 Stola
1328 1841 1502 1876 Pontificalis
1511 1843 1663 1879 appellatur
1671 1865 1679 1872 .
1690 1846 1743 1874 Vi-

949 1869 984 1897 de
994 1880 1078 1900 etiarn
1088 1875 1241 1910 psachnion
1251 1896 1259 1902 .
1276 1879 1391 1906 Texitur
1401 1891 1491 1908 autem
1511 1892 1544 1910 ex
1555 1884 1670 1913 candida
1678 1885 1741 1915 lana
1771 1888 1777 1898 ¹

947 1919 1008 1938 cum
1016 1913 1148 1951 aliquibus
1159 1916 1246 1955 nigris
1257 1919 1377 1946 crucibus
1387 1941 1394 1952 ,
1406 1931 1466 1959 quae
1479 1931 1569 1951 tamen
1579 1926 1684 1954 Cruces
1692 1937 1742 1955 an-

946 1951 1061 1989 tiquitus
1070 1964 1147 1983 erant
1157 1959 1252 1987 riibrae.
1264 1959 1365 1997 [Super
1375 1959 1433 1990 lixc
1442 1964 1535 1992 omnia
1545 1966 1657 1995 Summo
1666 1969 1740 1997 Pori-

944 1992 1012 2034 nlim
1023 2005 1139 2033 propter
1150 1999 1338 2035 Apostolicam
1350 2001 1439 2031 vicem
1448 2004 1526 2042 pallii
1544 2004 1637 2035 honor
1647 2008 1741 2037 dccci--

943 2042 1004 2061 nitu
1029 2056 1036 2068 ‚
1047 2037 1121 2074 quod
1129 2048 1215 2076 geniis
1225 2040 1383 2070 indumenti
1393 2045 1664 2085 Crucisfignaculum
1676 2060 1741 2088 pur—

943 2083 1030 2111 pureo
1039 2078 1133 2106 colore
1151 2081 1283 2118 exprimit
1294 2103 1303 2115 ‚
1322 2091 1351 2110 ut
1372 2084 1432 2122 ipso
1452 2086 1562 2115 indutus
1573 2091 1704 2119 Pontifex
1723 2102 1737 2120 a

942 2124 1020 2154 tergo
1032 2139 1039 2150 ‚
1058 2122 1086 2147 &
1095 2124 1205 2156 pectore
1216 2124 1334 2151 Crucem
1344 2122 1438 2154 habeat
1449 2147 1457 2154 .
1473 2128 1580 2157 Raban.
1598 2130 1632 2158 de
1643 2133 1736 2161 ordin.

941 2158 1050 2195 antiph.
1061 2161 1073 2190 ]
1093 2161 1178 2195 Cujus
1198 2173 1286 2199 partes
1303 2165 1333 2193 :ib
1352 2167 1523 2197 Innocentio
1533 2171 1591 2200 111.
1612 2172 1646 2200 de
1661 2174 1736 2201 offic.

941 2198 1012 2226 Miss'.
1021 2201 1134 2240 egregie
1152 2203 1341 2234 describuntur
1351 2228 1360 2240 ,
1380 2208 1527 2239 nimirum:
1550 2214 1690 2246 [Pallium
1702 2213 1735 2241 il-

940 2238 989 2269 lud
999 2261 1008 2273 ,
1023 2252 1078 2279 quo
1090 2246 1203 2278 majores
1213 2245 1342 2285 Episcopi
1361 2258 1476 2279 utuntur
1485 2273 1493 2284 ‚
1517 2252 1554 2280 est
1572 2253 1608 2281 de
1618 2254 1734 2283 candida

940 2280 1003 2310 lana
1020 2293 1184 2313 contextum
1195 2307 1204 2318 ,
1225 2286 1340 2326 desuper
1349 2288 1450 2319 habens
1467 2292 1597 2321 circulum
1608 2294 1736 2324 humeros

940 2323 1178 2363 constringentem
1188 2351 1195 2361 ,
1205 2332 1232 2357 δ(
1245 2329 1310 2358 duas
1319 2329 1406 2360 lineas
1415 2333 1446 2360 ab
1455 2343 1568 2372 utraque
1579 2345 1655 2377 parte
1667 2346 1736 2374 pen-

942 2364 1047 2399 dentes,
1058 2376 1175 2404 quatuor
1183 2371 1288 2400 Cruces
1296 2380 1442 2410 purpureas
1453 2396 1461 2408 ‚
1470 2385 1543 2409 :ii-ite,
1554 2386 1637 2410 retro,
1647 2388 1660 2405 a
1672 2376 1739 2405 dex-

1311 2413 1341 2442 H
1350 2413 1369 2441 h
1413 2426 1432 2450 4
1637 2419 1700 2452 tris,
