1866 2526
170 36 247 77 232
506 25 550 65 D
583 24 617 64 E

1277 29 1387 71 DE

151 78 300 118 quotannis
310 89 374 108 tunc
385 79 485 109 fiebant
496 103 504 115 ‚
518 82 564 121 qui
575 82 608 110 ad
619 80 719 111 vetusti
729 81 885 112 consulatus
894 85 954 118 <ex-l
997 83 1092 113 Anast.
1113 83 1259 125 Bibliodn}
1267 86 1299 116 in
1316 85 1443 116 Adriano
1460 87 1618 118 continebat
1634 89 1691 120 LX.
1723 90 1782 122 vini

153 121 257 159 emplar
274 119 385 150 summae
396 131 486 150 rerum
495 122 637 161 praeessent
646 144 654 155 ,
676 127 703 152 ὅ(
715 127 773 153 Prae
779 122 861 152 fed-‘tus
871 123 939 152 item

998 125 1078 153 libras
1088 145 1095 152 .

154 161 345 190 exnobilitate
354 170 475 196 creatus,
498 164 602 201 populo
610 166 650 198 jus
673 164 794 193 dicebat:
818 164 937 201 explebe
953 165 1103 194 Dmsus.
1127 166 1184 195 FR.
1213 167 1422 199 dimembmtus:
1454 171 1544 204 [Paro
1562 169 1636 201 hiam
1656 170 1783 201 militaris

153 212 244 233 autern
254 203 338 230 creati
348 203 460 241 fingulis
469 205 546 232 annis
557 204 701 232 duodecim
715 227 719 236 .
731 205 824 243 quibus
835 205 937 232 Decur-

153 243 264 272 conibus
274 253 330 271 erat
341 244 491 281 appellatio
503 256 510 274 3
534 246 644 273 Senatus
654 246 743 274 viceni
752 257 782 273 in
794 244 917 273 conciliis
930 266 938 278 ,

994 205 1132 244 quondam
1143 205 1301 238 hostilitatis
1308 208 1470 239 discrimine
1481 210 1555 240 suissi:
1564 211 1681 240 decisa-m
1693 234 1701 245 ,
1724 223 1781 241 can.

995 256 1083 284 prima
1095 268 1102 277 ‚
1118 253 1159 274 16.
1171 248 1264 284 quaest.
1275 260 1302 288 3.

152 287 181 313 δε
203 283 442 315 deliberationibus
452 284 614 314 obtinebant
624 305 631 314 .
653 286 776 316 Blondus
786 307 793 317 ,
806 284 898 314 decad.
911 297 937 315 ι.
954 285 1123 315 ΠεςοςῑῸΚ
1132 306 1140 314 .
1160 288 1234 316 Vide
1254 292 1423 328 Interversor
1433 312 1440 320 .

152 324 199 353 lib.
223 337 248 355 2·

112 364 312 395 DECEMBRICA
324 368 472 395 Linfiim’iis
483 389 491 400 ,
502 366 645 396 saturnalia
655 389 662 401 ,
671 368 709 396 ita
718 366 872 396 Gulielmus
881 367 940 395 Du-

151 415 209 434 ran.
219 406 267 435 lib.
280 413 306 436 6.
318 408 459 436 Rational.
469 418 527 446 cap.
540 413 564 436 8.
574 409 617 436 ubi
628 408 662 436 de
674 407 814 445 Episcopis
824 407 862 436 ait
874 429 881 440 ‚
891 407 938 446 qui

149 446 275 476 ludentes
286 457 347 475 cum
358 447 444 477 servis
454 448 487 476 ad
498 449 685 477 imitationem
695 449 939 481 Gentiliumfflen.

147 485 180 554 {e
189 488 338 517 decembris
349 489 378 516 in
387 487 565 518 saturnalium
578 489 650 518 festis
661 499 722 518 cum
730 488 816 518 servis
825 489 940 517 commi—

161 528 288 557 cebantiir
298 549 304 556 .

110 567 288 599 Dizcmwico
300 590 308 601 ,
328 569 438 597 decollo
447 590 454 596 .
480 576 492 604 [
505 570 532 598 Si
543 570 654 609 quidem
665 592 673 604 ‚
685 581 752 609 quos
762 569 870 599 humari
880 581 934 598 nox

149 607 280 638 succinfta
292 609 468 648 prohibuerat
480 622 486 637 ι
499 610 793 650 decervicatisliquere
801 611 937 640 cadaveri-

151 649 197 677 bus
207 670 214 677 .
225 651 319 679 Sidon.
333 651 378 679 lib.
396 662 417 678 i.
429 651 506 688 epist.
516 663 544 689 3.

109 688 230 718 chnviA
243 711 249 718 .
262 693 316 720 FR.
329 692 362 720 de
373 690 422 719 hac
436 692 548 720 materia.
556 693 635 721 multi
644 691 808 731 scripserunt
819 705 825 721 :
836 692 883 722 sed
892 692 938 721 hic

954 326 1148 356 Deest-snus
1163 347 1170 355 .
1194 329 1251 357 PR.
1261 330 1299 358 est
1309 331 1422 368 epistola
1433 354 1441 365 ,
1459 331 1505 360 seu
1514 332 1674 372 rescriptum
1687 334 1781 373 ponti-

995 367 1051 395 ficis
1062 367 1094 396 ad
1104 367 1262 397 instantiam
1273 371 1389 407 partium
1400 394 1406 400 .
1429 374 1518 408 Quem
1529 375 1653 413 vigorem
1663 375 1780 404 habeant

993 407 1148 444 hujusmodi
1160 408 1308 438 decretales
1318 411 1392 439 Vide
1401 423 1458 441 can.
1469 414 1488 441 fi
1500 417 1687 445 Romanorum
1699 438 1707 449 ,
1717 416 1781 444 dist.

1000 459 1043 484 ¹9-
1055 452 1083 477 δ(
1092 459 1149 477 can.
1160 449 1194 478 de
1204 449 1312 484 libellis,
1323 451 1385 479 dist.
1399 464 1444 481 20.
1455 455 1527 483 Vide
1536 455 1616 485 etiam
1626 456 1671 485 liic
1683 462 1760 494 Leges
1771 477 1781 484 .

995 490 1114 518 Decreta
1133 490 1166 518 ad
1175 490 1239 519 fidei
1257 491 1385 530 dogmata
1393 491 1540 530 spectantia
1549 516 1556 524 .
1579 498 1652 526 Vide
1660 503 1760 526 Tomus
1772 517 1781 524 .

954 529 1148 559 Decumum
1161 551 1168 563 ‚
1192 531 1289 560 doc'tor
1301 543 1436 561 canonum
1449 554 1456 561 .
1481 536 1600 573 [Nuper
1609 538 1638 566 in
1649 547 1719 566 terra
1729 549 1780 566 no-

993 570 1044 598 stra
1055 571 1166 608 quidam
1177 572 1318 601 deci-erista
1327 573 1483 603 nominatus
1494 597 1502 608 ‚
1522 585 1642 607 mortuus
1653 578 1690 608 est
1698 598 1706 607 .
1716 580 1782 608 Cae-

994 609 1044 638 sar.
1055 612 1101 640 lib.
1118 623 1124 639 i
1138 623 1159 640 i.
1172 612 1266 641 Mirac.
1280 624 1337 652 cap.
1348 620 1396 649 46.

953 652 1118 680 Decimum
1129 655 1283 683 GuATiANi
1293 675 1300 682 .
1314 655 1385 683 Vide
1397 660 1491 686 Canon
1503 678 1509 685 .
1519 658 1606 693 Cujus
1616 659 1716 688 valoris
1727 659 1760 689 sit
1771 680 1779 686 ·

994 692 1067 721 Vide
1077 694 1161 722 Palea
1173 713 1179 720 .

150 739 258 759 tantum
270 732 364 760 videre
377 731 414 760 est
423 734 514 770 primo
526 753 532 760 .
545 734 620 768 Quid
631 734 663 762 fit
671 737 788 762 Decima
797 755 805 767 ‚
818 733 937 762 secundo
952 733 1091 762 Dii-cumo
1103 754 1110 761 .
1133 734 1207 762 Vide
1223 740 1351 765 Decimus
1363 756 1369 764 .
1392 737 1465 766 Vide
1486 735 1623 774 Βελώτῆς
1633 761 1641 773 ‚
1664 740 1695 769 in
1716 740 1780 768 di&-

150 781 163 798 :i
174 782 239 809 quo,
252 773 336 801 tertio
347 773 401 805 cui,
414 782 510 811 quarto
521 784 636 812 proprer
646 775 730 813 quod,
742 774 842 814 quinto
853 785 937 812 quan-

992 775 1157 803 Sanhea'rim
1165 794 1173 801 .

148 812 185 839 do
197 811 329 842 solvenda
338 815 369 843 {it
380 835 388 846 ‚
407 813 486 842 sexto
496 814 526 841 iri
536 825 590 853 quo
600 815 725 844 consistat
737 836 743 843 .
768 816 831 851 Quo
842 816 875 843 ad
883 816 938 853 pri—
953 815 1098 844 Di-:cviro
1110 836 1116 842 .
1140 815 1214 844 Vide
1237 820 1336 845 Curris
1349 838 1356 845 .

147 862 233 886 mum,
243 855 358 883 Decima
370 855 407 883 est
417 855 549 883 tributum
559 856 594 884 de
605 855 664 891 jure
672 855 776 884 divino
787 856 936 884 animarum
953 855 1072 884 Dromo
1084 877 1091 889 ,
1105 866 1157 894 pro
1167 856 1286 890 initiare,
1297 856 1455 896 frequenter
1463 870 1544 898 penes
1556 861 1701 891 Africanos
1712 861 1783 889 Scri-

148 894 288 931 egentium
298 896 385 934 gratia
395 896 449 924 Dei
461 895 581 924 debitum
592 918 599 928 ,
610 907 669 924 can.
681 897 814 929 Decimae,
831 908 839 924 i
848 904 906 934 6.q.
915 907 922 923 i
930 917 936 923 .

148 935 212 969 Quo
223 935 255 963 ad
265 934 410 964 secundum
420 958 427 969 ‚
438 936 545 965 Coloni
556 937 678 975 partiarii
691 959 698 969 ,
710 937 756 975 qui
769 947 872 975 partem
884 937 935 965 fru-

147 976 239 1003 &tuum
251 977 410 1015 percipiunt
420 999 428 1010 ‚
441 975 495 1006 hoc
504 978 567 1006 dare
579 986 708 1007 tenentur
719 999 726 1005 .
736 977 828 1006 Glofl'a
838 979 868 1006 in
878 988 938 1006 can.

148 1026 174 1054 q.
191 1023 232 1044 16.
244 1027 288 1055 qu.
306 1029 328 1045 1.
340 1019 404 1054 Quo
414 1018 446 1046 ad
458 1018 572 1047 tertium
583 1041 590 1052 ‚
603 1019 715 1047 debetur
726 1019 850 1047 Eccleflae
862 1041 869 1052 ,
894 1019 936 1047 vei

148 1067 181 1084 ex
194 1067 272 1090 voto,
286 1058 331 1085 vel
342 1059 443 1095 dejure
454 1080 460 1086 .
471 1059 557 1088 Cion:
570 1060 599 1088 in
610 1071 666 1088 can.
678 1059 877 1092 moderamine,
892 1070 901 1087 1
910 1067 936 1087 o.

147 1107 174 1135 q.
190 1108 212 1125 i.
234 1099 261 1126 Si
271 1098 384 1127 decimae
395 1099 461 1128 sunt
479 1101 620 1138 praediales
632 1122 639 1133 ,
662 1100 758 1128 danda?
770 1099 833 1128 sunt
845 1101 937 1128 Eccle-

147 1138 190 1166 iiae
203 1159 210 1170 ,
221 1139 265 1167 ubi
276 1140 377 1176 praedia
386 1140 449 1168 sunt
460 1141 524 1170 sitas·
535 1140 583 1170 sed
598 1142 616 1169 fi
628 1140 782 1180 personales
794 1163 800 1173 ‚
812 1141 934 1169 Eccleliae

145 1177 208 1206 sunt
219 1179 315 1207 dandae
328 1201 336 1213 ‚
355 1181 400 1209 ubi
412 1180 526 1219 persona
536 1180 562 1210 se
573 1180 700 1210 transfert
712 1203 719 1213 ,
739 1181 826 1210 Glossi
839 1191 868 1209 iii
879 1192 935 1219 cap.

149 1220 223 1256 quod
233 1221 339 1258 priori,
356 1233 397 1259 13·
410 1233 454 1260 qii.
471 1233 493 1250 ι.
505 1221 550 1249 sed
562 1232 613 1260 pro
623 1222 737 1250 Ecclesia
748 1221 935 1260 intelligenda

146 1260 184 1288 est
194 1260 367 1298 Baptismalis
378 1284 384 1294 ,
397 1261 483 1292 Oloss2
494 1263 522 1290 in
534 1273 593 1291 can.
604 1264 768 1301 quicumque
782 1287 787 1297 ,
804 1269 847 1290 16.
860 1272 936 1300 qu.i.

993 905 1085 933 Ptores
1094 918 1100 924 .
1115 903 1126 931 [
1139 896 1299 935 Auspicatus
1311 898 1348 926 est
1360 909 1450 937 pacem
1461 922 1469 932 ,
1493 900 1557 929 dum
1568 901 1674 930 dedicat
1685 901 1783 930 let‘lio<

993 946 1073 965 nem.
1084 938 1120 966 D.
1133 938 1289 975 Cyprianus
1302 958 1309 970 ,
1331 939 1409 977 epist.
1421 943 1490 977 33.]
1505 941 1572 970 idest
1585 963 1593 974 ‚
1605 942 1704 980 incipit
1717 952 1723 968 :
1747 941 1782 969 sic

991 977 1025 1005 de
1038 977 1120 1006 idolis
1129 976 1256 1006 ficlilibus
1268 999 1275 1010 ,
1298 988 1358 1015 qux
1370 979 1491 1008 fabricari
1502 980 1672 1019 incipiuntur
1682 983 1712 1010 in
1723 991 1782 1019 per-

991 1017 1044 1046 tica
1056 1017 1185 1046 transfixa
1194 1039 1202 1050 ,
1225 1019 1409 1048 Tertullianus
1419 1041 1427 1052 ,
1450 1031 1507 1058 cap.
1524 1031 1531 1048 i
1545 1032 1566 1049 i.
1576 1022 1681 1050 advers.
1693 1025 1782 1051 Gent.

990 1058 1027 1086 ait
1040 1070 1045 1086 :
1072 1061 1128 1094 [In
1139 1058 1262 1096 patibulo
1273 1058 1392 1097 primuni
1402 1071 1499 1099 corpus
1508 1062 1564 1091 Dei
1574 1061 1657 1091 vesti-i
1668 1062 1781 1091 dedica-

991 1108 1051 1129 tum
1064 1101 1075 1131 ]
1088 1099 1156 1127 idest
1170 1121 1176 1132 ‚
1188 1098 1338 1137 incipitur.
1363 1106 1374 1135 [
1387 1102 1542 1140 Reperietis
1554 1102 1675 1141 primum
1687 1105 1782 1132 Nero-

991 1140 1095 1168 nemin
1111 1138 1182 1168 hanc
1202 1139 1301 1168 seuam
1323 1150 1382 1170 tum
1407 1142 1524 1171 maxime
1534 1146 1632 1172 Romae
1643 1145 1781 1172 orientem

989 1180 1135 1209 caesariano
1145 1180 1238 1218 gladio
1249 1180 1377 1212 ferocisse,v
1389 1180 1437 1211 sed
1447 1183 1495 1213 tali
1506 1183 1672 1217 dedicatore,
1694 1185 1783 1220 (idest

990 1223 1157 1258 inca-ptore)
1176 1221 1361 1250 damnationis
1381 1223 1479 1252 nostrae
1500 1224 1582 1253 eti-im
1613 1226 1786 1264 gloriamur.

991 1262 1062 1289 Ibid.
1072 1272 1093 1289 c.
1106 1273 1135 1297 4.

146 1300 215 1328 &in
233 1312 290 1340 cap.
302 1313 363 1330 cum
373 1303 537 1342 contingat,
557 1304 590 1331 de
600 1303 713 1331 decimis
723 1325 730 1336 ,
750 1306 776 1330 ἃ
787 1303 919 1341 primitiis
929 1323 935 1330 .
951 1303 1125 1331 DEDiCAHo
1137 1305 1286 1330 Ecetfisiffi
1299 1323 1305 1330 .
1332 1304 1411 1332 Vidae
1424 1309 1520 1341 Agapae
1532 1325 1538 1331 .
1552 1307 1608 1334 PR.
1621 1304 1787 1343 Antiquitus

148 1342 211 1375 Quo
222 1343 254 1370 ad
264 1352 389 1380 quartum
404 1366 410 1376 ,
434 1344 553 1372 diximus
564 1343 613 1372 rss'e
633 1344 735 1379 dejure
745 1343 844 1371 dumo
855 1365 862 1375 ,
877 1354 936 1381 cap.

147 1393 192 1410 tua
205 1404 211 1414 ,
223 1383 256 1411 de
267 1384 380 1412 decimis
391 1407 398 1417 ,
418 1389 444 1413 ὅ(
455 1385 559 1423 primit.
572 1389 599 1413 ἅ
609 1385 683 1423 quod
692 1383 744 1412 hoc
758 1384 854 1419 injure
866 1384 937 1412 divi-

147 1435 183 1451 no
195 1423 336 1452 fundatum
347 1425 379 1453 fit
388 1446 396 1458 ‚
407 1424 500 1454 Glossii
509 1425 538 1453 in
547 1426 575 1454 d.
584 1436 642 1453 can.
654 1424 851 1457 moderamine,
867 1424 936 1452 mul-

148 1474 186 1492 tas
195 1465 315 1493 rationes
326 1465 410 1494 affert.
423 1467 487 1503 Quo
495 1466 528 1494 :id
538 1476 674 1505 quintum,
684 1466 797 1494 deciinae
811 1465 937 1503 prxstait-

147 1506 187 1533 die
200 1505 261 1533 sunt
273 1528 281 1539 ‚
300 1507 410 1545 quando
422 1507 521 1535 fruetus
530 1506 702 1545 colliguntur
713 1527 720 1534 .
742 1505 828 1535 Gioss'.
839 1506 867 1533 in
878 1516 935 1533 can.

992 1354 1049 1371 non
1060 1352 1189 1380 poterant
1199 1343 1323 1371 dedicare
1336 1344 1464 1373 Ecclesms
1486 1344 1616 1374 Praesules
1628 1346 1684 1374 sine
1696 1346 1782 1373 licen-

993 1393 1030 1411 tia
1040 1386 1116 1421 Papae
1128 1404 1135 1410 .
1146 1385 1244 1412 Baron.
1254 1393 1296 1411 an.
1311 1389 1375 1419 598.
1389 1395 1415 1412 n.
1430 1397 1475 1414 22.
1498 1385 1651 1413 Dedicatio
1662 1385 1781 1415 Basilice

991 1425 1132 1453 Vaticana:
1143 1424 1321 1452 celebrabatur
1333 1435 1361 1452 in
1373 1424 1464 1453 mense
1474 1426 1642 1454 Novembris
1654 1447 1660 1453 .
1683 1426 1783 1454 Marri-

990 1475 1059 1503 quez
1080 1465 1108 1492 in
1119 1463 1260 1492 Chronica
1272 1464 1437 1494 Cistercien.
1450 1475 1519 1493 tom.
1531 1478 1556 1495 2.
1568 1477 1612 1494 an.
1630 1477 1637 1494 i
1649 1477 1714 1501 145.
1726 1477 1782 1503 ⁶³3·

993 1515 1054 1543 pig.
1069 1511 1094 1533 6.
1106 1504 1178 1532 Vide
1190 1508 1319 1533 Encane'a
1329 1526 1336 1533 .

146 1547 335 1575 Revertimini
346 1569 353 1579 ,
371 1555 414 1576 io.
426 1547 519 1586 quaest.
536 1558 556 1575 i.
572 1547 695 1576 Tandem
707 1557 761 1585 quo
770 1547 802 1574 :id
812 1545 935 1577 sextum5
951 1548 1141 1574 DED1T1TIUS
1155 1566 1161 1571 .
1185 1545 1259 1573 Vide
1281 1549 1414 1574 Daritim
1425 1567 1432 1573 .

146 1586 263 1615 Decima
271 1587 322 1615 alia
336 1588 438 1616 dicitur
449 1590 550 1623 major,
561 1588 614 1615 alia
635 1587 728 1616 minor
738 1609 745 1620 ‚
766 1597 824 1625 cap.
835 1587 935 1614 cumin
951 1587 991 1615 Di
1001 1597 1094 1614 ινεκῡο
1107 1607 1112 1617 ,
1125 1596 1176 1624 pro
1186 1584 1296 1614 offendo
1306 1608 1313 1618 ‚
1332 1585 1377 1614 seu
1389 1586 1478 1625 potius
1490 1585 1573 1625 punio
1583 1607 1589 1613 .
1616 1587 1784 1621 [Caeterum

146 1628 239 1656 multis
250 1651 256 1661 ,
267 1628 300 1657 de
313 1629 426 1656 decimis
436 1632 463 1657 &
475 1628 605 1667 primitiis
621 1649 628 1655 .
651 1630 703 1656 Pro
712 1628 855 1663 majoribus
865 1627 936 1655 deci-

148 1669 199 1696 mis
208 1668 390 1708 intelligendi
408 1668 471 1697 sunt
483 1679 561 1698 terrae
574 1668 673 1698 fruetus
682 1691 689 1702 ‚
713 1679 769 1696 tarn
778 1668 916 1696 aridorum
930 1690 936 1700 ,

148 1719 229 1746 quam
248 1710 436 1749 liquidorum5
460 1721 509 1749 pro
529 1710 642 1738 minutis
662 1719 752 1738 autem
772 1709 891 1747 explicat
904 1710 937 1736 ibi

148 1749 255 1778 Oion-2.-
272 1752 410 1786 [Minutae
423 1751 536 1779 decime
549 1751 721 1788 appellantur
734 1759 824 1788 pai-tus
834 1750 937 1777 anima-

148 1791 217 1818 lium
230 1815 235 1823 ,
257 1791 290 1819 de
300 1792 397 1829 pullis,
418 1792 479 1819 ovis
489 1813 498 1824 ‚
509 1796 536 1820 ὅ(
547 1791 637 1819 hortis
649 1793 677 1822 .]
699 1793 796 1829 Itaque
806 1790 938 1818 debentur

148 1832 262 1859 decimae
277 1843 282 1858 :
306 1833 373 1867 [De
383 1843 471 1871 grano
483 1854 490 1864 ‚
514 1842 557 1859 :tut
567 1833 600 1860 de
611 1831 677 1859 vino
688 1853 695 1864 ‚
714 1840 758 1859 aut
769 1831 802 1859 de
813 1829 938 1859 fruftibus

149 1872 273 1900 arborum
284 1894 290 1904 ‚
302 1882 346 1900 aut
359 1873 392 1901 de
402 1873 542 1911 pecoribus
551 1893 560 1905 ‚
571 1882 617 1900 aut
629 1872 662 1900 de
671 1871 754 1899 horto
767 1893 774 1904 ‚
793 1880 838 1899 aut
847 1871 881 1899 de
894 1881 939 1899 ne-

151 1913 231 1949 gotio
241 1934 248 1946 ‚
260 1923 304 1941 aut
314 1913 347 1942 de
359 1912 414 1952 ipsa
426 1913 575 1942 venatione
585 1912 639 1945 sua,
652 1923 709 1940 can.
723 1912 886 1950 quicumque
897 1922 936 1940 re-

993 1637 1087 1655 omnes
1097 1625 1198 1664 species
1208 1627 1341 1654 malorum
1351 1649 1359 1660 ‚
1381 1637 1441 1665 qux
1455 1637 1539 1655 etiam
1552 1627 1663 1655 Ethnici
1676 1627 1786 1656 indubi-

994 1677 1066 1700 tate,
1091 1671 1117 1696 δ(
1130 1666 1278 1706 prohibent
1289 1689 1296 1700 ‚
1316 1671 1342 1695 ὃ(
1354 1667 1507 1696 defendunt
1519 1690 1526 1700 ‚
1549 1678 1582 1695 cx
1594 1669 1717 1705 operibus
1730 1667 1785 1695 Dei

993 1709 1115 1738 constant
1127 1729 1134 1736 .
1145 1708 1260 1737 Tertuli.
1274 1708 1317 1736 lib.
1329 1708 1361 1736 de
1373 1709 1532 1746 Spest.]1n
1542 1708 1638 1736 eodem
1649 1707 1785 1746 significa-

994 1760 1023 1777 tu
1033 1748 1154 1777 defensio
1165 1759 1216 1786 pro
1226 1749 1372 1785 punitione
1382 1749 1494 1786 ponitur
1504 1769 1510 1776 .
1524 1754 1536 1783 [
1550 1749 1593 1777 Ut
1604 1758 1683 1786 que-m
1694 1748 1725 1776 sit
1739 1757 1786 1784 pe-

995 1788 1139 1819 riculosum
1151 1800 1206 1817 non
1215 1788 1303 1816 solum
1315 1789 1434 1816 inanibus
1447 1811 1454 1821 ‚
1465 1788 1512 1816 sed
1522 1789 1604 1816 etiim
1618 1790 1646 1816 in
1658 1787 1788 1817 Sacerdo-

996 1841 1052 1859 tem
1063 1830 1153 1859 vei-bis
1163 1829 1293 1858 excedere
1305 1850 1312 1861 ,
1324 1839 1355 1856 ex
1370 1829 1459 1857 nostra
1469 1830 1559 1856 cunfti
1577 1827 1680 1867 pollint
1691 1827 1787 1857 defen-

995 1872 1070 1900 sione
1080 1869 1245 1909 cognoscere
1257 1889 1264 1897 .
1282 1870 1318 1897 D.
1332 1871 1451 1908 Gregor.
1462 1870 1491 1898 in
1510 1871 1566 1906 ejus
1575 1869 1682 1908 Regist.
1694 1869 1740 1899 lib.
1750 1879 1763 1896 z
1776 1890 1784 1897 .

996 1923 1053 1950 cap.
1067 1923 1114 1946 40.

151 1955 327 1990 cognoverit,
343 1962 386 1982 16.
397 1965 441 1992 qu.
454 1956 503 1986 7.]
518 1953 590 1982 &ibi
603 1953 696 1982 Glofla
708 1953 791 1981 inulta
802 1953 921 1980 cumulat
933 1973 939 1978 -
956 1954 1111 1982 Dmssou
1123 1973 1130 1984 ‚
1140 1950 1346 1979 ecclesiasticum
1359 1961 1456 1979 munus
1466 1973 1473 1983 ,
1486 1950 1641 1979 Advocatus
1652 1960 1708 1978 erat
1719 1971 1726 1982 ,
1737 1948 1787 1988 qui

151 1993 233 2021 Olim
244 2004 361 2032 quatuor
379 1995 467 2023 modis
477 1994 605 2023 dabantur
615 1993 727 2022 decimae
740 2013 746 2020 .
769 1993 843 2021 Vide
853 1992 939 2021 Glofl'.

152 2042 183 2060 in
192 2043 250 2061 can.
262 2035 389 2064 Ecclefias
400 2057 408 2068 ,
434 2046 477 2071 13·
487 2045 532 2073 qu.
549 2046 570 2063 i.
582 2036 655 2063 Item
675 2034 788 2062 decimae
799 2034 941 2061 novalium

151 2083 210 2101 non
229 2076 369 2112 pertinent
381 2077 413 2104 :td
423 2076 522 2104 laicum
532 2097 540 2108 ‚
564 2085 610 2113 qui
620 2075 737 2103 decimas
747 2073 826 2102 habet
839 2073 869 2101 in
881 2073 942 2102 feu-

151 2113 216 2141 dum
229 2136 235 2147 ,
248 2125 270 2142 c.
281 2119 335 2144 Tuci
347 2138 354 2148 ,
365 2116 473 2145 &infra
483 2117 516 2144 de
525 2116 638 2144 decimis
649 2120 700 2144 διε.
725 2114 799 2151 Qid
808 2124 898 2142 autem
910 2114 941 2142 fit

154 2156 253 2183 novale
263 2177 270 2187 ,
282 2157 345 2184 vide
355 2156 403 2184 suo
413 2158 474 2185 loco
484 2178 490 2184 .
501 2157 576 2185 Vide
585 2159 718 2185 Primitia
733 2176 740 2183 .
755 2157 796 2183 *In
807 2155 901 2192 quibus
915 2166 941 2182 a-

151 2194 196 2223 liis
205 2196 281 2224 rebus
291 2197 469 2235 imponendae
480 2197 532 2226 fint
544 2198 657 2225 decimae
669 2217 676 2224 .
688 2195 760 2224 Vide
770 2196 803 2224 de
813 2195 924 2224 decimis
935 2217 942 2228 ‚

153 2246 183 2264 in
195 2239 307 2265 Extrav.
320 2247 419 2265 comm.

112 2277 277 2306 DreiMATA
292 2298 298 2304 .
321 2280 377 2306 FR.
397 2278 566 2316 liquidorum
585 2276 706 2306 mensura
718 2278 748 2308 .]
769 2279 804 2304 Et
816 2276 877 2304 vini
897 2275 944 2304 de-

153 2326 262 2346 cimatas
286 2318 391 2357 viginti
403 2328 453 2356 pro
474 2318 672 2347 sustentatione
694 2318 788 2346 debeat
807 2317 944 2344 ministra-

155 2368 182 2386 re
193 2379 199 2385 .
219 2360 337 2398 Gregor.
356 2359 434 2398 epist.
456 2370 502 2394 44.
527 2359 573 2388 lib.
597 2360 643 2390 ιζ]
675 2368 735 2397 quae
767 2356 888 2387 mensur:
910 2368 942 2386 ex

996 1991 1203 2029 jurisdictiones
1212 2012 1220 2024 ,
1240 1995 1265 2019 δε
1288 1991 1357 2019 bona
1368 1992 1490 2020 Eccleiiae
1503 1990 1664 2020 defendebat
1674 2012 1681 2023 ,
1704 2000 1787 2028 atque

1003 2043 1127 2072 pauperes
1147 2031 1363 2070 patrocinabatur
1373 2053 1379 2060 .
1398 2033 1454 2062 FR.
1473 2032 1528 2066 Qui
1540 2031 1657 2069 duplicis
1677 2031 1788 2069 generis

998 2083 1074 2102 crant
1087 2095 1095 2106 ,
1106 2078 1276 2110 Magnarum
1287 2094 1294 2104 ‚
1308 2072 1412 2101 scilicet
1422 2094 1429 2105 ,
1445 2076 1472 2101 ὅς
1484 2073 1715 2108 Scholasticarnm.
1729 2072 1787 2099 Ma-

998 2124 1113 2153 gnantes
1124 2115 1188 2141 item
1199 2123 1275 2140 erant
1286 2135 1294 2146 ,
1318 2114 1363 2142 vel
1383 2112 1544 2142 universalis
1556 2111 1678 2141 Ecclefiae
1689 2133 1697 2143 ,
1720 2121 1788 2149 quos

998 2154 1157 2195 Defensor-‘es
1168 2154 1278 2182 devotos
1289 2154 1406 2192 appellat
1416 2151 1536 2182 Anastas.
1546 2150 1678 2182 Bibliotli.
1690 2160 1719 2180 ut
1729 2153 1787 2180 Im-

1000 2204 1134 2234 peratores
1146 2215 1153 2226 ,
1173 2198 1199 2222 ὃ(
1211 2197 1301 2233 Reges
1321 2193 1464 2223 Catholici
1477 2215 1484 2226 ‚
1502 2194 1550 2231 qui
1569 2193 1596 2220 in
1607 2192 1787 2221 coronatione

999 2235 1163 2274 praestabant
1173 2237 1358 2271 juramentum
1369 2235 1399 2262 in
1411 2234 1532 2262 manibus
1543 2235 1622 2271 Papae
1635 2255 1643 2266 ‚
1665 2237 1693 2261 ὁ(
1704 2233 1787 2261 devo-

1002 2277 1101 2306 vebant
1123 2275 1226 2303 futuros
1236 2274 1286 2303 effe
1296 2275 1420 2303 Ecclefiae
1432 2273 1586 2303 defensores
1598 2295 1605 2307 ‚
1628 2273 1662 2302 sic
1675 2275 1787 2300 Franco-

1001 2327 1060 2345 rum
1077 2319 1185 2354 Regem
1204 2317 1229 2344 S.
1241 2318 1277 2344 R.
1288 2319 1318 2344 E.
1339 2315 1521 2344 Defensorem
1543 2313 1720 2343 Innocentius
1732 2313 1788 2341 lv.

1001 2357 1152 2389 declaravit
1163 2377 1170 2386 .
1189 2356 1330 2388 Odoricus
1342 2357 1462 2392 Raynai.
1472 2356 1503 2387 in
1512 2355 1614 2386 Aniial.
1624 2363 1686 2383 ann.
1701 2363 1788 2423 ill-144.

1738 2401 1747 2422 i
