<?xml version="1.0" encoding="UTF-8"?>
<!DOCTYPE html PUBLIC "-//W3C//DTD XHTML 1.0 Transitional//EN"
    "http://www.w3.org/TR/xhtml1/DTD/xhtml1-transitional.dtd">
<html xmlns="http://www.w3.org/1999/xhtml" xml:lang="en" lang="en">
 <head>
  <title>
</title>
<meta http-equiv="Content-Type" content="text/html;charset=utf-8" />
  <meta name='ocr-system' content='tesseract 3.04.00' />
  <meta name='ocr-capabilities' content='ocr_page ocr_carea ocr_par ocr_line ocrx_word'/>
</head>
<body>
  <div class='ocr_page' id='page_1' title='image "./dominicimacrimel00magr/dominicimacrimel00magr_0626.png"; bbox 0 0 1866 2526; ppageno 0'>
   <div class='ocr_carea' id='block_1_1' title="bbox 133 60 1377 116">
    <p class='ocr_par' dir='ltr' id='par_1_1' title="bbox 133 60 1377 116">
     <span class='ocr_line' id='line_1_1' title="bbox 133 60 1377 116; baseline -0.002 -11"><span class='ocrx_word' id='word_1_1' title='bbox 133 64 211 116; x_wconf 75' lang='lat'>598</span> <span class='ocrx_word' id='word_1_2' title='bbox 466 61 567 104; x_wconf 87' lang='lat' dir='ltr'>SA</span> <span class='ocrx_word' id='word_1_3' title='bbox 1279 60 1377 103; x_wconf 86' lang='lat' dir='ltr'>SC</span> 
     </span>
    </p>
   </div>
   <div class='ocr_carea' id='block_1_2' title="bbox 75 115 1773 849">
    <p class='ocr_par' dir='ltr' id='par_1_2' title="bbox 75 115 1773 849">
     <span class='ocr_line' id='line_1_2' title="bbox 117 115 1771 158; baseline -0.002 -6"><span class='ocrx_word' id='word_1_4' title='bbox 117 133 158 152; x_wconf 81' lang='lat' dir='ltr'>res</span> <span class='ocrx_word' id='word_1_5' title='bbox 168 118 305 151; x_wconf 84' lang='lat' dir='ltr'>stabiliunt</span> <span class='ocrx_word' id='word_1_6' title='bbox 317 141 324 153; x_wconf 96' lang='lat'><em>‚</em></span> <span class='ocrx_word' id='word_1_7' title='bbox 347 122 375 148; x_wconf 69' lang='grc' dir='ltr'>δὲ</span> <span class='ocrx_word' id='word_1_8' title='bbox 387 119 572 151; x_wconf 68' lang='lat' dir='ltr'>confirmants</span> <span class='ocrx_word' id='word_1_9' title='bbox 586 117 651 148; x_wconf 88' lang='lat' dir='ltr'>hinc</span> <span class='ocrx_word' id='word_1_10' title='bbox 661 117 820 150; x_wconf 78' lang='lat' dir='ltr'>Psalmista:</span> <span class='ocrx_word' id='word_1_11' title='bbox 843 118 914 153; x_wconf 75' lang='lat' dir='ltr'>[Pa-</span> <span class='ocrx_word' id='word_1_12' title='bbox 975 115 1063 146; x_wconf 87' lang='lat' dir='ltr'>cabuli</span> <span class='ocrx_word' id='word_1_13' title='bbox 1075 139 1083 151; x_wconf 90' lang='lat'><em>‚</em></span> <span class='ocrx_word' id='word_1_14' title='bbox 1095 117 1234 147; x_wconf 82' lang='lat' dir='ltr'><strong>censentes</strong></span> <span class='ocrx_word' id='word_1_15' title='bbox 1245 141 1252 152; x_wconf 91' lang='lat'><em>,</em></span> <span class='ocrx_word' id='word_1_16' title='bbox 1266 120 1340 157; x_wconf 88' lang='lat' dir='ltr'>quod</span> <span class='ocrx_word' id='word_1_17' title='bbox 1347 119 1441 148; x_wconf 85' lang='lat' dir='ltr'>saxum</span> <span class='ocrx_word' id='word_1_18' title='bbox 1450 141 1458 153; x_wconf 81' lang='lat'><em>,</em></span> <span class='ocrx_word' id='word_1_19' title='bbox 1471 119 1540 149; x_wconf 85' lang='lat' dir='ltr'>idest</span> <span class='ocrx_word' id='word_1_20' title='bbox 1551 141 1559 153; x_wconf 92' lang='lat'><em>‚</em></span> <span class='ocrx_word' id='word_1_21' title='bbox 1581 119 1650 158; x_wconf 77' lang='lat' dir='ltr'>lapis</span> <span class='ocrx_word' id='word_1_22' title='bbox 1661 119 1771 149; x_wconf 69' lang='lat' dir='ltr'>extrahi·</span> 
     </span>
     <span class='ocr_line' id='line_1_3' title="bbox 118 158 1768 200; baseline -0.002 -7"><span class='ocrx_word' id='word_1_23' title='bbox 118 165 160 193; x_wconf 88' lang='lat' dir='ltr'>nis</span> <span class='ocrx_word' id='word_1_24' title='bbox 170 173 217 191; x_wconf 88' lang='lat' dir='ltr'>cor</span> <span class='ocrx_word' id='word_1_25' title='bbox 227 159 349 190; x_wconf 88' lang='lat' dir='ltr'>hominis</span> <span class='ocrx_word' id='word_1_26' title='bbox 361 160 507 189; x_wconf 85' lang='lat' dir='ltr'>confirmet</span> <span class='ocrx_word' id='word_1_27' title='bbox 518 183 526 194; x_wconf 94' lang='lat'><em>‚</em></span> <span class='ocrx_word' id='word_1_28' title='bbox 549 159 613 200; x_wconf 83' lang='lat' dir='ltr'>psal.</span> <span class='ocrx_word' id='word_1_29' title='bbox 630 171 692 198; x_wconf 85' lang='lat'><strong>¹03·</strong></span> <span class='ocrx_word' id='word_1_30' title='bbox 976 167 1033 185; x_wconf 81' lang='lat' dir='ltr'>1¹0n</span> <span class='ocrx_word' id='word_1_31' title='bbox 1044 158 1151 186; x_wconf 85' lang='lat' dir='ltr'>dicatur</span> <span class='ocrx_word' id='word_1_32' title='bbox 1162 179 1170 191; x_wconf 83' lang='lat'>‚</span> <span class='ocrx_word' id='word_1_33' title='bbox 1186 168 1234 187; x_wconf 76' lang='lat' dir='ltr'>nec</span> <span class='ocrx_word' id='word_1_34' title='bbox 1244 170 1277 187; x_wconf 83' lang='lat' dir='ltr'>eo</span> <span class='ocrx_word' id='word_1_35' title='bbox 1287 170 1366 198; x_wconf 81' lang='lat' dir='ltr'>caput</span> <span class='ocrx_word' id='word_1_36' title='bbox 1375 169 1517 190; x_wconf 81' lang='lat' dir='ltr'>truncetur</span> <span class='ocrx_word' id='word_1_37' title='bbox 1529 186 1534 190; x_wconf 87' lang='lat'><em>.</em></span> <span class='ocrx_word' id='word_1_38' title='bbox 1553 169 1694 199; x_wconf 78' lang='lat' dir='ltr'>perperam</span> <span class='ocrx_word' id='word_1_39' title='bbox 1705 171 1768 199; x_wconf 83' lang='lat' dir='ltr'>pro-</span> 
     </span>
     <span class='ocr_line' id='line_1_4' title="bbox 75 197 1768 239; baseline 0 -9"><span class='ocrx_word' id='word_1_40' title='bbox 75 204 340 236; x_wconf 44' lang='lat' dir='ltr'>§mministis-PR.</span> <span class='ocrx_word' id='word_1_41' title='bbox 352 210 423 230; x_wconf 80' lang='lat' dir='ltr'>terra</span> <span class='ocrx_word' id='word_1_42' title='bbox 433 200 521 231; x_wconf 83' lang='lat' dir='ltr'>sativa</span> <span class='ocrx_word' id='word_1_43' title='bbox 531 222 539 230; x_wconf 85' lang='grc'><strong>.</strong></span> <span class='ocrx_word' id='word_1_44' title='bbox 551 201 651 232; x_wconf 84' lang='lat' dir='ltr'>Bullar.</span> <span class='ocrx_word' id='word_1_45' title='bbox 664 200 796 230; x_wconf 75' lang='lat' dir='ltr'>Casmen.</span> <span class='ocrx_word' id='word_1_46' title='bbox 811 207 879 227; x_wconf 83' lang='lat' dir='ltr'>toni.</span> <span class='ocrx_word' id='word_1_47' title='bbox 892 209 918 226; x_wconf 68' lang='grc' dir='ltr'>ι.</span> <span class='ocrx_word' id='word_1_48' title='bbox 943 204 965 208; x_wconf 69' lang='grc'><strong>-</strong></span> <span class='ocrx_word' id='word_1_49' title='bbox 977 197 1042 226; x_wconf 86' lang='lat' dir='ltr'>inde</span> <span class='ocrx_word' id='word_1_50' title='bbox 1052 203 1144 228; x_wconf 82' lang='lat' dir='ltr'>Uxum</span> <span class='ocrx_word' id='word_1_51' title='bbox 1162 209 1306 228; x_wconf 84' lang='lat' dir='ltr'>correxere</span> <span class='ocrx_word' id='word_1_52' title='bbox 1318 220 1326 228; x_wconf 86' lang='lat'><strong>.</strong></span> <span class='ocrx_word' id='word_1_53' title='bbox 1342 201 1493 239; x_wconf 82' lang='lat' dir='ltr'>Gregorius</span> <span class='ocrx_word' id='word_1_54' title='bbox 1503 202 1668 230; x_wconf 78' lang='lat' dir='ltr'>Turonensis</span> <span class='ocrx_word' id='word_1_55' title='bbox 1686 202 1768 230; x_wconf 80' lang='lat' dir='ltr'>etiam</span> 
     </span>
     <span class='ocr_line' id='line_1_5' title="bbox 115 237 1768 280; baseline 0.001 -13"><span class='ocrx_word' id='word_1_56' title='bbox 115 243 207 273; x_wconf 45' lang='lat' dir='ltr'>[onst.</span> <span class='ocrx_word' id='word_1_57' title='bbox 227 249 275 278; x_wconf 81' lang='lat'>4⁶·</span> <span class='ocrx_word' id='word_1_58' title='bbox 975 237 1060 267; x_wconf 86' lang='lat' dir='ltr'>fimili</span> <span class='ocrx_word' id='word_1_59' title='bbox 1072 239 1203 268; x_wconf 78' lang='lat' dir='ltr'>vocabulo</span> <span class='ocrx_word' id='word_1_60' title='bbox 1214 238 1273 268; x_wconf 89' lang='lat' dir='ltr'>usus</span> <span class='ocrx_word' id='word_1_61' title='bbox 1283 239 1322 268; x_wconf 87' lang='lat' dir='ltr'>est</span> <span class='ocrx_word' id='word_1_62' title='bbox 1333 261 1342 272; x_wconf 95' lang='lat'><em>‚</em></span> <span class='ocrx_word' id='word_1_63' title='bbox 1351 241 1396 269; x_wconf 92' lang='lat' dir='ltr'>ubi</span> <span class='ocrx_word' id='word_1_64' title='bbox 1405 240 1494 270; x_wconf 82' lang='lat' dir='ltr'>dixit:</span> <span class='ocrx_word' id='word_1_65' title='bbox 1518 242 1603 277; x_wconf 83' lang='lat' dir='ltr'>[Duo</span> <span class='ocrx_word' id='word_1_66' title='bbox 1613 242 1689 280; x_wconf 87' lang='lat' dir='ltr'>pueri</span> <span class='ocrx_word' id='word_1_67' title='bbox 1707 251 1768 270; x_wconf 77' lang='lat' dir='ltr'>cum</span> 
     </span>
     <span class='ocr_line' id='line_1_6' title="bbox 80 279 1769 319; baseline -0.002 -5"><span class='ocrx_word' id='word_1_68' title='bbox 80 288 280 316; x_wconf 63' lang='lat' dir='ltr'>SATisrncrio</span> <span class='ocrx_word' id='word_1_69' title='bbox 294 283 324 311; x_wconf 90' lang='lat' dir='ltr'>in</span> <span class='ocrx_word' id='word_1_70' title='bbox 333 281 502 311; x_wconf 83' lang='lat' dir='ltr'>confeffione</span> <span class='ocrx_word' id='word_1_71' title='bbox 513 304 520 311; x_wconf 93' lang='lat'><strong>.</strong></span> <span class='ocrx_word' id='word_1_72' title='bbox 543 282 618 311; x_wconf 83' lang='lat' dir='ltr'>Vide</span> <span class='ocrx_word' id='word_1_73' title='bbox 630 283 802 312; x_wconf 74' lang='lat' dir='ltr'>Paenitentia</span> <span class='ocrx_word' id='word_1_74' title='bbox 813 299 819 307; x_wconf 88' lang='lat'><strong>.</strong></span> <span class='ocrx_word' id='word_1_75' title='bbox 978 279 1072 308; x_wconf 86' lang='lat' dir='ltr'>cultris</span> <span class='ocrx_word' id='word_1_76' title='bbox 1082 279 1182 308; x_wconf 85' lang='lat' dir='ltr'>validis</span> <span class='ocrx_word' id='word_1_77' title='bbox 1193 301 1202 313; x_wconf 89' lang='lat'><em>‚</em></span> <span class='ocrx_word' id='word_1_78' title='bbox 1220 290 1287 319; x_wconf 89' lang='lat' dir='ltr'>quos</span> <span class='ocrx_word' id='word_1_79' title='bbox 1299 281 1384 319; x_wconf 84' lang='lat' dir='ltr'>vulgo</span> <span class='ocrx_word' id='word_1_80' title='bbox 1392 281 1569 311; x_wconf 66' lang='lat' dir='ltr'>scramasaxos</span> <span class='ocrx_word' id='word_1_81' title='bbox 1581 291 1682 312; x_wconf 73' lang='lat' dir='ltr'>vocant</span> <span class='ocrx_word' id='word_1_82' title='bbox 1694 303 1702 314; x_wconf 87' lang='lat'><em>,</em></span> <span class='ocrx_word' id='word_1_83' title='bbox 1723 282 1769 311; x_wconf 70' lang='lat' dir='ltr'>lib-</span> 
     </span>
     <span class='ocr_line' id='line_1_7' title="bbox 76 318 1121 361; baseline -0.011 -3"><span class='ocrx_word' id='word_1_84' title='bbox 76 328 231 358; x_wconf 64' lang='lat' dir='ltr'>§unicus</span> <span class='ocrx_word' id='word_1_85' title='bbox 244 346 250 352; x_wconf 87' lang='lat'>.</span> <span class='ocrx_word' id='word_1_86' title='bbox 270 327 327 352; x_wconf 72' lang='lat' dir='ltr'>FR.</span> <span class='ocrx_word' id='word_1_87' title='bbox 339 323 394 352; x_wconf 90' lang='lat' dir='ltr'>loci</span> <span class='ocrx_word' id='word_1_88' title='bbox 404 324 578 352; x_wconf 80' lang='lat' dir='ltr'>Gubernator</span> <span class='ocrx_word' id='word_1_89' title='bbox 587 344 595 356; x_wconf 95' lang='lat'><em>‚</em></span> <span class='ocrx_word' id='word_1_90' title='bbox 613 324 662 361; x_wconf 83' lang='lat' dir='ltr'>qui</span> <span class='ocrx_word' id='word_1_91' title='bbox 671 322 814 351; x_wconf 82' lang='lat' dir='ltr'>tenebatur</span> <span class='ocrx_word' id='word_1_92' title='bbox 825 318 919 348; x_wconf 29' lang='lat' dir='ltr'>submi-⁷</span> <span class='ocrx_word' id='word_1_93' title='bbox 980 331 1006 348; x_wconf 66' lang='grc' dir='ltr'>ι.</span> <span class='ocrx_word' id='word_1_94' title='bbox 1028 318 1050 347; x_wconf 87' lang='lat' dir='ltr'>c‘.</span> <span class='ocrx_word' id='word_1_95' title='bbox 1076 331 1121 355; x_wconf 85' lang='lat'>50.</span> 
     </span>
     <span class='ocr_line' id='line_1_8' title="bbox 119 360 1331 402; baseline -0.004 -7"><span class='ocrx_word' id='word_1_96' title='bbox 119 366 234 396; x_wconf 82' lang='lat' dir='ltr'>nistrare</span> <span class='ocrx_word' id='word_1_97' title='bbox 244 364 371 402; x_wconf 80' lang='lat' dir='ltr'>Principi</span> <span class='ocrx_word' id='word_1_98' title='bbox 380 372 506 402; x_wconf 89' lang='lat' dir='ltr'>tempore</span> <span class='ocrx_word' id='word_1_99' title='bbox 527 363 593 392; x_wconf 81' lang='lat' dir='ltr'>belli</span> <span class='ocrx_word' id='word_1_100' title='bbox 604 373 714 391; x_wconf 86' lang='lat' dir='ltr'>centum</span> <span class='ocrx_word' id='word_1_101' title='bbox 734 361 861 389; x_wconf 89' lang='lat' dir='ltr'>homines</span> <span class='ocrx_word' id='word_1_102' title='bbox 881 370 921 388; x_wconf 84' lang='lat' dir='ltr'>ar·</span> <span class='ocrx_word' id='word_1_103' title='bbox 938 361 1050 389; x_wconf 76' lang='lat' dir='ltr'>SAxicA</span> <span class='ocrx_word' id='word_1_104' title='bbox 1061 380 1068 387; x_wconf 89' lang='lat'><strong>.</strong></span> <span class='ocrx_word' id='word_1_105' title='bbox 1093 360 1165 389; x_wconf 85' lang='lat' dir='ltr'><strong>Vide</strong></span> <span class='ocrx_word' id='word_1_106' title='bbox 1186 362 1331 390; x_wconf 67' lang='lat' dir='ltr'>Gabatha.</span> 
     </span>
     <span class='ocr_line' id='line_1_9' title="bbox 124 402 1584 438; baseline -0.001 -4"><span class='ocrx_word' id='word_1_107' title='bbox 124 415 214 434; x_wconf 85' lang='lat' dir='ltr'>matos</span> <span class='ocrx_word' id='word_1_108' title='bbox 225 426 232 437; x_wconf 88' lang='lat'><em>,</em></span> <span class='ocrx_word' id='word_1_109' title='bbox 243 405 329 433; x_wconf 85' lang='lat' dir='ltr'>hodie</span> <span class='ocrx_word' id='word_1_110' title='bbox 340 405 466 433; x_wconf 86' lang='lat' dir='ltr'>dicuntur</span> <span class='ocrx_word' id='word_1_111' title='bbox 475 411 581 435; x_wconf 71' lang='lat' dir='ltr'>Knezt,</span> <span class='ocrx_word' id='word_1_112' title='bbox 593 404 680 436; x_wconf 82' lang='lat' dir='ltr'>idest,</span> <span class='ocrx_word' id='word_1_113' title='bbox 691 402 827 431; x_wconf 82' lang='lat' dir='ltr'>Comites.</span> <span class='ocrx_word' id='word_1_114' title='bbox 838 407 921 430; x_wconf 73' lang='lat' dir='ltr'>Knez.</span> <span class='ocrx_word' id='word_1_115' title='bbox 939 402 1071 430; x_wconf 65' lang='lat' dir='ltr'>SAxomfis</span> <span class='ocrx_word' id='word_1_116' title='bbox 1083 421 1090 429; x_wconf 89' lang='lat'><strong><em>.</em></strong></span> <span class='ocrx_word' id='word_1_117' title='bbox 1114 402 1187 429; x_wconf 86' lang='lat' dir='ltr'>Vide</span> <span class='ocrx_word' id='word_1_118' title='bbox 1208 403 1314 438; x_wconf 68' lang='lat' dir='ltr'>Gevisti</span> <span class='ocrx_word' id='word_1_119' title='bbox 1326 422 1333 430; x_wconf 86' lang='lat'><strong>.</strong></span> <span class='ocrx_word' id='word_1_120' title='bbox 1357 405 1489 432; x_wconf 74' lang='lat' dir='ltr'>Cinemm</span> <span class='ocrx_word' id='word_1_121' title='bbox 1511 405 1568 433; x_wconf 75' lang='lat' dir='ltr'>dies</span> <span class='ocrx_word' id='word_1_122' title='bbox 1577 424 1584 432; x_wconf 83' lang='lat'>.</span> 
     </span>
     <span class='ocr_line' id='line_1_10' title="bbox 123 443 1767 485; baseline -0.002 -10"><span class='ocrx_word' id='word_1_123' title='bbox 123 447 204 475; x_wconf 77' lang='lat' dir='ltr'>etiam</span> <span class='ocrx_word' id='word_1_124' title='bbox 217 446 372 485; x_wconf 73' lang='lat' dir='ltr'>appellatur</span> <span class='ocrx_word' id='word_1_125' title='bbox 382 443 544 482; x_wconf 78' lang='lat' dir='ltr'>Raguscnsis</span> <span class='ocrx_word' id='word_1_126' title='bbox 554 444 671 482; x_wconf 79' lang='lat' dir='ltr'>Reipub.</span> <span class='ocrx_word' id='word_1_127' title='bbox 683 445 791 480; x_wconf 84' lang='lat' dir='ltr'>Caput.</span> <span class='ocrx_word' id='word_1_128' title='bbox 923 443 1072 470; x_wconf 56' lang='lat' dir='ltr'>*SAxomA</span> <span class='ocrx_word' id='word_1_129' title='bbox 1096 445 1312 471; x_wconf 71' lang='lat' dir='ltr'>TRANSMARINA</span> <span class='ocrx_word' id='word_1_130' title='bbox 1330 463 1337 470; x_wconf 92' lang='lat'>.</span> <span class='ocrx_word' id='word_1_131' title='bbox 1368 445 1425 472; x_wconf 77' lang='lat' dir='ltr'>FR.</span> <span class='ocrx_word' id='word_1_132' title='bbox 1447 443 1626 482; x_wconf 76' lang='lat' dir='ltr'>appellabatur</span> <span class='ocrx_word' id='word_1_133' title='bbox 1648 443 1767 483; x_wconf 83' lang='lat' dir='ltr'>Anglia:</span> 
     </span>
     <span class='ocr_line' id='line_1_11' title="bbox 84 482 1770 523; baseline -0.002 -7"><span class='ocrx_word' id='word_1_134' title='bbox 84 487 224 517; x_wconf 74' lang='lat' dir='ltr'>SATRAFA</span> <span class='ocrx_word' id='word_1_135' title='bbox 236 509 244 520; x_wconf 82' lang='lat'><em>,</em></span> <span class='ocrx_word' id='word_1_136' title='bbox 256 491 283 515; x_wconf 75' lang='grc' dir='ltr'>ὃ(</span> <span class='ocrx_word' id='word_1_137' title='bbox 292 491 415 522; x_wconf 80' lang='lat' dir='ltr'>Satraps.</span> <span class='ocrx_word' id='word_1_138' title='bbox 428 484 566 512; x_wconf 85' lang='lat' dir='ltr'>Persarum</span> <span class='ocrx_word' id='word_1_139' title='bbox 577 484 736 512; x_wconf 81' lang='lat' dir='ltr'>vocabulum</span> <span class='ocrx_word' id='word_1_140' title='bbox 748 505 754 516; x_wconf 92' lang='lat'><em>,</em></span> <span class='ocrx_word' id='word_1_141' title='bbox 766 482 844 515; x_wconf 88' lang='lat' dir='ltr'>idest,</span> <span class='ocrx_word' id='word_1_142' title='bbox 857 484 924 510; x_wconf 73' lang='lat' dir='ltr'>Pro·</span> <span class='ocrx_word' id='word_1_143' title='bbox 983 488 994 517; x_wconf 94' lang='lat'><strong>[</strong></span> <span class='ocrx_word' id='word_1_144' title='bbox 1006 483 1077 517; x_wconf 86' lang='lat' dir='ltr'>Quia</span> <span class='ocrx_word' id='word_1_145' title='bbox 1090 482 1222 518; x_wconf 84' lang='lat' dir='ltr'>synodus,</span> <span class='ocrx_word' id='word_1_146' title='bbox 1234 487 1261 511; x_wconf 77' lang='grc' dir='ltr'>ὃ(</span> <span class='ocrx_word' id='word_1_147' title='bbox 1273 483 1389 512; x_wconf 76' lang='lat' dir='ltr'>Ecclesia</span> <span class='ocrx_word' id='word_1_148' title='bbox 1399 505 1407 516; x_wconf 90' lang='lat'><em>‚</em></span> <span class='ocrx_word' id='word_1_149' title='bbox 1419 484 1450 512; x_wconf 89' lang='lat' dir='ltr'>in</span> <span class='ocrx_word' id='word_1_150' title='bbox 1459 495 1510 523; x_wconf 80' lang='lat' dir='ltr'>qua</span> <span class='ocrx_word' id='word_1_151' title='bbox 1522 495 1606 517; x_wconf 84' lang='lat' dir='ltr'>natus,</span> <span class='ocrx_word' id='word_1_152' title='bbox 1617 489 1644 514; x_wconf 87' lang='lat'>&amp;</span> <span class='ocrx_word' id='word_1_153' title='bbox 1655 487 1770 514; x_wconf 83' lang='lat' dir='ltr'>nutritus</span> 
     </span>
     <span class='ocr_line' id='line_1_12' title="bbox 121 522 1770 565; baseline -0.001 -9"><span class='ocrx_word' id='word_1_154' title='bbox 121 528 222 558; x_wconf 83' lang='lat' dir='ltr'>vinciae</span> <span class='ocrx_word' id='word_1_155' title='bbox 239 525 338 557; x_wconf 77' lang='lat' dir='ltr'>Praeses</span> <span class='ocrx_word' id='word_1_156' title='bbox 348 547 356 558; x_wconf 93' lang='lat'><em>,</em></span> <span class='ocrx_word' id='word_1_157' title='bbox 379 525 477 553; x_wconf 87' lang='lat' dir='ltr'>eodem</span> <span class='ocrx_word' id='word_1_158' title='bbox 497 522 797 561; x_wconf 59' lang='lat' dir='ltr'>vocabuloxarpimg</span> <span class='ocrx_word' id='word_1_159' title='bbox 808 545 815 556; x_wconf 88' lang='lat'><em>‚</em></span> <span class='ocrx_word' id='word_1_160' title='bbox 834 532 924 551; x_wconf 84' lang='lat' dir='ltr'>textus</span> <span class='ocrx_word' id='word_1_161' title='bbox 980 522 1019 552; x_wconf 89' lang='lat' dir='ltr'>fui</span> <span class='ocrx_word' id='word_1_162' title='bbox 1031 544 1039 556; x_wconf 92' lang='lat'><em>‚</em></span> <span class='ocrx_word' id='word_1_163' title='bbox 1053 523 1120 551; x_wconf 79' lang='lat' dir='ltr'>idest</span> <span class='ocrx_word' id='word_1_164' title='bbox 1131 545 1138 555; x_wconf 90' lang='lat'><em>,</em></span> <span class='ocrx_word' id='word_1_165' title='bbox 1159 523 1189 551; x_wconf 92' lang='lat' dir='ltr'>in</span> <span class='ocrx_word' id='word_1_166' title='bbox 1197 522 1375 553; x_wconf 77' lang='lat' dir='ltr'>transmarina</span> <span class='ocrx_word' id='word_1_167' title='bbox 1385 525 1713 565; x_wconf 66' lang='lat' dir='ltr'>Snxonia:1„ugdunenfis</span> <span class='ocrx_word' id='word_1_168' title='bbox 1724 525 1770 561; x_wconf 86' lang='lat' dir='ltr'>sy-</span> 
     </span>
     <span class='ocr_line' id='line_1_13' title="bbox 122 563 1769 608; baseline -0.002 -11"><span class='ocrx_word' id='word_1_169' title='bbox 122 578 227 608; x_wconf 75' lang='lat' dir='ltr'>graecus</span> <span class='ocrx_word' id='word_1_170' title='bbox 239 590 246 601; x_wconf 94' lang='lat'>,</span> <span class='ocrx_word' id='word_1_171' title='bbox 268 567 297 594; x_wconf 87' lang='lat' dir='ltr'>in</span> <span class='ocrx_word' id='word_1_172' title='bbox 316 577 339 593; x_wconf 88' lang='lat' dir='ltr'>c.</span> <span class='ocrx_word' id='word_1_173' title='bbox 353 577 380 599; x_wconf 87' lang='lat'>4.</span> <span class='ocrx_word' id='word_1_174' title='bbox 400 567 502 594; x_wconf 83' lang='lat' dir='ltr'>Daniel</span> <span class='ocrx_word' id='word_1_175' title='bbox 522 567 627 597; x_wconf 84' lang='lat' dir='ltr'>utitur;</span> <span class='ocrx_word' id='word_1_176' title='bbox 657 565 701 593; x_wconf 85' lang='lat' dir='ltr'>ubi</span> <span class='ocrx_word' id='word_1_177' title='bbox 720 565 847 594; x_wconf 83' lang='lat' dir='ltr'>Arabicus</span> <span class='ocrx_word' id='word_1_178' title='bbox 865 563 924 591; x_wconf 74' lang='lat' dir='ltr'>Co-</span> <span class='ocrx_word' id='word_1_179' title='bbox 980 564 1067 592; x_wconf 88' lang='lat' dir='ltr'>nodus</span> <span class='ocrx_word' id='word_1_180' title='bbox 1080 585 1086 595; x_wconf 90' lang='lat'><em>,</em></span> <span class='ocrx_word' id='word_1_181' title='bbox 1098 573 1157 602; x_wconf 73' lang='lat' dir='ltr'>quae</span> <span class='ocrx_word' id='word_1_182' title='bbox 1168 565 1197 591; x_wconf 88' lang='lat' dir='ltr'>in</span> <span class='ocrx_word' id='word_1_183' title='bbox 1209 564 1305 602; x_wconf 86' lang='lat' dir='ltr'>primis</span> <span class='ocrx_word' id='word_1_184' title='bbox 1315 574 1328 592; x_wconf 79' lang='lat' dir='ltr'>a</span> <span class='ocrx_word' id='word_1_185' title='bbox 1339 564 1480 604; x_wconf 83' lang='lat' dir='ltr'>discipulis</span> <span class='ocrx_word' id='word_1_186' title='bbox 1489 566 1513 594; x_wconf 91' lang='lat' dir='ltr'>S.</span> <span class='ocrx_word' id='word_1_187' title='bbox 1525 566 1655 606; x_wconf 83' lang='lat' dir='ltr'>Gregorii</span> <span class='ocrx_word' id='word_1_188' title='bbox 1667 587 1674 598; x_wconf 82' lang='lat'><em>,</em></span> <span class='ocrx_word' id='word_1_189' title='bbox 1685 563 1751 594; x_wconf 82' lang='lat' dir='ltr'>idest</span> <span class='ocrx_word' id='word_1_190' title='bbox 1762 584 1769 593; x_wconf 77' lang='lat'><em>.</em></span> 
     </span>
     <span class='ocr_line' id='line_1_14' title="bbox 122 603 1773 643; baseline -0.005 -6"><span class='ocrx_word' id='word_1_191' title='bbox 122 610 176 638; x_wconf 91' lang='lat' dir='ltr'>dex</span> <span class='ocrx_word' id='word_1_192' title='bbox 197 607 276 637; x_wconf 87' lang='lat' dir='ltr'>habet</span> <span class='ocrx_word' id='word_1_193' title='bbox 295 607 352 635; x_wconf 78' lang='lat' dir='ltr'>ch&#39;l</span> <span class='ocrx_word' id='word_1_194' title='bbox 361 627 368 638; x_wconf 93' lang='lat'><em>,</em></span> <span class='ocrx_word' id='word_1_195' title='bbox 397 605 465 635; x_wconf 83' lang='lat' dir='ltr'>idest</span> <span class='ocrx_word' id='word_1_196' title='bbox 476 629 484 640; x_wconf 94' lang='lat'><em>‚</em></span> <span class='ocrx_word' id='word_1_197' title='bbox 502 607 645 638; x_wconf 69' lang='lat' dir='ltr'>Vicariuss</span> <span class='ocrx_word' id='word_1_198' title='bbox 665 605 731 634; x_wconf 85' lang='lat' dir='ltr'>hinc</span> <span class='ocrx_word' id='word_1_199' title='bbox 750 603 818 632; x_wconf 76' lang='lat' dir='ltr'>falso</span> <span class='ocrx_word' id='word_1_200' title='bbox 838 603 925 632; x_wconf 70' lang='lat' dir='ltr'>assi-:rit</span> <span class='ocrx_word' id='word_1_201' title='bbox 982 604 1136 643; x_wconf 86' lang='lat' dir='ltr'>Augustino</span> <span class='ocrx_word' id='word_1_202' title='bbox 1148 625 1155 635; x_wconf 89' lang='lat'><em>,</em></span> <span class='ocrx_word' id='word_1_203' title='bbox 1168 605 1316 633; x_wconf 82' lang='lat' dir='ltr'>Laurentio</span> <span class='ocrx_word' id='word_1_204' title='bbox 1327 627 1333 636; x_wconf 88' lang='lat'><em>,</em></span> <span class='ocrx_word' id='word_1_205' title='bbox 1343 605 1420 643; x_wconf 85' lang='lat' dir='ltr'>Justo</span> <span class='ocrx_word' id='word_1_206' title='bbox 1431 627 1439 639; x_wconf 84' lang='lat'>,</span> <span class='ocrx_word' id='word_1_207' title='bbox 1449 607 1550 635; x_wconf 83' lang='lat' dir='ltr'>Melito</span> <span class='ocrx_word' id='word_1_208' title='bbox 1559 628 1568 640; x_wconf 90' lang='lat'>,</span> <span class='ocrx_word' id='word_1_209' title='bbox 1579 605 1773 643; x_wconf 72' lang='lat' dir='ltr'>Archiepisco-</span> 
     </span>
     <span class='ocr_line' id='line_1_15' title="bbox 123 644 1772 686; baseline -0.002 -8"><span class='ocrx_word' id='word_1_210' title='bbox 123 649 248 680; x_wconf 85' lang='lat' dir='ltr'>Tostatus</span> <span class='ocrx_word' id='word_1_211' title='bbox 259 670 267 682; x_wconf 93' lang='lat'>,</span> <span class='ocrx_word' id='word_1_212' title='bbox 287 647 333 675; x_wconf 91' lang='lat' dir='ltr'>lib.</span> <span class='ocrx_word' id='word_1_213' title='bbox 348 658 371 675; x_wconf 89' lang='lat'>1.</span> <span class='ocrx_word' id='word_1_214' title='bbox 391 647 520 676; x_wconf 78' lang='lat' dir='ltr'>Samuelis</span> <span class='ocrx_word' id='word_1_215' title='bbox 530 670 537 681; x_wconf 84' lang='lat'>‚</span> <span class='ocrx_word' id='word_1_216' title='bbox 556 658 613 686; x_wconf 80' lang='lat' dir='ltr'>cap.</span> <span class='ocrx_word' id='word_1_217' title='bbox 626 659 671 682; x_wconf 86' lang='lat'>24.</span> <span class='ocrx_word' id='word_1_218' title='bbox 693 646 786 684; x_wconf 79' lang='lat' dir='ltr'>quaest.</span> <span class='ocrx_word' id='word_1_219' title='bbox 804 657 831 681; x_wconf 85' lang='lat'>4.</span> <span class='ocrx_word' id='word_1_220' title='bbox 852 645 926 683; x_wconf 87' lang='lat' dir='ltr'>qnod</span> <span class='ocrx_word' id='word_1_221' title='bbox 983 645 1024 683; x_wconf 89' lang='lat' dir='ltr'>pis</span> <span class='ocrx_word' id='word_1_222' title='bbox 1034 644 1182 673; x_wconf 84' lang='lat' dir='ltr'>constituta</span> <span class='ocrx_word' id='word_1_223' title='bbox 1192 666 1200 677; x_wconf 86' lang='lat'><em>,</em></span> <span class='ocrx_word' id='word_1_224' title='bbox 1218 649 1271 674; x_wconf 68' lang='grc' dir='ltr'>δα.</span> <span class='ocrx_word' id='word_1_225' title='bbox 1282 647 1317 674; x_wconf 88' lang='lat' dir='ltr'>In</span> <span class='ocrx_word' id='word_1_226' title='bbox 1329 646 1413 684; x_wconf 78' lang='lat' dir='ltr'>Epist.</span> <span class='ocrx_word' id='word_1_227' title='bbox 1423 647 1558 676; x_wconf 78' lang='lat' dir='ltr'>Bonifacii</span> <span class='ocrx_word' id='word_1_228' title='bbox 1569 646 1658 686; x_wconf 82' lang='lat' dir='ltr'>Episc.</span> <span class='ocrx_word' id='word_1_229' title='bbox 1676 646 1710 674; x_wconf 77' lang='lat' dir='ltr'>ad</span> <span class='ocrx_word' id='word_1_230' title='bbox 1720 648 1772 675; x_wconf 81' lang='lat' dir='ltr'>Za-</span> 
     </span>
     <span class='ocr_line' id='line_1_16' title="bbox 125 684 1772 728; baseline -0.002 -9"><span class='ocrx_word' id='word_1_231' title='bbox 125 690 229 728; x_wconf 81' lang='lat' dir='ltr'>satrapa</span> <span class='ocrx_word' id='word_1_232' title='bbox 241 689 326 718; x_wconf 82' lang='lat' dir='ltr'>latine</span> <span class='ocrx_word' id='word_1_233' title='bbox 345 687 424 716; x_wconf 86' lang='lat' dir='ltr'>sonet</span> <span class='ocrx_word' id='word_1_234' title='bbox 432 690 619 726; x_wconf 71' lang='lat' dir='ltr'>Satispotens:</span> <span class='ocrx_word' id='word_1_235' title='bbox 644 698 657 716; x_wconf 86' lang='lat' dir='ltr'>a</span> <span class='ocrx_word' id='word_1_236' title='bbox 676 686 793 715; x_wconf 85' lang='lat' dir='ltr'>Sidonio</span> <span class='ocrx_word' id='word_1_237' title='bbox 813 691 924 723; x_wconf 70' lang='lat' dir='ltr'>Satraps</span> <span class='ocrx_word' id='word_1_238' title='bbox 980 684 1099 713; x_wconf 80' lang='lat' dir='ltr'>chariam</span> <span class='ocrx_word' id='word_1_239' title='bbox 1111 687 1209 723; x_wconf 81' lang='lat' dir='ltr'>Papam</span> <span class='ocrx_word' id='word_1_240' title='bbox 1223 707 1230 718; x_wconf 92' lang='lat'><em>‚</em></span> <span class='ocrx_word' id='word_1_241' title='bbox 1241 687 1271 713; x_wconf 89' lang='lat' dir='ltr'>in</span> <span class='ocrx_word' id='word_1_242' title='bbox 1282 695 1349 714; x_wconf 88' lang='lat' dir='ltr'>tom.</span> <span class='ocrx_word' id='word_1_243' title='bbox 1361 697 1388 724; x_wconf 81' lang='lat'>3.</span> <span class='ocrx_word' id='word_1_244' title='bbox 1398 687 1555 716; x_wconf 86' lang='lat' dir='ltr'>Concilior.</span> <span class='ocrx_word' id='word_1_245' title='bbox 1566 698 1628 727; x_wconf 83' lang='lat' dir='ltr'>pag.</span> <span class='ocrx_word' id='word_1_246' title='bbox 1640 687 1772 723; x_wconf 77' lang='lat' dir='ltr'>429.c0l·</span> 
     </span>
     <span class='ocr_line' id='line_1_17' title="bbox 127 726 1502 768; baseline -0.003 -9"><span class='ocrx_word' id='word_1_247' title='bbox 127 731 250 759; x_wconf 86' lang='lat' dir='ltr'>dicitur:</span> <span class='ocrx_word' id='word_1_248' title='bbox 274 728 430 768; x_wconf 83' lang='lat' dir='ltr'>[Quisquis</span> <span class='ocrx_word' id='word_1_249' title='bbox 447 728 523 758; x_wconf 87' lang='lat' dir='ltr'>sedet</span> <span class='ocrx_word' id='word_1_250' title='bbox 541 728 586 758; x_wconf 89' lang='lat' dir='ltr'>sub</span> <span class='ocrx_word' id='word_1_251' title='bbox 604 731 683 767; x_wconf 84' lang='lat' dir='ltr'>Rege</span> <span class='ocrx_word' id='word_1_252' title='bbox 701 726 817 766; x_wconf 75' lang='lat' dir='ltr'>satraps,</span> <span class='ocrx_word' id='word_1_253' title='bbox 843 736 925 755; x_wconf 73' lang='lat' dir='ltr'>carin.</span> <span class='ocrx_word' id='word_1_254' title='bbox 986 726 1094 755; x_wconf 85' lang='lat' dir='ltr'>1.Edit.</span> <span class='ocrx_word' id='word_1_255' title='bbox 1106 728 1239 759; x_wconf 56' lang='lat' dir='ltr'>Venetas,</span> <span class='ocrx_word' id='word_1_256' title='bbox 1263 726 1296 754; x_wconf 89' lang='lat' dir='ltr'>de</span> <span class='ocrx_word' id='word_1_257' title='bbox 1317 736 1391 754; x_wconf 77' lang='lat' dir='ltr'>anno</span> <span class='ocrx_word' id='word_1_258' title='bbox 1417 733 1502 764; x_wconf 82' lang='lat'><em>1585.</em></span> 
     </span>
     <span class='ocr_line' id='line_1_18' title="bbox 128 766 1553 804; baseline -0.001 -6"><span class='ocrx_word' id='word_1_259' title='bbox 128 783 137 800; x_wconf 89' lang='lat'>1</span> <span class='ocrx_word' id='word_1_260' title='bbox 147 785 172 801; x_wconf 60' lang='grc' dir='ltr'>ι.</span> <span class='ocrx_word' id='word_1_261' title='bbox 927 767 1111 796; x_wconf 57' lang='lat' dir='ltr'>&#39;Sennium</span> <span class='ocrx_word' id='word_1_262' title='bbox 1122 788 1128 799; x_wconf 85' lang='lat'>‚</span> <span class='ocrx_word' id='word_1_263' title='bbox 1150 766 1264 804; x_wconf 74' lang='lat' dir='ltr'>genitale</span> <span class='ocrx_word' id='word_1_264' title='bbox 1274 787 1280 794; x_wconf 92' lang='lat'><em>.</em></span> <span class='ocrx_word' id='word_1_265' title='bbox 1304 766 1377 796; x_wconf 85' lang='lat' dir='ltr'>Vide</span> <span class='ocrx_word' id='word_1_266' title='bbox 1399 769 1536 797; x_wconf 67' lang='lat' dir='ltr'>Pec&#39;lorale</span> <span class='ocrx_word' id='word_1_267' title='bbox 1546 790 1553 797; x_wconf 88' lang='lat'>.</span> 
     </span>
     <span class='ocr_line' id='line_1_19' title="bbox 86 807 1772 849; baseline -0.004 -7"><span class='ocrx_word' id='word_1_268' title='bbox 86 812 192 842; x_wconf 54' lang='lat' dir='ltr'>Sarum</span> <span class='ocrx_word' id='word_1_269' title='bbox 204 834 211 844; x_wconf 90' lang='lat'>,</span> <span class='ocrx_word' id='word_1_270' title='bbox 221 811 361 840; x_wconf 81' lang='lat' dir='ltr'>aridorum</span> <span class='ocrx_word' id='word_1_271' title='bbox 372 809 495 839; x_wconf 83' lang='lat' dir='ltr'>mensura</span> <span class='ocrx_word' id='word_1_272' title='bbox 507 832 514 843; x_wconf 88' lang='lat'><em>,</em></span> <span class='ocrx_word' id='word_1_273' title='bbox 536 821 596 849; x_wconf 85' lang='lat' dir='ltr'>quae</span> <span class='ocrx_word' id='word_1_274' title='bbox 606 808 754 839; x_wconf 88' lang='lat' dir='ltr'>secundum</span> <span class='ocrx_word' id='word_1_275' title='bbox 764 809 925 839; x_wconf 78' lang='lat' dir='ltr'>Zachariam</span> <span class='ocrx_word' id='word_1_276' title='bbox 940 808 1087 836; x_wconf 64' lang='lat' dir='ltr'>Senismws</span> <span class='ocrx_word' id='word_1_277' title='bbox 1099 828 1106 840; x_wconf 93' lang='lat'><em>,</em></span> <span class='ocrx_word' id='word_1_278' title='bbox 1117 816 1172 835; x_wconf 81' lang='lat' dir='ltr'>vox</span> <span class='ocrx_word' id='word_1_279' title='bbox 1184 807 1340 845; x_wconf 82' lang='lat' dir='ltr'>germanica</span> <span class='ocrx_word' id='word_1_280' title='bbox 1349 809 1578 848; x_wconf 79' lang='lat' dir='ltr'>antiquascheffer</span> <span class='ocrx_word' id='word_1_281' title='bbox 1588 830 1595 842; x_wconf 86' lang='lat'><em>,</em></span> <span class='ocrx_word' id='word_1_282' title='bbox 1615 819 1674 847; x_wconf 80' lang='lat' dir='ltr'>quae</span> <span class='ocrx_word' id='word_1_283' title='bbox 1685 808 1772 837; x_wconf 76' lang='lat' dir='ltr'>Audi-</span> 
     </span>
    </p>
   </div>
   <div class='ocr_carea' id='block_1_3' title="bbox 76 849 924 2269">
    <p class='ocr_par' dir='ltr' id='par_1_3' title="bbox 120 849 923 1215">
     <span class='ocr_line' id='line_1_20' title="bbox 120 849 923 890; baseline -0.005 -9"><span class='ocrx_word' id='word_1_284' title='bbox 120 851 316 890; x_wconf 74' lang='lat' dir='ltr'>,Chrysopolis</span> <span class='ocrx_word' id='word_1_285' title='bbox 335 849 503 889; x_wconf 85' lang='lat' dir='ltr'>Episcopum</span> <span class='ocrx_word' id='word_1_286' title='bbox 525 861 554 879; x_wconf 83' lang='lat' dir='ltr'>in</span> <span class='ocrx_word' id='word_1_287' title='bbox 571 859 731 880; x_wconf 85' lang='lat' dir='ltr'>commento</span> <span class='ocrx_word' id='word_1_288' title='bbox 742 854 847 889; x_wconf 82' lang='lat' dir='ltr'>Evang.</span> <span class='ocrx_word' id='word_1_289' title='bbox 865 860 923 887; x_wconf 82' lang='lat' dir='ltr'>cap.</span> 
     </span>
     <span class='ocr_line' id='line_1_21' title="bbox 125 891 921 928; baseline 0 -9"><span class='ocrx_word' id='word_1_290' title='bbox 125 905 173 928; x_wconf 82' lang='lat'>74.</span> <span class='ocrx_word' id='word_1_291' title='bbox 185 893 346 921; x_wconf 80' lang='lat' dir='ltr'>continebat</span> <span class='ocrx_word' id='word_1_292' title='bbox 358 892 482 920; x_wconf 84' lang='lat' dir='ltr'>modium</span> <span class='ocrx_word' id='word_1_293' title='bbox 491 902 552 920; x_wconf 88' lang='lat' dir='ltr'>cum</span> <span class='ocrx_word' id='word_1_294' title='bbox 564 892 682 920; x_wconf 88' lang='lat' dir='ltr'>dimidio</span> <span class='ocrx_word' id='word_1_295' title='bbox 692 913 699 924; x_wconf 91' lang='lat'><em>‚</em></span> <span class='ocrx_word' id='word_1_296' title='bbox 723 891 760 919; x_wconf 87' lang='lat' dir='ltr'>ita</span> <span class='ocrx_word' id='word_1_297' title='bbox 782 892 855 920; x_wconf 85' lang='lat' dir='ltr'>enim</span> <span class='ocrx_word' id='word_1_298' title='bbox 866 891 904 919; x_wconf 84' lang='lat' dir='ltr'>:iit</span> <span class='ocrx_word' id='word_1_299' title='bbox 916 903 921 919; x_wconf 75' lang='lat'>2</span> 
     </span>
     <span class='ocr_line' id='line_1_22' title="bbox 127 931 923 971; baseline -0.003 -9"><span class='ocrx_word' id='word_1_300' title='bbox 127 935 242 969; x_wconf 73' lang='lat' dir='ltr'>[Scitum</span> <span class='ocrx_word' id='word_1_301' title='bbox 254 933 292 961; x_wconf 85' lang='lat' dir='ltr'>est</span> <span class='ocrx_word' id='word_1_302' title='bbox 309 942 395 971; x_wconf 88' lang='lat' dir='ltr'>genus</span> <span class='ocrx_word' id='word_1_303' title='bbox 405 931 537 960; x_wconf 67' lang='lat' dir='ltr'>mensura:</span> <span class='ocrx_word' id='word_1_304' title='bbox 555 935 633 968; x_wconf 82' lang='lat' dir='ltr'>juxta</span> <span class='ocrx_word' id='word_1_305' title='bbox 645 942 750 960; x_wconf 88' lang='lat' dir='ltr'>morem</span> <span class='ocrx_word' id='word_1_306' title='bbox 767 932 923 971; x_wconf 75' lang='lat' dir='ltr'>provinciae</span> 
     </span>
     <span class='ocr_line' id='line_1_23' title="bbox 124 972 921 1011; baseline -0.001 -8"><span class='ocrx_word' id='word_1_307' title='bbox 124 974 280 1003; x_wconf 69' lang='lat' dir='ltr'>l’alaestinae</span> <span class='ocrx_word' id='word_1_308' title='bbox 292 995 299 1005; x_wconf 90' lang='lat'><em>,</em></span> <span class='ocrx_word' id='word_1_309' title='bbox 311 983 394 1001; x_wconf 87' lang='lat' dir='ltr'>unum</span> <span class='ocrx_word' id='word_1_310' title='bbox 405 995 412 1005; x_wconf 88' lang='lat'><em>,</em></span> <span class='ocrx_word' id='word_1_311' title='bbox 431 975 459 1000; x_wconf 77' lang='grc' dir='ltr'>ὃ(</span> <span class='ocrx_word' id='word_1_312' title='bbox 469 973 615 1001; x_wconf 82' lang='lat' dir='ltr'>dimidium</span> <span class='ocrx_word' id='word_1_313' title='bbox 636 972 759 1001; x_wconf 86' lang='lat' dir='ltr'>modium</span> <span class='ocrx_word' id='word_1_314' title='bbox 773 972 881 1011; x_wconf 86' lang='lat' dir='ltr'>capiens</span> <span class='ocrx_word' id='word_1_315' title='bbox 891 975 921 1003; x_wconf 77' lang='lat'>.]</span> 
     </span>
     <span class='ocr_line' id='line_1_24' title="bbox 125 1013 922 1052; baseline 0 -11"><span class='ocrx_word' id='word_1_316' title='bbox 125 1017 191 1043; x_wconf 80' lang='lat' dir='ltr'>Vox</span> <span class='ocrx_word' id='word_1_317' title='bbox 211 1014 324 1052; x_wconf 80' lang='lat' dir='ltr'>quidem</span> <span class='ocrx_word' id='word_1_318' title='bbox 344 1013 449 1048; x_wconf 84' lang='lat' dir='ltr'>Syriaca</span> <span class='ocrx_word' id='word_1_319' title='bbox 461 1018 559 1042; x_wconf 75' lang='lat' dir='ltr'>Saatto</span> <span class='ocrx_word' id='word_1_320' title='bbox 571 1035 578 1046; x_wconf 89' lang='lat'><em>,</em></span> <span class='ocrx_word' id='word_1_321' title='bbox 598 1015 634 1042; x_wconf 87' lang='lat' dir='ltr'>de</span> <span class='ocrx_word' id='word_1_322' title='bbox 654 1024 704 1052; x_wconf 80' lang='lat' dir='ltr'>qua</span> <span class='ocrx_word' id='word_1_323' title='bbox 720 1013 824 1042; x_wconf 79' lang='lat' dir='ltr'>Matth.</span> <span class='ocrx_word' id='word_1_324' title='bbox 841 1024 864 1040; x_wconf 89' lang='lat' dir='ltr'>c.</span> <span class='ocrx_word' id='word_1_325' title='bbox 881 1024 922 1051; x_wconf 85' lang='lat'>¹3·</span> 
     </span>
     <span class='ocr_line' id='line_1_25' title="bbox 127 1054 922 1092; baseline -0.004 -8"><span class='ocrx_word' id='word_1_326' title='bbox 127 1061 141 1090; x_wconf 88' lang='grc'>[</span> <span class='ocrx_word' id='word_1_327' title='bbox 152 1055 247 1084; x_wconf 80' lang='lat' dir='ltr'>Simile</span> <span class='ocrx_word' id='word_1_328' title='bbox 258 1054 295 1082; x_wconf 87' lang='lat' dir='ltr'>est</span> <span class='ocrx_word' id='word_1_329' title='bbox 306 1056 437 1092; x_wconf 83' lang='lat' dir='ltr'>Regnum</span> <span class='ocrx_word' id='word_1_330' title='bbox 449 1054 597 1082; x_wconf 71' lang='lat' dir='ltr'>coelorum</span> <span class='ocrx_word' id='word_1_331' title='bbox 610 1054 748 1083; x_wconf 86' lang='lat' dir='ltr'>fermento</span> <span class='ocrx_word' id='word_1_332' title='bbox 758 1075 766 1087; x_wconf 91' lang='lat'><em>,</em></span> <span class='ocrx_word' id='word_1_333' title='bbox 786 1054 861 1092; x_wconf 88' lang='lat' dir='ltr'>quod</span> <span class='ocrx_word' id='word_1_334' title='bbox 881 1064 922 1082; x_wconf 82' lang='lat' dir='ltr'>ac-</span> 
     </span>
     <span class='ocr_line' id='line_1_26' title="bbox 127 1093 922 1134; baseline -0.001 -11"><span class='ocrx_word' id='word_1_335' title='bbox 127 1105 237 1134; x_wconf 87' lang='lat' dir='ltr'>ceptum</span> <span class='ocrx_word' id='word_1_336' title='bbox 247 1094 346 1123; x_wconf 87' lang='lat' dir='ltr'>mulier</span> <span class='ocrx_word' id='word_1_337' title='bbox 355 1093 496 1122; x_wconf 83' lang='lat' dir='ltr'>abscondit</span> <span class='ocrx_word' id='word_1_338' title='bbox 508 1095 536 1123; x_wconf 87' lang='lat' dir='ltr'>in</span> <span class='ocrx_word' id='word_1_339' title='bbox 548 1094 639 1124; x_wconf 75' lang='lat' dir='ltr'>farinae</span> <span class='ocrx_word' id='word_1_340' title='bbox 649 1094 713 1123; x_wconf 79' lang='lat' dir='ltr'>satis</span> <span class='ocrx_word' id='word_1_341' title='bbox 725 1094 809 1124; x_wconf 86' lang='lat' dir='ltr'>tribus</span> <span class='ocrx_word' id='word_1_342' title='bbox 819 1114 826 1122; x_wconf 83' lang='lat'><strong>.</strong></span> <span class='ocrx_word' id='word_1_343' title='bbox 838 1096 849 1126; x_wconf 93' lang='lat'><em>]</em></span> <span class='ocrx_word' id='word_1_344' title='bbox 863 1094 922 1124; x_wconf 81' lang='lat' dir='ltr'>Alii</span> 
     </span>
     <span class='ocr_line' id='line_1_27' title="bbox 127 1135 922 1175; baseline 0 -11"><span class='ocrx_word' id='word_1_345' title='bbox 127 1147 220 1165; x_wconf 82' lang='lat' dir='ltr'>tamen</span> <span class='ocrx_word' id='word_1_346' title='bbox 229 1145 313 1164; x_wconf 87' lang='lat' dir='ltr'>unum</span> <span class='ocrx_word' id='word_1_347' title='bbox 325 1145 432 1163; x_wconf 85' lang='lat' dir='ltr'>tantum</span> <span class='ocrx_word' id='word_1_348' title='bbox 441 1135 566 1164; x_wconf 86' lang='lat' dir='ltr'>modium</span> <span class='ocrx_word' id='word_1_349' title='bbox 575 1158 583 1170; x_wconf 90' lang='lat'><em>‚</em></span> <span class='ocrx_word' id='word_1_350' title='bbox 604 1136 694 1172; x_wconf 88' lang='lat' dir='ltr'>idest,</span> <span class='ocrx_word' id='word_1_351' title='bbox 717 1135 822 1175; x_wconf 90' lang='lat' dir='ltr'>viginti</span> <span class='ocrx_word' id='word_1_352' title='bbox 842 1135 922 1164; x_wconf 71' lang='lat' dir='ltr'>libras</span> 
     </span>
     <span class='ocr_line' id='line_1_28' title="bbox 128 1175 547 1215; baseline -0.002 -10"><span class='ocrx_word' id='word_1_353' title='bbox 128 1176 259 1205; x_wconf 81' lang='lat' dir='ltr'>frumenti</span> <span class='ocrx_word' id='word_1_354' title='bbox 268 1186 363 1215; x_wconf 83' lang='lat' dir='ltr'>capere</span> <span class='ocrx_word' id='word_1_355' title='bbox 373 1175 528 1204; x_wconf 82' lang='lat' dir='ltr'>existimant</span> <span class='ocrx_word' id='word_1_356' title='bbox 539 1196 547 1204; x_wconf 82' lang='grc'><strong>.</strong></span> 
     </span>
    </p>

    <p class='ocr_par' dir='ltr' id='par_1_4' title="bbox 87 1217 856 1247">
     <span class='ocr_line' id='line_1_29' title="bbox 87 1217 856 1247; baseline -0.003 -1"><span class='ocrx_word' id='word_1_357' title='bbox 87 1219 279 1247; x_wconf 65' lang='grc' dir='ltr'>ὃΑτυκκΑιιΑ</span> <span class='ocrx_word' id='word_1_358' title='bbox 290 1238 296 1244; x_wconf 95' lang='grc'><em>.</em></span> <span class='ocrx_word' id='word_1_359' title='bbox 319 1217 393 1246; x_wconf 84' lang='lat' dir='ltr'>Vide</span> <span class='ocrx_word' id='word_1_360' title='bbox 404 1218 584 1246; x_wconf 75' lang='lat' dir='ltr'>Decembrica</span> <span class='ocrx_word' id='word_1_361' title='bbox 594 1218 708 1246; x_wconf 75' lang='lat' dir='ltr'>libertas</span> <span class='ocrx_word' id='word_1_362' title='bbox 719 1238 727 1245; x_wconf 86' lang='grc'><strong>.</strong></span> <span class='ocrx_word' id='word_1_363' title='bbox 740 1222 839 1245; x_wconf 68' lang='lat' dir='ltr'>strena</span> <span class='ocrx_word' id='word_1_364' title='bbox 849 1236 856 1244; x_wconf 92' lang='lat'><strong>.</strong></span> 
     </span>
    </p>

    <p class='ocr_par' dir='ltr' id='par_1_5' title="bbox 87 1257 923 1418">
     <span class='ocr_line' id='line_1_30' title="bbox 87 1257 919 1296; baseline -0.004 -9"><span class='ocrx_word' id='word_1_365' title='bbox 87 1259 199 1287; x_wconf 57' lang='lat' dir='ltr'>Savum</span> <span class='ocrx_word' id='word_1_366' title='bbox 213 1280 219 1290; x_wconf 87' lang='lat'><em>,</em></span> <span class='ocrx_word' id='word_1_367' title='bbox 230 1257 355 1286; x_wconf 87' lang='lat' dir='ltr'>mensura</span> <span class='ocrx_word' id='word_1_368' title='bbox 367 1257 534 1295; x_wconf 89' lang='lat' dir='ltr'>liquidorum</span> <span class='ocrx_word' id='word_1_369' title='bbox 546 1279 554 1291; x_wconf 95' lang='lat'>‚</span> <span class='ocrx_word' id='word_1_370' title='bbox 572 1269 600 1286; x_wconf 87' lang='lat' dir='ltr'>ac</span> <span class='ocrx_word' id='word_1_371' title='bbox 610 1258 716 1296; x_wconf 91' lang='lat' dir='ltr'>pondus</span> <span class='ocrx_word' id='word_1_372' title='bbox 741 1257 919 1295; x_wconf 86' lang='lat' dir='ltr'>liquidorum:</span> 
     </span>
     <span class='ocr_line' id='line_1_31' title="bbox 129 1297 921 1337; baseline -0.003 -10"><span class='ocrx_word' id='word_1_373' title='bbox 129 1305 142 1335; x_wconf 95' lang='lat'><strong>[</strong></span> <span class='ocrx_word' id='word_1_374' title='bbox 156 1301 298 1328; x_wconf 77' lang='lat' dir='ltr'>Senatores</span> <span class='ocrx_word' id='word_1_375' title='bbox 307 1297 417 1337; x_wconf 85' lang='lat' dir='ltr'>quando</span> <span class='ocrx_word' id='word_1_376' title='bbox 426 1298 577 1326; x_wconf 85' lang='lat' dir='ltr'>comedunt</span> <span class='ocrx_word' id='word_1_377' title='bbox 588 1320 596 1331; x_wconf 94' lang='lat'>‚</span> <span class='ocrx_word' id='word_1_378' title='bbox 608 1299 707 1328; x_wconf 84' lang='lat' dir='ltr'>debent</span> <span class='ocrx_word' id='word_1_379' title='bbox 717 1298 813 1326; x_wconf 84' lang='lat' dir='ltr'>habere</span> <span class='ocrx_word' id='word_1_380' title='bbox 822 1297 921 1327; x_wconf 73' lang='lat' dir='ltr'>savinae</span> 
     </span>
     <span class='ocr_line' id='line_1_32' title="bbox 129 1339 921 1371; baseline -0.004 -4"><span class='ocrx_word' id='word_1_381' title='bbox 129 1340 248 1368; x_wconf 79' lang='lat' dir='ltr'>mediam</span> <span class='ocrx_word' id='word_1_382' title='bbox 259 1339 336 1371; x_wconf 86' lang='lat' dir='ltr'>vini,</span> <span class='ocrx_word' id='word_1_383' title='bbox 351 1342 377 1366; x_wconf 71' lang='grc' dir='ltr'>ὅ(</span> <span class='ocrx_word' id='word_1_384' title='bbox 388 1339 506 1366; x_wconf 80' lang='lat' dir='ltr'>mediam</span> <span class='ocrx_word' id='word_1_385' title='bbox 517 1340 634 1367; x_wconf 79' lang='lat' dir='ltr'>claretti.</span> <span class='ocrx_word' id='word_1_386' title='bbox 645 1339 767 1368; x_wconf 73' lang='lat' dir='ltr'>cencius</span> <span class='ocrx_word' id='word_1_387' title='bbox 780 1339 921 1367; x_wconf 81' lang='lat' dir='ltr'>Camerar.</span> 
     </span>
     <span class='ocr_line' id='line_1_33' title="bbox 128 1379 923 1418; baseline -0.004 -10"><span class='ocrx_word' id='word_1_388' title='bbox 128 1380 159 1408; x_wconf 83' lang='lat' dir='ltr'>in</span> <span class='ocrx_word' id='word_1_389' title='bbox 171 1383 225 1416; x_wconf 85' lang='lat' dir='ltr'>ejus</span> <span class='ocrx_word' id='word_1_390' title='bbox 237 1382 276 1409; x_wconf 84' lang='lat' dir='ltr'>M.</span> <span class='ocrx_word' id='word_1_391' title='bbox 286 1381 312 1409; x_wconf 84' lang='lat' dir='ltr'>S.</span> <span class='ocrx_word' id='word_1_392' title='bbox 325 1379 536 1410; x_wconf 63' lang='lat' dir='ltr'>erenmniai]</span> <span class='ocrx_word' id='word_1_393' title='bbox 548 1381 583 1408; x_wconf 91' lang='lat' dir='ltr'>In</span> <span class='ocrx_word' id='word_1_394' title='bbox 594 1380 744 1418; x_wconf 78' lang='lat' dir='ltr'>significatu</span> <span class='ocrx_word' id='word_1_395' title='bbox 754 1388 843 1407; x_wconf 82' lang='lat' dir='ltr'>autem</span> <span class='ocrx_word' id='word_1_396' title='bbox 854 1389 923 1416; x_wconf 88' lang='lat' dir='ltr'>pon-</span> 
     </span>
    </p>

    <p class='ocr_par' dir='ltr' id='par_1_6' title="bbox 79 1419 924 1498">
     <span class='ocr_line' id='line_1_34' title="bbox 79 1419 924 1459; baseline -0.001 -11"><span class='ocrx_word' id='word_1_397' title='bbox 79 1434 85 1435; x_wconf 46' lang='lat'><em>⁷</em></span> <span class='ocrx_word' id='word_1_398' title='bbox 129 1421 200 1449; x_wconf 86' lang='lat' dir='ltr'>deris</span> <span class='ocrx_word' id='word_1_399' title='bbox 213 1421 286 1449; x_wconf 87' lang='lat' dir='ltr'>idem</span> <span class='ocrx_word' id='word_1_400' title='bbox 297 1443 304 1454; x_wconf 88' lang='lat'><em>‚</em></span> <span class='ocrx_word' id='word_1_401' title='bbox 316 1419 360 1448; x_wconf 80' lang='lat' dir='ltr'>ubi</span> <span class='ocrx_word' id='word_1_402' title='bbox 370 1420 404 1448; x_wconf 92' lang='lat' dir='ltr'>de</span> <span class='ocrx_word' id='word_1_403' title='bbox 412 1420 531 1449; x_wconf 79' lang='lat' dir='ltr'>censibus</span> <span class='ocrx_word' id='word_1_404' title='bbox 540 1421 598 1459; x_wconf 87' lang='lat' dir='ltr'>agit</span> <span class='ocrx_word' id='word_1_405' title='bbox 608 1442 616 1453; x_wconf 85' lang='lat'><em>,</em></span> <span class='ocrx_word' id='word_1_406' title='bbox 629 1421 666 1449; x_wconf 80' lang='lat' dir='ltr'>ait</span> <span class='ocrx_word' id='word_1_407' title='bbox 678 1432 684 1448; x_wconf 75' lang='grc' dir='ltr'>ε</span> <span class='ocrx_word' id='word_1_408' title='bbox 700 1426 712 1456; x_wconf 83' lang='grc'>[</span> <span class='ocrx_word' id='word_1_409' title='bbox 723 1419 838 1449; x_wconf 83' lang='lat' dir='ltr'>Ecclesia</span> <span class='ocrx_word' id='word_1_410' title='bbox 850 1420 924 1448; x_wconf 71' lang='lat' dir='ltr'>§.Ba-</span> 
     </span>
     <span class='ocr_line' id='line_1_35' title="bbox 127 1459 515 1498; baseline -0.005 -8"><span class='ocrx_word' id='word_1_411' title='bbox 127 1461 180 1490; x_wconf 84' lang='lat' dir='ltr'>silii</span> <span class='ocrx_word' id='word_1_412' title='bbox 192 1462 256 1489; x_wconf 79' lang='lat' dir='ltr'>duas</span> <span class='ocrx_word' id='word_1_413' title='bbox 265 1459 370 1489; x_wconf 78' lang='lat' dir='ltr'>savinas</span> <span class='ocrx_word' id='word_1_414' title='bbox 381 1459 496 1498; x_wconf 83' lang='lat' dir='ltr'>piscium</span> <span class='ocrx_word' id='word_1_415' title='bbox 508 1481 515 1488; x_wconf 91' lang='lat'><strong>.</strong></span> 
     </span>
    </p>

    <p class='ocr_par' dir='ltr' id='par_1_7' title="bbox 87 1500 922 1617">
     <span class='ocr_line' id='line_1_36' title="bbox 87 1500 922 1541; baseline -0.005 -10"><span class='ocrx_word' id='word_1_416' title='bbox 87 1502 200 1532; x_wconf 53' lang='lat' dir='ltr'>Simius</span> <span class='ocrx_word' id='word_1_417' title='bbox 210 1523 218 1530; x_wconf 93' lang='lat'><strong>.</strong></span> <span class='ocrx_word' id='word_1_418' title='bbox 230 1504 286 1531; x_wconf 84' lang='lat' dir='ltr'>FR.</span> <span class='ocrx_word' id='word_1_419' title='bbox 298 1500 453 1530; x_wconf 84' lang='lat' dir='ltr'>hebraicum</span> <span class='ocrx_word' id='word_1_420' title='bbox 464 1512 567 1529; x_wconf 88' lang='lat' dir='ltr'>nomen</span> <span class='ocrx_word' id='word_1_421' title='bbox 577 1523 585 1534; x_wconf 88' lang='lat'>,</span> <span class='ocrx_word' id='word_1_422' title='bbox 597 1505 625 1530; x_wconf 70' lang='grc' dir='ltr'>ὅ(</span> <span class='ocrx_word' id='word_1_423' title='bbox 635 1501 771 1541; x_wconf 81' lang='lat' dir='ltr'>fignificat</span> <span class='ocrx_word' id='word_1_424' title='bbox 781 1501 905 1529; x_wconf 75' lang='lat' dir='ltr'>orbatum</span> <span class='ocrx_word' id='word_1_425' title='bbox 915 1519 922 1527; x_wconf 93' lang='lat'><strong>.</strong></span> 
     </span>
     <span class='ocr_line' id='line_1_37' title="bbox 127 1541 922 1582; baseline -0.003 -12"><span class='ocrx_word' id='word_1_426' title='bbox 127 1543 227 1581; x_wconf 75' lang='lat' dir='ltr'>Calep.</span> <span class='ocrx_word' id='word_1_427' title='bbox 244 1541 369 1571; x_wconf 78' lang='lat' dir='ltr'>Pass&#39;erat.</span> <span class='ocrx_word' id='word_1_428' title='bbox 390 1542 419 1570; x_wconf 89' lang='lat' dir='ltr'>in</span> <span class='ocrx_word' id='word_1_429' title='bbox 428 1543 493 1573; x_wconf 56' lang='lat' dir='ltr'>dish</span> <span class='ocrx_word' id='word_1_430' title='bbox 506 1543 626 1571; x_wconf 87' lang='lat' dir='ltr'>Orbatus</span> <span class='ocrx_word' id='word_1_431' title='bbox 646 1564 654 1576; x_wconf 93' lang='lat'><em>,</em></span> <span class='ocrx_word' id='word_1_432' title='bbox 677 1542 752 1582; x_wconf 86' lang='lat' dir='ltr'>quod</span> <span class='ocrx_word' id='word_1_433' title='bbox 770 1551 875 1570; x_wconf 87' lang='lat' dir='ltr'>nomen</span> <span class='ocrx_word' id='word_1_434' title='bbox 886 1541 922 1569; x_wconf 91' lang='lat' dir='ltr'>D.</span> 
     </span>
     <span class='ocr_line' id='line_1_38' title="bbox 127 1583 643 1617; baseline 0.002 -6"><span class='ocrx_word' id='word_1_435' title='bbox 127 1584 205 1612; x_wconf 86' lang='lat' dir='ltr'>Pauli</span> <span class='ocrx_word' id='word_1_436' title='bbox 215 1593 277 1612; x_wconf 82' lang='lat' dir='ltr'>ante</span> <span class='ocrx_word' id='word_1_437' title='bbox 287 1585 342 1617; x_wconf 78' lang='lat' dir='ltr'>ejus</span> <span class='ocrx_word' id='word_1_438' title='bbox 353 1583 562 1612; x_wconf 82' lang='lat' dir='ltr'>conversionem</span> <span class='ocrx_word' id='word_1_439' title='bbox 572 1583 625 1611; x_wconf 83' lang='lat' dir='ltr'>fuit</span> <span class='ocrx_word' id='word_1_440' title='bbox 635 1604 643 1612; x_wconf 86' lang='lat'><strong><em>.</em></strong></span> 
     </span>
    </p>

    <p class='ocr_par' dir='ltr' id='par_1_8' title="bbox 86 1622 923 2029">
     <span class='ocr_line' id='line_1_39' title="bbox 86 1622 923 1662; baseline -0.001 -10"><span class='ocrx_word' id='word_1_441' title='bbox 86 1623 187 1653; x_wconf 74' lang='lat' dir='ltr'>SAUMA</span> <span class='ocrx_word' id='word_1_442' title='bbox 199 1645 205 1651; x_wconf 92' lang='lat'><strong>.</strong></span> <span class='ocrx_word' id='word_1_443' title='bbox 219 1626 276 1653; x_wconf 79' lang='lat' dir='ltr'>FR.</span> <span class='ocrx_word' id='word_1_444' title='bbox 287 1623 426 1652; x_wconf 85' lang='lat' dir='ltr'>aridorum</span> <span class='ocrx_word' id='word_1_445' title='bbox 439 1622 560 1652; x_wconf 87' lang='lat' dir='ltr'>mensura</span> <span class='ocrx_word' id='word_1_446' title='bbox 574 1645 581 1656; x_wconf 84' lang='lat'>,</span> <span class='ocrx_word' id='word_1_447' title='bbox 591 1623 625 1652; x_wconf 90' lang='lat' dir='ltr'>de</span> <span class='ocrx_word' id='word_1_448' title='bbox 636 1623 727 1662; x_wconf 85' lang='lat' dir='ltr'>quain</span> <span class='ocrx_word' id='word_1_449' title='bbox 739 1622 803 1651; x_wconf 59' lang='lat' dir='ltr'>dic&#39;t.</span> <span class='ocrx_word' id='word_1_450' title='bbox 813 1627 923 1659; x_wconf 76' lang='lat' dir='ltr'>Sagma-</span> 
     </span>
     <span class='ocr_line' id='line_1_40' title="bbox 127 1662 923 1702; baseline -0.006 -9"><span class='ocrx_word' id='word_1_451' title='bbox 127 1668 186 1693; x_wconf 76' lang='lat' dir='ltr'>rius</span> <span class='ocrx_word' id='word_1_452' title='bbox 197 1665 299 1693; x_wconf 67' lang='lat' dir='ltr'>diftum</span> <span class='ocrx_word' id='word_1_453' title='bbox 311 1663 366 1692; x_wconf 87' lang='lat' dir='ltr'>est:</span> <span class='ocrx_word' id='word_1_454' title='bbox 390 1664 571 1702; x_wconf 82' lang='lat' dir='ltr'>[Aquinque</span> <span class='ocrx_word' id='word_1_455' title='bbox 593 1665 672 1693; x_wconf 83' lang='lat' dir='ltr'>annis</span> <span class='ocrx_word' id='word_1_456' title='bbox 683 1686 690 1697; x_wconf 89' lang='lat'><em>‚</em></span> <span class='ocrx_word' id='word_1_457' title='bbox 711 1667 739 1692; x_wconf 75' lang='grc' dir='ltr'>ὃ(</span> <span class='ocrx_word' id='word_1_458' title='bbox 758 1663 827 1691; x_wconf 71' lang='lat' dir='ltr'>insi-a</span> <span class='ocrx_word' id='word_1_459' title='bbox 847 1662 923 1690; x_wconf 77' lang='lat' dir='ltr'>samis</span> 
     </span>
     <span class='ocr_line' id='line_1_41' title="bbox 128 1702 922 1743; baseline -0.006 -9"><span class='ocrx_word' id='word_1_460' title='bbox 128 1705 181 1734; x_wconf 78' lang='lat' dir='ltr'>fuit</span> <span class='ocrx_word' id='word_1_461' title='bbox 191 1715 247 1734; x_wconf 83' lang='lat' dir='ltr'>tam</span> <span class='ocrx_word' id='word_1_462' title='bbox 261 1705 350 1733; x_wconf 75' lang='lat' dir='ltr'>valida</span> <span class='ocrx_word' id='word_1_463' title='bbox 362 1715 410 1743; x_wconf 86' lang='lat' dir='ltr'>per</span> <span class='ocrx_word' id='word_1_464' title='bbox 420 1714 506 1733; x_wconf 84' lang='lat' dir='ltr'>totam</span> <span class='ocrx_word' id='word_1_465' title='bbox 517 1704 624 1733; x_wconf 78' lang='lat' dir='ltr'>Italiam</span> <span class='ocrx_word' id='word_1_466' title='bbox 635 1727 643 1738; x_wconf 95' lang='lat'><strong><em>,</em></strong></span> <span class='ocrx_word' id='word_1_467' title='bbox 666 1704 743 1743; x_wconf 87' lang='lat' dir='ltr'>quod</span> <span class='ocrx_word' id='word_1_468' title='bbox 762 1703 875 1732; x_wconf 80' lang='lat' dir='ltr'>diversis</span> <span class='ocrx_word' id='word_1_469' title='bbox 893 1702 922 1729; x_wconf 88' lang='lat' dir='ltr'>in</span> 
     </span>
     <span class='ocr_line' id='line_1_42' title="bbox 127 1742 919 1785; baseline -0.005 -11"><span class='ocrx_word' id='word_1_470' title='bbox 127 1747 248 1785; x_wconf 86' lang='lat' dir='ltr'>partibus</span> <span class='ocrx_word' id='word_1_471' title='bbox 259 1745 349 1774; x_wconf 82' lang='lat' dir='ltr'>sauma.</span> <span class='ocrx_word' id='word_1_472' title='bbox 358 1745 444 1774; x_wconf 87' lang='lat' dir='ltr'>tritici</span> <span class='ocrx_word' id='word_1_473' title='bbox 456 1755 505 1783; x_wconf 90' lang='lat' dir='ltr'>pro</span> <span class='ocrx_word' id='word_1_474' title='bbox 520 1745 576 1773; x_wconf 82' lang='lat' dir='ltr'>auri</span> <span class='ocrx_word' id='word_1_475' title='bbox 587 1745 668 1774; x_wconf 81' lang='lat' dir='ltr'>uncia</span> <span class='ocrx_word' id='word_1_476' title='bbox 680 1755 736 1772; x_wconf 89' lang='lat' dir='ltr'>non</span> <span class='ocrx_word' id='word_1_477' title='bbox 748 1753 856 1782; x_wconf 82' lang='lat' dir='ltr'>poterat</span> <span class='ocrx_word' id='word_1_478' title='bbox 878 1742 919 1770; x_wconf 85' lang='lat' dir='ltr'>in—</span> 
     </span>
     <span class='ocr_line' id='line_1_43' title="bbox 128 1784 919 1822; baseline -0.008 -7"><span class='ocrx_word' id='word_1_479' title='bbox 128 1787 224 1815; x_wconf 85' lang='lat' dir='ltr'>veniri</span> <span class='ocrx_word' id='word_1_480' title='bbox 234 1807 240 1814; x_wconf 91' lang='lat'>.</span> <span class='ocrx_word' id='word_1_481' title='bbox 261 1789 408 1822; x_wconf 85' lang='lat' dir='ltr'>Anonym.</span> <span class='ocrx_word' id='word_1_482' title='bbox 428 1784 578 1814; x_wconf 78' lang='lat' dir='ltr'>Monachus</span> <span class='ocrx_word' id='word_1_483' title='bbox 594 1785 691 1814; x_wconf 82' lang='lat' dir='ltr'>Cafin.</span> <span class='ocrx_word' id='word_1_484' title='bbox 709 1785 738 1812; x_wconf 88' lang='lat' dir='ltr'>in</span> <span class='ocrx_word' id='word_1_485' title='bbox 749 1784 859 1814; x_wconf 86' lang='lat' dir='ltr'>Chron.</span> <span class='ocrx_word' id='word_1_486' title='bbox 877 1793 919 1811; x_wconf 86' lang='lat' dir='ltr'>an.</span> 
     </span>
     <span class='ocr_line' id='line_1_44' title="bbox 133 1824 919 1865; baseline -0.008 -9"><span class='ocrx_word' id='word_1_487' title='bbox 133 1839 142 1856; x_wconf 78' lang='grc' dir='ltr'>ι</span> <span class='ocrx_word' id='word_1_488' title='bbox 153 1838 162 1855; x_wconf 84' lang='lat' dir='ltr'>i</span> <span class='ocrx_word' id='word_1_489' title='bbox 173 1829 240 1858; x_wconf 76' lang='lat'>82.]</span> <span class='ocrx_word' id='word_1_490' title='bbox 254 1829 327 1856; x_wconf 83' lang='lat' dir='ltr'>Item</span> <span class='ocrx_word' id='word_1_491' title='bbox 338 1827 509 1865; x_wconf 84' lang='lat' dir='ltr'>liquidorum</span> <span class='ocrx_word' id='word_1_492' title='bbox 519 1826 650 1855; x_wconf 82' lang='lat' dir='ltr'>mensura:</span> <span class='ocrx_word' id='word_1_493' title='bbox 665 1831 678 1861; x_wconf 91' lang='lat'>[</span> <span class='ocrx_word' id='word_1_494' title='bbox 692 1828 769 1855; x_wconf 84' lang='lat' dir='ltr'>Inter</span> <span class='ocrx_word' id='word_1_495' title='bbox 779 1824 825 1852; x_wconf 77' lang='lat' dir='ltr'>has</span> <span class='ocrx_word' id='word_1_496' title='bbox 836 1833 919 1862; x_wconf 82' lang='lat' dir='ltr'>angu-</span> 
     </span>
     <span class='ocr_line' id='line_1_45' title="bbox 127 1866 912 1905; baseline -0.008 -8"><span class='ocrx_word' id='word_1_497' title='bbox 127 1868 187 1897; x_wconf 86' lang='lat' dir='ltr'>stias</span> <span class='ocrx_word' id='word_1_498' title='bbox 196 1867 262 1896; x_wconf 81' lang='lat' dir='ltr'>adeo</span> <span class='ocrx_word' id='word_1_499' title='bbox 272 1867 352 1895; x_wconf 84' lang='lat' dir='ltr'>fames</span> <span class='ocrx_word' id='word_1_500' title='bbox 362 1868 481 1896; x_wconf 78' lang='lat' dir='ltr'>invaluit</span> <span class='ocrx_word' id='word_1_501' title='bbox 492 1889 499 1899; x_wconf 86' lang='lat'><em>,</em></span> <span class='ocrx_word' id='word_1_502' title='bbox 509 1877 538 1894; x_wconf 90' lang='lat' dir='ltr'>ut</span> <span class='ocrx_word' id='word_1_503' title='bbox 546 1866 616 1905; x_wconf 82' lang='lat' dir='ltr'>saepe</span> <span class='ocrx_word' id='word_1_504' title='bbox 625 1866 695 1905; x_wconf 83' lang='lat' dir='ltr'>apud</span> <span class='ocrx_word' id='word_1_505' title='bbox 707 1866 830 1894; x_wconf 62' lang='lat' dir='ltr'>Sanctum</span> <span class='ocrx_word' id='word_1_506' title='bbox 841 1867 912 1892; x_wconf 88' lang='lat' dir='ltr'>Ger-</span> 
     </span>
     <span class='ocr_line' id='line_1_46' title="bbox 124 1904 912 1945; baseline -0.008 -8"><span class='ocrx_word' id='word_1_507' title='bbox 124 1918 236 1937; x_wconf 76' lang='lat' dir='ltr'>manum</span> <span class='ocrx_word' id='word_1_508' title='bbox 246 1908 413 1937; x_wconf 86' lang='lat' dir='ltr'>venderetur</span> <span class='ocrx_word' id='word_1_509' title='bbox 432 1907 539 1936; x_wconf 81' lang='lat' dir='ltr'>coscina</span> <span class='ocrx_word' id='word_1_510' title='bbox 558 1907 691 1936; x_wconf 81' lang='lat' dir='ltr'>frumenti</span> <span class='ocrx_word' id='word_1_511' title='bbox 711 1904 850 1945; x_wconf 81' lang='lat' dir='ltr'>plusquam</span> <span class='ocrx_word' id='word_1_512' title='bbox 861 1915 876 1932; x_wconf 88' lang='lat' dir='ltr'>u</span> <span class='ocrx_word' id='word_1_513' title='bbox 882 1915 912 1932; x_wconf 83' lang='lat' dir='ltr'>na</span> 
     </span>
     <span class='ocr_line' id='line_1_47' title="bbox 124 1945 912 1985; baseline -0.008 -7"><span class='ocrx_word' id='word_1_514' title='bbox 124 1949 271 1978; x_wconf 75' lang='lat' dir='ltr'>unciaauri</span> <span class='ocrx_word' id='word_1_515' title='bbox 280 1971 288 1982; x_wconf 91' lang='lat'><em>‚</em></span> <span class='ocrx_word' id='word_1_516' title='bbox 298 1952 326 1976; x_wconf 69' lang='grc' dir='ltr'>δ(</span> <span class='ocrx_word' id='word_1_517' title='bbox 336 1947 425 1977; x_wconf 80' lang='lat' dir='ltr'>sauma</span> <span class='ocrx_word' id='word_1_518' title='bbox 437 1948 497 1977; x_wconf 87' lang='lat' dir='ltr'>vini</span> <span class='ocrx_word' id='word_1_519' title='bbox 508 1948 634 1976; x_wconf 82' lang='lat' dir='ltr'>similiter</span> <span class='ocrx_word' id='word_1_520' title='bbox 645 1970 652 1982; x_wconf 93' lang='lat'>,</span> <span class='ocrx_word' id='word_1_521' title='bbox 661 1950 689 1976; x_wconf 75' lang='grc' dir='ltr'>δε</span> <span class='ocrx_word' id='word_1_522' title='bbox 700 1945 786 1985; x_wconf 79' lang='lat' dir='ltr'>capisa</span> <span class='ocrx_word' id='word_1_523' title='bbox 797 1945 852 1974; x_wconf 89' lang='lat' dir='ltr'>olei</span> <span class='ocrx_word' id='word_1_524' title='bbox 862 1946 912 1973; x_wconf 79' lang='lat' dir='ltr'>tari</span> 
     </span>
     <span class='ocr_line' id='line_1_48' title="bbox 127 1989 507 2029; baseline -0.005 -11"><span class='ocrx_word' id='word_1_525' title='bbox 127 1989 248 2029; x_wconf 83' lang='lat' dir='ltr'>quinque</span> <span class='ocrx_word' id='word_1_526' title='bbox 258 2011 264 2017; x_wconf 92' lang='lat'><em>.</em></span> <span class='ocrx_word' id='word_1_527' title='bbox 277 1989 356 2018; x_wconf 87' lang='lat' dir='ltr'>Idem</span> <span class='ocrx_word' id='word_1_528' title='bbox 366 2000 407 2017; x_wconf 82' lang='lat' dir='ltr'>an.</span> <span class='ocrx_word' id='word_1_529' title='bbox 423 2000 431 2017; x_wconf 88' lang='lat'>1</span> <span class='ocrx_word' id='word_1_530' title='bbox 444 2000 507 2025; x_wconf 82' lang='lat'><em>¹92·</em></span> 
     </span>
    </p>

    <p class='ocr_par' dir='ltr' id='par_1_9' title="bbox 85 2028 685 2068">
     <span class='ocr_line' id='line_1_49' title="bbox 85 2028 685 2068; baseline -0.005 -10"><span class='ocrx_word' id='word_1_531' title='bbox 85 2031 207 2059; x_wconf 76' lang='lat' dir='ltr'>SAvoNA</span> <span class='ocrx_word' id='word_1_532' title='bbox 220 2052 227 2063; x_wconf 94' lang='lat'><em>,</em></span> <span class='ocrx_word' id='word_1_533' title='bbox 239 2030 358 2068; x_wconf 84' lang='lat' dir='ltr'>Liguriae</span> <span class='ocrx_word' id='word_1_534' title='bbox 370 2029 480 2059; x_wconf 87' lang='lat' dir='ltr'>Civitas</span> <span class='ocrx_word' id='word_1_535' title='bbox 490 2050 497 2056; x_wconf 90' lang='lat'><em>.</em></span> <span class='ocrx_word' id='word_1_536' title='bbox 510 2028 584 2057; x_wconf 88' lang='lat' dir='ltr'>Vide</span> <span class='ocrx_word' id='word_1_537' title='bbox 591 2035 667 2058; x_wconf 73' lang='lat' dir='ltr'>Saxa</span> <span class='ocrx_word' id='word_1_538' title='bbox 679 2049 685 2055; x_wconf 90' lang='lat'>.</span> 
     </span>
    </p>

    <p class='ocr_par' dir='ltr' id='par_1_10' title="bbox 76 2066 922 2269">
     <span class='ocr_line' id='line_1_50' title="bbox 76 2066 918 2109; baseline -0.006 -10"><span class='ocrx_word' id='word_1_539' title='bbox 76 2071 162 2102; x_wconf 55' lang='lat' dir='ltr'>,Saxi</span> <span class='ocrx_word' id='word_1_540' title='bbox 174 2091 182 2102; x_wconf 87' lang='lat'><em>,</em></span> <span class='ocrx_word' id='word_1_541' title='bbox 191 2071 316 2099; x_wconf 88' lang='lat' dir='ltr'>cultellus</span> <span class='ocrx_word' id='word_1_542' title='bbox 329 2092 336 2103; x_wconf 92' lang='lat'><em>‚</em></span> <span class='ocrx_word' id='word_1_543' title='bbox 356 2070 411 2099; x_wconf 87' lang='lat' dir='ltr'>sive</span> <span class='ocrx_word' id='word_1_544' title='bbox 430 2069 565 2109; x_wconf 74' lang='lat' dir='ltr'>gladiolus</span> <span class='ocrx_word' id='word_1_545' title='bbox 576 2089 583 2096; x_wconf 88' lang='lat'><strong>.</strong></span> <span class='ocrx_word' id='word_1_546' title='bbox 604 2075 616 2103; x_wconf 91' lang='lat'><strong>[</strong></span> <span class='ocrx_word' id='word_1_547' title='bbox 628 2068 688 2107; x_wconf 84' lang='lat' dir='ltr'>lpse</span> <span class='ocrx_word' id='word_1_548' title='bbox 707 2068 796 2097; x_wconf 87' lang='lat' dir='ltr'>brevis</span> <span class='ocrx_word' id='word_1_549' title='bbox 813 2066 918 2106; x_wconf 78' lang='lat' dir='ltr'>gladius</span> 
     </span>
     <span class='ocr_line' id='line_1_51' title="bbox 125 2107 919 2148; baseline -0.006 -10"><span class='ocrx_word' id='word_1_550' title='bbox 125 2110 196 2148; x_wconf 81' lang='lat' dir='ltr'>apud</span> <span class='ocrx_word' id='word_1_551' title='bbox 216 2111 279 2138; x_wconf 84' lang='lat' dir='ltr'>illos</span> <span class='ocrx_word' id='word_1_552' title='bbox 296 2110 360 2139; x_wconf 79' lang='lat' dir='ltr'>saxa</span> <span class='ocrx_word' id='word_1_553' title='bbox 381 2121 494 2139; x_wconf 74' lang='lat' dir='ltr'>vocatur</span> <span class='ocrx_word' id='word_1_554' title='bbox 503 2130 510 2137; x_wconf 89' lang='lat'><strong>.</strong></span> <span class='ocrx_word' id='word_1_555' title='bbox 530 2109 693 2138; x_wconf 86' lang='lat' dir='ltr'>Godifridus</span> <span class='ocrx_word' id='word_1_556' title='bbox 714 2109 869 2137; x_wconf 68' lang='lat' dir='ltr'>Vites-bien.</span> <span class='ocrx_word' id='word_1_557' title='bbox 892 2107 919 2134; x_wconf 85' lang='lat' dir='ltr'>in</span> 
     </span>
     <span class='ocr_line' id='line_1_52' title="bbox 125 2147 921 2188; baseline -0.006 -9"><span class='ocrx_word' id='word_1_558' title='bbox 125 2149 237 2179; x_wconf 87' lang='lat' dir='ltr'>Chron.</span> <span class='ocrx_word' id='word_1_559' title='bbox 248 2152 260 2181; x_wconf 92' lang='lat'>]</span> <span class='ocrx_word' id='word_1_560' title='bbox 273 2150 415 2179; x_wconf 79' lang='lat' dir='ltr'>derivatur</span> <span class='ocrx_word' id='word_1_561' title='bbox 426 2161 439 2179; x_wconf 75' lang='lat' dir='ltr'>:i</span> <span class='ocrx_word' id='word_1_562' title='bbox 451 2160 518 2179; x_wconf 87' lang='lat' dir='ltr'>voce</span> <span class='ocrx_word' id='word_1_563' title='bbox 528 2150 682 2188; x_wconf 73' lang='lat' dir='ltr'>germanica</span> <span class='ocrx_word' id='word_1_564' title='bbox 693 2150 789 2177; x_wconf 74' lang='lat' dir='ltr'>Sabas:</span> <span class='ocrx_word' id='word_1_565' title='bbox 801 2149 835 2177; x_wconf 86' lang='lat' dir='ltr'>fic</span> <span class='ocrx_word' id='word_1_566' title='bbox 846 2147 921 2175; x_wconf 86' lang='lat' dir='ltr'>enim</span> 
     </span>
     <span class='ocr_line' id='line_1_53' title="bbox 126 2187 921 2229; baseline -0.005 -11"><span class='ocrx_word' id='word_1_567' title='bbox 126 2189 306 2219; x_wconf 84' lang='lat' dir='ltr'>Vitichindus</span> <span class='ocrx_word' id='word_1_568' title='bbox 318 2212 325 2222; x_wconf 92' lang='lat'><em>‚</em></span> <span class='ocrx_word' id='word_1_569' title='bbox 345 2191 376 2218; x_wconf 90' lang='lat' dir='ltr'>in</span> <span class='ocrx_word' id='word_1_570' title='bbox 389 2191 435 2219; x_wconf 89' lang='lat' dir='ltr'>lib.</span> <span class='ocrx_word' id='word_1_571' title='bbox 451 2202 474 2218; x_wconf 89' lang='lat'>1.</span> <span class='ocrx_word' id='word_1_572' title='bbox 493 2189 545 2219; x_wconf 84' lang='lat' dir='ltr'>suae</span> <span class='ocrx_word' id='word_1_573' title='bbox 566 2190 631 2218; x_wconf 81' lang='lat' dir='ltr'>hist.</span> <span class='ocrx_word' id='word_1_574' title='bbox 641 2190 753 2229; x_wconf 84' lang='lat' dir='ltr'>inquit:</span> <span class='ocrx_word' id='word_1_575' title='bbox 779 2187 921 2224; x_wconf 86' lang='lat' dir='ltr'>[Cultelli</span> 
     </span>
     <span class='ocr_line' id='line_1_54' title="bbox 127 2228 922 2269; baseline -0.006 -9"><span class='ocrx_word' id='word_1_576' title='bbox 127 2231 202 2260; x_wconf 79' lang='lat' dir='ltr'>enim</span> <span class='ocrx_word' id='word_1_577' title='bbox 210 2230 301 2259; x_wconf 74' lang='lat' dir='ltr'>nostra</span> <span class='ocrx_word' id='word_1_578' title='bbox 310 2230 404 2269; x_wconf 74' lang='lat' dir='ltr'>lingua</span> <span class='ocrx_word' id='word_1_579' title='bbox 415 2230 489 2259; x_wconf 83' lang='lat' dir='ltr'>salias</span> <span class='ocrx_word' id='word_1_580' title='bbox 498 2231 626 2259; x_wconf 85' lang='lat' dir='ltr'>dicuntur</span> <span class='ocrx_word' id='word_1_581' title='bbox 636 2251 642 2257; x_wconf 91' lang='lat'><em>.</em></span> <span class='ocrx_word' id='word_1_582' title='bbox 656 2233 668 2262; x_wconf 95' lang='lat'>]</span> <span class='ocrx_word' id='word_1_583' title='bbox 690 2232 788 2268; x_wconf 85' lang='lat' dir='ltr'>ltaque</span> <span class='ocrx_word' id='word_1_584' title='bbox 798 2228 851 2257; x_wconf 80' lang='lat' dir='ltr'>hoc</span> <span class='ocrx_word' id='word_1_585' title='bbox 864 2238 922 2255; x_wconf 87' lang='lat' dir='ltr'>mo-</span> 
     </span>
    </p>
   </div>
   <div class='ocr_carea' id='block_1_4' title="bbox 915 1895 934 2234">
    <p class='ocr_par' dir='ltr' id='par_1_11' title="bbox 915 1895 934 2234">
     <span class='ocr_line' id='line_1_55' title="bbox 915 1895 934 2234; baseline 0 0"><span class='ocrx_word' id='word_1_586' title='bbox 915 1895 934 2234; x_wconf 95' lang='lat' dir='ltr'>    </span> 
     </span>
    </p>
   </div>
   <div class='ocr_carea' id='block_1_5' title="bbox 975 847 1776 1616">
    <p class='ocr_par' dir='ltr' id='par_1_12' title="bbox 975 847 1776 1616">
     <span class='ocr_line' id='line_1_56' title="bbox 981 847 1770 885; baseline 0.001 -10"><span class='ocrx_word' id='word_1_587' title='bbox 981 857 1070 875; x_wconf 87' lang='lat' dir='ltr'>torem</span> <span class='ocrx_word' id='word_1_588' title='bbox 1081 857 1131 885; x_wconf 85' lang='lat' dir='ltr'>pro</span> <span class='ocrx_word' id='word_1_589' title='bbox 1141 847 1221 875; x_wconf 76' lang='lat' dir='ltr'>causis</span> <span class='ocrx_word' id='word_1_590' title='bbox 1231 868 1239 880; x_wconf 95' lang='lat'><em>,</em></span> <span class='ocrx_word' id='word_1_591' title='bbox 1257 858 1285 876; x_wconf 84' lang='lat' dir='ltr'>ac</span> <span class='ocrx_word' id='word_1_592' title='bbox 1305 848 1396 877; x_wconf 85' lang='lat' dir='ltr'>litibus</span> <span class='ocrx_word' id='word_1_593' title='bbox 1408 848 1571 879; x_wconf 79' lang='lat' dir='ltr'>vasallorum</span> <span class='ocrx_word' id='word_1_594' title='bbox 1589 849 1770 878; x_wconf 80' lang='lat' dir='ltr'>terminandis</span> 
     </span>
     <span class='ocr_line' id='line_1_57' title="bbox 980 887 1772 928; baseline 0.001 -11"><span class='ocrx_word' id='word_1_595' title='bbox 980 887 1114 927; x_wconf 82' lang='lat' dir='ltr'>significat</span> <span class='ocrx_word' id='word_1_596' title='bbox 1126 907 1133 914; x_wconf 88' lang='lat'><strong>.</strong></span> <span class='ocrx_word' id='word_1_597' title='bbox 1156 893 1167 922; x_wconf 97' lang='lat'>[</span> <span class='ocrx_word' id='word_1_598' title='bbox 1180 887 1235 918; x_wconf 85' lang='lat' dir='ltr'>Qui</span> <span class='ocrx_word' id='word_1_599' title='bbox 1247 887 1319 916; x_wconf 84' lang='lat' dir='ltr'>filios</span> <span class='ocrx_word' id='word_1_600' title='bbox 1330 899 1388 917; x_wconf 87' lang='lat' dir='ltr'>non</span> <span class='ocrx_word' id='word_1_601' title='bbox 1397 888 1490 918; x_wconf 84' lang='lat' dir='ltr'>habuit</span> <span class='ocrx_word' id='word_1_602' title='bbox 1499 912 1506 923; x_wconf 78' lang='grc'><em>,</em></span> <span class='ocrx_word' id='word_1_603' title='bbox 1524 893 1551 918; x_wconf 75' lang='grc' dir='ltr'>δι</span> <span class='ocrx_word' id='word_1_604' title='bbox 1561 890 1645 919; x_wconf 80' lang='lat' dir='ltr'>alium</span> <span class='ocrx_word' id='word_1_605' title='bbox 1655 890 1772 928; x_wconf 83' lang='lat' dir='ltr'>quemli-</span> 
     </span>
     <span class='ocr_line' id='line_1_58' title="bbox 978 927 1773 968; baseline 0.003 -12"><span class='ocrx_word' id='word_1_606' title='bbox 978 929 1022 957; x_wconf 89' lang='lat' dir='ltr'>bet</span> <span class='ocrx_word' id='word_1_607' title='bbox 1032 928 1170 956; x_wconf 69' lang='lat' dir='ltr'>hxredem</span> <span class='ocrx_word' id='word_1_608' title='bbox 1181 927 1227 956; x_wconf 84' lang='lat' dir='ltr'>fibi</span> <span class='ocrx_word' id='word_1_609' title='bbox 1241 927 1326 956; x_wconf 79' lang='lat' dir='ltr'>facere</span> <span class='ocrx_word' id='word_1_610' title='bbox 1348 929 1469 959; x_wconf 78' lang='lat' dir='ltr'>voluerit</span> <span class='ocrx_word' id='word_1_611' title='bbox 1480 952 1488 963; x_wconf 88' lang='lat'>‚</span> <span class='ocrx_word' id='word_1_612' title='bbox 1507 941 1597 959; x_wconf 84' lang='lat' dir='ltr'>coram</span> <span class='ocrx_word' id='word_1_613' title='bbox 1608 933 1687 968; x_wconf 84' lang='lat' dir='ltr'>Rege</span> <span class='ocrx_word' id='word_1_614' title='bbox 1695 951 1704 962; x_wconf 85' lang='lat'><em>,</em></span> <span class='ocrx_word' id='word_1_615' title='bbox 1728 931 1773 958; x_wconf 69' lang='lat' dir='ltr'>vel</span> 
     </span>
     <span class='ocr_line' id='line_1_59' title="bbox 978 969 1774 1009; baseline 0.003 -12"><span class='ocrx_word' id='word_1_616' title='bbox 978 979 1069 997; x_wconf 90' lang='lat' dir='ltr'>corani</span> <span class='ocrx_word' id='word_1_617' title='bbox 1078 969 1191 997; x_wconf 88' lang='lat' dir='ltr'>Comitc</span> <span class='ocrx_word' id='word_1_618' title='bbox 1204 989 1210 1001; x_wconf 91' lang='lat'><em>‚</em></span> <span class='ocrx_word' id='word_1_619' title='bbox 1221 971 1247 996; x_wconf 71' lang='grc' dir='ltr'>δε</span> <span class='ocrx_word' id='word_1_620' title='bbox 1260 969 1379 998; x_wconf 83' lang='lat' dir='ltr'>Scabinis</span> <span class='ocrx_word' id='word_1_621' title='bbox 1388 991 1396 1002; x_wconf 92' lang='lat'><strong><em>,</em></strong></span> <span class='ocrx_word' id='word_1_622' title='bbox 1407 970 1452 998; x_wconf 85' lang='lat' dir='ltr'>vel</span> <span class='ocrx_word' id='word_1_623' title='bbox 1463 969 1547 999; x_wconf 81' lang='lat' dir='ltr'>missis</span> <span class='ocrx_word' id='word_1_624' title='bbox 1558 970 1774 1009; x_wconf 82' lang='lat' dir='ltr'>Dominicis‚qui</span> 
     </span>
     <span class='ocr_line' id='line_1_60' title="bbox 979 1008 1773 1049; baseline 0.001 -11"><span class='ocrx_word' id='word_1_625' title='bbox 979 1011 1009 1038; x_wconf 84' lang='lat' dir='ltr'>ab</span> <span class='ocrx_word' id='word_1_626' title='bbox 1018 1020 1050 1038; x_wconf 87' lang='lat' dir='ltr'>eo</span> <span class='ocrx_word' id='word_1_627' title='bbox 1066 1009 1181 1045; x_wconf 71' lang='lat' dir='ltr'>justitias</span> <span class='ocrx_word' id='word_1_628' title='bbox 1193 1008 1327 1038; x_wconf 76' lang='lat' dir='ltr'>faciendas</span> <span class='ocrx_word' id='word_1_629' title='bbox 1338 1009 1439 1038; x_wconf 84' lang='lat' dir='ltr'>suerint</span> <span class='ocrx_word' id='word_1_630' title='bbox 1456 1011 1486 1039; x_wconf 91' lang='lat' dir='ltr'>in</span> <span class='ocrx_word' id='word_1_631' title='bbox 1498 1010 1654 1049; x_wconf 82' lang='lat' dir='ltr'>provincias</span> <span class='ocrx_word' id='word_1_632' title='bbox 1665 1011 1773 1040; x_wconf 89' lang='lat' dir='ltr'>ordina-</span> 
     </span>
     <span class='ocr_line' id='line_1_61' title="bbox 980 1050 1773 1087; baseline 0 -8"><span class='ocrx_word' id='word_1_633' title='bbox 980 1050 1002 1079; x_wconf 89' lang='lat' dir='ltr'>ti</span> <span class='ocrx_word' id='word_1_634' title='bbox 1015 1071 1022 1082; x_wconf 89' lang='lat'><em>,</em></span> <span class='ocrx_word' id='word_1_635' title='bbox 1044 1050 1227 1078; x_wconf 80' lang='lat' dir='ltr'>traditionem</span> <span class='ocrx_word' id='word_1_636' title='bbox 1239 1050 1318 1078; x_wconf 79' lang='lat' dir='ltr'>faciat</span> <span class='ocrx_word' id='word_1_637' title='bbox 1327 1071 1334 1078; x_wconf 83' lang='lat'><em>.</em></span> <span class='ocrx_word' id='word_1_638' title='bbox 1355 1051 1496 1080; x_wconf 69' lang='lat' dir='ltr'>Benedic&#39;t.</span> <span class='ocrx_word' id='word_1_639' title='bbox 1507 1051 1622 1087; x_wconf 83' lang='lat' dir='ltr'>Levita,</span> <span class='ocrx_word' id='word_1_640' title='bbox 1640 1051 1686 1079; x_wconf 91' lang='lat' dir='ltr'>lib.</span> <span class='ocrx_word' id='word_1_641' title='bbox 1706 1058 1732 1080; x_wconf 85' lang='lat'>6.</span> <span class='ocrx_word' id='word_1_642' title='bbox 1750 1062 1773 1079; x_wconf 88' lang='lat' dir='ltr'>c.</span> 
     </span>
     <span class='ocr_line' id='line_1_62' title="bbox 980 1091 1774 1131; baseline 0.003 -12"><span class='ocrx_word' id='word_1_643' title='bbox 980 1102 1050 1124; x_wconf 81' lang='lat'>207.</span> <span class='ocrx_word' id='word_1_644' title='bbox 1062 1093 1074 1123; x_wconf 94' lang='lat'>]</span> <span class='ocrx_word' id='word_1_645' title='bbox 1087 1092 1122 1119; x_wconf 90' lang='lat' dir='ltr'>In</span> <span class='ocrx_word' id='word_1_646' title='bbox 1132 1091 1254 1129; x_wconf 81' lang='lat' dir='ltr'>Capitul.</span> <span class='ocrx_word' id='word_1_647' title='bbox 1266 1091 1363 1119; x_wconf 74' lang='lat' dir='ltr'>Caroli</span> <span class='ocrx_word' id='word_1_648' title='bbox 1377 1092 1472 1130; x_wconf 81' lang='lat' dir='ltr'>Magni</span> <span class='ocrx_word' id='word_1_649' title='bbox 1483 1091 1554 1131; x_wconf 76' lang='lat' dir='ltr'>saepe</span> <span class='ocrx_word' id='word_1_650' title='bbox 1565 1091 1595 1120; x_wconf 86' lang='lat' dir='ltr'>fit</span> <span class='ocrx_word' id='word_1_651' title='bbox 1615 1092 1720 1120; x_wconf 82' lang='lat' dir='ltr'>mentio</span> <span class='ocrx_word' id='word_1_652' title='bbox 1741 1092 1774 1121; x_wconf 89' lang='lat' dir='ltr'>de</span> 
     </span>
     <span class='ocr_line' id='line_1_63' title="bbox 979 1130 1774 1170; baseline 0 -10"><span class='ocrx_word' id='word_1_653' title='bbox 979 1131 1032 1160; x_wconf 86' lang='lat' dir='ltr'>hoc</span> <span class='ocrx_word' id='word_1_654' title='bbox 1045 1131 1176 1160; x_wconf 84' lang='lat' dir='ltr'>vocabulo</span> <span class='ocrx_word' id='word_1_655' title='bbox 1186 1152 1194 1165; x_wconf 92' lang='lat'><em>,</em></span> <span class='ocrx_word' id='word_1_656' title='bbox 1213 1135 1241 1160; x_wconf 72' lang='grc' dir='ltr'>ὃ(</span> <span class='ocrx_word' id='word_1_657' title='bbox 1250 1130 1374 1161; x_wconf 87' lang='lat' dir='ltr'>scribitur</span> <span class='ocrx_word' id='word_1_658' title='bbox 1384 1134 1530 1161; x_wconf 56' lang='lat' dir='ltr'>Scribimus</span> <span class='ocrx_word' id='word_1_659' title='bbox 1543 1154 1548 1160; x_wconf 94' lang='lat'><em>.</em></span> <span class='ocrx_word' id='word_1_660' title='bbox 1571 1134 1625 1161; x_wconf 76' lang='lat' dir='ltr'>FR.</span> <span class='ocrx_word' id='word_1_661' title='bbox 1640 1133 1774 1170; x_wconf 71' lang='lat' dir='ltr'>scabinus</span> 
     </span>
     <span class='ocr_line' id='line_1_64' title="bbox 978 1171 1776 1211; baseline 0 -10"><span class='ocrx_word' id='word_1_662' title='bbox 978 1171 1150 1201; x_wconf 87' lang='lat' dir='ltr'>scribendum</span> <span class='ocrx_word' id='word_1_663' title='bbox 1162 1193 1168 1204; x_wconf 88' lang='lat'><em>,</em></span> <span class='ocrx_word' id='word_1_664' title='bbox 1179 1182 1227 1201; x_wconf 85' lang='lat' dir='ltr'>nec</span> <span class='ocrx_word' id='word_1_665' title='bbox 1240 1173 1406 1202; x_wconf 84' lang='lat' dir='ltr'>Auditorem</span> <span class='ocrx_word' id='word_1_666' title='bbox 1416 1173 1567 1211; x_wconf 78' lang='lat' dir='ltr'>significare</span> <span class='ocrx_word' id='word_1_667' title='bbox 1580 1173 1690 1202; x_wconf 87' lang='lat' dir='ltr'>videtur</span> <span class='ocrx_word' id='word_1_668' title='bbox 1702 1194 1709 1205; x_wconf 84' lang='lat'><em>,</em></span> <span class='ocrx_word' id='word_1_669' title='bbox 1727 1171 1776 1201; x_wconf 85' lang='lat' dir='ltr'>sed</span> 
     </span>
     <span class='ocr_line' id='line_1_65' title="bbox 979 1212 1771 1253; baseline 0 -13"><span class='ocrx_word' id='word_1_670' title='bbox 979 1213 1070 1251; x_wconf 86' lang='lat' dir='ltr'>potius</span> <span class='ocrx_word' id='word_1_671' title='bbox 1080 1212 1233 1242; x_wconf 87' lang='lat' dir='ltr'>Consulem</span> <span class='ocrx_word' id='word_1_672' title='bbox 1245 1234 1253 1246; x_wconf 90' lang='lat'><em>,</em></span> <span class='ocrx_word' id='word_1_673' title='bbox 1264 1217 1291 1242; x_wconf 74' lang='grc' dir='ltr'>ὃ(</span> <span class='ocrx_word' id='word_1_674' title='bbox 1304 1214 1348 1242; x_wconf 88' lang='lat' dir='ltr'>ubi</span> <span class='ocrx_word' id='word_1_675' title='bbox 1360 1214 1521 1243; x_wconf 67' lang='lat' dir='ltr'>Benediftus</span> <span class='ocrx_word' id='word_1_676' title='bbox 1532 1213 1611 1253; x_wconf 83' lang='lat' dir='ltr'>supra</span> <span class='ocrx_word' id='word_1_677' title='bbox 1621 1212 1771 1252; x_wconf 76' lang='lat' dir='ltr'>scripserat:</span> 
     </span>
     <span class='ocr_line' id='line_1_66' title="bbox 982 1253 1773 1292; baseline 0.001 -11"><span class='ocrx_word' id='word_1_678' title='bbox 982 1253 1054 1290; x_wconf 86' lang='lat' dir='ltr'>[Qui</span> <span class='ocrx_word' id='word_1_679' title='bbox 1064 1254 1094 1282; x_wconf 85' lang='lat' dir='ltr'>ab</span> <span class='ocrx_word' id='word_1_680' title='bbox 1104 1264 1135 1282; x_wconf 88' lang='lat' dir='ltr'>eo</span> <span class='ocrx_word' id='word_1_681' title='bbox 1147 1253 1180 1282; x_wconf 87' lang='lat' dir='ltr'>ad</span> <span class='ocrx_word' id='word_1_682' title='bbox 1188 1255 1305 1291; x_wconf 75' lang='lat' dir='ltr'>justitias</span> <span class='ocrx_word' id='word_1_683' title='bbox 1316 1253 1451 1283; x_wconf 79' lang='lat' dir='ltr'>faciendas</span> <span class='ocrx_word' id='word_1_684' title='bbox 1464 1254 1566 1283; x_wconf 87' lang='lat' dir='ltr'>fuerint</span> <span class='ocrx_word' id='word_1_685' title='bbox 1576 1256 1606 1283; x_wconf 89' lang='lat' dir='ltr'>in</span> <span class='ocrx_word' id='word_1_686' title='bbox 1615 1255 1773 1292; x_wconf 85' lang='lat' dir='ltr'>provincias</span> 
     </span>
     <span class='ocr_line' id='line_1_67' title="bbox 978 1294 1773 1333; baseline 0 -10"><span class='ocrx_word' id='word_1_687' title='bbox 978 1294 1098 1323; x_wconf 60' lang='lat' dir='ltr'>ofdinati</span> <span class='ocrx_word' id='word_1_688' title='bbox 1112 1296 1123 1325; x_wconf 89' lang='lat'>]</span> <span class='ocrx_word' id='word_1_689' title='bbox 1137 1295 1307 1333; x_wconf 86' lang='lat' dir='ltr'>intelligitur</span> <span class='ocrx_word' id='word_1_690' title='bbox 1317 1295 1351 1323; x_wconf 91' lang='lat' dir='ltr'>de</span> <span class='ocrx_word' id='word_1_691' title='bbox 1362 1294 1446 1323; x_wconf 81' lang='lat' dir='ltr'>miffis</span> <span class='ocrx_word' id='word_1_692' title='bbox 1455 1296 1615 1324; x_wconf 88' lang='lat' dir='ltr'>Dominicis</span> <span class='ocrx_word' id='word_1_693' title='bbox 1628 1316 1635 1327; x_wconf 87' lang='lat'><em>,</em></span> <span class='ocrx_word' id='word_1_694' title='bbox 1647 1294 1752 1323; x_wconf 76' lang='lat' dir='ltr'>scilicet</span> <span class='ocrx_word' id='word_1_695' title='bbox 1766 1317 1773 1326; x_wconf 89' lang='lat'><em>,</em></span> 
     </span>
     <span class='ocr_line' id='line_1_68' title="bbox 978 1331 1774 1373; baseline -0.003 -10"><span class='ocrx_word' id='word_1_696' title='bbox 978 1346 991 1363; x_wconf 80' lang='lat' dir='ltr'>a</span> <span class='ocrx_word' id='word_1_697' title='bbox 1004 1337 1083 1373; x_wconf 84' lang='lat' dir='ltr'>Rege</span> <span class='ocrx_word' id='word_1_698' title='bbox 1092 1356 1100 1367; x_wconf 91' lang='lat'><em>‚</em></span> <span class='ocrx_word' id='word_1_699' title='bbox 1123 1344 1152 1363; x_wconf 86' lang='lat' dir='ltr'>ut</span> <span class='ocrx_word' id='word_1_700' title='bbox 1173 1344 1280 1363; x_wconf 86' lang='lat' dir='ltr'>textum</span> <span class='ocrx_word' id='word_1_701' title='bbox 1299 1335 1481 1363; x_wconf 83' lang='lat' dir='ltr'>consideranti</span> <span class='ocrx_word' id='word_1_702' title='bbox 1491 1336 1620 1373; x_wconf 66' lang='lat' dir='ltr'>patebit‘s</span> <span class='ocrx_word' id='word_1_703' title='bbox 1640 1345 1706 1373; x_wconf 90' lang='lat' dir='ltr'>quos</span> <span class='ocrx_word' id='word_1_704' title='bbox 1724 1331 1774 1364; x_wconf 68' lang='lat' dir='ltr'>iios</span> 
     </span>
     <span class='ocr_line' id='line_1_69' title="bbox 979 1375 1772 1413; baseline -0.003 -9"><span class='ocrx_word' id='word_1_705' title='bbox 979 1377 1071 1412; x_wconf 73' lang='lat' dir='ltr'>Regios</span> <span class='ocrx_word' id='word_1_706' title='bbox 1084 1376 1286 1412; x_wconf 78' lang='lat' dir='ltr'>Commtffarios</span> <span class='ocrx_word' id='word_1_707' title='bbox 1297 1376 1413 1404; x_wconf 77' lang='lat' dir='ltr'>dicimus</span> <span class='ocrx_word' id='word_1_708' title='bbox 1426 1396 1434 1408; x_wconf 94' lang='lat'><em>,</em></span> <span class='ocrx_word' id='word_1_709' title='bbox 1445 1386 1474 1404; x_wconf 88' lang='lat' dir='ltr'>ac</span> <span class='ocrx_word' id='word_1_710' title='bbox 1485 1376 1611 1413; x_wconf 72' lang='lat' dir='ltr'>probatur</span> <span class='ocrx_word' id='word_1_711' title='bbox 1620 1385 1653 1403; x_wconf 86' lang='lat' dir='ltr'>cx</span> <span class='ocrx_word' id='word_1_712' title='bbox 1665 1385 1688 1402; x_wconf 87' lang='lat' dir='ltr'>c.</span> <span class='ocrx_word' id='word_1_713' title='bbox 1706 1386 1728 1403; x_wconf 89' lang='lat' dir='ltr'>i.</span> <span class='ocrx_word' id='word_1_714' title='bbox 1738 1375 1772 1403; x_wconf 89' lang='lat' dir='ltr'>de</span> 
     </span>
     <span class='ocr_line' id='line_1_70' title="bbox 975 1415 1773 1454; baseline -0.001 -10"><span class='ocrx_word' id='word_1_715' title='bbox 975 1416 1113 1444; x_wconf 82' lang='lat' dir='ltr'>immunit.</span> <span class='ocrx_word' id='word_1_716' title='bbox 1126 1415 1155 1443; x_wconf 90' lang='lat' dir='ltr'>in</span> <span class='ocrx_word' id='word_1_717' title='bbox 1167 1416 1250 1445; x_wconf 83' lang='lat' dir='ltr'>Sexto</span> <span class='ocrx_word' id='word_1_718' title='bbox 1264 1417 1324 1447; x_wconf 83' lang='lat' dir='ltr'>‚nbi</span> <span class='ocrx_word' id='word_1_719' title='bbox 1335 1416 1459 1454; x_wconf 86' lang='lat' dir='ltr'>loquitur</span> <span class='ocrx_word' id='word_1_720' title='bbox 1470 1415 1503 1444; x_wconf 91' lang='lat' dir='ltr'>de</span> <span class='ocrx_word' id='word_1_721' title='bbox 1512 1415 1755 1445; x_wconf 78' lang='lat' dir='ltr'>communitatibus</span> <span class='ocrx_word' id='word_1_722' title='bbox 1766 1437 1773 1447; x_wconf 93' lang='lat'><em>,</em></span> 
     </span>
     <span class='ocr_line' id='line_1_71' title="bbox 977 1455 1774 1495; baseline -0.001 -11"><span class='ocrx_word' id='word_1_723' title='bbox 977 1460 1003 1484; x_wconf 70' lang='lat' dir='ltr'>i&amp;</span> <span class='ocrx_word' id='word_1_724' title='bbox 1015 1455 1209 1494; x_wconf 79' lang='lat' dir='ltr'>magistratibus</span> <span class='ocrx_word' id='word_1_725' title='bbox 1221 1477 1228 1488; x_wconf 90' lang='lat'><em>,</em></span> <span class='ocrx_word' id='word_1_726' title='bbox 1239 1456 1339 1485; x_wconf 84' lang='lat' dir='ltr'>deinde</span> <span class='ocrx_word' id='word_1_727' title='bbox 1349 1457 1382 1484; x_wconf 88' lang='lat' dir='ltr'>de</span> <span class='ocrx_word' id='word_1_728' title='bbox 1395 1456 1506 1493; x_wconf 84' lang='lat' dir='ltr'>singulis</span> <span class='ocrx_word' id='word_1_729' title='bbox 1518 1456 1711 1495; x_wconf 81' lang='lat' dir='ltr'>temporalibus</span> <span class='ocrx_word' id='word_1_730' title='bbox 1724 1456 1774 1483; x_wconf 77' lang='lat' dir='ltr'>do-</span> 
     </span>
     <span class='ocr_line' id='line_1_72' title="bbox 977 1496 1772 1534; baseline 0.001 -11"><span class='ocrx_word' id='word_1_731' title='bbox 977 1496 1057 1524; x_wconf 88' lang='lat' dir='ltr'>minis</span> <span class='ocrx_word' id='word_1_732' title='bbox 1070 1496 1099 1523; x_wconf 87' lang='lat' dir='ltr'>in</span> <span class='ocrx_word' id='word_1_733' title='bbox 1110 1496 1266 1534; x_wconf 81' lang='lat' dir='ltr'>particulari</span> <span class='ocrx_word' id='word_1_734' title='bbox 1276 1497 1330 1525; x_wconf 87' lang='lat' dir='ltr'>ait:</span> <span class='ocrx_word' id='word_1_735' title='bbox 1345 1497 1427 1531; x_wconf 84' lang='lat' dir='ltr'>[Sane</span> <span class='ocrx_word' id='word_1_736' title='bbox 1437 1496 1626 1528; x_wconf 65' lang='lat' dir='ltr'>,intelleximus</span> <span class='ocrx_word' id='word_1_737' title='bbox 1637 1517 1644 1528; x_wconf 85' lang='lat'><em>‚</em></span> <span class='ocrx_word' id='word_1_738' title='bbox 1656 1496 1731 1533; x_wconf 88' lang='lat' dir='ltr'>quod</span> <span class='ocrx_word' id='word_1_739' title='bbox 1742 1498 1772 1524; x_wconf 83' lang='lat' dir='ltr'>in</span> 
     </span>
     <span class='ocr_line' id='line_1_73' title="bbox 976 1535 1775 1575; baseline -0.004 -9"><span class='ocrx_word' id='word_1_740' title='bbox 976 1539 1077 1575; x_wconf 85' lang='lat' dir='ltr'>Regno</span> <span class='ocrx_word' id='word_1_741' title='bbox 1089 1538 1207 1565; x_wconf 74' lang='lat' dir='ltr'>Franciae</span> <span class='ocrx_word' id='word_1_742' title='bbox 1217 1537 1393 1565; x_wconf 65' lang='lat' dir='ltr'>Cominuniae</span> <span class='ocrx_word' id='word_1_743' title='bbox 1406 1557 1413 1568; x_wconf 92' lang='lat'><em>,</em></span> <span class='ocrx_word' id='word_1_744' title='bbox 1426 1536 1533 1565; x_wconf 82' lang='lat' dir='ltr'>Scabini</span> <span class='ocrx_word' id='word_1_745' title='bbox 1544 1558 1552 1569; x_wconf 87' lang='lat'><em>,</em></span> <span class='ocrx_word' id='word_1_746' title='bbox 1563 1535 1608 1564; x_wconf 85' lang='lat' dir='ltr'>seu</span> <span class='ocrx_word' id='word_1_747' title='bbox 1619 1535 1755 1564; x_wconf 79' lang='lat' dir='ltr'>Consules</span> <span class='ocrx_word' id='word_1_748' title='bbox 1767 1559 1775 1568; x_wconf 81' lang='lat'>‚</span> 
     </span>
     <span class='ocr_line' id='line_1_74' title="bbox 977 1577 1775 1616; baseline -0.003 -10"><span class='ocrx_word' id='word_1_749' title='bbox 977 1581 1003 1606; x_wconf 73' lang='grc' dir='ltr'>ἀ</span> <span class='ocrx_word' id='word_1_750' title='bbox 1017 1577 1064 1606; x_wconf 74' lang='lat' dir='ltr'>aiii</span> <span class='ocrx_word' id='word_1_751' title='bbox 1076 1577 1184 1605; x_wconf 89' lang='lat' dir='ltr'>domini</span> <span class='ocrx_word' id='word_1_752' title='bbox 1195 1579 1359 1616; x_wconf 79' lang='lat' dir='ltr'>temporales</span> <span class='ocrx_word' id='word_1_753' title='bbox 1370 1579 1445 1608; x_wconf 63' lang='grc' dir='ltr'>δία]</span> <span class='ocrx_word' id='word_1_754' title='bbox 1467 1577 1511 1605; x_wconf 90' lang='lat' dir='ltr'>ubi</span> <span class='ocrx_word' id='word_1_755' title='bbox 1523 1587 1634 1606; x_wconf 82' lang='lat' dir='ltr'>notatur</span> <span class='ocrx_word' id='word_1_756' title='bbox 1645 1577 1775 1614; x_wconf 85' lang='lat' dir='ltr'>particula</span> 
     </span>
    </p>
   </div>
   <div class='ocr_carea' id='block_1_6' title="bbox 971 1617 1775 1657">
    <p class='ocr_par' dir='ltr' id='par_1_13' title="bbox 971 1617 1775 1657">
     <span class='ocr_line' id='line_1_75' title="bbox 971 1617 1775 1657; baseline -0.001 -12"><span class='ocrx_word' id='word_1_757' title='bbox 971 1620 1022 1656; x_wconf 83' lang='lat' dir='ltr'>seu</span> <span class='ocrx_word' id='word_1_758' title='bbox 1035 1639 1042 1650; x_wconf 92' lang='lat'><em>‚</em></span> <span class='ocrx_word' id='word_1_759' title='bbox 1054 1621 1082 1646; x_wconf 73' lang='grc' dir='ltr'>ὃ(</span> <span class='ocrx_word' id='word_1_760' title='bbox 1094 1618 1173 1646; x_wconf 84' lang='lat' dir='ltr'>verba</span> <span class='ocrx_word' id='word_1_761' title='bbox 1183 1618 1237 1646; x_wconf 72' lang='lat' dir='ltr'>alii</span> <span class='ocrx_word' id='word_1_762' title='bbox 1247 1622 1362 1647; x_wconf 79' lang='lat' dir='ltr'>Domini</span> <span class='ocrx_word' id='word_1_763' title='bbox 1374 1639 1380 1650; x_wconf 86' lang='lat'><em>,</em></span> <span class='ocrx_word' id='word_1_764' title='bbox 1392 1627 1453 1657; x_wconf 81' lang='lat' dir='ltr'>quae</span> <span class='ocrx_word' id='word_1_765' title='bbox 1464 1617 1715 1646; x_wconf 80' lang='lat' dir='ltr'>denotantnotiori</span> <span class='ocrx_word' id='word_1_766' title='bbox 1726 1627 1775 1645; x_wconf 59' lang='lat' dir='ltr'>vo&lt;</span> 
     </span>
    </p>
   </div>
   <div class='ocr_carea' id='block_1_7' title="bbox 974 1656 1777 1818">
    <p class='ocr_par' dir='ltr' id='par_1_14' title="bbox 974 1656 1777 1818">
     <span class='ocr_line' id='line_1_76' title="bbox 977 1656 1775 1688; baseline -0.001 -3"><span class='ocrx_word' id='word_1_767' title='bbox 977 1659 1071 1686; x_wconf 82' lang='lat' dir='ltr'>cabulo</span> <span class='ocrx_word' id='word_1_768' title='bbox 1084 1657 1220 1687; x_wconf 83' lang='lat' dir='ltr'>Consules</span> <span class='ocrx_word' id='word_1_769' title='bbox 1231 1660 1305 1687; x_wconf 86' lang='lat' dir='ltr'>inter</span> <span class='ocrx_word' id='word_1_770' title='bbox 1316 1658 1455 1688; x_wconf 88' lang='lat' dir='ltr'>Dominos</span> <span class='ocrx_word' id='word_1_771' title='bbox 1465 1656 1574 1688; x_wconf 69' lang='lat' dir='ltr'>haberis</span> <span class='ocrx_word' id='word_1_772' title='bbox 1588 1656 1775 1687; x_wconf 71' lang='lat' dir='ltr'>Commissarii&#39;</span> 
     </span>
     <span class='ocr_line' id='line_1_77' title="bbox 975 1698 1773 1735; baseline -0.001 -9"><span class='ocrx_word' id='word_1_773' title='bbox 975 1709 1066 1727; x_wconf 84' lang='lat' dir='ltr'>autem</span> <span class='ocrx_word' id='word_1_774' title='bbox 1079 1720 1087 1732; x_wconf 89' lang='lat'><em>,</em></span> <span class='ocrx_word' id='word_1_775' title='bbox 1107 1699 1294 1728; x_wconf 82' lang='lat' dir='ltr'>&amp;Auditores</span> <span class='ocrx_word' id='word_1_776' title='bbox 1305 1699 1454 1729; x_wconf 81' lang='lat' dir='ltr'>Causarum</span> <span class='ocrx_word' id='word_1_777' title='bbox 1467 1719 1474 1731; x_wconf 86' lang='lat'><em>,</em></span> <span class='ocrx_word' id='word_1_778' title='bbox 1494 1702 1522 1727; x_wconf 74' lang='grc' dir='ltr'>ὃ(</span> <span class='ocrx_word' id='word_1_779' title='bbox 1537 1698 1640 1734; x_wconf 80' lang='lat' dir='ltr'>judices</span> <span class='ocrx_word' id='word_1_780' title='bbox 1652 1708 1710 1725; x_wconf 89' lang='lat' dir='ltr'>non</span> <span class='ocrx_word' id='word_1_781' title='bbox 1727 1707 1773 1735; x_wconf 84' lang='lat' dir='ltr'>ap-</span> 
     </span>
     <span class='ocr_line' id='line_1_78' title="bbox 974 1738 1777 1778; baseline -0.004 -10"><span class='ocrx_word' id='word_1_782' title='bbox 974 1740 1112 1778; x_wconf 88' lang='lat' dir='ltr'>pellantur</span> <span class='ocrx_word' id='word_1_783' title='bbox 1121 1743 1237 1769; x_wconf 73' lang='lat' dir='ltr'>Domi&#39;nc&#39;</span> <span class='ocrx_word' id='word_1_784' title='bbox 1249 1740 1419 1778; x_wconf 76' lang='lat' dir='ltr'>temporales.</span> <span class='ocrx_word' id='word_1_785' title='bbox 1432 1739 1511 1767; x_wconf 89' lang='lat' dir='ltr'>Idem</span> <span class='ocrx_word' id='word_1_786' title='bbox 1522 1739 1680 1767; x_wconf 82' lang='lat' dir='ltr'>vocabulum</span> <span class='ocrx_word' id='word_1_787' title='bbox 1691 1738 1777 1766; x_wconf 87' lang='lat' dir='ltr'>etiam</span> 
     </span>
     <span class='ocr_line' id='line_1_79' title="bbox 975 1779 1505 1818; baseline -0.002 -10"><span class='ocrx_word' id='word_1_788' title='bbox 975 1780 1088 1808; x_wconf 81' lang='lat' dir='ltr'>liabetur</span> <span class='ocrx_word' id='word_1_789' title='bbox 1100 1779 1130 1807; x_wconf 88' lang='lat' dir='ltr'>in</span> <span class='ocrx_word' id='word_1_790' title='bbox 1141 1779 1159 1806; x_wconf 87' lang='lat' dir='ltr'>l.</span> <span class='ocrx_word' id='word_1_791' title='bbox 1171 1780 1204 1808; x_wconf 91' lang='lat' dir='ltr'>de</span> <span class='ocrx_word' id='word_1_792' title='bbox 1218 1780 1273 1809; x_wconf 88' lang='lat' dir='ltr'>illis</span> <span class='ocrx_word' id='word_1_793' title='bbox 1283 1802 1291 1814; x_wconf 90' lang='lat'><em>‚</em></span> <span class='ocrx_word' id='word_1_794' title='bbox 1301 1781 1346 1809; x_wconf 84' lang='lat' dir='ltr'>tit.</span> <span class='ocrx_word' id='word_1_795' title='bbox 1358 1781 1391 1808; x_wconf 89' lang='lat' dir='ltr'>de</span> <span class='ocrx_word' id='word_1_796' title='bbox 1400 1780 1487 1818; x_wconf 84' lang='lat' dir='ltr'>culpis</span> <span class='ocrx_word' id='word_1_797' title='bbox 1497 1799 1505 1807; x_wconf 89' lang='lat'><strong>.</strong></span> 
     </span>
    </p>
   </div>
   <div class='ocr_carea' id='block_1_8' title="bbox 925 1818 1778 2103">
    <p class='ocr_par' dir='ltr' id='par_1_15' title="bbox 934 1818 1775 1854">
     <span class='ocr_line' id='line_1_80' title="bbox 934 1818 1775 1854; baseline -0.004 -4"><span class='ocrx_word' id='word_1_798' title='bbox 934 1822 1148 1852; x_wconf 75' lang='lat' dir='ltr'>SCACCARIUM,</span> <span class='ocrx_word' id='word_1_799' title='bbox 1169 1819 1320 1850; x_wconf 84' lang='lat' dir='ltr'>Thesaurus</span> <span class='ocrx_word' id='word_1_800' title='bbox 1340 1843 1347 1854; x_wconf 91' lang='lat'>,</span> <span class='ocrx_word' id='word_1_801' title='bbox 1369 1820 1512 1850; x_wconf 77' lang='lat' dir='ltr'>Arcarium</span> <span class='ocrx_word' id='word_1_802' title='bbox 1532 1841 1544 1852; x_wconf 72' lang='lat'><em>,</em></span> <span class='ocrx_word' id='word_1_803' title='bbox 1561 1818 1668 1848; x_wconf 82' lang='lat' dir='ltr'>fortass&#39;e</span> <span class='ocrx_word' id='word_1_804' title='bbox 1682 1828 1715 1847; x_wconf 83' lang='lat' dir='ltr'>ex</span> <span class='ocrx_word' id='word_1_805' title='bbox 1735 1818 1775 1847; x_wconf 87' lang='lat' dir='ltr'>sa-</span> 
     </span>
    </p>

    <p class='ocr_par' dir='ltr' id='par_1_16' title="bbox 925 1844 1778 1970">
     <span class='ocr_line' id='line_1_81' title="bbox 925 1844 1777 1900; baseline -0.001 -11"><span class='ocrx_word' id='word_1_806' title='bbox 925 1844 929 1891; x_wconf 84' lang='lat' dir='ltr'>l</span> <span class='ocrx_word' id='word_1_807' title='bbox 973 1862 1071 1889; x_wconf 83' lang='lat' dir='ltr'>xonica</span> <span class='ocrx_word' id='word_1_808' title='bbox 1089 1861 1153 1889; x_wconf 68' lang='lat' dir='ltr'>dist.</span> <span class='ocrx_word' id='word_1_809' title='bbox 1175 1872 1255 1894; x_wconf 78' lang='lat' dir='ltr'>nota,</span> <span class='ocrx_word' id='word_1_810' title='bbox 1268 1863 1455 1900; x_wconf 67' lang='lat' dir='ltr'>Erchecquers</span> <span class='ocrx_word' id='word_1_811' title='bbox 1474 1859 1520 1888; x_wconf 85' lang='lat' dir='ltr'>seu</span> <span class='ocrx_word' id='word_1_812' title='bbox 1542 1859 1702 1898; x_wconf 78' lang='lat' dir='ltr'>probabilius</span> <span class='ocrx_word' id='word_1_813' title='bbox 1718 1870 1777 1888; x_wconf 87' lang='lat' dir='ltr'>cor-</span> 
     </span>
     <span class='ocr_line' id='line_1_82' title="bbox 964 1900 1778 1940; baseline -0.001 -11"><span class='ocrx_word' id='word_1_814' title='bbox 964 1901 1109 1940; x_wconf 87' lang='lat' dir='ltr'>rigendum</span> <span class='ocrx_word' id='word_1_815' title='bbox 1128 1905 1290 1931; x_wconf 67' lang='lat' dir='ltr'>saccariam</span> <span class='ocrx_word' id='word_1_816' title='bbox 1317 1911 1346 1930; x_wconf 90' lang='lat' dir='ltr'>ut</span> <span class='ocrx_word' id='word_1_817' title='bbox 1371 1912 1402 1930; x_wconf 88' lang='lat' dir='ltr'>in</span> <span class='ocrx_word' id='word_1_818' title='bbox 1419 1901 1483 1930; x_wconf 68' lang='lat' dir='ltr'>di&amp;-</span> <span class='ocrx_word' id='word_1_819' title='bbox 1503 1903 1650 1930; x_wconf 73' lang='lat' dir='ltr'>Saccarius</span> <span class='ocrx_word' id='word_1_820' title='bbox 1676 1900 1778 1928; x_wconf 74' lang='grc' dir='ltr'>ἀίἂυιῐι</span> 
     </span>
     <span class='ocr_line' id='line_1_83' title="bbox 966 1941 1036 1970; baseline 0 0"><span class='ocrx_word' id='word_1_821' title='bbox 966 1941 1018 1970; x_wconf 79' lang='lat' dir='ltr'>fuit</span> <span class='ocrx_word' id='word_1_822' title='bbox 1029 1962 1036 1970; x_wconf 87' lang='lat'><strong>.</strong></span> 
     </span>
    </p>

    <p class='ocr_par' dir='ltr' id='par_1_17' title="bbox 930 1980 1768 2019">
     <span class='ocr_line' id='line_1_84' title="bbox 930 1980 1768 2019; baseline -0.002 -8"><span class='ocrx_word' id='word_1_823' title='bbox 930 1983 1077 2012; x_wconf 59' lang='lat' dir='ltr'>§camno</span> <span class='ocrx_word' id='word_1_824' title='bbox 1090 2004 1098 2015; x_wconf 87' lang='lat'><em>‚</em></span> <span class='ocrx_word' id='word_1_825' title='bbox 1108 1983 1242 2012; x_wconf 80' lang='lat' dir='ltr'>caducitas</span> <span class='ocrx_word' id='word_1_826' title='bbox 1253 1984 1385 2012; x_wconf 88' lang='lat' dir='ltr'>bonorum</span> <span class='ocrx_word' id='word_1_827' title='bbox 1393 1986 1454 2019; x_wconf 83' lang='lat' dir='ltr'>jure</span> <span class='ocrx_word' id='word_1_828' title='bbox 1466 1981 1576 2014; x_wconf 84' lang='lat' dir='ltr'>feudali,</span> <span class='ocrx_word' id='word_1_829' title='bbox 1587 1981 1642 2010; x_wconf 86' lang='lat' dir='ltr'>sive</span> <span class='ocrx_word' id='word_1_830' title='bbox 1650 1980 1768 2019; x_wconf 80' lang='lat' dir='ltr'>emphy-</span> 
     </span>
    </p>

    <p class='ocr_par' dir='ltr' id='par_1_18' title="bbox 973 2021 1776 2057">
     <span class='ocr_line' id='line_1_85' title="bbox 973 2021 1776 2057; baseline -0.001 -6"><span class='ocrx_word' id='word_1_831' title='bbox 973 2024 1079 2052; x_wconf 81' lang='lat' dir='ltr'>teutico</span> <span class='ocrx_word' id='word_1_832' title='bbox 1091 2046 1099 2057; x_wconf 91' lang='lat'><em>,</em></span> <span class='ocrx_word' id='word_1_833' title='bbox 1122 2024 1167 2052; x_wconf 86' lang='lat' dir='ltr'>vel</span> <span class='ocrx_word' id='word_1_834' title='bbox 1181 2024 1335 2052; x_wconf 86' lang='lat' dir='ltr'>livellatico</span> <span class='ocrx_word' id='word_1_835' title='bbox 1350 2045 1356 2056; x_wconf 90' lang='lat'><em>‚</em></span> <span class='ocrx_word' id='word_1_836' title='bbox 1379 2024 1413 2051; x_wconf 91' lang='lat' dir='ltr'>ob</span> <span class='ocrx_word' id='word_1_837' title='bbox 1425 2022 1562 2052; x_wconf 67' lang='lat' dir='ltr'>defestum</span> <span class='ocrx_word' id='word_1_838' title='bbox 1572 2023 1653 2052; x_wconf 74' lang='lat' dir='ltr'>lineae</span> <span class='ocrx_word' id='word_1_839' title='bbox 1665 2021 1776 2050; x_wconf 85' lang='lat' dir='ltr'>descen-</span> 
     </span>
    </p>

    <p class='ocr_par' dir='ltr' id='par_1_19' title="bbox 974 2061 1778 2103">
     <span class='ocr_line' id='line_1_86' title="bbox 974 2061 1778 2103; baseline -0.002 -11"><span class='ocrx_word' id='word_1_840' title='bbox 974 2064 1101 2092; x_wconf 87' lang='lat' dir='ltr'>dentium</span> <span class='ocrx_word' id='word_1_841' title='bbox 1115 2063 1264 2103; x_wconf 76' lang='lat' dir='ltr'>poss&#39;ess&#39;oris</span> <span class='ocrx_word' id='word_1_842' title='bbox 1276 2086 1284 2097; x_wconf 86' lang='lat'><em>,</em></span> <span class='ocrx_word' id='word_1_843' title='bbox 1295 2062 1340 2092; x_wconf 88' lang='lat' dir='ltr'>seu</span> <span class='ocrx_word' id='word_1_844' title='bbox 1352 2065 1386 2092; x_wconf 91' lang='lat' dir='ltr'>ob</span> <span class='ocrx_word' id='word_1_845' title='bbox 1400 2074 1457 2092; x_wconf 85' lang='lat' dir='ltr'>non</span> <span class='ocrx_word' id='word_1_846' title='bbox 1468 2063 1626 2101; x_wconf 79' lang='lat' dir='ltr'>adimpletas</span> <span class='ocrx_word' id='word_1_847' title='bbox 1638 2061 1778 2090; x_wconf 87' lang='lat' dir='ltr'>conditio-</span> 
     </span>
    </p>
   </div>
   <div class='ocr_carea' id='block_1_9' title="bbox 978 2102 1776 2262">
    <p class='ocr_par' dir='ltr' id='par_1_20' title="bbox 978 2102 1776 2262">
     <span class='ocr_line' id='line_1_87' title="bbox 978 2102 1776 2142; baseline -0.006 -9"><span class='ocrx_word' id='word_1_848' title='bbox 978 2115 1026 2133; x_wconf 86' lang='lat' dir='ltr'>nes</span> <span class='ocrx_word' id='word_1_849' title='bbox 1038 2106 1068 2133; x_wconf 88' lang='lat' dir='ltr'>in</span> <span class='ocrx_word' id='word_1_850' title='bbox 1079 2106 1219 2134; x_wconf 70' lang='lat' dir='ltr'>contractu</span> <span class='ocrx_word' id='word_1_851' title='bbox 1231 2103 1364 2142; x_wconf 75' lang='lat' dir='ltr'>express&#39;as</span> <span class='ocrx_word' id='word_1_852' title='bbox 1376 2126 1383 2137; x_wconf 90' lang='lat'><em>,</em></span> <span class='ocrx_word' id='word_1_853' title='bbox 1396 2105 1426 2132; x_wconf 92' lang='lat' dir='ltr'>in</span> <span class='ocrx_word' id='word_1_854' title='bbox 1437 2104 1561 2133; x_wconf 84' lang='lat' dir='ltr'>favorem</span> <span class='ocrx_word' id='word_1_855' title='bbox 1571 2102 1668 2132; x_wconf 71' lang='lat' dir='ltr'>direffi</span> <span class='ocrx_word' id='word_1_856' title='bbox 1680 2102 1776 2131; x_wconf 81' lang='lat' dir='ltr'>Domi-</span> 
     </span>
     <span class='ocr_line' id='line_1_88' title="bbox 978 2142 1774 2183; baseline -0.005 -11"><span class='ocrx_word' id='word_1_857' title='bbox 978 2155 1005 2173; x_wconf 89' lang='lat' dir='ltr'>ni</span> <span class='ocrx_word' id='word_1_858' title='bbox 1020 2144 1198 2183; x_wconf 68' lang='lat' dir='ltr'>proveniens.</span> <span class='ocrx_word' id='word_1_859' title='bbox 1212 2151 1224 2180; x_wconf 94' lang='lat'>[</span> <span class='ocrx_word' id='word_1_860' title='bbox 1236 2145 1370 2174; x_wconf 79' lang='lat' dir='ltr'>Similiter</span> <span class='ocrx_word' id='word_1_861' title='bbox 1381 2149 1407 2174; x_wconf 71' lang='grc' dir='ltr'>ὃ(</span> <span class='ocrx_word' id='word_1_862' title='bbox 1419 2154 1501 2173; x_wconf 83' lang='lat' dir='ltr'>terras</span> <span class='ocrx_word' id='word_1_863' title='bbox 1512 2166 1518 2177; x_wconf 87' lang='lat'><em>‚</em></span> <span class='ocrx_word' id='word_1_864' title='bbox 1531 2154 1593 2183; x_wconf 84' lang='lat' dir='ltr'>quas</span> <span class='ocrx_word' id='word_1_865' title='bbox 1603 2142 1774 2181; x_wconf 84' lang='lat' dir='ltr'>relinquunt,</span> 
     </span>
     <span class='ocr_line' id='line_1_89' title="bbox 980 2181 1776 2223; baseline -0.005 -10"><span class='ocrx_word' id='word_1_866' title='bbox 980 2186 1093 2223; x_wconf 75' lang='lat' dir='ltr'>quisine</span> <span class='ocrx_word' id='word_1_867' title='bbox 1104 2186 1258 2215; x_wconf 75' lang='lat' dir='ltr'>haeredibus</span> <span class='ocrx_word' id='word_1_868' title='bbox 1270 2186 1444 2218; x_wconf 81' lang='lat' dir='ltr'>moriuntur,</span> <span class='ocrx_word' id='word_1_869' title='bbox 1465 2195 1524 2223; x_wconf 77' lang='lat' dir='ltr'>quae</span> <span class='ocrx_word' id='word_1_870' title='bbox 1546 2185 1674 2212; x_wconf 88' lang='lat' dir='ltr'>dicuntur</span> <span class='ocrx_word' id='word_1_871' title='bbox 1690 2181 1776 2210; x_wconf 83' lang='lat' dir='ltr'>scadi-</span> 
     </span>
     <span class='ocr_line' id='line_1_90' title="bbox 981 2226 1556 2262; baseline 0.002 -9"><span class='ocrx_word' id='word_1_872' title='bbox 981 2235 1071 2254; x_wconf 86' lang='lat' dir='ltr'>tiones</span> <span class='ocrx_word' id='word_1_873' title='bbox 1084 2247 1091 2258; x_wconf 93' lang='lat'><em>‚</em></span> <span class='ocrx_word' id='word_1_874' title='bbox 1102 2227 1133 2255; x_wconf 87' lang='lat' dir='ltr'>in</span> <span class='ocrx_word' id='word_1_875' title='bbox 1141 2226 1253 2255; x_wconf 88' lang='lat' dir='ltr'>Chron.</span> <span class='ocrx_word' id='word_1_876' title='bbox 1263 2226 1363 2254; x_wconf 80' lang='lat' dir='ltr'>Calin.</span> <span class='ocrx_word' id='word_1_877' title='bbox 1374 2226 1420 2254; x_wconf 82' lang='lat' dir='ltr'>lib.</span> <span class='ocrx_word' id='word_1_878' title='bbox 1434 2238 1460 2262; x_wconf 88' lang='lat'>4.</span> <span class='ocrx_word' id='word_1_879' title='bbox 1471 2236 1495 2254; x_wconf 88' lang='lat' dir='ltr'>c.</span> <span class='ocrx_word' id='word_1_880' title='bbox 1505 2232 1556 2262; x_wconf 85' lang='lat'>96.</span> 
     </span>
    </p>
   </div>
   <div class='ocr_carea' id='block_1_10' title="bbox 127 2259 1777 2310">
    <p class='ocr_par' dir='ltr' id='par_1_21' title="bbox 127 2259 1777 2310">
     <span class='ocr_line' id='line_1_91' title="bbox 127 2259 1777 2310; baseline -0.006 -10"><span class='ocrx_word' id='word_1_881' title='bbox 127 2272 164 2300; x_wconf 92' lang='lat' dir='ltr'>do</span> <span class='ocrx_word' id='word_1_882' title='bbox 183 2270 287 2299; x_wconf 86' lang='lat' dir='ltr'>facilius</span> <span class='ocrx_word' id='word_1_883' title='bbox 305 2280 393 2298; x_wconf 85' lang='lat' dir='ltr'>textus</span> <span class='ocrx_word' id='word_1_884' title='bbox 411 2270 535 2300; x_wconf 75' lang='lat' dir='ltr'>historiae</span> <span class='ocrx_word' id='word_1_885' title='bbox 552 2270 709 2310; x_wconf 74' lang='lat' dir='ltr'>Fredegarii</span> <span class='ocrx_word' id='word_1_886' title='bbox 731 2269 924 2307; x_wconf 83' lang='lat' dir='ltr'>intelligitur,</span> <span class='ocrx_word' id='word_1_887' title='bbox 940 2268 1106 2296; x_wconf 55' lang='lat' dir='ltr'>Scammos</span> <span class='ocrx_word' id='word_1_888' title='bbox 1119 2288 1127 2301; x_wconf 92' lang='lat'><em>,</em></span> <span class='ocrx_word' id='word_1_889' title='bbox 1150 2266 1300 2296; x_wconf 79' lang='lat' dir='ltr'>’Iheatrum</span> <span class='ocrx_word' id='word_1_890' title='bbox 1317 2288 1325 2300; x_wconf 91' lang='lat'><em>,</em></span> <span class='ocrx_word' id='word_1_891' title='bbox 1345 2267 1494 2301; x_wconf 46' lang='lat' dir='ltr'>,tabulatum</span> <span class='ocrx_word' id='word_1_892' title='bbox 1514 2287 1522 2298; x_wconf 90' lang='lat'><em>‚</em></span> <span class='ocrx_word' id='word_1_893' title='bbox 1544 2261 1669 2293; x_wconf 57' lang='lat' dir='ltr'>conflatio</span> <span class='ocrx_word' id='word_1_894' title='bbox 1690 2259 1777 2290; x_wconf 82' lang='lat' dir='ltr'>scenis</span> 
     </span>
    </p>
   </div>
   <div class='ocr_carea' id='block_1_11' title="bbox 127 2308 925 2433">
    <p class='ocr_par' dir='ltr' id='par_1_22' title="bbox 127 2308 925 2433">
     <span class='ocr_line' id='line_1_92' title="bbox 127 2308 923 2350; baseline -0.006 -10"><span class='ocrx_word' id='word_1_895' title='bbox 127 2312 170 2340; x_wconf 80' lang='lat' dir='ltr'>ubi</span> <span class='ocrx_word' id='word_1_896' title='bbox 184 2312 238 2340; x_wconf 80' lang='lat' dir='ltr'>ait:</span> <span class='ocrx_word' id='word_1_897' title='bbox 254 2310 533 2346; x_wconf 58' lang='lat' dir='ltr'>[Extrahenvsaxum</span> <span class='ocrx_word' id='word_1_898' title='bbox 546 2333 554 2344; x_wconf 88' lang='lat'><em>‚</em></span> <span class='ocrx_word' id='word_1_899' title='bbox 574 2321 654 2350; x_wconf 76' lang='lat' dir='ltr'>caput</span> <span class='ocrx_word' id='word_1_900' title='bbox 663 2310 772 2339; x_wconf 85' lang='lat' dir='ltr'>Patritii</span> <span class='ocrx_word' id='word_1_901' title='bbox 784 2308 923 2339; x_wconf 80' lang='lat' dir='ltr'>Persarum</span> 
     </span>
     <span class='ocr_line' id='line_1_93' title="bbox 127 2349 925 2390; baseline -0.004 -11"><span class='ocrx_word' id='word_1_902' title='bbox 127 2352 288 2384; x_wconf 79' lang='lat' dir='ltr'>tmncavit]</span> <span class='ocrx_word' id='word_1_903' title='bbox 303 2351 349 2390; x_wconf 92' lang='lat' dir='ltr'>qui</span> <span class='ocrx_word' id='word_1_904' title='bbox 359 2361 462 2390; x_wconf 84' lang='lat' dir='ltr'>genere</span> <span class='ocrx_word' id='word_1_905' title='bbox 473 2350 624 2380; x_wconf 77' lang='lat' dir='ltr'>masculino</span> <span class='ocrx_word' id='word_1_906' title='bbox 638 2373 644 2384; x_wconf 86' lang='lat'><em>,</em></span> <span class='ocrx_word' id='word_1_907' title='bbox 668 2351 736 2379; x_wconf 89' lang='lat' dir='ltr'>idest</span> <span class='ocrx_word' id='word_1_908' title='bbox 748 2371 756 2383; x_wconf 84' lang='lat'><em>‚</em></span> <span class='ocrx_word' id='word_1_909' title='bbox 769 2351 859 2388; x_wconf 80' lang='lat' dir='ltr'>saxus</span> <span class='ocrx_word' id='word_1_910' title='bbox 871 2349 925 2377; x_wconf 86' lang='lat' dir='ltr'>uti-</span> 
     </span>
     <span class='ocr_line' id='line_1_94' title="bbox 128 2389 924 2433; baseline -0.004 -11"><span class='ocrx_word' id='word_1_911' title='bbox 128 2401 173 2422; x_wconf 75' lang='lat' dir='ltr'>tur</span> <span class='ocrx_word' id='word_1_912' title='bbox 182 2413 190 2428; x_wconf 91' lang='lat'><em>,</em></span> <span class='ocrx_word' id='word_1_913' title='bbox 202 2402 301 2433; x_wconf 79' lang='lat' dir='ltr'>nempe</span> <span class='ocrx_word' id='word_1_914' title='bbox 312 2393 436 2432; x_wconf 79' lang='lat' dir='ltr'>gladius:</span> <span class='ocrx_word' id='word_1_915' title='bbox 458 2392 531 2422; x_wconf 89' lang='lat' dir='ltr'>unde</span> <span class='ocrx_word' id='word_1_916' title='bbox 540 2392 626 2432; x_wconf 77' lang='lat' dir='ltr'>aliqui</span> <span class='ocrx_word' id='word_1_917' title='bbox 636 2390 763 2432; x_wconf 73' lang='lat' dir='ltr'>imperiti</span> <span class='ocrx_word' id='word_1_918' title='bbox 778 2389 858 2428; x_wconf 83' lang='lat' dir='ltr'>hujus</span> <span class='ocrx_word' id='word_1_919' title='bbox 877 2400 924 2420; x_wconf 91' lang='lat' dir='ltr'>vo-</span> 
     </span>
    </p>
   </div>
   <div class='ocr_carea' id='block_1_12' title="bbox 982 2301 1774 2453">
    <p class='ocr_par' dir='ltr' id='par_1_23' title="bbox 982 2301 1774 2453">
     <span class='ocr_line' id='line_1_95' title="bbox 982 2301 1774 2346; baseline -0.011 -9"><span class='ocrx_word' id='word_1_920' title='bbox 982 2307 1108 2345; x_wconf 77' lang='lat' dir='ltr'>imposita</span> <span class='ocrx_word' id='word_1_921' title='bbox 1122 2319 1129 2335; x_wconf 91' lang='grc'>.·</span> <span class='ocrx_word' id='word_1_922' title='bbox 1157 2313 1168 2343; x_wconf 92' lang='grc'>[</span> <span class='ocrx_word' id='word_1_923' title='bbox 1182 2308 1294 2337; x_wconf 65' lang='lat' dir='ltr'>Erectus</span> <span class='ocrx_word' id='word_1_924' title='bbox 1305 2307 1357 2336; x_wconf 81' lang='lat' dir='ltr'>fuit</span> <span class='ocrx_word' id='word_1_925' title='bbox 1367 2307 1480 2346; x_wconf 82' lang='lat' dir='ltr'>quidem</span> <span class='ocrx_word' id='word_1_926' title='bbox 1502 2303 1630 2334; x_wconf 68' lang='lat' dir='ltr'>scafaldus</span> <span class='ocrx_word' id='word_1_927' title='bbox 1641 2301 1756 2344; x_wconf 85' lang='lat' dir='ltr'>cortinis</span> <span class='ocrx_word' id='word_1_928' title='bbox 1766 2323 1774 2336; x_wconf 89' lang='lat'><em>,</em></span> 
     </span>
     <span class='ocr_line' id='line_1_96' title="bbox 982 2341 1774 2387; baseline -0.014 -6"><span class='ocrx_word' id='word_1_929' title='bbox 982 2348 1081 2385; x_wconf 64' lang='lat' dir='ltr'>t-‘tpetis</span> <span class='ocrx_word' id='word_1_930' title='bbox 1090 2369 1098 2380; x_wconf 85' lang='lat'><em>‚</em></span> <span class='ocrx_word' id='word_1_931' title='bbox 1110 2351 1136 2377; x_wconf 78' lang='grc' dir='ltr'>ὅ(</span> <span class='ocrx_word' id='word_1_932' title='bbox 1149 2348 1245 2387; x_wconf 83' lang='lat' dir='ltr'>pannis</span> <span class='ocrx_word' id='word_1_933' title='bbox 1258 2348 1338 2377; x_wconf 86' lang='lat' dir='ltr'>variis</span> <span class='ocrx_word' id='word_1_934' title='bbox 1350 2357 1461 2377; x_wconf 80' lang='lat' dir='ltr'>ornatus</span> <span class='ocrx_word' id='word_1_935' title='bbox 1472 2366 1479 2374; x_wconf 84' lang='lat'><strong>.</strong></span> <span class='ocrx_word' id='word_1_936' title='bbox 1499 2347 1534 2375; x_wconf 88' lang='lat' dir='ltr'>In</span> <span class='ocrx_word' id='word_1_937' title='bbox 1546 2343 1603 2374; x_wconf 77' lang='lat' dir='ltr'>vita</span> <span class='ocrx_word' id='word_1_938' title='bbox 1612 2343 1637 2371; x_wconf 85' lang='lat' dir='ltr'>S.</span> <span class='ocrx_word' id='word_1_939' title='bbox 1651 2341 1774 2372; x_wconf 76' lang='lat' dir='ltr'>Bertillae</span> 
     </span>
     <span class='ocr_line' id='line_1_97' title="bbox 984 2388 1721 2453; baseline -0.023 -33"><span class='ocrx_word' id='word_1_940' title='bbox 984 2388 1112 2427; x_wconf 81' lang='lat' dir='ltr'>Virginis</span> <span class='ocrx_word' id='word_1_941' title='bbox 1122 2409 1129 2418; x_wconf 87' lang='lat'>.</span> <span class='ocrx_word' id='word_1_942' title='bbox 1662 2421 1698 2453; x_wconf 68' lang='lat' dir='ltr'>ST</span> <span class='ocrx_word' id='word_1_943' title='bbox 1709 2431 1721 2451; x_wconf 34' lang='lat' dir='ltr'>S</span> 
     </span>
    </p>
   </div>
  </div>
 </body>
</html>
