1866 2526
153 66 234 105 606
518 61 549 103 S'
578 62 619 102 C

95 129 192 158 Setun
197 129 302 160 mxu-xit,
311 129 369 149 erat
379 128 494 150 examen
501 119 773 150 Catecliumenorum
784 115 815 146 in
824 125 929 154 tempo-

132 172 162 191 xe
172 161 396 201 quadragesimali
404 162 473 189 circa
484 171 525 189 res
536 160 601 190 fidei
611 182 620 193 ,
639 168 668 188 ut
679 160 856 197 explorarent
866 156 930 185 fidei

138 202 299 242 professores
307 222 318 239 ,
332 212 368 230 an
377 201 484 230 fuissent
493 201 539 230 illi
550 200 644 230 idonei
653 198 885 237 adrecipiendum
893 195 931 224 sa·
946 209 950 213 ·

1297 58 1400 100 SC

988 113 1029 144 dis
1043 135 1050 147 ,
1069 115 1103 143 de
1114 114 1310 153 qziibusGlofl'a
1322 120 1351 148 in
1361 125 1420 154 cap.
1433 125 1494 145 cum
1515 116 1651 156 expediat.
1671 119 1732 148 cod.
1744 119 1793 149 tit.

990 165 1022 184 in
1032 154 1093 184 sex.
1111 158 1156 185 De
1165 167 1216 195 qua
1233 159 1347 189 materia
1357 168 1442 197 nuper
1461 157 1628 188 uberrimum
1645 161 1787 189 tractatum

990 196 1145 235 composuit
1156 197 1303 226 Pass'erinus
1313 218 1321 225 .

137 253 213 273 crum
221 243 399 272 iavacrumin
410 241 539 280 proximo
549 242 662 270 Sabbato
671 238 856 277 Sanst0,quod
864 237 933 265 seru·
952 237 1097 266 Scnurum
1108 258 1116 265 .
1139 240 1196 267 FR-
1205 249 1245 267 res
1256 260 1264 272 ‚
1283 249 1344 277 quae
1354 250 1465 279 propter
1472 240 1534 270 usus
1551 240 1788 270 consumationem

137 285 241 313 tinium
261 294 310 322 per
320 282 425 321 septem
437 283 510 311 vices
523 282 619 310 fiebat:
640 280 713 309 unde
723 281 839 309 Albinus
849 279 882 306 de
892 277 934 306 di-

137 326 198 354 vin.
208 324 253 353 off.
265 335 287 352 c.
306 335 351 359 19.
362 324 400 351 ita
410 323 519 362 inquit:
535 328 546 357 [
559 325 660 360 Neque
667 321 719 349 hoc
729 319 914 348 omittendum
926 339 933 349 ,

139 366 216 403 quod
235 364 356 394 Romani
369 365 395 392 in
401 364 438 392 fra
448 363 678 402 quadragesimam
696 360 741 389 sex
752 360 881 389 scrutinia
892 369 935 387 cc-

138 408 246 434 lebrant
255 428 262 438 ,
274 409 301 434 ὅ(
312 404 396 433 hodie
407 404 568 442 septimum:
582 404 614 430 in
625 403 678 430 isto
685 401 844 438 septenario
853 400 935 428 intel·

139 447 264 485 liguntur
282 447 353 474 dona
374 445 465 474 Sentii
485 443 600 481 Spiritus
610 444 639 470 in
661 442 827 480 Baptismate
838 441 897 469 data
907 441 935 470 .]

141 488 264 516 Primum
272 486 406 525 siquidem
416 507 424 517 ‚
445 495 471 512 ac
483 483 631 512 secundum
649 482 816 511 scrutinium
824 481 938 509 celebra-

139 527 256 557 batunin
273 527 338 556 feria
351 528 406 554 IV.
422 525 571 554 &sabbato
593 524 682 552 terriae
701 521 938 562 quadragesimalis

138 568 323 598 hebdomadae.
334 566 460 596 Tertium
471 576 539 594 vero
549 585 559 601 ,
568 574 748 603 quartumque
758 565 839 592 etiam
854 564 882 590 in
894 560 938 589 iis-

139 611 203 639 dem
215 610 306 638 diebus
318 617 423 646 quartae
440 605 618 635 hebdomadae
638 605 776 644 sequentis
786 627 793 637 ,
815 603 889 642 quod
898 601 938 630 so-

137 651 265 683 lemnius,
276 648 491 687 &principalius
501 656 556 675 erat
566 657 574 676 3
586 655 666 685 atquc
677 646 828 683 appellatur
840 654 887 682 per
896 653 940 671 an-

140 691 319 720 tonomasiam
332 690 361 717 in
370 688 481 718 Ordine
494 690 624 716 Romano
635 684 940 722 Fercafcmtaijdeo

141 742 230 760 totum
242 733 355 761 Sacrum
377 729 451 757 illius
463 728 518 756 diei
529 728 562 756 ad
571 726 795 756 Catechumenos
808 725 941 753 directum

141 773 310 812 intelligitur
320 793 327 804 ‚
352 780 412 799 nam
424 769 586 807 incipiendo
597 769 628 796 ab
640 768 779 798 Introitu,
793 766 827 794 de
839 766 896 794 illis
907 765 939 793 fi-

141 813 292 852 gnificatur
304 812 331 839 in
342 812 430 840 verbis
443 811 538 845 [Cum
548 808 728 837 sanctificatus
740 807 817 835 suero
833 828 840 839 ,
858 806 943 834 effun-

141 855 203 883 dam
213 853 293 892 super
303 863 351 882 vos
371 861 467 889 aquam
480 849 608 878 mundam
619 853 670 878 &c.
684 851 694 880 ]
720 849 755 876 In
765 847 863 875 eodem
873 847 942 885 pari<

145 903 189 924 ter
196 894 274 923 sensu
286 893 408 931 Epistola
419 891 520 929 legitur
532 912 537 923 ‚
548 901 577 918 ac
586 890 683 918 clarius
694 888 877 926 Evangelium
889 907 896 918 ‚
912 887 943 914 in

141 946 196 974 quo
208 935 322 964 habetur
341 934 408 962 caeci
419 930 644 960 natimimculum
661 930 691 957 in
703 929 849 958 Natatoria
869 927 943 957 Siloe

143 976 233 1005 visum
245 975 404 1014 recipientis
417 995 424 1006 ,
447 972 522 1010 quod
531 971 687 1007 symbolum
698 979 791 998 revera
802 967 943 997 Catccliu-

144 1017 221 1045 meni
230 1017 267 1045 est
277 1038 285 1049 ,
297 1017 344 1054 qui
355 1014 524 1053 spiritualem
536 1013 669 1042 visionem
680 1012 708 1039 in
717 1009 792 1039 [tcto
801 1008 943 1047 baptisma-

142 1057 177 1085 tis
191 1059 267 1085 fonte
278 1057 398 1094 recipere
407 1055 488 1083 debet
500 1075 507 1087 ‚
527 1063 557 1081 ut
568 1052 597 1081 in
606 1051 722 1080 homilia
732 1050 811 1087 hujus
823 1050 879 1078 diei
902 1048 943 1077 sci-

146 1109 179 1126 tis
191 1098 311 1136 explicat
322 1098 360 1126 D.
372 1095 542 1133 Augustinus
553 1114 560 1121 .
579 1093 715 1130 Quintum
725 1100 812 1119 autem
823 1112 831 1123 ,
842 1094 870 1119 ὃ(
882 1089 944 1118 sex-

145 1149 203 1167 tum
212 1138 372 1167 scrutinium
384 1137 585 1165 convocabatur
595 1135 624 1161 in
635 1133 729 1161 iisdem
740 1132 833 1160 diebus
844 1152 852 1164 ,
865 1130 946 1169 quin—

144 1189 179 1208 tae
190 1189 283 1208 tamen
295 1177 472 1207 hebdomadis
482 1197 489 1203 .
510 1175 653 1204 Ultimum
662 1173 771 1202 tandem
783 1172 880 1200 eratin
890 1172 944 1199 IV.

145 1219 215 1248 ferm
232 1220 314 1248 sextae
336 1217 532 1249 hebdomadis,
553 1225 604 1253 pro
621 1214 716 1253 quibus
735 1211 946 1241 examinibusin

992 277 1133 322 diminuto
1144 279 1236 316 pretio
1246 280 1377 309 venditur
1388 292 1393 308 :
1413 282 1485 311 unde
1495 286 1656 311 Scrutarius
1669 282 1770 311 dicitur
1782 303 1790 314 ‚

993 328 1040 356 qui
1052 329 1093 347 res
1103 318 1151 347 usu
1160 319 1335 358 consumptas
1343 322 1444 350 vendit
1455 342 1462 349 .
1471 323 1530 351 Alii
1541 332 1632 351 tamen
1643 324 1790 360 nonscru-

992 367 1054 387 mm
1066 381 1074 392 ‚
1087 359 1239 397 sedscruta
1249 362 1424 398 ‚scrutariam
1438 362 1593 391 declinant.
1606 370 1617 398 [
1629 367 1691 392 Erat
1702 373 1793 392 autem

996 400 1102 446 pondus
1119 401 1175 429 :iuri
1186 422 1195 433 ‚
1214 402 1289 439 quod.
1307 401 1465 430 afferebatur
1483 403 1624 432 Salomoni
1646 414 1693 442 per
1705 414 1792 432 annos

995 441 1117 479 ungulos
1129 440 1321 470 sexcentorum
1331 442 1471 482 sexaginta
1481 443 1527 471 sex
1539 445 1705 472 talentorum
1716 445 1770 472 auri
1781 465 1791 476 ,

997 491 1115 524 excepto
1124 492 1157 510 eo
1168 503 1175 514 ‚
1190 483 1265 520 quod
1277 482 1421 512 afferebant
1434 484 1504 517 viri,
1527 483 1573 522 qui
1585 483 1662 521 super
1674 485 1796 523 veffiga-

998 522 1033 549 lm
1041 532 1130 555 erant,
1141 526 1169 551 δ(
1180 523 1379 562 negotiatores,
1391 524 1564 563 universique
1574 523 1660 551 scruta
1669 526 1794 553 venden<

999 571 1055 606 test,
1067 566 1176 607 3.Reg.
1186 574 1208 591 c.
1224 575 1266 593 10.
1279 566 1291 595 ]
1304 564 1385 593 Idem
1394 566 1477 594 etiam
1489 564 1611 596 habetur,
1624 575 1649 592 ι.
1662 564 1794 604 Esdr.c.3.

999 603 1089 646 ubibsic
1098 605 1207 647 inquit:
1233 605 1318 640 [Post
1331 615 1393 634 eum
1412 605 1562 634 aedificavit
1581 603 1715 633 Melchias
1725 606 1796 634 filius

999 644 1116 672 aurificis
1127 644 1209 689 usque
1221 646 1253 673 ad
1263 646 1375 673 domum
1387 646 1601 675 Nathinaeorum
1614 667 1622 677 ,
1642 649 1669 673 δε
1678 644 1798 674 scrutum

1000 684 1183 713 vendentium
1203 695 1300 714 contra
1318 696 1426 724 portam
1445 687 1624 723 judicialem]
1648 686 1801 719 Dionvfius

1001 724 1151 753 (hatthus.
1172 726 1240 769 iii-3.
1250 729 1322 765 Reg.
1334 738 1356 755 c.
1374 739 1382 755 1
1391 738 1418 755 0.
1428 738 1478 756 art.
1498 740 1506 756 i
1515 726 1633 765 &scuta
1644 726 1711 765 legit
1723 747 1731 758 ‚
1753 725 1800 753 sed

999 764 1138 809 excusatur
1147 776 1161 794 a
1173 767 1293 795 Nicolao
1305 768 1427 796 Serrario
1438 789 1445 800 ,
1457 768 1487 796 in
1502 779 1529 806 3.
1540 771 1611 806 Reg.
1622 771 1649 795 δε
1665 778 1673 795 1
1686 777 1707 794 ι.
1718 768 1799 795 Para-

1001 806 1101 844 lipom.
1112 816 1134 833 c.
1150 818 1192 834 10.
1211 805 1255 834 his
1265 808 1352 836 verbis
1364 820 1370 835 ι
1397 814 1409 843 [
1421 809 1547 846 Duplicis
1556 807 1666 847 generis
1677 807 1802 846 negotia-

1001 855 1075 874 tores
1087 855 1228 889 ponuntur
1238 868 1246 879 ,
1257 850 1382 889 majores,
1394 853 1422 877 ὃ(
1433 849 1563 881 minores,
1577 848 1623 887 qui
1631 846 1720 875 scruta
1732 858 1802 875 ven-

1000 887 1097 915 dentes
1110 907 1117 918 ,
1129 887 1215 919 idest,
1237 889 1399 917 minutiores
1410 900 1510 918 merces
1521 911 1528 922 ,
1547 899 1611 928 quas
1620 887 1804 916 minutiffime

1002 926 1156 971 scrutentur
1167 947 1174 954 .
1192 929 1332 966 Legerunt
1354 931 1484 958 nonnulli
1494 929 1567 957 scuta
1578 950 1586 961 ,
1609 929 1685 966 quod
1694 927 1802 957 hebraea

1002 978 1058 996 vox
1070 971 1139 996 ieri-e
1151 969 1240 1005 potest
1253 980 1259 998 ;
1273 971 1394 998 correfta
1406 979 1499 999 tamen
1511 971 1599 998 Biblia
1610 989 1619 1000 ‚
1641 967 1728 996 strum
1737 969 1804 996 reti-

1003 1018 1142 1039 nuerunt5
1162 1019 1218 1047 quo
1238 1010 1353 1037 nomine
1375 1020 1513 1049 tamquam
1522 1009 1662 1039 communi
1674 1030 1680 1040 ,
1704 1018 1804 1037 merces

1006 1059 1102 1093 omues
1118 1059 1201 1078 etiam
1222 1049 1424 1088 prenoflffimas
1440 1062 1454 1080 a
1473 1052 1577 1080 Latinis
1597 1049 1715 1086 exprimi
1727 1049 1805 1080 testis

1003 1090 1040 1117 est
1054 1091 1245 1125 Hieronymus
1255 1112 1262 1123 ,
1274 1102 1296 1118 c.
1311 1103 1355 1125 27.
1367 1093 1493 1130 Jercmiae
1505 1112 1512 1120 .
1525 1095 1537 1124 ]
1550 1094 1612 1120 Hoc
1624 1099 1714 1118 tamen
1726 1100 1806 1118 voca-
1846 1094 1848 1096 ’

1003 1131 1095 1159 bulum
1104 1131 1211 1159 Caelius
1233 1130 1412 1170 Rhodiginus
1423 1155 1430 1166 ‚
1450 1133 1496 1161 lib.
1514 1143 1556 1161 10.
1567 1132 1655 1170 antiq.
1667 1140 1690 1157 c.
1703 1136 1730 1158 6.
1743 1141 1806 1159 vei·-

1004 1172 1067 1199 bum
1085 1172 1176 1199 Serum
1186 1193 1193 1204 ‚
1216 1182 1292 1209 putat
1311 1173 1466 1211 fignificat-e
1477 1173 1571 1202 omnia
1582 1193 1590 1205 ‚
1613 1180 1672 1211 quae
1684 1181 1745 1199 cum
1757 1171 1806 1199 usu

1003 1215 1057 1247 jam
1068 1212 1231 1240 deteriorata
1242 1213 1294 1241 sint
1305 1235 1313 1246 ‚
1334 1215 1424 1251 pretio
1435 1215 1571 1243 diminuta
1580 1212 1725 1242 censentur
1736 1233 1743 1239 .

143 1261 263 1298 qualibet
274 1259 440 1298 przetedenti
452 1257 603 1287 Dominica
615 1254 786 1284 invitabatur
805 1250 945 1281 universus
963 1254 1077 1282 semei
1088 1272 1095 1279 .
1119 1254 1175 1281 FR.
1186 1253 1283 1281 mulera
1293 1255 1446 1291 pecuniaria
1463 1265 1514 1293 pro
1528 1251 1718 1282 inobedientia
1730 1252 1807 1281 mili-

147 1301 271 1330 fidelium
283 1301 397 1338 populus
406 1300 452 1328 sub
462 1298 511 1327 hac
523 1297 609 1325 forma
622 1297 775 1325 verborum:
791 1300 802 1328 [
815 1292 945 1323 scrutinii

1003 1293 1054 1320 tari
1065 1314 1073 1324 ,
1086 1293 1103 1320 l.
1117 1293 1136 1322 fi
1147 1293 1206 1330 quis
1218 1294 1246 1321 in
1259 1295 1381 1322 exercitu
1393 1317 1399 1327 ,
1412 1296 1446 1324 de
1457 1294 1648 1324 exercitalibus
1658 1315 1666 1322 .

144 1343 217 1371 diem
231 1340 399 1370 dilechffimi
412 1341 505 1368 stati-es
515 1360 522 1370 ,
545 1348 600 1375 quo
611 1337 690 1366 electi
704 1335 792 1363 nostri
809 1333 944 1362 divinitus
963 1335 1107 1362 SCULDAis
1120 1353 1127 1360 .
1152 1333 1225 1361 Vide
1234 1335 1408 1371 sculdascio.

146 1383 313 1411 instruantur
324 1403 331 1415 ‚
342 1382 489 1410 imminere
501 1378 661 1417 cognoscite
674 1389 681 1409 ς
698 1376 819 1413 ideoque
828 1373 948 1402 sollicita.
962 1374 1169 1405 Scurnnsmo‘,
1188 1375 1362 1411 Sculdizssms
1375 1397 1383 1408 ‚
1401 1375 1593 1412 &Salmasius
1603 1395 1611 1407 ‚
1631 1373 1720 1411 Judcx
1734 1372 1802 1402 inse.

147 1423 300 1452 devotione
317 1421 442 1460 sequenti
453 1429 547 1459 quarta
570 1419 636 1447 feria
646 1418 714 1446 circa
728 1417 826 1444 horam
846 1423 945 1442 nonam

122 1476 123 1479 ¹
145 1463 298 1492 convenire
318 1463 494 1501 dignemini,
513 1471 543 1488 ut
563 1459 669 1488 exile-ste
688 1456 849 1493 mysterium
863 1476 871 1487 ,
891 1464 946 1492 quo

146 1505 279 1533 Diabolus
288 1514 348 1532 cum
359 1503 403 1532 sua
415 1512 516 1541 pompa
526 1501 677 1530 destruetur
686 1521 694 1532 ‚
709 1500 825 1535 &janua
833 1495 947 1524 caelestis

149 1545 378 1584 rcgniaperietur
388 1566 395 1577 ,
415 1542 579 1580 inculpabili
588 1538 742 1568 ministerio
761 1546 890 1577 peragere
901 1545 950 1563 va—

150 1587 251 1614 leamus
263 1606 270 1613 .
293 1586 376 1623 Apud
394 1584 577 1615 Durandum,
599 1581 647 1610 lib.
661 1588 687 1609 6.
709 1590 732 1608 c.
746 1580 814 1614 56.]
834 1576 950 1605 Itemin

148 1627 258 1655 Sabbato
275 1636 336 1654 :inre
348 1625 525 1654 Dominicam
538 1624 687 1662 palmarum
708 1620 863 1648 tradebatur
874 1616 947 1652 syni—

150 1668 245 1696 bolum
251 1666 470 1696 Catechumenis
479 1688 486 1699 ‚
509 1669 536 1693 ὅ(
547 1665 610 1692 ideo
621 1662 674 1690 hoc
687 1661 830 1690 Sabbatum
839 1659 870 1686 in
881 1661 949 1686 Am-

150 1709 276 1736 brofiano
295 1708 350 1736 ritu
361 1708 513 1735 Sabbatum
527 1709 557 1732 in
578 1700 851 1740 traditionesymboli
863 1699 950 1727 deno-

149 1749 272 1777 minatur
280 1770 288 1780 ,
309 1759 341 1776 nt
350 1749 380 1776 in
391 1758 426 1775 eo
435 1743 700 1777 Breviariofliabetur
711 1764 718 1770 .
743 1740 904 1779 Aliquando
913 1749 949 1766 ta-

147 1799 213 1817 men
224 1789 337 1817 nominc
347 1788 481 1817 Sci-utinii
491 1785 677 1823 interrogatio
687 1784 735 1811 illa
744 1803 752 1815 ,
763 1792 823 1820 qux
834 1780 865 1808 fit
877 1791 889 1808 a
900 1781 949 1808 Pa-

150 1829 238 1858 rocho
248 1829 350 1867 sponlis
361 1829 394 1857 ad
408 1828 578 1867 eXigendum
589 1835 684 1854 eorum
693 1832 817 1852 mutuum
835 1820 951 1849 consen—

1003 1414 1063 1441 rior
1073 1433 1080 1441 .
1101 1414 1201 1442 Nullus
1212 1414 1339 1443 Mai-chio
1349 1437 1357 1448 ‚
1367 1417 1470 1444 Comes
1481 1437 1488 1448 ,
1503 1417 1664 1444 Vicccomes
1676 1436 1682 1446 ‚
1694 1414 1803 1442 Sculda-

1003 1455 1053 1483 sius
1064 1474 1071 1486 ,
1081 1454 1127 1498 ¹vel
1138 1455 1255 1492 quilibet
1267 1466 1299 1483 cx
1312 1457 1453 1488 judiciaria
1466 1456 1595 1494 potestate
1608 1476 1615 1487 ,
1635 1456 1666 1483 in
1677 1455 1751 1483 Bulla
1762 1455 1808 1483 O·

1006 1495 1175 1532 (honisImp.
1186 1496 1257 1533 apud
1266 1498 1365 1524 Baron.
1376 1506 1473 1532 tom.9.
1485 1495 1590 1526 annaL]
1602 1497 1676 1530 cujus
1689 1504 1806 1529 etymon

1006 1546 1019 1564 a
1031 1545 1099 1578 voce
1107 1536 1260 1573 germanica
1271 1538 1406 1575 provenit
1417 1558 1424 1569 ‚
1436 1540 1463 1565 ἃ
1474 1535 1556 1573 usque
1568 1535 1601 1563 ad
1611 1533 1729 1572 praesens
1739 1536 1809 1563 Hel·
1836 1542 1850 1547 ²

1007 1585 1066 1605 veti
1088 1577 1214 1604 Sculdais
1227 1578 1367 1614 appellant
1385 1577 1491 1605 suarum
1512 1575 1681 1614 Rerumpub.
1703 1575 1807 1603 Prima—

1007 1628 1045 1645 tes
1058 1636 1065 1644 .
1079 1618 1136 1644 FR.
1149 1617 1178 1644 in
1189 1617 1303 1645 diveriis
1313 1617 1382 1646 locis
1390 1617 1476 1646 dehis
1487 1617 1625 1645 vocabulis
1635 1614 1788 1645 sculdascio
1800 1637 1809 1648 ,

1006 1661 1034 1686 ἃ
1046 1656 1211 1685 sculdascius
1230 1662 1257 1686 δ(
1268 1659 1414 1687 Sculdasius
1432 1657 1464 1686 fit
1475 1658 1581 1686 mentio
1591 1678 1599 1688 ,
1623 1666 1686 1694 puta
1696 1655 1725 1682 in
1735 1656 1754 1683 l.
1774 1656 1810 1684 de

1008 1699 1094 1727 Servo
1107 1697 1247 1736 fugitivo,
1267 1699 1302 1727 de
1313 1699 1391 1727 furtis
1404 1719 1412 1727 .
1431 1699 1579 1727 Rectorem
1591 1697 1646 1724 loci
1656 1695 1809 1735 significare

1008 1739 1046 1768 ait
1057 1737 1131 1767 Hist.
1151 1740 1452 1777 Longobai·.,Adnotat.
1475 1739 1519 1767 lib.
1532 1745 1558 1768 6.
1568 1748 1590 1765 c.
1604 1748 1650 1772 ²4·
1674 1747 1702 1764 ac
1712 1735 1809 1772 paffim

1011 1780 1040 1808 in
1050 1788 1118 1807 tom.
1131 1791 1156 1808 z.
1167 1781 1267 1808 Bullar.
1280 1780 1519 1809 Casinen.Const.
1536 1789 1581 1816 23.
1592 1788 1637 1812 47.
1648 1788 1662 1809 7
1671 1781 1695 1805 8.
1710 1780 1809 1812 8691.

1011 1827 1061 1857 96.
1071 1824 1100 1849 ὃ(
1110 1820 1212 1848 ibidem
1220 1822 1346 1858 [carium
1361 1819 1596 1858 appellatconstit.
1611 1829 1619 1845 ι
1629 1829 1675 1852 24.

148 1870 207 1899 sum
228 1870 259 1898 in
280 1871 457 1898 Sacramento
476 1867 648 1896 matrimonii
668 1863 854 1901 intelligitur.
876 1861 952 1889 Hinc
969 1861 1109 1892 Scurra,
1133 1861 1301 1898 speculator.
1322 1863 1404 1896 [Vos
1413 1861 1472 1888 loca
1491 1860 1588 1899 ipfius,
1607 1866 1739 1896 quantum
1761 1866 1811 1884 vos

154 1913 197 1949 Jo:
213 1910 365 1939 Monachus
378 1912 410 1939 in
428 1911 491 1939 Vim
503 1908 632 1937 Gauffridi
642 1907 726 1935 Ducis
737 1905 777 1933 ait
800 1902 952 1938 [Traditur
971 1911 973 1913 ’

151 1953 243 1990 itaque
263 1952 359 1989 nuptui
372 1951 446 1982 filim
468 1951 498 1979 fit
509 1950 539 1977 :ib
549 1947 687 1987 Episcopo
698 1943 787 1975 mutui
806 1942 953 1971 consensus

151 1991 312 2020 scrutinium
323 2013 329 2020 .
342 1995 354 2024 ]
378 1994 437 2021 FR.
447 1991 521 2021 Vide
533 1989 696 2018 Giosstimin
714 1997 771 2025 cap.
785 1985 847 2016 2„§.
858 1983 954 2012 scruti-

1012 1901 1152 1930 Dominus
1169 1903 1308 1937 juvaverit
1319 1924 1326 1935 ,
1346 1901 1502 1940 depraedate
1512 1924 1518 1934 ,
1538 1909 1582 1928 aut
1603 1907 1676 1926 certe
1695 1897 1790 1925 scultas
1803 1917 1810 1929 ,

1012 1952 1079 1980 quos
1088 1941 1333 1975 mittitis,s0llicite
1343 1942 1496 1981 requirant.
1504 1944 1592 1979 Greg.
1601 1939 1631 1967 in
1641 1938 1754 1977 Regist.
1763 1937 1810 1965 hb„

1017 1994 1025 2010 1
1035 1994 1060 2011 2.
1070 1993 1093 2011 c.
1105 1994 1119 2011 2
1124 1993 1137 2019 3
1144 2003 1152 2010 .

154 2043 230 2061 nium
242 2054 250 2065 ,
269 2033 315 2061 lib.
328 2044 353 2071 3.
367 2033 411 2061 tit.
425 2044 471 2064 27.
481 2031 610 2061 decretal.
628 2032 776 2059 Caeterum
791 2024 952 2055 scrutinium
971 2024 1090 2052 Serrium
1101 2045 1109 2057 ,
1123 2023 1288 2052 cucurbiculct
1300 2024 1472 2062 pneumatica
1484 2044 1492 2056 ,
1513 2033 1565 2061 qua
1575 2019 1751 2050 attrahuntur
1761 2017 1811 2046 hu-

157 2074 240 2101 tribus
251 2074 340 2102 modis
350 2075 483 2102 canonice
496 2072 684 2110 intelligitur5
708 2069 799 2108 primo
809 2063 955 2097 Catechis-
971 2086 973 2089 ,

154 2114 210 2146 ¹1¹1,
221 2114 254 2141 de
264 2124 318 2151 quo
327 2114 406 2152 supra
418 2136 425 2147 ,
435 2115 503 2143 &in
513 2123 573 2141 can.
583 2121 645 2140 ante
655 2108 818 2149 baptismum
828 2130 836 2142 ‚
858 2110 885 2134 ὅ(
896 2104 954 2143 seq.

154 2155 189 2183 de
200 2153 347 2183 consecrat.
356 2155 419 2183 dist.
433 2166 460 2190 4.
471 2153 595 2183 Secundo
606 2152 774 2190 intelligitur
785 2150 820 2178 de
831 2148 862 2176 iis
874 2169 882 2180 ‚
907 2146 954 2184 qui

155 2195 330 2223 examinandi
349 2195 412 2223 sunt
429 2196 461 2223 ab
481 2194 618 2233 Episcopo
627 2193 660 2221 ad
676 2191 860 2229 suscipiendos
879 2188 955 2216 ordi-

155 2246 204 2264 nes
214 2257 221 2268 2
231 2236 302 2263 utin
311 2236 385 2264 titnl.
400 2247 408 2264 1
418 2248 443 2264 ι.
453 2237 499 2264 lib.
516 2247 524 2263 i
532 2255 539 2262 .
549 2234 677 2263 decretal.
688 2232 784 2261 Tertio
796 2240 844 2269 per
854 2229 952 2256 scruti-

156 2276 233 2304 nium
243 2276 412 2314 intelligitur
422 2277 599 2304 voluntatum
609 2273 753 2312 inquisitio
763 2273 794 2299 in
809 2269 953 2299 electioni-

155 2318 200 2344 bus
213 2316 354 2349 faciendis,
366 2327 425 2355 quae
439 2316 469 2343 fit
481 2315 597 2348 secreto,
608 2326 638 2344 ut
648 2316 677 2342 in
687 2324 747 2352 cap.
756 2312 818 2350 quia
830 2319 956 2349 proprer,

156 2357 204 2384 lib.
222 2369 247 2384 ι,
262 2357 388 2386 decretal.
402 2357 449 2384 tit.
461 2363 487 2385 6.
500 2360 526 2385 ὃς
537 2366 596 2395 cap.
608 2356 639 2384 in
648 2353 827 2383 electionibus
836 2373 844 2384 ,
866 2351 911 2378 tit.
922 2350 955 2379 de

158 2397 294 2427 elec‘tione
307 2419 314 2432 ‚
335 2401 363 2428 ὅ(
373 2397 603 2436 σ1εξὶιροεε1ὶ,ὶη
611 2395 691 2426 sexto
702 2406 708 2422 :
719 2398 747 2424 δε
759 2392 790 2422 fit
799 2393 882 2423 tribus
893 2401 951 2419 mo-

1012 2074 1101 2092 mores
1111 2066 1232 2102 corporis
1243 2065 1320 2103 supra
1329 2075 1419 2093 cutem
1429 2074 1490 2092 cum
1501 2063 1596 2101 stuppa
1605 2060 1713 2090 accensa
1724 2058 1811 2097 appli-

1011 2114 1088 2138 cata,
1100 2107 1199 2134 Romae
1211 2110 1299 2143 Coppa
1308 2118 1326 2134 a
1336 2114 1419 2134 vento
1430 2105 1602 2143 appellatur.
1617 2108 1629 2137 [
1645 2104 1810 2138 Frequenter

1012 2147 1129 2178 evenit,
1140 2155 1171 2173 ut
1181 2146 1231 2174 uni
1241 2147 1362 2175 membro
1374 2156 1422 2184 per
1430 2146 1504 2173 :thud
1514 2144 1669 2172 medeamur
1682 2162 1689 2168 .
1701 2140 1811 2169 Dolent

1012 2197 1098 2224 aures,
1110 2191 1136 2215 &
1148 2185 1256 2226 scaphae
1264 2187 1385 2216 humeris
1397 2195 1576 2225 apponuntur
1585 2182 1741 2212 „Delictum
1750 2190 1813 2207 cor-

1013 2227 1055 2257 dis
1072 2229 1150 2256 fletus
1176 2229 1251 2257 oculi
1270 2238 1384 2267 purgat,
1405 2226 1529 2265 peccavit
1546 2233 1636 2253 manus
1647 2243 1653 2252 ,
1676 2224 1705 2248 δε·
1722 2220 1812 2257 pec'tus

1013 2268 1215 2302 contunditur,
1227 2270 1406 2307 deliquerunt
1416 2267 1560 2306 genitalia,
1573 2269 1599 2292 δι
1610 2260 1719 2290 dorsum
1731 2261 1813 2298 poni-

1013 2318 1056 2337 tur
1066 2309 1102 2337 ad'
1109 2310 1216 2349 flagella
1228 2331 1239 2338 .
1248 2312 1342 2338 Petrus
1353 2307 1486 2338 Blescnfis
1494 2328 1502 2339 ,
1518 2304 1597 2343 epist·
1608 2314 1654 2338 74·
1667 2304 1678 2333 ]
1691 2305 1731 2330 Ex
1746 2311 1814 2339 gric—

1013 2360 1042 2377 ca
1061 2359 1130 2378 voce
1147 2349 1228 2390 κέφῃς
1257 2351 1329 2380 unde
1347 2349 1444 2387 Cupha
1462 2344 1632 2375 scribendum
1652 2343 1690 2372 est
1701 2363 1709 2369 .
1740 2341 1816 2369 Vide

1015 2391 1110 2427 Cupha
1121 2409 1128 2418 .

1699 2424 1774 2453 δευ·ο
