1866 2526
147 67 223 104 '590
507 54 536 96 S
604 59 638 98 A

130 108 257 140 scientiae
265 111 368 141 flumen
380 121 385 139 ι
407 112 485 144 ]Sed
493 114 586 152 quales
606 112 669 142 libri
678 120 778 151 praetei·
797 109 879 140 sacrae
889 111 934 140 Bi-

129 151 193 180 bliae
206 150 319 190 possunt
338 163 367 181 re
381 163 443 182 vera
453 154 508 183 dici
518 153 660 194 sapientiae
671 153 732 181 fons
742 174 749 185 ,
772 155 800 180 ὃς
810 150 934 180 scientiae

130 193 252 222 flumen?
272 193 383 222 Deinde
403 194 422 223 fi
433 195 574 224 Dominus
585 202 748 234 praeceperat
766 217 772 225 ,
789 201 818 220 ut
830 194 935 231 populo

133 232 215 262 Esdra
224 233 274 263 hos
284 234 368 262 libros
381 235 486 264 tradere
497 235 642 268 debuisset,
653 232 795 273 quomodo
804 233 935 272 incogni-

134 273 155 301 ti
165 284 307 303 remanere
317 275 469 304 debuissent
478 298 486 309 ‚
496 286 527 305 ut
537 286 593 305 tam
604 274 737 304 mirabilia
747 274 826 303 Picus
834 275 914 309 jaciet
926 295 934 308 ‚

129 317 157 342 ὃ(
166 308 286 354 prir'num
296 325 466 354 repertorem
476 317 629 350 Cabalae,ac
643 316 776 344 librorum
785 313 898 342 istorum
909 313 936 342 se

132 354 209 384 faciat
219 360 228 385 ?
238 355 362 384 Videant
373 357 480 390 melius,
494 361 520 386 ἃ
533 356 712 386 confiderent
727 354 823 387 Periti,
836 366 863 383 ac
874 356 936 384 Bel-

129 395 275 424 larminum
287 418 294 429 ,
314 400 341 425 ὃς
353 398 440 426 Labbex
454 397 596 426 consulant
606 398 639 425 de
649 395 831 436 Scriptoribus
842 396 935 424 Eccle-

129 435 238 465 fiasticis
249 437 278 466 in
287 438 331 475 Jo.
344 439 438 466 Picum
451 465 457 470 A

88 475 257 507 SAECULARXS
268 498 275 505 .
288 479 360 506 Vide
369 482 454 507 Lm‘m
462 490 470 506 5
482 500 489 510 ,
499 480 622 516 Plebejus
634 498 641 507 .

87 517 257 548 secamus
269 521 425 548 Pousns
439 539 447 547 .
460 519 533 547 Vide
548 519 778 557 Exterapotestas
788 537 795 545 .

86 558 265 588 §acuimus
279 581 286 592 ,
298 558 476 597 sequestratus
487 581 495 593 ‚
505 564 533 589 ὅ(
544 559 678 598 separatus
688 570 701 588 a
712 559 821 592 saeculo,
831 569 860 587 ac
870 560 934 588 Deo

128 599 240 628 dicatus.
254 605 265 634 [
277 602 301 628 A
314 599 438 629 fratribus
449 601 487 629 est
498 601 616 630 dulciter
625 601 688 629 Deo
698 599 833 628 saeculata.
844 601 879 628 In
890 601 932 629 vi-

127 649 153 668 ta
162 641 187 669 S.
197 639 351 669 Genovefae
366 660 373 668 .

86 680 297 709 SAECULAMTAS
309 701 316 708 .
328 680 402 709 Vide
412 683 581 711 Secularitas
591 695 600 710 ῑ

85 721 257 750 SAEPEFATUS
269 743 277 754 ,
288 721 457 759 sxpedistus.
471 729 481 758 [
495 726 528 751 Et
538 722 674 761 quidquid
686 723 759 750 inter
770 721 928 759 praediftuin

127 763 266 800 joannem
287 762 378 790 virum
399 763 592 802 magnificum,
614 762 808 801 &sepefatum
820 761 930 800 Episco-

127 811 191 840 pum
201 823 207 829 .
218 803 244 831 S.
255 805 341 842 Greg.
354 803 399 831 lib.
416 815 437 832 1.
450 815 508 842 cap.
521 811 568 842 36.

85 843 404 876 Sacamumsacculus:
424 845 509 873 Paleis
522 855 589 872 vero
601 843 695 873 lectuli
714 843 906 872 ineventilaiis
919 865 925 876 ,

127 884 217 911 multo
229 894 353 922 tempore
365 906 373 917 ,
384 885 489 923 vilique
499 885 603 923 sagello
613 884 767 913 constriffis
780 906 787 917 ‚
801 884 927 922 pelliceo.

129 933 182 962 que
192 923 363 962 superposito
374 925 547 964 conquievit.
559 927 593 954 In
606 925 661 954 vita
671 926 827 963 S.Eugendi
841 925 923 957 Abb.]

130 966 243 1003 proprie
253 966 427 994 culcitrulam
436 967 608 995 stramineam
625 966 759 1005 significat
769 986 776 993 .

83 1005 205 1034 sicem
218 1026 225 1033 .
237 1007 292 1035 FR.
305 1005 483 1044 piscatorium
494 1017 568 1038 rete5
592 1006 638 1034 sed
649 1017 707 1035 non
715 1017 798 1035 omne
810 1015 870 1034 rete
882 1006 924 1035 in-

124 1046 264 1084 telligitur
277 1058 282 1073 :
302 1046 448 1084 piscatores
459 1048 533 1076 enim
551 1046 659 1076 diversa
670 1047 804 1076 retiorum
824 1057 924 1086 genera

129 1085 231 1115 habent
241 1107 248 1119 ,
260 1097 287 1115 ac
298 1085 397 1126 sagena
407 1089 444 1117 est
455 1098 513 1116 rete
523 1087 636 1117 densum
649 1110 656 1122 ‚
671 1089 744 1127 quod
754 1088 850 1116 littora
862 1098 921 1117 ver-

124 1127 162 1154 rit
173 1148 180 1158 ,
201 1131 228 1156 &
239 1129 311 1166 capit
322 1129 458 1167 quidquid
467 1130 530 1158 boui
544 1151 551 1162 ,
574 1133 601 1157 Β(
612 1130 677 1157 mali
698 1128 723 1157 ei
735 1129 854 1157 occurrit
864 1150 871 1162 ,
895 1133 921 1157 ὃς

125 1166 275 1205 piscatores
294 1168 323 1196 in
345 1169 477 1208 aliquibus
496 1170 583 1198 Italiae
605 1171 671 1198 locis
689 1176 845 1199 Tartareae
877 1181 922 1208 ap-

122 1208 229 1246 pellant
238 1229 245 1236 .
264 1210 376 1238 Dicitur
396 1220 486 1239 autem
496 1212 600 1249 Sagena
618 1221 651 1238 ex
678 1220 770 1249 graeco
791 1211 922 1239 vocabulo

122 1247 230 1285 eaylw'n
240 1270 246 1280 ,
257 1249 325 1278 idest
337 1272 343 1282 ‚
354 1250 434 1290 scopa
445 1273 452 1285 ‚
464 1252 632 1281 verriculum
644 1274 649 1283 ,
663 1262 675 1279 a
689 1262 760 1279 mare
774 1252 920 1282 verrend05

125 1288 190 1317 ideo
200 1288 327 1318 Christus
340 1292 368 1319 in
379 1294 535 1331 Evangelio
546 1293 600 1320 ait:
627 1298 637 1326 [
649 1292 744 1320 Simile
756 1292 793 1320 est
805 1302 920 1330 regnum

120 1330 270 1358 Coelorum
280 1329 384 1369 sageuae
397 1332 480 1361 miss'ae
493 1333 522 1361 in
534 1332 601 1360 mari
611 1343 643 1361 ex
663 1333 740 1361 omni
751 1342 855 1369 genere
877 1334 921 1372 pi-

123 1368 209 1398 scium
218 1381 299 1410 congr
308 1373 401 1410 eganti
414 1394 421 1406 ‚
439 1383 519 1412 qnam
532 1383 593 1401 cuni
605 1373 718 1411 impleta
727 1372 790 1402 ess'ct
802 1394 809 1404 ,
829 1373 919 1412 elege-

123 1420 189 1438 runt
204 1412 291 1440 bonos
312 1413 341 1440 in
354 1412 412 1441 vasa
424 1435 430 1446 ,
450 1416 535 1443 malos
555 1423 644 1441 autem
665 1413 732 1442 foras
743 1412 892 1444 miseranti
907 1417 917 1446 ]

123 1451 188 1489 quia
198 1450 287 1480 secum
297 1452 382 1482 trahit
392 1464 475 1483 omne
487 1455 514 1483 id
526 1476 533 1487 ,
545 1455 618 1493 quod
629 1455 713 1488 boni,
726 1457 752 1483 δε
766 1454 829 1483 mali
841 1454 919 1483 inve-

124 1492 168 1519 nit
178 1492 206 1519 in
218 1493 286 1520 mari
298 1513 304 1520 .
320 1494 392 1523 Vide
402 1496 568 1523 Vertebalum
580 1516 587 1522 .

81 1530 176 1560 SAc-ziA
187 1554 194 1565 ‚
209 1533 283 1562 lanea
295 1535 349 1562 tela
361 1557 369 1568 ‚
381 1545 440 1573 quae
452 1537 549 1564 Italice
560 1541 625 1572 Sizja
640 1536 750 1564 dicitur.
764 1535 838 1564 Vide
849 1539 917 1574 Cap-

118 1581 155 1610 pa
165 1584 173 1603 Ἰ·
184 1575 228 1602 ubi
239 1574 273 1603 de
284 1574 396 1604 Nicolai
406 1578 483 1614 Papae
496 1578 554 1606 ΙΙΙ.
565 1576 738 1605 conceffione
752 1577 843 1615 agitur
853 1597 859 1604 .

83 1613 236 1643 Snenznuo
247 1637 255 1648 ‚
268 1617 311 1644 vel
322 1617 457 1645 Sachbaro
467 1639 475 1651 ‚
496 1618 586 1656 Judex
598 1618 691 1646 litium
701 1640 708 1652 ‚
728 1621 754 1646 δε
765 1616 918 1645 cansarum:

125 1664 187 1683 narn
199 1656 336 1684 Saxonum
348 1667 403 1686 vox
416 1664 465 1695 Sag
477 1679 483 1690 ‚
506 1659 562 1687 five
572 1659 642 1687 Such
652 1680 660 1691 ,
680 1660 757 1688 litem
768 1658 900 1697 fignificat
912 1670 916 1685 :

123 1695 215 1734 itaque
224 1696 409 1735 supradietum
419 1709 519 1727 nomen
530 1701 666 1729 Bai-onem
675 1698 812 1729 causarum
822 1720 829 1731 ‚
840 1698 918 1732 idest,

121 1736 250 1765 civilium
260 1737 350 1766 litium
362 1740 487 1777 Judicem
497 1739 612 1769 denotat
623 1762 630 1772 ,
643 1743 669 1767 δ(
683 1742 711 1768 in
721 1739 853 1777 aliquibus
865 1742 918 1769 Ita-

120 1776 165 1805 ΗΞ
178 1777 330 1816 Rebuspub.
350 1784 444 1809 Saccio
453 1802 461 1813 ‚
481 1784 508 1809 ὃ(
520 1784 613 1818 Saggc'a
633 1781 735 1809 dicitur
745 1801 752 1812 ,
775 1780 842 1808 idest
854 1802 860 1812 ‚
880 1779 916 1808 sa-

121 1817 200 1855 piens
213 1840 221 1851 ,
234 1829 263 1847 ac
275 1820 394 1857 prudens
404 1843 411 1853 ,
424 1832 456 1849 ex
467 1831 500 1849 eo
511 1823 574 1859 quia
585 1821 614 1848 in
625 1820 845 1859 Jnrisprudentia
857 1832 903 1849 ver

120 1857 192 1887 satus
202 1859 234 1887 fit
247 1879 254 1887 .
266 1860 360 1890 Gloss'a
371 1871 458 1890 autem
468 1862 497 1889 in
508 1863 568 1900 lege
576 1861 655 1890 salica
667 1862 700 1890 sic
710 1863 838 1899 explicat:
852 1863 915 1897 [Sa-

123 1897 268 1937 gi'ba'rones
286 1901 415 1931 dicuntur
434 1903 506 1941 quasi
516 1904 661 1931 Senatores
670 1923 678 1930 .
704 1908 715 1938 [
726 1901 835 1931 Gallice
853 1913 920 1932 vero

121 1945 240 1970 Homnes
251 1943 283 1970 de
292 1943 331 1977 loy
343 1964 351 1975 ,
364 1954 396 1972 ou
408 1944 439 1971 de
452 1944 544 1980 causes
556 1944 659 1972 dicitur
668 1963 675 1970 .

78 1979 212 2010 S'Aoimnu
224 2004 232 2015 ,
245 1983 326 2021 adeps
357 1984 499 2022 pinguedo
509 2005 516 2011 .
536 1987 635 2013 Romze
657 1994 746 2013 autem
764 1983 844 2022 adipe
864 1995 919 2013 non

118 2022 298 2053 condiebatur
309 2022 477 2053 esculentum
489 2025 519 2053 in
531 2025 576 2053 die
588 2026 631 2053 SS.
643 2025 841 2054 Innocentium
854 2047 861 2058 ‚
873 2035 920 2053 nec

118 2064 310 2093 comedebatur
318 2075 381 2094 caro
390 2075 504 2104 propter
513 2066 736 2101 moestitiam.[1n
747 2066 798 2094 isto
807 2066 852 2094 die
864 2069 917 2095 Ro?

119 2105 194 2131 mani
206 2115 262 2132 non
273 2107 422 2135 comedunt
434 2117 544 2135 carnem
555 2129 563 2139 ,
583 2117 632 2135 nec
645 2106 771 2146 sagimen
783 2127 792 2142 ,
812 2107 863 2136 nisi
874 2117 920 2134 ve-

122 2145 196 2172 niret
219 2145 246 2172 in
255 2146 406 2175 Dominica
414 2168 423 2174 .
442 2148 604 2177 Benedictus
617 2148 695 2176 Bafil.
715 2146 854 2176 Vaticana:
867 2149 920 2176 Ca-

991 112 1037 138 tur
1045 130 1052 139 .
1074 110 1177 140 Bullar.
1193 111 1288 142 Cafin.
1305 123 1376 143 tom.
1388 125 1413 143 2.
1433 113 1521 143 const.
1545 125 1555 143 1
1563 119 1608 148 87·
1628 125 1705 146 nuni.
1723 116 1753 148 6⁴.

947 151 1157 180 SA611·TAK1us
1168 171 1177 180 .
1200 153 1274 182 Vide
1294 157 1428 194 Arquitis
1439 176 1446 183 .

947 191 1116 220 SAoMAiuus
1126 213 1133 225 ,
1145 190 1292 221 sarcinatus
1301 195 1411 231 bajulus,
1421 206 1477 225 vox
1485 196 1697 237 barbaro-graeca
1708 209 1783 236 σαγ-

987 230 1083 270 waiprat-
1091 253 1100 265 ‚
1111 233 1174 270 quia
1182 230 1288 271 σάγμκ
1295 244 1375 271 onus,
1384 240 1413 265 &
1420 235 1552 266 sarcinam
1561 238 1705 269 fimificar:
1719 244 1732 274 [
1745 242 1780 268 Et

988 281 1103 310 repente
1111 272 1257 311 sagmarius
1266 283 1314 312 per
1324 276 1427 305 montis
1436 277 1540 309 devexa
1549 280 1781 309 collabitur.Peti-.

987 313 1138 342 Damianus
1147 313 1178 342 in
1188 314 1244 344 vita
1253 315 1345 344 Sanc‘ti
1354 317 1490 347 Odilonis
1499 340 1508 352 ‚
1520 330 1577 359 cap.
1593 323 1706 359 13.⁴]=In
1717 320 1779 358 qui-

988 352 1098 382 busdam
1117 354 1200 383 vestis
1209 356 1236 384 C
1238 357 1456 386 aeremonialibus
1469 361 1509 388 M.
1520 360 1547 388 S.
1566 362 1719 390 Salmurius
1732 370 1780 389 ne-

987 394 1052 422 dum
1063 395 1215 433 appellatur
1224 398 1377 431 jumentum
1388 419 1396 431 ,
1409 399 1483 436 quod
1493 399 1544 428 fei-t
1553 412 1630 432 onus3
1641 401 1688 430 sed
1698 402 1781 430 etiam

989 435 1079 463 Mulio
1096 467 1097 470 Ἴ
1113 435 1159 473 qui
1171 437 1263 465 oneris
1271 448 1361 466 curam
1370 440 1443 477 gerit
1453 459 1460 466 .
1471 441 1506 468 Iu
1516 440 1633 480 antiquis
1644 443 1725 470 etiam
1736 441 1780 470 in-

987 475 1143 504 strumentis
1153 487 1221 514 onus
1230 499 1238 511 ‚
1250 481 1278 506 ὃ(
1287 477 1390 507 sarcina
1400 479 1494 508 Salma
1504 480 1617 515 dicitur,
1626 493 1685 521 quae
1697 482 1782 510 etiam

989 516 1088 545 Italice
1096 522 1176 545 Sama
1186 539 1194 550 ,
1205 521 1232 546 δ(
1242 520 1337 548 salma
1348 529 1460 548 vocatur
1470 531 1478 550 ς
1488 519 1537 548 sed
1548 521 1577 549 in
1587 531 1700 561 utraque
1712 523 1781 551 Sici-

987 556 1024 585 lia
1034 562 1113 586 Sama
1130 557 1268 586 aridorum
1287 559 1439 588 mensuram
1458 560 1591 594 denotat,
1614 559 1672 600 quae
1685 563 1782 592 modio

986 597 1202 637 correspondets
1223 610 1285 627 nain
1295 601 1390 629 Salma
1402 601 1505 629 dicitur
1518 623 1525 634 ,
1544 601 1608 641 quia
1619 603 1657 631 est
1664 610 1782 643 'propor-

987 638 1092 667 tionata
1099 641 1226 675 jumento
1236 640 1340 669 sarcina.
1348 661 1355 668 .
1380 642 1453 670 Vide
1462 647 1567 671 Sauma
1577 662 1584 670 ·

946 678 1052 707 Smcro
1062 701 1070 712 ,
1080 679 1193 708 verbum
1204 701 1210 713 ,
1220 691 1324 720 occupo
1338 704 1345 714 ‚
1359 681 1448 711 afl'alio
1458 703 1464 709 .
1489 685 1547 718 [In
1559 683 1624 711 vico
1634 683 1781 712 Cariorum

985 719 1142 748 sancierunt
1151 740 1158 748 .
1171 722 1224 749 Ivo
1235 722 1352 750 Car-not.
1364 723 1444 760 epist.
1461 734 1492 752 12
1502 735 1524 751 1.
1538 725 1550 756 ]
1562 734 1576 752 a
1586 725 1669 753 verbo
1679 725 1781 763 gallico

984 760 1068 797 &ufir
1080 782 1086 792 ,
1097 771 1153 799 quo
1164 761 1266 799 paffiva
1275 763 1479 801 significatione
1491 765 1639 793 Innocent.
1651 766 1708 794 111.
1726 765 1781 796 ιιῐὶ,Ι

985 809 1030 828 tur
1042 812 1048 828 :
1061 801 1189 839 inquiens
1200 814 1206 830 :
1220 808 1232 836 [
1246 803 1328 837 Quod
1339 804 1400 837 alia,
1410 814 1491 842 quam
1504 805 1602 843 regalia
1612 804 1700 834 saiciri
1711 804 1783 833 fece-

983 850 1047 868 runt
1057 862 1065 874 ,
1077 842 1122 869 lib.
1135 852 1162 878 3.
1174 843 1251 879 epist.
1264 845 1303 873 8.]
1317 845 1466 873 Invenitur
1475 855 1605 882 praeterea
1615 855 1719 874 nomen
1730 850 1782 874 Sa-'

981 884 1076 915 icina,
1095 880 1139 910 seu
1151 892 1179 910 ut
1188 882 1234 910 alii
1245 883 1470 922 leguntSetfina,
1496 886 1559 924 quia
1568 885 1713 915 assaliendo
1734 896 1780 924 ap-

981 923 1200 960 propinquatur,
1214 933 1246 950 ex
1259 924 1362 962 gallico
1371 925 1484 953 nomine
1493 926 1589 963 Secfine
1599 937 1607 957 ς
1619 927 1691 955 unde
1701 927 1775 965 Saffi-

979 973 1012 990 no
1023 983 1030 995 ‚
1050 967 1076 991 ὃ(
1087 963 1217 1001 Affaffino
1229 965 1326 993 Italice
1335 986 1343 998 ,
1366 966 1470 995 viarum
1482 966 1608 994 craffitor
1619 988 1626 1000 ,
1649 967 1705 996 five
1717 966 1779 996 aflli-

979 1003 1048 1031 liens
1071 1004 1192 1032 dicitur.

940 1042 1011 1076 Suo
1022 1065 1030 1077 ,
1045 1044 1179 1072 Carnifex
1189 1065 1196 1072 .
1222 1046 1304 1081 [Sajo
1314 1067 1322 1078 ‚
1342 1056 1469 1085 poenaton
1480 1069 1487 1080 ,
1502 1057 1602 1075 tortor.
1614 1047 1702 1079 Ifid.]
1726 1059 1781 1087 quo

983 1085 1115 1113 vocabulo
1135 1084 1206 1123 saepe
1216 1085 1393 1116 Calliodorus
1412 1089 1500 1116 utitur
1510 1109 1517 1116 .
1542 1089 1603 1117 Alii
1622 1099 1689 1117 vero
1700 1094 1779 1126 Sagio

978 1125 1074 1154 dicunt
1082 1136 1116 1155 ex
1127 1135 1194 1155 voce
1203 1132 1284 1164 Sager
1292 1129 1456 1166 germanica.
1468 1128 1541 1159 Vide
1551 1128 1689 1167 Carnifex
1701 1149 1707 1157 .
1722 1132 1779 1159 FR-

978 1171 1108 1202 Sayonum
1117 1168 1246 1195 meminit
1256 1170 1378 1198 Blondus
1387 1169 1480 1198 decad.
1497 1181 1519 1197 1.
1531 1170 1575 1198 lib.
1588 1181 1614 1207 3.
1635 1170 1668 1198 de
1679 1169 1775 1206 Theo-

977 1207 1074 1235 dorico
1084 1209 1171 1236 Italiae
1184 1211 1262 1247 Rege
1280 1212 1394 1248 loquens
1408 1223 1413 1238 :
1437 1216 1449 1245 [
1471 1211 1627 1246 Sajouibus,
1649 1220 1680 1238 ut
1700 1210 1757 1249 ipse
1770 1232 1779 1243 ,

978 1253 1093 1285 (nempe
1102 1271 1109 1281 ‚
1130 1250 1309 1280 Theodericus
1325 1256 1336 1283 )
1357 1252 1509 1289 appellavit
1520 1272 1528 1284 ‚
1549 1262 1583 1280 ex
1597 1251 1779 1290 „ostrogotha

976 1298 1061 1326 gente
1071 1298 1119 1326 per
1131 1290 1244 1323 Urbem,
1256 1291 1435 1330 regionesque
1449 1292 1536 1320 Italiae
1548 1291 1715 1330 constitutis,
1728 1292 1777 1330 qui

976 1328 1181 1362 praefectorum,
1196 1331 1457 1369 Centurionumque
1468 1332 1529 1360 vice
1541 1331 1698 1370 fungentes,
1709 1336 1776 1361 Bar-

977 1368 1051 1396 baros
1063 1368 1124 1398 suos
1139 1370 1165 1397 in
1178 1380 1242 1407 pace
1252 1392 1259 1403 ,
1280 1376 1307 1401 δ(
1320 1371 1380 1400 otio
1392 1383 1404 1399 a
1416 1372 1533 1401 Civium
1544 1393 1552 1404 ,
1571 1375 1598 1400 ὅ(
1609 1372 1774 1401 Provincia-

977 1409 1043 1437 luim
1055 1410 1154 1445 injuria
1165 1410 1344 1449 prohiberent
1356 1433 1365 1445 ,
1389 1413 1591 1452 educerentque
1613 1413 1643 1440 in
1653 1414 1755 1441 turinas
1768 1435 1777 1446 ,

977 1453 1003 1477 δ(
1014 1449 1162 1489 phalangas
1176 1474 1183 1485 ‚
1196 1462 1257 1480 cum
1266 1452 1307 1481 bel
1324 1453 1331 1481 i
1344 1474 1352 1485 ,
1375 1462 1420 1482 aut
1431 1454 1562 1482 tumultus
1575 1454 1645 1482 ratio
1656 1454 1774 1491 postula-

976 1493 1039 1522 ret]
1054 1490 1119 1519 hinc
1132 1502 1145 1519 a
1155 1495 1215 1520 Sais
1226 1514 1233 1524 ,
1254 1492 1299 1522 seu
1309 1497 1387 1530 Sagio
1397 1494 1426 1521 in
1437 1501 1495 1521 tota
1505 1503 1574 1530 pene
1586 1497 1692 1531 Europa
1713 1499 1777 1522 Sar-

971 1542 1036 1568 gens
1048 1553 1054 1563 ,
1066 1535 1093 1560 ἃ
1107 1529 1172 1560 I'tali
1184 1538 1314 1569 Surgente
1324 1533 1422 1562 dicunt
1435 1554 1442 1561 .
1460 1534 1594 1569 Semnum
1605 1533 1679 1562 enim
1691 1534 1776 1563 Civi-

977 1581 1015 1599 tas
1026 1574 1153 1601 Norinan
1159 1574 1210 1602 niae
1222 1572 1268 1601 sub
1278 1576 1313 1602 A.
1326 1573 1549 1613 Rorhomagenfl
1562 1576 1648 1613 vulgo
1659 1577 1720 1604 Sais
1731 1596 1739 1607 ,
1750 1580 1778 1605 δε

975 1618 1041 1642 seez
1052 1634 1059 1645 ,
1073 1623 1145 1641 nunc
1154 1613 1285 1652 Sagiensis
1298 1614 1401 1643 dicitur
1413 1635 1419 1642 .
1431 1617 1467 1644 In
1480 1616 1498 1643 l.
1516 1626 1557 1647 17.
1568 1615 1777 1654 Longobardor.

977 1654 1023 1680 lib.
1038 1665 1063 1682 2.
1076 1655 1119 1682 tit.
1136 1665 1159 1682 i.
1171 1654 1284 1684 habetur
1295 1677 1303 1690 ,
1327 1656 1418 1693 quod:
1443 1655 1566 1691 [Nullus
1585 1655 1614 1684 in
1635 1656 1779 1684 territorio

977 1704 1033 1722 non
1045 1695 1091 1722 sibi
1101 1694 1242 1724 commisso
1254 1717 1261 1727 ,
1285 1697 1330 1725 vel
1342 1696 1534 1732 ubijudicandi
1544 1696 1704 1734 potestatem
1717 1697 1777 1725 nul-

977 1735 1030 1763 lam
1041 1733 1119 1763 habet
1129 1736 1245 1764 omnino
1256 1735 1421 1765 commiffim
1432 1759 1440 1770 ‚
1463 1743 1620 1775 quaemque‘
1630 1736 1775 1774 praesumat

977 1786 1025 1814 pei·
1033 1775 1181 1811 Juffionem
1191 1799 1198 1810 ‚
1211 1786 1255 1806 aut
1266 1777 1388 1814 sajonem
1398 1778 1573 1816 distringere.
1586 1779 1598 1808 ]
1613 1778 1671 1807 Ubi
1679 1777 1774 1806 Gloss'a

976 1820 1010 1845 A.
1022 1818 1044 1845 Ι.
1057 1818 1124 1845 male
1136 1828 1184 1856 per
1195 1819 1346 1847 diftionem
1355 1824 1478 1854 salmom
1487 1828 1622 1846 tortorem
1634 1839 1641 1850 ,
1661 1817 1707 1847 seu
1718 1828 1775 1847 cat·—

977 1857 1088 1886 nificem
1099 1859 1241 1888 intellexit
1250 1881 1257 1893 ‚
1277 1869 1356 1897 quam
1367 1860 1472 1888 Auc‘tor
1492 1858 1538 1886 hic
1548 1858 1624 1897 sequi
1644 1859 1773 1888 videtur.

976 1899 1028 1926 Sed
1039 1909 1127 1927 textus
1141 1899 1339 1938 perJuffionem
1351 1900 1548 1928 mandatarium
1562 1921 1570 1932 ‚
1590 1903 1617 1928 δ(
1638 1910 1686 1938 per
1700 1905 1775 1937 ωηα-

975 1950 1037 1968 nem
1046 1941 1234 1979 Securigerum
1245 1941 1378 1979 intelligit
1389 1961 1396 1973 ,
1417 1950 1497 1979 quem
1510 1951 1560 1968 nos
1571 1940 1776 1969 Alabardari'um

976 1981 1091 2009 dicimus
1102 2004 1110 2015 ,
1121 1992 1238 2020 quorum
1247 1980 1414 2020 superiorem
1426 2002 1435 2014 ‚
1445 1992 1473 2009 ac
1484 1983 1595 2010 brevem
1604 1991 1716 2019 cappam
1727 1986 1776 2009 Sa-

973 2026 1063 2058 jonem
1084 2032 1168 2051 ctiam
1185 2023 1318 2056 dicimus,
1336 2033 1369 2050 eo
1389 2022 1473 2050 modo
1485 2043 1493 2054 ,
1515 2032 1569 2060 quo
1578 2022 1775 2050 Gubernatoris

977 2063 1085 2091 Urbani
1103 2064 1273 2092 Alabardarii
1294 2062 1386 2091 solent
1397 2063 1437 2091 uti
1448 2083 1454 2090 .
1475 2063 1565 2101 Igitur
1584 2070 1639 2091 tam
1649 2061 1775 2101 praetoris

976 2104 1082 2132 Urbani
1094 2126 1101 2137 ,
1123 2114 1204 2142 quam
1213 2104 1283 2133 Belli
1295 2104 1379 2132 Ducis
1391 2103 1581 2132 mandatorum
1595 2112 1753 2132 executores
1763 2123 1771 2135 ‚

975 2146 1084 2180 Sajones
1107 2145 1280 2174 denominari
1301 2143 1427 2183 possiint.

122 2185 236 2213 nonicus
247 2186 276 2213 in
287 2191 342 2222 ejus
354 2189 393 2215 M.
405 2190 432 2217 S.
441 2188 661 2219 Caeremonial.]
675 2188 759 2216 hodie
769 2188 798 2215 in
808 2198 920 2226 utraque
935 2187 1040 2214 SAITES
1053 2207 1060 2219 ‚
1073 2185 1194 2214 mensura
1206 2186 1385 2224 liquidorum.
1399 2192 1411 2221 [
1423 2186 1496 2213 Cum
1509 2184 1602 2213 saitem
1613 2183 1773 2213 Italicorum

121 2225 215 2254 Sicilia
224 2230 315 2255 Saime
326 2228 439 2256 dicitur.
455 2232 510 2259 FR-
522 2230 636 2258 Fortasse
648 2239 681 2257 ex
693 2229 814 2260 hebraem
825 2233 851 2257 ὃ(
865 2239 920 2256 ara-

122 2267 182 2295 bico
195 2267 324 2296 vocabulo
344 2270 474 2298 Sciebam
487 2291 494 2303 ‚
506 2270 582 2309 quod
591 2270 665 2298 idem
676 2269 813 2310 fignificat
825 2289 835 2297 .
853 2270 918 2299 Vid.

119 2313 216 2344 Sepum
230 2328 237 2336 .

78 2347 170 2375 SAGio
182 2369 189 2376 .
212 2349 285 2378 Vide
307 2355 384 2386 Sajo.

76 2388 165 2418 sumn
176 2399 213 2419 TA
225 2409 232 2418 .
253 2391 379 2426 cymba,
406 2401 460 2430 qua
478 2394 645 2427 Tynnomna
673 2390 818 2431 piscatores
836 2399 919 2420 utun—

974 2227 1084 2254 circiter
1094 2227 1248 2255 octodecim
1259 2225 1380 2255 ebibiss'et
1389 2247 1396 2254 .
1409 2226 1512 2255 Pallad.
1522 2226 1554 2254 in
1564 2225 1682 2254 Lauriaca
1695 2245 1701 2255 ‚
1713 2233 1770 2261 cap.

978 2279 990 2295 z
999 2270 1038 2298 2.]
1050 2278 1108 2306 quoe
1120 2266 1266 2296 secundum
1276 2267 1426 2306 Epiphanii
1435 2267 1628 2295 documentum
1639 2264 1670 2291 in
1680 2264 1726 2291 lib.
1737 2264 1774 2292 de

974 2309 1140 2346 ponderibus
1149 2328 1159 2345 2
1171 2309 1272 2347 viginti
1282 2309 1349 2337 duos
1361 2307 1492 2336 sextarios
1502 2306 1622 2344 capiebat
1633 2323 1640 2331 .

933 2349 1069 2378 SALDINAE
1080 2350 1206 2378 Decmffi
1218 2369 1224 2376 .
1238 2352 1294 2379 FR.
1308 2358 1384 2378 erant
1395 2347 1508 2376 decimae
1520 2343 1719 2374 aPontificibus
1728 2342 1771 2371 su-

973 2399 1023 2428 per
1034 2390 1214 2419 Ecclesiastica
1235 2389 1366 2420 beneficia
1378 2387 1510 2426 Philippo
1531 2386 1686 2415 Galliarum
1698 2385 1774 2455 {Xgi
