1866 2526
110 67 197 95 eatur,
207 57 269 98 quia
279 56 313 87 ad
321 58 455 94 Majorem
467 58 587 87 Sanstam
596 56 710 87 Mariam
722 54 908 97 progreditur,

109 103 140 129 ὅ(
147 101 286 129 minorem
299 97 437 128 Litnniam
447 99 551 128 didam
561 97 646 132 fuine,
657 99 720 138 quia
727 99 761 127 ad
770 99 911 127 Minorem

109 141 232 170 Sanctam
242 139 356 168 Mariam
368 138 503 177 proceffio
513 139 679 180 dirigebatur
689 163 695 168 .
708 139 782 168 Vide
793 137 838 167 hic
848 143 920 198 Μαι-Ι

109 185 157 210 ria
166 181 323 219 virgthem
333 189 381 218 per
391 180 527 210 Licaniam
539 180 708 219 intelligitur
716 179 832 219 quilibet
843 189 911 207 con-

108 219 198 250 cursus
209 221 304 258 populi
316 241 323 247 .
335 222 348 252 ]
364 220 411 249 Ad
418 220 472 250 hoc
483 221 664 250 interdicatur
672 221 715 249 liis
723 220 850 249 omnibus
861 241 869 252 ,
879 218 912 247 ad

109 260 230 293 Limnias
238 260 376 294 *faciendas
386 283 394 295 ‚
405 263 484 290 noste
498 284 504 295 ,
517 263 560 290 vel
571 263 616 290 die
627 261 748 301 profanis
757 261 832 290 coire
845 270 912 288 con-

108 302 282 330 ventibus-In
293 302 404 331 decreto
413 303 567 336 Arcadii‚&
580 302 704 332 Honorii
714 303 787 340 Imp.
798 301 827 328 in
836 300 910 344 Cod-

107 342 142 371 de
153 341 304 372 Haereticis
321 343 340 371 l.
351 344 440 372 ciineti
451 343 579 373 haeretici
589 365 596 371 .
610 346 622 376 ]
637 344 698 379 Qua
708 342 848 371 occasione
860 350 910 369 mi-

105 383 182 412 nime
191 383 428 421 praetermittenda
447 384 484 413 est
505 385 583 424 vulgi
593 383 797 413 inadvertentia
809 403 817 415 ‚
836 381 910 425 quod

109 424 142 452 in
151 424 267 452 Ecclesia
279 424 303 451 S.
314 425 408 453 Mariae
420 426 554 454 Ara-cmii
569 428 666 455 Romze
677 423 812 462 appellata
826 422 906 450 vesti-

104 465 151 504 gia
160 465 228 493 Dea:
251 464 330 493 hidis
343 486 350 497 ‚
373 475 453 504 quam
470 465 655 505 superstitiose
663 464 791 494 Gentiles
810 463 909 502 pedum

107 505 254 534 tutelarem
265 503 395 534 habebant
406 528 414 539 ‚
435 507 470 535 ibi
481 517 531 545 pro
540 508 566 535 S.
579 506 682 545 Angeli
692 526 701 538 ,
718 504 796 543 supra
804 513 907 548 meino-

106 545 178 579 rati,
198 544 333 584 impreffis
345 546 468 586 vestigiis
485 547 649 577 adornbznm
663 556 697 575 ex
719 547 774 581 ejus
782 545 858 573 enim
868 554 909 571 in-

105 585 258 624 scriptione
274 587 346 615 clare
358 587 467 625 liquet.
486 589 543 617 FR.
563 589 598 616 In
606 584 908 629 secundaimpreliio'ne

107 625 187 662 huj-,is
200 625 291 665 operis
300 626 381 655 habet
392 629 568 661 Adai-antur,
578 627 652 666 quod
662 627 692 655 iri
702 627 800 655 ultima
809 625 897 669 editio

104 676 141 695 ne
153 669 258 696 Auc'tor
274 665 416 704 scripserat
427 668 628 696 Adorabanmr
638 679 647 700 i
669 667 762 696 noluit
781 675 856 695 enim
876 676 907 694 ex

104 707 238 736 modestia
246 710 300 743 ejus
313 707 401 736 laudes
409 707 529 740 referre5
549 718 608 737 narn
628 708 690 737 zelo
702 706 832 737 Auctoris
844 706 907 735 Ale-

104 748 212 776 xander
223 747 395 776 VII-soelicis
405 748 605 777 recordationis
615 749 645 777 in
657 748 906 786 i·ifit.-itione,quam

103 786 204 816 fecerat
214 788 402 821 Ecclefiarnm,
412 788 446 817 de
454 788 503 817 hac
513 799 626 818 erronea
635 789 799 819 credulitate
808 789 839 817 ab
851 790 907 830 ttu-

103 828 178 856 ftore
188 828 417 857 commonefactus
427 851 436 862 ,
446 830 510 858 dum
520 831 552 859 ad
565 834 647 859 Aram
658 831 735 859 Coeli
745 828 888 858 :icccffittet
900 850 906 861 ,

103 869 249 898 oculariter
259 869 348 898 voluit
355 868 408 898 hoc
423 869 558 909 inspicere
569 892 576 904 ‚
596 871 669 909 quod
681 881 734 909 prae
749 869 856 913 annosa⁴
863 879 907 896 co-

102 908 147 947 pia
157 910 315 938 tabellarum
326 920 484 939 vonvarum
495 911 554 939 fieri
565 922 623 940 non
634 910 780 950 potuisset·,
799 910 906 946 jussemt

104 950 206 979 exinde
215 960 244 978 ut
256 960 453 980 amoverentur
469 951 574 980 tabellae
588 973 595 985 ‚
618 963 677 990 quae
698 950 905 994 inscriptionem

103 991 273 1019 occultabant
291 996 376 1025 (nam
388 991 601 1030 vestigiasolum
611 991 847 1031 conspiciebantur
864 1000 905 1034 in-

101 1028 218 1068 sculpta,
227 1035 255 1060 &
267 1031 379 1060 invenit
389 1041 480 1060 veram
493 1033 623 1061 Auctoris
633 1030 907 1065 relationem5inscri-

101 1070 163 1108 ptio
173 1072 248 1099 enim
258 1071 319 1100 haec
329 1071 461 1100 subrelata
478 1083 535 1101 erat
553 1079 613 1102 Dea
629 1073 695 1112 Isidi
707 1094 714 1101 .
737 1074 829 1109 Quare
838 1073 907 1110 Papa

100 1111 276 1140 mandaverat
287 1112 406 1151 lapidem
418 1113 497 1141 illum
509 1114 618 1152 penitus
628 1114 906 1150 aboleri,v0tivasque

102 1151 213 1181 tabellas
222 1153 320 1181 auferri
331 1172 338 1179 .
349 1153 401 1181 Sed
411 1154 552 1183 redeundo
560 1176 569 1187 ‚
592 1153 666 1183 tii-ide
675 1153 765 1183 sumus
774 1152 884 1192 digreffi
899 1175 905 1185 ‚

101 1193 132 1221 ab
142 1192 276 1231 aliquibus
287 1192 466 1231 Scriptoribus
477 1205 592 1223 vocatur.-
601 1195 660 1224 liaec
671 1195 794 1234 Proceffio
804 1197 886 1231 nigra
898 1215 905 1227 ,

100 1233 164 1270 quia
175 1234 257 1272 nigro
267 1242 432 1273 tegumento
440 1236 670 1274 cooperiebantur
680 1256 687 1263 .
711 1238 768 1265 FR.
779 1237 814 1264 In
827 1236 905 1263 Con-

103 1274 226 1302 vencuali
234 1275 351 1304 Ecclesia
362 1276 493 1313 Equitum
504 1276 692 1305 Melitensium
702 1298 709 1308 ,
732 1277 776 1305 ubi
789 1276 818 1304 in
833 1274 905 1303 feriis

101 1312 188 1342 sextis
198 1324 246 1352 per
255 1325 357 1344 annum
365 1314 437 1344 solet
447 1316 507 1345 fieri
519 1316 653 1355 processio
672 1327 734 1345 cum
744 1327 812 1345 vero
825 1315 904 1354 ligno

103 1354 130 1383 S.
141 1355 240 1383 Crucis
252 1381 258 1392 ,
280 1356 340 1394 post
350 1357 505 1385 solemnem
523 1358 557 1386 de
573 1357 667 1386 eadem
678 1359 768 1387 Cruce
778 1355 884 1385 Miss'am
895 1378 904 1390 ,

101 1404 146 1422 me
155 1394 243 1424 adhuc
252 1405 338 1433 puero
347 1398 473 1430 memini,
485 1398 560 1436 quod
572 1397 602 1426 in
615 1398 690 1425 seriis
701 1397 786 1426 sextis
795 1397 904 1425 mai-tia-

98 1435 145 1463 lib.
155 1435 214 1464 liaec
225 1436 359 1474 proceffio
371 1438 429 1466 fieri
440 1437 542 1466 solebat
553 1439 638 1466 totius
649 1438 729 1467 Cleri
738 1439 820 1477 nigro
841 1438 906 1466 velo

104 1477 230 1504 contecta
238 1498 246 1509 ,
267 1488 301 1504 an
316 1476 376 1505 haec
395 1477 502 1506 sortasse
524 1477 661 1506 universae
672 1479 797 1507 Ecclefiae
818 1478 904 1506 fuerat

99 1514 270 1544 consuetudo
280 1538 287 1548 ,
299 1518 372 1545 unde
383 1517 518 1555 procellio
535 1519 613 1557 nigra
621 1519 760 1547 dicebetur
771 1524 780 1548 ?
800 1519 826 1547 Si
839 1528 906 1547 vero

101 1555 216 1583 Litaniae
227 1559 344 1591 majores
361 1557 392 1585 in
413 1557 458 1586 die
470 1558 575 1587 Pascit-i:
585 1559 754 1587 occurrerint
765 1581 773 1592 ‚
791 1569 858 1587 tunc
873 1559 906 1587 ad

101 1595 174 1623 diem
186 1598 298 1625 tertium
307 1596 426 1633 ejusdem
435 1599 540 1627 oftavae
552 1599 690 1628 transferi-i
705 1600 848 1628 ordinavit
860 1601 906 1628 Sa-

100 1645 143 1664 cra
155 1638 273 1665 Rituum
283 1638 455 1676 Congregat.
473 1637 522 1667 sub
535 1639 580 1667 die
591 1641 805 1677 25.Septembi·is
822 1647 905 1673 1627.

100 1685 130 1704 ut
139 1675 234 1705 fideles
244 1677 411 1716 frequentius·
421 1688 610 1708 interveniant
623 1701 630 1713 ‚
651 1691 711 1708 cum
724 1681 754 1709 lit
765 1680 821 1710 dies
833 1680 904 1709 felti-

100 1726 149 1744 vus
160 1739 167 1749 ‚
179 1728 209 1745 :ic
219 1717 296 1746 iiiiii‘a
307 1719 341 1746 de
352 1720 554 1758 Rogationibus
563 1721 668 1749 dicatur
676 1719 772 1760 absque
782 1732 903 1750 comme-

101 1758 258 1786 moratione
267 1759 395 1791 Octavae,
406 1769 467 1788 cum
479 1760 607 1789 violaceis
618 1762 821 1799 paramentis,&
831 1773 903 1801 prx-

102 1795 206 1826 satione
216 1798 304 1827 feriali
312 1798 422 1828 Paschae
434 1822 443 1833 ,
465 1810 545 1839 :itque
565 1804 620 1838 ejus
639 1806 884 1832 communicantes
895 1824 905 1831 .

8 1837 174 1883 ”Item
185 1839 300 1867 Litaniae
315 1861 324 1872 ‚
334 1850 395 1878 quae
407 1842 553 1870 Triduana
568 1842 707 1877 dicuntur,
719 1843 788 1872 idest
800 1866 806 1876 ‚
818 1844 847 1872 in
856 1845 907 1873 tri—

101 1877 156 1905 duo
167 1887 231 1906 :inte
241 1879 437 1909 Asceniionem
448 1903 456 1914 ,
476 1892 535 1920 quae
547 1886 574 1911 ὅ(
584 1886 704 1913 Minores
716 1893 852 1913 vocantur
864 1906 872 1917 ,
893 1896 907 1913 a

100 1918 197 1946 Sancto
217 1921 356 1948 Mamerto
376 1923 400 1950 V
409 1922 498 1950 iennae
518 1923 699 1962 Allobrogum
719 1924 853 1964 Episcopo
873 1909 916 1966 de!

100 1968 142 1986 an.
155 1970 222 1994 474.
232 1959 367 1989 instituta·
380 1962 489 1990 fuerunt
502 1984 510 1995 ‚
530 1964 669 1992 occasione
678 1967 816 2003 Luporum
836 1966 906 1994 inse-

98 1999 223 2027 stationis
233 2021 241 2032 ‚
253 2001 328 2039 quod
339 2002 516 2031 confirmatur
525 2005 684 2033 auctoritate
704 2005 841 2041 cujusdam
859 2008 906 2035 Li-

99 2039 139 2068 bri
152 2061 160 2072 ,
171 2042 244 2075 cujus
255 2042 349 2070 titulus
358 2044 539 2072 Sacer-dotalis
549 2045 660 2078 dicitur,
670 2045 715 2074 ubi
726 2045 906 2075 describendo

101 2079 304 2118 proceffionem
314 2083 504 2122 Rogationum
514 2085 686 2114 mentionem
697 2085 757 2114 facit
765 2087 904 2124 luporum,

98 2121 146 2159 qui
156 2122 185 2149 in
197 2123 317 2151 cuimine
327 2122 462 2152 hastarum
474 2123 636 2157 serebantur,
647 2126 689 2154 his
699 2127 782 2155 notis.-
795 2129 844 2162 [In
856 2129 905 2157 ali-

97 2161 197 2200 quibus
207 2163 332 2192 Eccleliis
343 2163 436 2193 solent
447 2165 550 2204 portari
561 2166 692 2195 dracones
704 2188 712 2199 ‚
722 2170 749 2196 ὅ(
759 2168 817 2206 lupi
826 2167 906 2207 super

95 2203 213 2239 perticas
223 2203 257 2232 ad
267 2204 451 2234 denotandam
460 2205 564 2234 causam
573 2228 581 2240 ‚
593 2217 676 2245 quare
686 2206 808 2236 instituta
824 2208 905 2238 fuerit

93 2242 155 2271 haec
166 2243 301 2281 proceffio
311 2245 341 2274 in
351 2245 434 2274 tribus
444 2247 536 2276 diebus
548 2248 739 2286 Rogationum
751 2269 757 2276 .
779 2250 836 2278 FR.
846 2252 903 2279 Au-

89 2283 154 2311 ster
165 2284 244 2320 liujus
257 2285 318 2314 libri
330 2287 507 2316 sacerdotalis
527 2288 578 2316 fuit
589 2289 720 2317 Albertiis
731 2289 902 2319 Castellanus

92 2324 218 2356 Venetus
227 2326 346 2356 Ordinis
356 2328 569 2369 Prxdicatorum
578 2351 587 2364 ,
608 2330 657 2370 qui
668 2329 797 2359 Venetiis
809 2330 844 2360 de
854 2342 902 2362 ιω,

1291 0 1328 42 L
1359 3 1381 44 1
1641 17 1717 58 411

967 65 1006 85 no
1020 67 1028 85 i
1039 63 1104 92 560.
1116 66 1164 96 per
1172 58 1312 96 Joannem
1322 57 1465 88 Van-iseum
1477 82 1484 92 ,
1495 63 1523 91 ες
1532 59 1622 90 socios
1634 58 1775 101 impresslus,

966 95 1035 130 fuit,
1055 101 1174 126 &citam
1185 98 1335 128 Castellani
1355 98 1435 128 verba
1446 98 1580 130 habentur
1599 102 1630 131 in
1647 102 1725 131 tud*-
1748 113 1772 132 i.

967 147 1022 176 par.
1025 148 1108 176 3.c.4.
1121 141 1226 167 pta-ter
1235 148 1313 178 quam
1325 138 1401 177 quod
1408 138 1511 168 causam
1521 140 1704 172 institutionis
1716 153 1772 172 non

966 176 1061 212 refert,
1073 178 1120 208 sed
1130 178 1243 208 obscure
1254 179 1411 213 infinum&
1422 189 1472 208 nos
1482 179 1576 209 diffuse
1586 181 1616 210 in
1627 183 1775 212 dichnra-

966 222 1093 248 conarius
1103 220 1208 259 egimus
1219 241 1227 254 ,
1250 220 1430 249 convincitur
1449 229 1541 250 errore
1553 231 1587 250 ex
1597 223 1716 252 &ii-onio
1737 225 1771 253 ad

967 269 1068 288 annum
1080 271 1116 296 47
1124 270 1149 296 5.
1170 271 1196 289 n.
1212 271 1221 289 i
1233 272 1255 289 i.
1265 263 1294 289 δ(
1303 260 1379 299 seqq.
1401 262 1446 290 ubi
1456 261 1598 291 manifeste
1607 263 1769 292 austoritate

966 299 1074 330 Sidonii
1091 301 1215 330 ostendit
1232 303 1428 331 Mammerciim
1450 301 1639 333 Viennensem
1661 303 1774 342 Episco-

965 350 1030 378 pum
1050 351 1165 380 propter
1174 352 1345 371 terraemotus
1357 363 1364 375 ‚
1387 342 1493 381 aliaque
1515 344 1635 373 coelestiti
1645 345 1776 384 prodigia*

966 382 1137 420 Rogationes
1146 383 1295 412 renovass'e-
1306 383 1390 421 Quod
1403 385 1496 422 potius
1507 385 1671 414 Concilium
1683 388 1775 415 Aure-

966 421 1088 451 lianense
1104 433 1126 450 ι.
1135 423 1278 453 instituisse
1289 422 1398 453 videtur
1407 446 1414 458 ,
1426 425 1491 454 dum
1503 424 1550 453 ait:
1565 427 1776 465 [Rogatione5,

964 461 1034 491 idest
1042 463 1162 493 Litanias
1171 474 1234 493 :inte
1245 465 1441 494 Ascensionem
1451 465 1570 494 Domini
1581 467 1684 505 placuit
1695 469 1754 496 cele
1761 485 1773 491 -

963 503 1033 531 brari
1041 507 1094 533 ἃς.
1105 504 1140 533 cle
1149 503 1298 534 consecrat.
1307 505 1370 534 dist.
1382 516 1408 543 3.
1418 515 1477 534 can.
1489 508 1687 545 Rogatione5.]
1701 509 1773 544 Quae

963 543 1064 573 deinde
1082 546 1256 584 Rogationes
1277 557 1290 575 a
1308 549 1402 576 Leone
1414 547 1472 575 111.
1491 549 1590 576 Romae
1604 548 1773 578 introductae

967 584 1171 624 suerunt-[Ipse
1182 596 1248 616 vero
1261 597 1274 614 a
1283 588 1347 616 Deo
1358 587 1536 624 montetum&
1547 590 1690 626 praeclzirus
1701 591 1773 618 Pon-

966 624 1035 653 tifex
1045 626 1198 660 constituit,
1212 636 1241 655 ut
1252 637 1314 656 :inte
1325 637 1379 656 tres
1389 627 1445 656 dies
1457 627 1630 659 Ascensionis
1640 630 1772 659 Domini-

965 674 1003 692 cae
1014 686 1022 698 ‚
1040 666 1157 695 Litaniae
1169 667 1340 697 celebrentur
1349 688 1356 695 .
1380 668 1475 697 Anast-
1487 668 1621 698 Biblioth.
1641 670 1670 699 in
1679 672 1772 700 Leone

966 706 1022 734 ΙΙΙ.
1034 708 1045 736 ]
1069 707 1121 735 Sed
1134 709 1249 745 Jacobus
1260 708 1294 736 de
1306 708 1432 737 Viti-iaco
1443 708 1474 736 in
1484 707 1610 739 sermone
1622 710 1670 739 fer.
1681 710 1773 739 secun·

965 745 1006 774 de
1020 752 1081 784 Rvg.
1099 747 1319 777 introductorem
1329 749 1506 787 rogationum
1518 750 1657 780 Liberium
1668 754 1770 790 Papam

948 785 1046 814 facit.
1071 789 1126 817 FR.
1148 789 1192 833 Est
1210 789 1322 828 quidem
1340 790 1421 829 plane
1440 789 1555 819 ridicula
1566 792 1772 821 Haereticorum

964 826 1052 855 nostri
1070 837 1201 867 temporis
1219 830 1318 868 opinio
1330 852 1337 863 ‚
1359 839 1438 868 quae,
1458 830 1590 868 quioniam
1611 833 1772 862 Sanstorum

963 865 1086 906 suffragia
1110 870 1240 899 acerrime
1262 870 1423 909 impugnare
1445 880 1561 900 conatur
1582 894 1591 906 ,
1621 874 1772 911 Epitoincn

962 907 1081 946 proinde
1091 919 1124 938 ex
1136 911 1235 940 nostris
1246 911 1353 949 prorsus
1365 910 1484 940 Litaniis
1493 911 1664 952 decerpserat
1674 925 1681 946 ς
1695 914 1773 942 dem-

964 948 1019 986 ptis
1031 950 1194 980 Sanctorum
1225 952 1455 985 avocationibus,
1474 961 1554 991 atque
1574 964 1625 992 pro
1635 954 1771 988 Ecclesia,

963 993 1051 1027 &pro
1062 992 1132 1028 Papa
1144 1014 1150 1024 ,
1169 993 1373 1032 rogationibus.
1397 992 1450 1021 Sed
1468 993 1538 1031 proh
1560 994 1626 1023 fatui
1637 994 1772 1024 saci-arum

961 1029 1199 1061 Observationum
1210 1033 1415 1063 Reformatores
1426 1042 1431 1061 ε
1442 1032 1487 1062 sen
1497 1034 1726 1070 Deformatores(
1739 1046 1771 1066 iit

963 1071 1054 1100 verius
1077 1082 1125 1101 vos
1144 1074 1280 1112 appel-lem
1292 1078 1304 1107 )
1321 1086 1334 1103 ;ι
1354 1073 1448 1113 quibus
1467 1073 1573 1113 semper
1593 1085 1691 1105 contra
1711 1078 1774 1106 Ca-

964 1110 1081 1140 tholicas
1100 1114 1264 1143 traditiones
1284 1114 1422 1154 responsio
1440 1114 1512 1143 illati
1533 1115 1600 1144 dura
1619 1115 1772 1146 Casauboni

962 1153 1071 1181 cervice
1080 1164 1176 1183 contra
1188 1155 1337 1185 Baronium
1347 1157 1501 1194 excogitata
1510 1156 1631 1185 afl'eritur
1641 1179 1649 1190 ‚
1661 1167 1770 1196 nempe:

962 1196 1134 1232 Aprincipia
1150 1207 1202 1225 non
1214 1197 1322 1234 eratfic
1331 1218 1339 1225 .
1360 1199 1408 1232 Eja
1428 1207 1501 1225 nunc
1513 1219 1522 1231 ,
1542 1207 1570 1225 ut
1581 1197 1678 1226 dicatis
1687 1208 1775 1236 expo·

961 1231 1007 1261 sco
1016 1255 1024 1266 ‚
1044 1232 1105 1263 haec
1118 1236 1204 1265 vestra
1225 1237 1384 1266 detruncata
1394 1237 1490 1266 litania
1501 1247 1558 1266 erat
1569 1249 1605 1267 ne
1622 1238 1657 1267 fic
1668 1250 1682 1267 a
1695 1240 1772 1277 prin·

963 1273 1057 1312 cipio?
1077 1276 1146 1304 Sane
1162 1287 1175 1305 a
1194 1277 1280 1306 vestra
1290 1276 1360 1306 secta
1369 1277 1468 1306 sectam
1488 1278 1564 1307 illam
1586 1277 1662 1308 fuiss'e
1671 1289 1773 1319 negare

962 1314 1093 1352 pudebit.
1117 1318 1245 1346 Vestrum
1264 1329 1330 1357 ergo
1354 1318 1440 1347 telum
1450 1318 1483 1346 ad
1501 1319 1595 1348 omnia
1615 1321 1770 1358 promendo

961 1365 1084 1392 paratum
1097 1380 1104 1390 ‚
1114 1358 1188 1396 qnod
1199 1363 1229 1387 A
1237 1362 1373 1397 principio
1382 1369 1434 1387 non
1445 1360 1566 1397 erat-sic.-
1591 1371 1648 1389 non
1658 1361 1696 1390 est
1707 1371 1771 1400 pro-

962 1395 1033 1424 festo
1054 1402 1104 1430 (iit
1121 1399 1274 1431 vocitatis)
1295 1400 1441 1428 achilleum
1454 1421 1461 1432 ‚
1484 1400 1549 1428 dum
1570 1402 1665 1430 crebro
1692 1403 1721 1430 in
1729 1405 1771 1441 ja-

960 1436 1081 1466 stantem
1092 1439 1241 1468 inflectitur
1250 1461 1257 1466 .
1281 1441 1315 1468 In
1325 1441 1419 1478 quibus
1432 1442 1770 1478 Rogationibusjej'unari.

960 1475 1061 1507 solebat
1072 1499 1079 1507 .
1104 1480 1182 1518 [Qui
1201 1481 1293 1509 triduo
1303 1490 1397 1509 omnes
1416 1481 1568 1509 abstineant
1578 1503 1585 1513 ,
1609 1486 1637 1511 ὃ(
1650 1483 1769 1521 quadra-

961 1518 1128 1556 gefimaiibus
1139 1521 1204 1549 cibis
1215 1530 1326 1549 utantur
1337 1541 1344 1547 .
1356 1522 1434 1549 Idem
1443 1522 1557 1550 Concil.
1567 1531 1624 1550 can.
1637 1525 1702 1561 39.]
1715 1522 1770 1552 Sed

960 1561 1076 1595 jejunari
1086 1561 1187 1590 deinde
1198 1561 1404 1599 praetermisliim
1418 1561 1468 1590 fuit
1480 1584 1487 1593 ,
1508 1573 1536 1590 iit
1547 1561 1692 1592 sententiis
1702 1565 1770 1593 Sau-

960 1600 1065 1628 &orum
1077 1603 1186 1630 Patruin
1197 1602 1424 1635 conformaretur,
1435 1603 1571 1638 jejunium
1582 1613 1707 1642 ternpore
1719 1607 1771 1634 Pei—

961 1639 1044 1668 sclitiliv
1061 1643 1175 1670 minime
1188 1643 1412 1680 permittentium
1423 1664 1429 1670 .
1454 1643 1585 1682 Equitum
1597 1653 1689 1673 tamen
1710 1646 1771 1674 Me-

960 1680 1098 1710 litenfium
1110 1683 1221 1721 antiqua
1231 1684 1506 1722 regulajejunandum
1519 1684 1612 1713 statuit
1623 1696 1630 1715 5
1643 1686 1718 1724 quod
1728 1696 1771 1715 et-

960 1720 1014 1749 iam
1024 1733 1095 1750 nunc
1107 1723 1157 1761 ipsi
1168 1723 1312 1753 observant
1324 1744 1331 1750 .
1343 1724 1456 1753 Ecclesia
1470 1734 1536 1753 vero
1546 1726 1769 1758 Ambrosmnmut

961 1761 1053 1791 debite
1062 1764 1180 1798 jejunari
1192 1763 1275 1802 poslit
1285 1785 1293 1796 ‚
1313 1763 1360 1792 has
1381 1765 1539 1803 rogationes
1551 1766 1611 1804 post
1623 1765 1769 1796 Ascenlio-

963 1813 1027 1831 nem
1038 1804 1153 1832 celebrat
1164 1824 1171 1831 .
1194 1805 1403 1842 Andegavenlis
1415 1806 1537 1835 Ecclefiae
1555 1807 1654 1835 Clertis
1667 1807 1694 1835 in
1706 1818 1770 1846 pro-

963 1843 1084 1872 ceffione
1106 1845 1179 1873 seria·
1199 1855 1302 1883 quartae
1321 1846 1512 1884 Rogationum
1530 1846 1640 1876 diverse
1661 1848 1691 1876 ab
1710 1849 1770 1877 :iliis

963 1884 1056 1912 diebus
1069 1885 1173 1913 incedit
1186 1897 1193 1917 ς
1206 1897 1235 1914 in
1244 1896 1278 1914 eo
1289 1887 1364 1914 enim
1376 1887 1420 1914 die
1431 1887 1589 1926 Dignitates
1599 1898 1686 1926 prope
1697 1890 1771 1918 Cru-

962 1935 1020 1952 cem
1031 1926 1170 1954 ambulrint'
1184 1949 1190 1958 ,
1213 1937 1276 1965 quas
1286 1925 1436 1964 sequuntur
1445 1929 1602 1962 canonici,
1621 1932 1647 1957 ὃ(
1667 1929 1770 1959 ultimo

962 1966 1080 1999 Clerici,
1092 1967 1166 2004 quod
1177 1966 1208 1995 fit
1218 1967 1251 1994 ad
1262 1967 1452 1996 denotandum
1463 1967 1492 1996 in
1501 1969 1604 1998 coelesti
1617 1969 1706 2008 patria
1718 1977 1771 1999 noi

962 2005 1084 2034 VlffimoS
1095 2007 1198 2035 futuros
1209 2006 1260 2035 effe
1281 2008 1384 2045 primos
1395 2030 1402 2041 ,
1420 2019 1449 2036 ac
1461 2009 1563 2047 primos
1584 2009 1746 2039 noviffimos
1757 2033 1767 2046 ‚

959 2049 1036 2081 juxta
1046 2048 1244 2085 Redemptoris
1257 2048 1376 2076 effatum.
1391 2050 1564 2088 Rogationes
1574 2060 1664 2079 autem
1675 2062 1689 2079 a
1701 2053 1769 2081 San-

959 2088 1004 2114 cto
1015 2088 1099 2115 Gallo
1111 2088 1199 2127 Episc.
1213 2088 1346 2117 institutae
1360 2111 1367 2122 ,
1389 2090 1422 2118 dc
1442 2091 1536 2129 quibus
1545 2091 1603 2130 agit
1612 2094 1699 2131 Greg.
1711 2096 1767 2122 Tu-

962 2138 1023 2156 ron.
1034 2128 1082 2156 lib.
1095 2140 1121 2163 4.
1132 2139 1155 2156 c.
1171 2139 1194 2163 5.
1214 2139 1270 2157 non
1280 2129 1343 2158 sunt
1355 2151 1362 2163 ‚
1382 2141 1442 2169 quae
1462 2130 1532 2159 fiunt
1543 2142 1608 2161 anre
1622 2132 1768 2163 Asteniio-

958 2178 1021 2197 nem
1033 2180 1040 2200 5
1064 2179 1125 2198 nim
1138 2169 1168 2197 in
1188 2170 1280 2198 medio
1291 2170 1499 2210 quadragelimae
1522 2173 1708 2203 celebrantur5
1734 2175 1766 2202 iic

962 2210 1046 2237 etiam
1060 2210 1127 2242 illae,
1138 2210 1172 2238 de
1183 2210 1278 2249 quibus
1290 2212 1319 2238 in
1330 2211 1464 2240 Concilio
1474 2213 1651 2252 Lugdunenfi
1663 2215 1766 2251 primo,

960 2260 1019 2288 qux
1034 2261 1063 2278 ln
1075 2249 1168 2278 mense
1181 2251 1350 2280 Novembris
1361 2252 1396 2281 ibi
1405 2253 1587 2283 ordinantur.
1608 2255 1681 2282 Item
1703 2265 1764 2292 qux

958 2291 1065 2319 statuta:
1079 2291 1153 2319 suere
1163 2292 1192 2319 in
1202 2293 1376 2322 Gerundenfi
1387 2294 1520 2323 Concilio
1541 2294 1625 2322 dean.
1640 2303 1705 2328 5¹7·
1727 2296 1764 2324 In

959 2331 1098 2371 Hispania
1109 2330 1224 2363 diversae
1235 2332 1317 2362 etiam
1326 2332 1389 2363 sunt
1397 2355 1407 2368 ‚
1427 2334 1491 2376 quia
1503 2335 1563 2374 post
1573 2334 1764 2364 Pentecostem

1674 2384 1720 2409 01¹3
