1866 2526
80 1720 83 1721 ’
133 1709 324 1749 Respondeo.
348 1710 537 1748 Primogenitt
551 1733 557 1743 ,
578 1721 636 1749 quse
647 1711 755 1740 comedi
771 1721 862 1740 coram
872 1712 929 1740 Do·
946 1738 947 1741 ,

598 44 652 73 ex
683 29 1051 79 Deuteronomio,
1080 29 1125 71 δε
1158 28 1299 81 Josue.

131 92 177 125 ,δι
183 94 338 134 legatorum
346 87 430 119 Israel
441 86 475 117 ad
483 87 683 127 Senon—regem
692 110 700 121 ‚
715 98 729 116 a
740 97 796 127 quo
805 86 943 126 petierant

147 135 307 167 «ransitum,
327 134 356 160 δι
367 130 470 159 vietum
489 129 602 166 pecunia
617 128 834 168 comparandum
845 149 853 160 ,
877 137 943 166 que—

148 173 324 207 madmodum
336 171 454 201 fecerant
476 169 528 198 filii
537 168 605 199 Esau
616 191 625 203 ‚
645 173 673 198 &t
692 169 822 199 Moabitae
835 180 845 200 ς
866 171 894 197 &
905 177 943 196 ta-

145 227 209 247 men
225 215 283 245 1*stae
302 213 430 242 nationes
451 220 585 249 negarunt
597 210 740 240 transtrum
751 231 760 244 ,
781 213 810 239 δε
821 208 940 238 victum:

142 258 180 288 isa
191 258 276 286 Num.
289 267 334 284 20.
345 264 372 282 v.
386 264 395 281 ι
404 257 429 281 8.
438 255 467 280 5(
478 252 564 280 Deut.
577 261 623 289 23.
635 261 661 279 v.
672 261 700 290 3.
712 248 942 288 Respondeo,ista

143 297 240 326 ultima
251 296 330 325 verba
350 292 535 332 intelligenda
545 302 602 320 non
623 290 688 320 sunt
697 291 732 320 de
743 291 857 320 transitu
865 311 875 323 ‚
895 288 942 318 sed

1659 40 1741 82 745

997 86 1033 116 fic
1044 86 1126 116 etiam
1135 86 1200 116 alibi
1211 85 1391 126 prohibentur
1401 85 1558 119 meretrices
1568 94 1602 115 ex
1614 85 1719 116 filiabus
1730 85 1800 116 Isi-12

997 128 1024 157 el
1037 148 1048 164 ‚
1069 128 1130 167 quis
1143 137 1237 156 tamen
1245 125 1357 166 negabit
1368 125 1481 156 defuisti:
1492 137 1610 166 unquam
1618 127 1652 156 de
1664 127 1733 157 fasto
1743 137 1800 156 me-

997 168 1110 198 retrices
1122 173 1131 198 ?
1154 168 1248 197 Aliter
1256 165 1388 197 conciliat
1399 166 1450 196 hos
1460 177 1550 196 textus
1560 169 1656 197 Vatab.
1675 169 1712 197 ait
1723 167 1800 197 enim

998 209 1072 238 inter
1083 209 1215 239 Hebraeos
1226 208 1299 238 suiss'e
1308 208 1421 248 quidem
1430 207 1553 246 privatos
1565 218 1693 247 pauperes
1706 230 1715 242 ,
1738 218 1797 237 non

997 259 1092 279 tamen
1103 249 1224 288 publicos
1235 250 1375 278 mendicos
1388 271 1395 282 ,
1407 250 1482 288 quod
1492 248 1653 278 observatur
1661 249 1691 277 in
1699 249 1796 288 eliqui-

997 292 1043 320 bus
1052 290 1211 319 civitatibus
1222 290 1289 318 bene
1299 290 1435 319 ordinatis
1447 311 1454 317 .

142 338 178 367 de
191 337 264 366 victu
277 358 283 369 ,
301 346 384 374 quem
393 333 582 363 vendi-{esunt
593 331 745 360 Israelitis:
764 331 802 360 ita
811 327 941 359 conciliat
956 332 1026 370 Cap.
1038 342 1085 369 23·
1096 342 1124 359 v.
1141 343 1164 360 t.
1187 333 1279 366 [Non
1288 330 1403 359 intrabit
1422 329 1568 359 Eunuchus
1577 334 1630 361 δεε-
1650 329 1799 359 Ecclesiam

143 377 203 406 haec
215 378 275 406 loca
284 380 320 406 R.
332 377 472 405 Salomon.
484 373 544 402 Alii
557 377 623 401 vero
632 372 751 402 Rabbini
763 371 884 401 referunt
893 370 940 398 ista

142 419 223 447 verba
233 416 446 455 Sioutfecerunt
453 414 486 442 ad
492 412 655 452 sequentem
665 412 808 451 periodum
819 433 826 444 ‚
838 422 887 440 nec
900 410 941 439 es-

141 457 169 487 se
179 459 283 497 prolata
295 468 309 486 a
320 457 416 496 legatis
427 453 490 486 ;sed
499 454 575 483 Sacra
586 453 725 491 Scriptura
735 461 824 481 narrat
835 452 941 480 exitum

142 499 199 532 rei,
220 498 325 528 scilicet
337 504 351 534 [
362 498 435 527 Sicut
445 495 566 524 fecerunt
576 493 627 522 filii
637 492 704 522 Esau
713 496 765 522 &c-
783 491 942 531 Noluitque

140 539 233 568 Selron
245 550 291 569 rex
301 537 431 568 Hesebon
438 536 503 565 dare
514 534 591 563 nobis
602 533 743 562 transitum
753 553 761 560 .

102 579 172 618 Cap.
188 591 216 615 4.
231 591 258 608 v.
270 584 316 615 48.
337 577 461 616 [Usque
469 576 501 604 :td
511 583 635 603 montem
653 574 719 602 Sion
729 596 736 607 ,
759 572 805 612 qui
815 573 854 603 est
867 574 926 602 Her

139 631 205 649 mon
214 641 222 648 .
233 623 246 652 J
269 623 308 650 At
320 629 400 648 mons
409 618 536 646 Hermon
546 615 584 644 est
597 624 670 642 trans
679 615 831 652 Jordanem
841 636 849 648 ‚
860 624 939 642 mons

142 671 211 691 vero
221 661 288 690 Sion
298 657 502 693 Hierosolymae
512 676 520 683 .
530 655 708 693 Respondeo‚
719 665 798 684 mons
809 657 937 684 Hermon

139 702 289 730 voc-abatur
298 700 477 729 Sidoniorum
498 696 594 735 lingua
605 695 702 724 Sarion
716 722 722 729 ,
740 706 770 724 ut
781 695 894 725 liabetur
913 705 936 722 c.

136 751 218 780 praec.
230 750 303 769 num.
314 751 343 777 9.
367 745 379 775 [
391 737 489 777 Usque
500 737 533 766 ad
542 746 667 765 montem
682 737 811 765 Hermon
820 758 829 769 ,
853 745 935 776 quem

140 781 248 810 Sidonii
260 780 359 809 Sirion
371 787 471 807 vocant
480 800 489 812 ,
511 782 538 807 εκ-
551 775 711 806 Amorrhaei
721 778 799 806 Sanir
808 779 838 808 .]
851 781 937 807 Totus

137 831 205 850 vero
218 821 357 849 montium
370 820 468 848 traetus
479 818 615 847 dicebatur
623 818 726 846 Galaad
740 840 748 851 ,
761 821 835 855 cujus
845 827 935 846 extre-

139 871 184 890 ma
195 872 252 899 pars
261 869 334 889 trans
348 860 497 898 jordanem
508 859 653 887 vocabatur
664 859 793 887 Hermon
806 880 814 891 ‚
837 859 882 887 vel
892 859 937 887 Sa-

138 901 260 934 rion,vel
267 901 356 934 Sanir,
366 910 409 928 aut
420 900 487 929 Sion
496 912 507 933 ς
517 898 563 928 sed
573 898 699 928 scribitur
709 909 756 938 per
765 901 830 927 Scin
839 899 872 928 ad
883 898 935 927 dif-

140 941 287 970 ferentiam
296 941 408 970 alterius
419 940 484 970 Sion
495 962 502 973 ,
521 938 603 978 super
612 949 694 978 quem
702 939 741 968 est
761 950 808 968 arx
821 939 918 968 David
926 961 934 972 ,

995 371 1112 402 Domini
1126 374 1138 404 ]
1159 373 1268 400 Contra
1289 370 1343 399 hoc
1361 371 1398 399 est
1409 372 1480 399 locus
1498 370 1560 400 Isai.
1575 378 1621 406 5⁶·
1642 381 1668 400 v.
1683 379 1708 406 ς.
1721 375 1734 405 t
1745 374 1798 400 Eu-

996 411 1092 441 nuchis
1111 411 1157 450 qui
1176 411 1319 441 tenuerint
1341 411 1429 440 soedus
1442 421 1533 440 meum
1544 433 1552 444 ‚
1574 412 1644 440 dabo
1663 411 1694 440 in
1712 411 1798 440 domo

996 453 1156 482 meatorum
1166 455 1195 484 .]
1209 452 1326 490 Insuper
1335 452 1430 482 Astor.
1445 456 1471 480 8.
1482 461 1510 481 v.
1524 462 1568 484 27.
1581 458 1594 487 [
1607 455 1676 481 Ecce
1685 450 1730 480 vir
1740 451 1799 482 AE-

995 493 1089 531 thiops
1109 493 1248 522 eunuchus
1260 503 1371 522 venerat
1384 493 1498 522 adorare
1517 491 1665 530 Jerusalem
1675 494 1705 524 .]
1728 491 1799 522 Res-

994 534 1106 573 pondeo
1118 555 1126 567 ,
1137 545 1185 573 per
1195 533 1337 563 Ecclesiam
1348 533 1393 562 hic
1406 544 1461 562 non
1472 532 1641 572 intelligitur
1652 533 1797 571 templum,

994 585 1043 604 nec
1053 575 1154 614 religio
1165 574 1277 612 Judaica
1288 595 1296 606 ,
1320 574 1384 614 quia
1393 575 1426 602 ad
1435 573 1495 602 haec
1507 575 1615 612 pate'mt
1628 573 1697 602 liber
1706 573 1797 603 aditus

992 616 1081 644 cuivis
1092 616 1258 655 alienigenae
1271 638 1277 649 ,
1301 615 1454 644 dummodo
1465 613 1528 643 ess'et
1539 613 1711 643 circumcisus
1723 625 1730 644 i
1754 614 1796 642 lo-

992 656 1087 694 quitur
1097 656 1184 695 igitur
1195 666 1285 685 textus
1295 656 1396 693 dejure
1408 655 1513 684 civium
1522 676 1530 688 ,
1550 664 1606 694 quo
1615 653 1725 694 speciali
1734 665 1797 694 gra-

993 707 1031 725 tia
1042 697 1131 725 exteri
1141 697 1315 726 donabantur
1323 709 1335 730 ,-
1349 695 1504 735 fiebantque
1513 706 1619 734 capaces
1629 705 1773 725 munerum
1785 716 1795 728 ,

993 748 1022 766 ac
1043 737 1212 776 dignitatum
1235 737 1403 776 publicarum
1414 748 1421 765 :
1446 737 1519 765 idem
1539 734 1742 765 dicendum}st
1759 736 1796 765 de

993 788 1060 807 nato
1069 788 1103 806 ex
1115 777 1207 807 scorto
1218 799 1226 811 ‚
1247 788 1308 806 cum
1319 777 1369 807 heac
1380 788 1471 807 tamen
1488 777 1654 815 exceptione
1666 776 1796 806 sumenda

993 819 1031 848 est
1041 819 1089 847 ista
1100 819 1144 847 lex
1154 841 1162 851 ,
1175 819 1194 847 si
1206 818 1338 848 nimirum
1347 840 1356 852 ,
1377 828 1431 847 tam
1442 818 1568 856 praeclara
1577 816 1662 847 essent
1674 817 1772 846 merita
1782 840 1794 852 ‚

992 869 1099 898 pocerat
1117 859 1217 898 aliquis·
1234 859 1338 898 populo
1348 858 1486 888 adcenseri
1495 881 1502 892 ‚
1527 868 1559 888 ut
1576 858 1729 888 concessum
1742 859 1795 889 fuit

991 900 1086 930 Rahab
1095 900 1254 933 meretrici,
1277 901 1314 928 ita
1324 899 1384 939 Jos.
1395 907 1422 929 6.
1433 903 1462 929 ὃς
1474 899 1581 930 Achior
1592 899 1767 929 Ammonitae
1783 921 1793 932 ‚

990 939 1101 979 Judith.
1115 953 1141 976 4.
1152 945 1179 970 δε
1189 940 1251 970 aliis
1261 963 1269 975 ,
1279 942 1327 979 qui
1339 944 1399 977 jura
1410 940 1516 970 civium
1524 940 1618 979 adepti
1629 939 1694 970 sunt
1702 962 1710 969 .

137 981 194 1010 haec
203 982 280 1011 enim
289 981 416 1010 scribitur
425 991 472 1019 per
480 980 713 1010 Tsade.FR.Vide
722 984 807 1009 Snnir
815 980 845 1009 in
856 980 934 1009 Hier.
949 983 1077 1026 Cap-¹33.
1092 991 1118 1010 v.
1135 993 1143 1009 ι
1152 994 1177 1011 2.
1203 985 1261 1017 [Et
1272 982 1419 1011 Beniamin
1429 981 1468 1010 ait
1479 994 1486 1009 .·
1508 980 1718 1011 Amantiffimus
1727 983 1788 1011 Do-

97 1020 260 1061 Cap.5.v.3.
273 1028 286 1058 [
298 1025 366 1052 Non
374 1032 435 1051 cum
447 1022 566 1060 patribus
575 1021 673 1050 nostris
686 1021 750 1050 iniit
761 1022 878 1059 pactum,
887 1020 935 1050 sed

141 1063 282 1091 nobiscum
292 1084 299 1091 .
312 1066 324 1095 ]
346 1063 397 1092 Sed
407 1061 460 1091 hoc
480 1073 536 1091 non
549 1062 699 1091 concordat
716 1072 777 1090 cum
789 1073 822 1091 eo
831 1083 840 1096 ,
861 1062 936 1101 quod

137 1103 256 1132 traditur
266 1106 340 1133 Gen.
357 1113 400 1139 ¹5-
419 1113 446 1131 v.
464 1108 506 1132 ιε.
528 1104 586 1138 [Ιη
597 1103 647 1131 illo
657 1103 702 1131 die
716 1103 822 1142 pepigit
834 1104 933 1132 Domi-

139 1153 190 1173 nus
203 1143 290 1173 soedus
300 1154 362 1173 cum
374 1143 511 1173 Abraham
522 1164 529 1171 .
544 1146 556 1175 ]
570 1142 737 1181 Respondeo
746 1165 754 1176 ‚
766 1143 835 1172 illud
847 1144 934 1172 soedus

139 1195 198 1212 non
210 1184 261 1212 fuit
271 1185 325 1213 tale
335 1206 344 1218 ,
365 1185 444 1223 quale
454 1183 503 1213 hic
513 1184 613 1212 initum
624 1183 694 1215 suit5
717 1183 754 1212 ibi
763 1184 838 1212 enim
848 1183 932 1213 solam

135 1224 293 1254 Abrahamo
304 1225 428 1264 promitit
437 1234 537 1253 terram
547 1223 790 1256 Chananaeorum5
813 1224 857 1254 hic
866 1235 934 1254 vero

135 1275 231 1293 omnes
243 1265 358 1295 Abrahae
368 1265 490 1304 posteros
511 1264 541 1293 in
553 1265 685 1304 populum
694 1264 771 1294 suum
788 1265 932 1304 peculiari-

135 1307 182 1334 bus
193 1306 305 1345 legibus,
316 1317 344 1334 ac
354 1305 525 1334 ceremoniis
536 1305 583 1334 fibi
593 1305 734 1334 adstrictos
745 1316 863 1345 acceptat
872 1307 933 1336 De·

136 1357 165 1375 us
175 1368 183 1379 ‚
205 1347 287 1375 &illi
304 1345 423 1374 victffim
434 1356 576 1385 acceptant
584 1357 645 1375 eum
657 1347 687 1375 in
696 1347 788 1376 Deum
797 1369 804 1379 ,
822 1346 932 1386 ejusque

136 1387 240 1425 legibus
259 1385 315 1415 sese
325 1386 518 1425 adstringunt5
541 1387 614 1415 unde
624 1386 729 1416 hebraea
741 1388 823 1417 lectio
834 1386 930 1416 habet:

141 1428 232 1460 [Non
244 1436 306 1454 cum
318 1427 438 1464 patribus
450 1427 558 1465 pepigit
569 1428 674 1465 paffum
684 1427 754 1456 istud
768 1448 775 1456 .

95 1467 182 1504 (apa
192 1479 218 1496 ε.
231 1476 258 1495 ν.
276 1477 318 1499 ¹7·
330 1473 341 1502 [
353 1466 540 1505 Primogenita
549 1477 735 1497 armentorum
748 1489 755 1500 ‚
765 1472 793 1497 δε
803 1478 931 1506 pecorum

137 1511 189 1536 &m
201 1517 294 1536 coram
313 1507 438 1536 Domino
448 1508 510 1536 Deo
522 1519 570 1536 tuo
587 1509 712 1538 comedes
720 1510 772 1540 ea]
794 1509 850 1538 Cui
864 1519 931 1546 prx-

135 1557 218 1586 cepto
226 1548 416 1576 contradicere
436 1548 546 1577 videtur
556 1549 630 1578 aliud
639 1550 724 1578 Deut.
740 1559 783 1585 ¹5.
804 1548 872 1578 vei-s.
889 1560 931 1586 ¹9·

138 1589 207 1623 [De
216 1588 414 1627 primogenitis
427 1610 434 1620 ,
457 1599 516 1627 qut
530 1588 675 1618 nascuntur
694 1591 723 1618 in
733 1590 862 1622 armentis
873 1612 880 1623 ‚
904 1593 930 1618 ἃ

134 1629 166 1657 in
176 1629 272 1658 ovibus
281 1638 334 1657 tuis
348 1651 356 1662 ‚
379 1628 515 1667 quidquid
525 1629 561 1658 est
571 1629 648 1659 sexus
657 1628 799 1659 masculini
814 1651 822 1663 ,
830 1628 932 1659 sacrifi-

133 1670 202 1699 cabis
212 1670 364 1700 Domino]
387 1679 444 1708 qux
457 1671 643 1700 Sacerdotibus
655 1671 764 1709 integra
782 1670 913 1699 cedebant
923 1691 930 1698 .

135 1751 216 1779 mino
226 1772 234 1784 ,
255 1755 282 1780 ὅ(
295 1761 352 1779 non
366 1752 394 1779 in
404 1751 509 1779 urbib-ts
526 1753 598 1786 jubet
609 1752 684 1780 Deus
693 1762 779 1786 5>non
789 1763 866 1781 erant
878 1762 918 1780 ma

132 1789 232 1819 stulini
242 1789 320 1820 sexus
331 1813 339 1824 ,
349 1795 377 1820 &
389 1791 444 1820 fine
454 1792 573 1822 macula5
596 1791 643 1820 sed
655 1793 700 1821 vel
720 1791 798 1821 sexus
808 1791 932 1821 soemini-

133 1830 182 1863 ni,
203 1831 249 1860 vel
261 1832 390 1860 maculam
400 1833 471 1859 vitto
483 1831 576 1870 aliquo
588 1833 710 1869 corporis
723 1853 730 1860 .

92 1870 164 1910 Cap.
182 1881 191 1898 1
201 1880 226 1906 5.
245 1881 273 1900 v.
292 1883 318 1907 4.
343 1877 355 1906 [
367 1875 400 1900 Et
419 1872 537 1900 omnino
558 1873 684 1911 indigens
695 1895 704 1906 ‚
728 1874 773 1902 vel
792 1873 930 1902 mendicus

131 1921 191 1940 non
202 1911 255 1939 erit
265 1912 340 1940 inter
350 1922 399 1940 vos
409 1932 416 1938 .
429 1914 441 1943 ]
466 1916 505 1940 Ex
518 1913 567 1941 alia
578 1923 645 1941 vero
653 1923 729 1951 parte
746 1909 873 1942 habemus
882 1913 929 1942 hic

133 1950 206 1979 vers.
224 1962 232 1980 ι
243 1962 266 1980 1.
289 1958 301 1987 [
313 1953 382 1981 Non
390 1952 508 1980 deerunt
518 1963 647 1992 pauperes
657 1963 686 1982 in
704 1962 774 1982 terra
784 1953 926 1983 habitatio-

133 1992 175 2020 nis
187 2001 239 2021 tuae
250 2011 257 2019 .
268 1995 280 2024 ]
293 1991 409 2031 Insuper
422 1992 522 2022 Matth.
537 2000 583 2023 ιε.
597 2005 622 2022 v.
639 2005 649 2022 i
660 2005 682 2022 t.
696 1994 851 2032 [Pauperes
860 1994 928 2024 sem-

135 2042 184 2070 per
194 2031 326 2062 habebitis
337 2032 477 2062 vobiscum
489 2054 496 2061 .
507 2036 519 2066 ]
531 2033 701 2072 Respondeo
709 2045 743 2063 ex
755 2035 879 2065 versione
888 2035 928 2064 sc—

132 2072 278 2111 ptuaginta
296 2074 485 2112 Interpretum
497 2074 580 2102 mani?
603 2079 638 2103 ile
649 2075 791 2113 colligitur
800 2075 854 2104 hoc
866 2076 929 2105 fuis-

131 2112 160 2142 se
171 2123 340 2152 praeceptum
352 2135 361 2147 ,
381 2125 438 2153 quo
448 2115 525 2144 Deus
535 2126 628 2152 paupe:
639 2118 693 2144 ἢν.»
711 2115 929 2146 subveniendum

989 1032 1060 1051 mini
1069 1021 1202 1050 habitabit
1211 1022 1386 1052 confidenter
1396 1023 1427 1050 in
1438 1033 1480 1055 eo,
1490 1022 1560 1061 quali
1574 1022 1604 1050 in
1616 1021 1738 1052 thalamo
1748 1032 1794 1051 to-

988 1073 1014 1091 ta
1024 1063 1070 1092 die
1081 1063 1230 1092 morabitur
1238 1086 1246 1096 ,
1258 1066 1286 1093 ὃς
1297 1063 1371 1093 inter
1380 1062 1510 1092 humeros
1519 1063 1594 1091 illius
1605 1062 1765 1102 requiescet.
1778 1065 1794 1095 1

989 1105 1059 1133 Haec
1071 1104 1154 1133 Mofis
1163 1104 1320 1132 benediRio
1342 1115 1401 1133 non
1414 1104 1525 1133 videtur
1534 1104 1686 1142 adimpleta
1696 1125 1704 1137 ,
1726 1113 1793 1132 nam

989 1148 1006 1173 'l
1014 1145 1136 1182 emplum
1144 1166 1153 1178 ‚
1163 1148 1190 1173 ὃ(
1203 1144 1261 1183 ipsa'
1271 1143 1419 1182 Jerusalem
1430 1154 1507 1173 erant
1516 1144 1547 1172 in
1557 1145 1641 1173 Tribu
1650 1145 1720 1183 Juda
1729 1165 1737 1173 .
1747 1145 1793 1173 Ita

988 1183 1046 1223 J0s.
1063 1194 1106 1220 ις.
1118 1196 1146 1213 ν.
1161 1189 1203 1214 18.
1215 1187 1289 1214 Item
1299 1184 1398 1214 Psalm.
1409 1197 1457 1219 77.
1479 1185 1594 1224 [Elegit
1606 1186 1690 1214 tribus
1700 1185 1791 1224 Juda,

988 1235 1115 1254 montem
1126 1225 1193 1255 Sion
1203 1246 1210 1253 .
1224 1228 1236 1258 ]
1258 1225 1431 1264 Respondeo
1442 1248 1450 1259 ‚
1461 1226 1527 1255 licet
1536 1236 1596 1264 pars
1604 1225 1791 1264 jerosolymae

988 1265 1111 1304 superior
1122 1266 1242 1295 australis
1251 1289 1260 1300 ,
1282 1267 1327 1295 ubi
1337 1276 1391 1295 erat
1403 1277 1481 1295 mons
1491 1266 1557 1295 Sion
1568 1288 1577 1300 ‚
1594 1266 1747 1304 pertineret
1757 1266 1792 1295 ad
1839 1294 1841 1296 .

987 1307 1099 1337 Tribum
1111 1306 1188 1345 Judae
1201 1329 1210 1340 ,
1220 1317 1279 1345 pars
1299 1317 1393 1336 tamen
1404 1307 1521 1336 inferior
1530 1329 1538 1341 ‚
1549 1311 1578 1336 δ(
1589 1307 1792 1346 septentriona-

987 1347 1020 1376 lis
1040 1358 1102 1376 cum
1125 1347 1293 1377 intermedio
1303 1357 1398 1377 monte
1417 1348 1509 1377 Mori:
1520 1369 1527 1380 ‚
1551 1348 1581 1376 in
1590 1358 1646 1386 quo
1657 1348 1793 1387 templum

987 1389 1141 1417 extruetum
1161 1388 1246 1417 suerat
1258 1410 1266 1422 ,
1285 1389 1438 1427 pertinebat
1449 1389 1483 1417 :td
1504 1389 1605 1417 tribum
1622 1388 1768 1424 Benjamin
1779 1410 1790 1421 ‚

988 1430 1026 1458 ita
1036 1431 1137 1464 Lyran.
1158 1430 1187 1457 in
1197 1431 1270 1457 Gen.
1284 1434 1329 1458 28.
1341 1433 1369 1457 ὃ(
1390 1429 1501 1468 quando
1512 1428 1614 1458 dicitur
1624 1430 1700 1458 Deus
1709 1428 1788 1458 habi-

988 1468 1050 1498 tasse
1062 1479 1090 1498 in
1100 1470 1168 1498 Sion
1178 1491 1186 1502 ,
1209 1470 1246 1498 est
1257 1469 1342 1508 figura
1352 1468 1553 1505 synecdoche,
1573 1479 1706 1509 quatenus
1715 1469 1785 1499 Sion

986 1509 1103 1540 sumitur
1113 1520 1164 1549 pro
1177 1519 1235 1539 tota
1245 1511 1309 1540 urbe
1319 1509 1494 1549 jerosolyma
1502 1531 1510 1538 .

1199 1593 1267 1621 Ex
1308 1591 1532 1630 JOSUE.

947 1671 1035 1711 CAP.
1051 1682 1073 1700 i.
1094 1682 1120 1701 v.
1137 1683 1146 1701 1
1158 1683 1180 1701 ι.
1205 1672 1290 1708 [Post
1309 1671 1383 1701 diem
1401 1671 1514 1701 tertium
1535 1669 1678 1700 transibitis
1688 1671 1787 1710 Jorda-

988 1721 1068 1740 nem:
1081 1715 1094 1745 ]
1119 1713 1270 1749 Quomodo
1279 1712 1335 1741 hoc
1345 1712 1461 1742 subsistit
1470 1722 1532 1740 cum
1541 1723 1565 1741 c.
1575 1710 1630 1751 seq.
1643 1712 1688 1741 ubi
1698 1715 1785 1741 Text.

987 1752 1111 1791 loquitur
1121 1754 1156 1782 de
1177 1753 1395 1792 exploratoribus
1408 1752 1491 1782 miffis
1501 1775 1508 1786 ‚
1531 1753 1578 1792 qui
1591 1753 1684 1782 triduo
1696 1752 1790 1782 latita-

987 1803 1052 1822 runt
1062 1793 1091 1821 in
1100 1794 1250 1826 montibus,
1262 1798 1289 1823 ὅ(
1299 1794 1359 1832 post
1369 1795 1482 1824 illorum
1493 1795 1615 1823 reditum
1627 1794 1716 1822 adhuc
1726 1795 1787 1822 He-

987 1833 1050 1862 braei
1064 1834 1221 1863 manserunt
1241 1843 1295 1862 tres
1307 1834 1365 1863 dies
1383 1835 1454 1873 apud
1472 1835 1623 1872 Jordanem
1634 1856 1642 1867 ‚
1664 1844 1694 1863 ut
1703 1834 1788 1863 colli-

985 1874 1060 1912 gitur
1071 1884 1105 1902 ex
1115 1884 1171 1912 cap.
1185 1885 1212 1912 3.
1229 1873 1417 1913 Respondeo5
1443 1876 1511 1903 Haec
1521 1885 1666 1904 narrantur
1674 1885 1723 1913 per
1732 1874 1787 1910 hy-

987 1915 1079 1944 steron
1091 1924 1221 1953 proteron
1232 1915 1413 1954 anticipative
1424 1937 1432 1947 ,
1452 1925 1516 1943 nam
1526 1914 1618 1944 miffio
1626 1915 1786 1954 explorato-

967 1965 1046 1984 -rum
1064 1954 1191 1994 praeponi
1200 1955 1281 1984 debet
1302 1955 1366 1983 huic
1386 1965 1524 1994 praecepto
1542 1955 1691 2000 Josue-per
1701 1957 1786 1987 castra

984 1996 1131 2034 divulgato
1143 2007 1151 2026 5
1163 1995 1236 2024 unde
1246 1995 1289 2024 isti
1299 2005 1352 2024 tres
1363 1996 1420 2024 dies
1430 2018 1438 2029 ,
1459 1996 1492 2024 de
1502 1997 1598 2035 quibus
1609 1996 1654 2026 luc
1663 1996 1695 2026 fit
1706 2007 1784 2026 men-

985 2039 1026 2064 tio
1036 2058 1044 2069 ,
1067 2035 1133 2065 sunt
1145 2035 1230 2064 iidem
1240 2046 1301 2065 cum
1321 2036 1376 2064 illis
1389 2037 1476 2065 tribus
1486 2037 1579 2066 diebus
1589 2059 1597 2071 ,
1615 2036 1785 2076 quixhaben-

985 2087 1028 2106 tur
1039 2099 1046 2109 ,
1066 2087 1123 2115 cap.
1135 2087 1162 2114 3.
1180 2077 1224 2105 ubi
1236 2076 1359 2115 loquitur
1369 2080 1470 2107 'sextus
1480 2078 1516 2106 de
1533 2078 1674 2107 mansione
1685 2080 1784 2116 populi

985 2117 1045 2157 post
1058 2118 1177 2146 reditum
1186 2118 1392 2154 exploratorum
1405 2130 1411 2145 :
1434 2118 1472 2146 ita
1483 2119 1563 2147 Abul.
1575 2123 1603 2148 ὃ(
1613 2118 1661 2147 alii
1672 2139 1680 2146 .

131 2152 182 2182 ess‘e
191 2153 356 2183 demonstrat
366 2175 374 2182 .
396 2156 442 2192 Τῷ
452 2154 480 2185 δὲ
490 2156 573 2190 :¹5:³4
581 2157 601 2192 ᾤ’
610 2168 643 2185 σε
654 2156 685 2185 ἐκ
697 2152 909 2192 allator-avonem
920 2180 928 2192 ,
944 2159 1014 2196 Cap.
1032 2170 1038 2185 ι
1050 2168 1074 2193 ς.
1087 2168 1113 2186 ν.
1128 2169 1137 2186 1
1145 2168 1171 2189 7.
1197 2158 1361 2197 [Cepitque
1369 2168 1428 2187 eam
1445 2158 1588 2188 Otlioniel
1599 2158 1669 2187 filius
1681 2160 1783 2190 Cenez

132 2192 174 2223 ’ὅτι
189 2193 223 2224 ἐκ
233 2193 292 2227 ἲςαι
300 2193 329 2224 d
337 2207 377 2225 σοι
385 2194 470 2230 dalet-[5
479 2216 486 2222 .
511 2197 545 2230 [I
552 2196 615 2223 ratri
627 2206 715 2224 autem
739 2207 786 2225 tuo
797 2197 928 2226 remiffio-

130 2243 195 2262 nem
214 2234 294 2262 facies
303 2256 312 2268 ‚
330 2235 393 2274 quia
407 2246 464 2264 non
486 2236 538 2264 erit
559 2236 590 2263 in
607 2247 633 2264 te
652 2236 779 2275 indigens
791 2240 821 2269 .]
846 2239 927 2275 Quod

128 2283 299 2313 praeceptum
309 2275 422 2315 lingulis
434 2277 545 2314 quidem
559 2277 608 2314 imp
617 2277 715 2305 mitum
724 2281 761 2305 clt
773 2298 779 2304 .
795 2278 879 2307 Aliud
889 2280 928 2307 est

127 2315 279 2353 praecipere
289 2316 396 2355 aliquid
406 2316 492 2356 singu!
500 2327 530 2349 Δς,
541 2318 562 2345 a?
570 2328 614 2345 :uu
625 2329 635 2344 x
643 2329 690 2346 ero
702 2317 834 2356 consequi
845 2319 928 2349 finem

126 2355 136 2386 i
139 2355 209 2394 psius
217 2357 439 2398 praetepti‚quod
446 2368 506 2389 non
515 2357 554 2388 est
563 2367 593 2386 in
601 2358 735 2398 potestate
746 2358 928 2399 singulorum,

983 2199 1065 2227 frater
1075 2198 1162 2227 Caieb
1171 2198 1265 2233 junior
1274 2218 1280 2225 .
1293 2201 1305 2229 ]
1328 2200 1437 2228 Contra
1448 2209 1515 2228 vero
1527 2221 1535 2232 ‚
1558 2200 1659 2237 Num.3
1669 2211 1694 2228 ι.
1705 2210 1747 2228 ν.ι
1757 2213 1785 2230 2.

984 2240 1022 2268 ait
1033 2242 1135 2267 Textus
1147 2250 1153 2266 ;
1180 2243 1191 2273 [
1203 2240 1308 2272 Praeter
1325 2240 1412 2268 Caleb
1431 2239 1518 2268 filiurn
1536 2238 1668 2277 Sophone
1689 2242 1783 2269 Cene-

984 2289 1074 2309 zaeum
1087 2299 1095 2306 .
1105 2281 1118 2312 ]
1130 2282 1204 2317 Ergo
1213 2280 1301 2308 Caleb
1310 2291 1367 2308 non
1379 2289 1436 2308 erat
1446 2280 1529 2309 frater
1537 2279 1704 2310 othonielis
1716 2303 1722 2313 ,
1732 2280 1782 2311 sed

984 2321 1083 2349 Cenez
1094 2339 1101 2346 .
1123 2319 1294 2358 Respondeo
1305 2342 1313 2354 ,
1322 2320 1464 2350 Othoniel
1473 2331 1532 2349 non
1543 2320 1645 2349 ducitur
1655 2320 1781 2350 absolute

985 2361 1067 2390 frater
1074 2360 1161 2390 Caleb
1169 2382 1178 2395 ,
1200 2359 1247 2391 sed
1258 2371 1320 2390 cum
1331 2361 1521 2392 additamento
1531 2384 1538 2396 ,
1558 2371 1657 2402 nempe
1668 2385 1676 2397 ,
1698 2362 1782 2391 frater

1696 2413 1741 2439 Ju-
