1866 2526
68 76 188 108 dimittit
200 86 315 107 uxorem
326 76 360 105 ob
371 74 583 105 fornicationem
597 95 604 108 ,
626 85 686 103 non
697 73 849 103 moechatur
861 85 869 104 ς

71 119 93 150 fi
103 128 171 149 vero
191 119 273 148 aliam
282 117 393 147 duxerit
403 138 411 151 ,
433 125 508 146 certe
526 115 681 144 moechatur
690 133 700 142 .
721 115 767 144 Ut
783 115 803 144 fi
812 114 871 153 quis

72 159 163 189 dicat:
186 159 242 197 Qui
251 159 387 196 jejunium
399 157 485 187 violat
493 158 549 186 fine
561 154 769 195 dispensatione
779 177 787 189 ,
805 159 833 184 ὅ(
844 153 871 182 se

72 200 192 230 inebriat
204 222 212 234 ‚
235 210 326 240 peccat
338 212 344 229 :
367 210 436 238 crgo
446 199 493 237 qui
504 197 735 234 violatjejunium
744 206 805 225 cum
817 193 871 224 dis-

72 240 257 281 pensatione,
280 239 308 270 se
319 240 483 270 inebriando
493 249 550 267 non
563 248 654 278 peccat
670 260 677 271 ,
701 236 765 266 salsa
774 236 812 265 est
833 235 872 264 se-

70 283 151 320 quela
159 303 168 316 ‚
191 283 229 311 ita
238 283 326 311 Corn.
336 293 349 310 τι
361 284 423 319 an.
435 284 463 309 δ(
473 280 510 308 cst
523 279 614 308 sensus
624 277 750 316 Theoph.
762 281 789 307 δ(
801 279 872 315 Aug.

73 323 162 354 Unde
181 322 336 362 propositio
346 320 423 350 sonat
432 342 440 349 .
463 320 636 358 Quicumque
658 318 796 347 dimiserit
805 328 873 346 uxo-

70 374 130 393 rem
139 363 212 392 suam
223 363 320 402 absque
333 361 525 392 fornicationis
533 360 617 393 cansa,
630 359 791 388 moechatur.
803 359 872 395 Qui-

71 415 179 444 cunque
189 404 273 433 etiam
282 404 362 432 aliam
372 402 481 431 duxerit
491 424 498 435 ,
510 401 664 430 moechatur
674 422 681 429 .

31 446 104 486 Cap.
116 457 162 480 27.
173 455 200 475 v.
210 457 239 482 9.
262 452 277 481 1
289 447 365 474 Tunc
386 444 532 481 impletum
550 443 606 475 est,
629 442 705 481 quod
723 441 825 470 dietum
836 440 874 469 est

72 497 122 526 per
139 487 288 525 Jeremiam
310 484 478 523 Prophetam
487 504 494 512 .
507 486 518 515 ]
542 483 678 523 Loquitur
698 481 874 520 Evangelista

71 527 107 557 de
126 537 185 567 agri
216 525 358 565 emptione
375 536 426 563 pro
443 524 582 564 sepultura
611 523 821 563 peregrinorum
841 532 873 550 ex

69 567 179 598 Christi
199 568 290 607 pretio
300 587 307 595 .
330 566 452 595 Maxima
472 575 564 594 tamen
584 566 622 594 est
634 565 783 593 difficultas
806 563 875 602 apud

73 609 229 647 Scriptores
239 607 318 646 super
328 606 387 635 haec
399 607 496 638 verbm
508 617 572 636 nam
584 605 642 635 haec
654 604 802 644 prophetia
814 604 875 633 nul-

70 651 101 679 lo
110 650 188 688 pasto
206 648 350 678 invenitur
359 649 429 686 apud
448 648 596 686 Jeremiarn
608 669 615 681 ‚
635 646 682 675 sed
694 646 784 684 potius
806 645 876 683 apud

70 689 234 720 Zachariam
244 710 251 723 ,
275 699 333 728 cap.
349 700 357 718 ι
370 700 392 717 1.
405 699 431 718 ν.
449 700 491 718 12.
505 693 564 724 [Et
576 688 764 727 appenderunt
775 696 875 714 merce-

69 731 133 761 dem
142 741 231 759 meam
251 731 367 770 triginta
377 739 522 769 argenteos
532 750 538 757 .
551 731 563 761 ]
585 727 753 767 Respondeo
763 748 770 755 .
794 729 875 756 Hunc

71 782 196 801 errorem
213 782 247 800 ex
267 771 373 800 incuria
394 770 568 799 librariorum
591 770 721 809 irrepfiss'e
741 769 876 797 testantur

74 812 195 842 Hieron.
206 815 310 851 Ruper.
322 814 423 847 Lyran.
435 810 508 851 Jans.
519 810 651 840 Francisc.
663 813 747 840 Lucas·
756 829 762 837 .
775 812 875 838 Baton.

74 853 160 883 Maeld.
170 855 243 883 Suar-
255 854 313 882 imo
333 853 466 882 nonnulli
475 853 582 881 codices
592 852 693 880 habent
712 860 813 880 nomen
824 851 875 878 Za—

72 893 172 924 chariae
189 916 197 928 ‚
217 904 246 923 ut
256 895 294 923 ait
304 895 330 924 S.
342 894 461 933 August.
474 904 591 932 quornm
603 903 686 922 unum
698 901 809 932 egomet
819 889 874 929 legi

73 935 178 964 arabice
188 934 319 974 scriptum
331 956 340 968 ‚
362 938 389 963 ὅ(
401 945 433 963 eo
443 935 584 963 utebamur
594 934 624 962 in
647 934 736 963 nostra
747 934 875 970 congre*

73 977 190 1015 gatione
212 976 282 1014 apud
305 974 483 1006 Eminentiss.
506 975 685 1004 cardinalem
707 974 854 1003 Pallottam
868 994 875 1004 ‚

509 15 886 59 Contradicstiones
906 4 1161 69 epparentes

927 72 975 101 sed
985 82 1035 111 pro
1045 71 1216 112 sequentibus
1227 95 1235 107 ‚
1247 72 1400 114 nimirumt
1410 81 1475 110 Vox
1487 79 1627 112 clamantis
1637 82 1670 114 in
1680 86 1729 116 de-

927 111 1002 158 serto
1012 116 1042 147 ,]
1055 114 1128 143 unde
1138 117 1214 151 juxm
1225 124 1350 146 veterum
1361 121 1605 153 Ecclefiasticorum
1614 124 1727 156 senten-

927 163 996 182 tiam
1017 157 1124 199 Marcus
1134 166 1168 185 ex
1187 156 1289 185 duobus
1307 158 1472 189 testimoniis
1489 164 1688 203 Prophetarum
1697 179 1730 197 u-

928 205 995 224 num
1007 196 1095 224 efficit
1108 195 1154 225 sub
1168 197 1282 227 nomine
1295 197 1379 228 Esaiae
1391 222 1398 233 ,
1418 200 1455 229 ita
1467 202 1582 233 Hieron.
1593 207 1728 245 quiaddit

927 235 1077 280 secundum
1095 235 1265 267 solutionem
1276 260 1284 273 ‚
1302 241 1451 275 nimirum,
1474 242 1549 271 vitio
1564 245 1729 286 scriptorum

929 276 1014 306 Esaiae
1025 287 1127 306 nomen
1136 279 1267 318 irrepsiss'e
1279 301 1285 308 .
1295 282 1406 311 Graecus
1418 282 1486 322 legit
1499 304 1507 316 ‚
1528 283 1560 318 ὦς
1569 284 1728 324 γέγραπται

928 316 959 348 αι’
968 317 1024 362 τοῖὶς
1036 317 1189 358 Προφῆταις
1200 341 1207 349 .
1220 321 1307 356 [Sicut
1318 321 1450 363 scripturn
1460 324 1498 353 est
1509 324 1540 353 in
1549 326 1692 365 Prophetis
1697 341 1704 361 3
1715 332 1727 362 ]

930 359 1031 387 nullius
1042 370 1146 388 nomen
1157 362 1341 401 exprimendo
1350 384 1357 391 .

889 401 960 438 Cap.
977 409 1020 435 ¹5-
1034 410 1060 428 v.
1073 410 1119 436 ις.
1144 406 1230 437 [Erat
1239 412 1330 432 autern
1342 404 1410 434 hora
1427 406 1508 435 tertia
1520 428 1529 440 ,
1550 407 1731 437 &crucifixess

929 450 994 470 runt
1003 451 1065 470 eum
1077 444 1106 473 .]
1130 443 1155 471 S.
1167 445 1286 482 joannes
1299 455 1367 475 vero
1376 446 1415 475 ait
1426 467 1434 479 ,
1443 456 1502 485 cap.
1519 458 1564 484 19.
1584 451 1672 484 [Erat
1680 447 1732 476 ho-

931 492 959 510 ra
973 482 1046 520 quasi
1066 481 1140 512 sexta
1151 506 1159 517 ,
1172 487 1184 516 ]
1208 489 1236 514 δε
1249 496 1297 514 nec
1306 496 1364 516 erat
1385 486 1471 516 adhuc
1483 487 1625 517 damnatus
1635 509 1642 517 .
1663 487 1734 518 Res-

930 522 1040 561 pondeo
1053 544 1060 556 ,
1083 534 1139 552 erat
1150 523 1217 554 hora
1226 527 1309 555 tertia
1321 528 1422 557 finiens
1434 549 1442 562 ,
1455 539 1484 557 ac
1494 529 1620 558 desinens
1630 529 1660 558 in
1669 529 1734 558 sex-

931 573 986 592 tam
999 574 1015 608 ς.
1030 574 1093 592 nam
1113 565 1187 593 idem
1198 569 1306 596 Marcus
1317 590 1325 601 ‚
1349 579 1376 597 v.
1388 579 1433 607 33.
1453 571 1569 598 affirmat
1584 569 1736 599 Christum

929 604 1084 633 Dominum
1104 606 1264 636 crucifixum
1286 608 1354 638 hora
1373 609 1448 638 sexta
1462 631 1468 642 ,
1491 611 1601 649 quando
1613 610 1731 640 tenebrae

934 644 1009 674 fastae
1021 644 1085 674 sunt
1101 645 1180 685 super
1190 649 1347 678 universam
1358 660 1460 679 terram
1471 672 1479 683 ,
1497 652 1534 679 ita
1545 651 1734 680 communiter

932 688 1102 731 Interpretes
1114 709 1120 720 ,
1133 688 1177 716 vel
1186 688 1305 718 dicemus
1316 693 1435 720 Marcum
1447 692 1570 720 locutum
1581 691 1631 720 ess'e
1643 693 1676 721 de
1686 693 1735 722 da-

931 736 1076 771 mnmone
1086 727 1119 757 ad
1129 738 1249 762 crucem,
1272 731 1383 769 quando
1391 734 1469 766 juxta
1483 733 1667 771 Augustinum
1678 734 1734 762 lin-

931 777 992 806 guis
1011 768 1171 806 Judaeorum
1191 771 1366 799 clamantium
1379 793 1386 804 ,
1409 772 1540 810 crucifige
1551 794 1558 805 ,
1583 774 1712 813 crucifige
1724 795 1733 807 ‚

931 807 1060 837 Christus
1071 809 1144 837 cruci
1155 810 1252 839 affixus
1263 811 1300 839 est
1311 832 1317 839 .
1328 812 1517 847 Hieronymus
1530 821 1608 850 putat
1617 813 1735 852 scripto-

929 859 986 877 rem
998 849 1142 887 deceptum
1154 851 1334 881 similitudine
1344 852 1528 881 characterum
1535 855 1718 884 numeralium
1726 876 1736 888 ‚

931 890 1025 929 quibus
1036 891 1130 920 Graeci
1141 893 1261 920 Codices
1272 902 1388 921 utuntur
1398 915 1405 925 ‚
1428 903 1478 932 pro
1487 906 1506 927 ς
1515 894 1589 932 quod
1600 893 1737 924 senarium

931 931 1034 960 indicat
1052 954 1060 965 ,
1097 931 1246 972 apposuisse
1274 935 1296 963 l·
1315 944 1442 972 gamma,
1469 934 1545 973 quod
1568 937 1682 965 ternarii
1701 936 1737 965 fi-

930 981 1017 1011 gnum
1036 973 1073 1000 est
1085 993 1091 1000 .

75 1018 145 1055 apud
156 1027 236 1056 quem
246 1017 312 1046 alius
326 1016 409 1045 etiam
423 1017 530 1045 extabat
541 1015 680 1044 chaldaice
691 1015 818 1053 scriptus,
830 1013 876 1051 qui
890 1013 960 1051 Cap.
977 1019 1018 1041 16.
1034 1023 1058 1041 v.
1074 1018 1099 1041 8.
1124 1017 1182 1049 [Et
1204 1013 1307 1043 nemini
1329 1014 1480 1054 quidquam
1498 1014 1630 1045 dixerunt
1641 1038 1647 1045 .
1662 1020 1673 1049 ]
1700 1020 1737 1046 Et

76 1058 179 1086 nullius
188 1056 335 1097 Prophetae
348 1068 450 1087 nomen
459 1057 619 1085 continebat
629 1079 636 1090 ,
650 1056 696 1085 sed
707 1055 795 1084 solum
805 1054 877 1082 dice-

76 1099 136 1127 bat:
153 1100 261 1134 [Quod
271 1099 374 1127 dictum
385 1098 422 1127 est
433 1109 480 1137 per
491 1097 659 1136 Prophetam
672 1120 680 1131 ‚
693 1100 705 1129 ]
718 1101 745 1126 ὅ(
756 1096 814 1124 haec
825 1094 876 1122 mi-

76 1139 106 1168 hi
118 1139 230 1168 videtur
243 1140 418 1168 verisimilior
428 1140 598 1178 explicatio:
623 1149 685 1167 nam
696 1139 721 1167 S.
733 1134 878 1166 Matthaeus

76 1190 136 1209 non
147 1179 220 1210 solet
238 1181 393 1219 exprimere
406 1182 517 1209 nomina
527 1179 727 1219 Prophetarum
747 1179 777 1206 in
787 1176 835 1206 suo
845 1180 879 1205 E-

76 1222 209 1261 vangelio
220 1243 226 1250 .
249 1222 301 1250 Sed
313 1221 357 1250 hic
368 1222 591 1260 praetereundum
604 1233 661 1250 non
670 1221 708 1249 est
718 1241 726 1253 ,
745 1218 820 1258 quod
830 1217 879 1246 rni-

73 1260 104 1289 hi
114 1273 199 1301 nuper
208 1263 330 1291 ostendit
341 1264 377 1291 D.
390 1263 528 1291 Abraham
540 1262 710 1292 Ecchelenlis
724 1263 833 1290 Maron.
846 1258 876 1286 in

74 1304 206 1332 Romano
216 1303 363 1341 Sapientiae
376 1302 608 1341 Archigymnafio
618 1302 731 1335 Chald«,
743 1312 772 1330 ac
784 1298 879 1329 Arabi-

933 1063 1026 1081 tamen
1047 1064 1152 1083 certum
1163 1055 1201 1083 est
1211 1055 1258 1084 has
1281 1056 1409 1084 mulieres
1420 1055 1558 1085 nunciasti:
1577 1056 1686 1086 Christi
1697 1068 1740 1086 re-

931 1093 1128 1124 surreftionem
1137 1096 1264 1125 omnibus
1273 1095 1416 1135 discipulis
1425 1117 1432 1124 .
1443 1096 1611 1135 Respondeo
1621 1118 1627 1125 .
1640 1098 1738 1127 Nemi-

934 1135 963 1203 nli
975 1135 1088 1174 quidem
1099 1137 1230 1175 perviam
1243 1137 1374 1166 dixerunt
1393 1148 1449 1176 pra:
1464 1138 1566 1167 timore
1576 1159 1585 1171 ‚
1594 1147 1623 1166 ut
1636 1139 1673 1167 ait
1685 1143 1739 1169 Eu-

934 1185 945 1204 t
957 1186 1027 1211 iym.

1016 1259 1072 1287 EX
1104 1260 1352 1290 EVANGEL.
1384 1260 1410 1289 S.
1437 1259 1615 1290 LUCAE.

74 1353 111 1372 cae
123 1343 227 1382 linguae
240 1343 360 1382 publicus
371 1343 503 1381 proseffor
515 1366 522 1377 ,
545 1348 571 1373 ὅ(
583 1354 656 1373 meus
669 1343 699 1371 in
715 1351 879 1380 praecogno-
893 1339 981 1369 CAP.
992 1349 1019 1377 3.
1030 1338 1099 1368 vers.
1114 1350 1139 1368 ι.
1164 1345 1178 1375 [
1190 1339 1364 1378 Principibus
1386 1340 1567 1369 Sacer-dotum
1586 1342 1668 1369 Anna
1679 1362 1687 1373 ,
1709 1343 1737 1369 &e

75 1383 182 1413 scendis
192 1384 314 1413 Arabicis
325 1384 420 1412 Bibliis
432 1384 657 1423 diligentiffimus
667 1384 781 1422 collega.
795 1381 879 1419 Apud

73 1424 147 1454 hunc
158 1425 249 1453 virum
262 1424 334 1453 inter
343 1424 496 1462 complures
507 1427 590 1454 libros
599 1425 717 1454 arabicos
729 1421 835 1451 manusc
841 1422 877 1451 ri-

75 1475 138 1504 ptos
150 1466 260 1504 quidam
270 1465 411 1504 singularis
421 1466 516 1494 existit
529 1465 674 1505 inscriptus
686 1487 692 1499 ,
716 1465 797 1494 Liber
810 1473 879 1491 mar-

75 1506 224 1545 garitarum
235 1506 413 1545 pretiosarum
426 1527 433 1538 ,
456 1507 548 1545 estque
558 1508 590 1535 de
601 1507 728 1545 operibus
737 1504 858 1534 Domini
870 1524 876 1531 .

76 1548 185 1576 Auffor
202 1547 281 1583 hujus
293 1547 355 1576 libri
367 1548 404 1575 ait
416 1569 422 1580 ,
446 1548 514 1576 odio
527 1570 534 1581 ,
557 1559 585 1576 ac
599 1547 703 1577 malitia
721 1546 880 1584 Judaeorum

80 1587 157 1616 istam
170 1588 348 1626 Prophetiam
360 1587 461 1617 erasnm
473 1588 549 1617 fuiss'e
561 1600 566 1616 :
579 1589 652 1618 unde
666 1598 755 1626 cap.7.
765 1588 881 1625 loquens

78 1628 112 1657 de
122 1628 227 1663 Christ
240 1628 361 1668 paffione
370 1650 378 1661 ,
388 1629 516 1667 Jeremiae
530 1630 609 1658 verba
618 1630 686 1658 citat
699 1650 706 1662 ‚
727 1637 785 1667 quae
798 1637 832 1655 ex
844 1628 881 1655 A·

79 1670 170 1698 sabico
180 1680 209 1698 in
220 1670 337 1699 latinum
350 1670 482 1699 conversa
493 1670 556 1699 talia
567 1669 628 1699 sunt
639 1691 646 1698 .

121 1713 205 1739 Sestio
218 1722 251 1740 ex
262 1712 538 1749 ProphetiaJeremia
549 1712 681 1749 Propheta
692 1731 699 1739 .

81 1755 154 1779 Tum
165 1751 243 1780 dixit
254 1755 393 1787 jeremias
404 1753 443 1780 ad
453 1753 584 1789 Phesriur
595 1765 603 1780 .·
624 1756 690 1787 Iam
702 1752 752 1780 diu
766 1761 828 1779 cum
835 1757 884 1787 pa·
900 1780 901 1783 ,

79 1792 170 1819 tribus
180 1794 280 1829 vestris
291 1795 350 1829 estis
361 1796 496 1821 contrarii
508 1796 630 1821 veritati
641 1793 718 1828 ,filii
729 1800 824 1820 autem
835 1801 883 1818 ve-

72 1834 145 1868 stri,
164 1843 211 1870 qm
232 1843 350 1861 ventem
364 1835 419 1870 post
440 1845 487 1862 vos
501 1856 507 1866 ‚
523 1834 721 1872 perpetrabunt
737 1830 883 1870 peccatum

79 1875 166 1911 magis
179 1884 285 1901 enorme
295 1896 301 1907 ‚
315 1885 399 1912 quam
415 1886 463 1902 vos
475 1897 481 1907 ,
497 1885 629 1913 quoniam
640 1874 838 1911 appretiabunt
849 1873 883 1901 il-

79 1914 138 1941 lum
152 1935 158 1946 ‚
170 1917 218 1952 qui
229 1925 281 1943 nm
291 1915 516 1952 habetpretturm
528 1914 632 1953 &pati
639 1914 753 1954 facient
762 1935 770 1947 ‚
780 1914 886 1953 quisa-

82 1962 134 1981 nat
146 1955 246 1983 morbos
256 1976 264 1988 ‚
284 1955 455 1989 &dimittit
469 1964 585 1994 peccata
597 1967 604 1987 5
629 1956 664 1989 &-
683 1958 821 1993 accipient
834 1958 884 1983 tri-

73 1996 160 2031 ginta
176 2005 315 2032 argenteos
330 2000 455 2035 pretinm
477 1997 556 2026 illius
568 2019 577 2031 ‚
597 2007 677 2036 quem
697 1995 884 2032 emeruntfilii

78 2036 166 2072 Israel
175 2056 182 2068 ,
204 2037 262 2069 &a

164 2118 219 2146 EX
250 2118 503 2148 EVANGEI..
526 2120 551 2148 S.
574 2119 790 2164 ΜΑῙζΕΙ.Ἴ

38 2195 126 2229 ,(ΪΑΡ.
145 2207 167 2225 1.
180 2195 249 2227 vers.
261 2209 287 2227 2·
313 2199 413 2234 [Sicut
422 2199 552 2238 scripturn
563 2200 601 2229 est
612 2199 641 2229 in
651 2199 721 2229 Isaia
730 2197 884 2237 Propheta:

79 2240 147 2266 Ecce
166 2249 219 2278 ego
234 2239 319 2268 mitto
339 2242 480 2280 Angelum
499 2251 589 2270 meum
602 2261 608 2268 .
629 2244 642 2273 ]
674 2241 727 2270 Ista
747 2240 827 2269 verba
845 2239 887 2267 in·

84 2279 235 2321 veniuntur
253 2281 324 2319 apud
336 2282 499 2312 Malachiam
510 2304 519 2316 ‚
537 2291 594 2320 cap.
608 2292 634 2319 3.
654 2291 701 2310 cur
711 2291 778 2320 ergo
788 2280 886 2308 citatur

83 2319 172 2348 Isaia?
195 2320 381 2359 Respondet).
406 2325 511 2352 Verum
521 2323 578 2356 est,
598 2322 647 2351 ista
666 2323 747 2352 verba
767 2320 816 2350 ess'e
827 2322 885 2350 Ma-

77 2358 178 2391 rachiae
191 2381 200 2396 ,
222 2371 251 2390 ac
272 2363 298 2393 S.
309 2364 486 2404 Evangelista
507 2374 565 2395 non
575 2363 641 2394 citat
659 2362 755 2393 Isaiam
765 2372 816 2403 pro
828 2361 865 2391 eis
876 2382 884 2395 ‚

934 1378 1073 1418 Caipha.]
1095 1380 1213 1409 Constat
1234 1389 1326 1408 tamen
1343 1391 1376 1409 ex
1397 1381 1478 1418 Joan.
1503 1391 1511 1407 x
1522 1385 1546 1408 8.
1563 1379 1652 1408 solum
1670 1380 1737 1410 Cai-

935 1419 1018 1458 pliam
1031 1419 1106 1449 fuiss'e
1117 1431 1184 1449 tunc
1204 1421 1337 1459 temporis
1348 1420 1513 1450 Pontificem
1523 1440 1531 1447 .
1553 1419 1720 1458 Respondeo
1732 1441 1740 1448 .

935 1463 1004 1490 Non
1013 1471 1090 1490 erant
1113 1461 1193 1490 fimul
1212 1461 1384 1492 Pontificem
1410 1471 1472 1489 nam
1493 1459 1565 1489 solus
1575 1460 1695 1501 Caiphas
1704 1471 1737 1490 eo

936 1511 1049 1530 munere
1068 1501 1231 1541 fungebatur
1243 1514 1248 1530 :
1273 1501 1320 1530 sed
1329 1502 1406 1530 ambo
1415 1511 1494 1530 erant
1513 1501 1653 1540 principes
1663 1501 1738 1530 inter

936 1541 1116 1571 sacerdotales
1130 1543 1244 1572 familias
1254 1563 1262 1570 .
1285 1545 1379 1572 Annas
1390 1542 1467 1571 enim
1481 1542 1564 1571 fuerat
1576 1541 1739 1572 immediate

938 1594 1001 1612 ante
1011 1583 1150 1622 Caipham
1168 1583 1301 1612 Pontifex
1313 1594 1359 1622 per
1371 1582 1548 1622 septennium
1559 1605 1567 1616 ,
1589 1587 1616 1613 ὅ(
1626 1582 1739 1612 summae

943 1624 1113 1653 auftoritatis
1132 1635 1190 1654 crat
1200 1624 1271 1663 apud
1290 1634 1386 1653 omnes
1397 1645 1404 1652 .
1427 1624 1479 1653 Sed
1488 1623 1574 1653 adhuc
1584 1633 1741 1653 remaneret

938 1665 1086 1694 difficultas
1097 1687 1105 1699 ‚
1116 1666 1260 1704 quomodo
1272 1665 1388 1694 vivente
1399 1664 1534 1694 pontifice
1546 1667 1628 1694 Anna
1638 1687 1646 1698 ‚
1665 1675 1740 1696 crea-

939 1716 980 1734 tus
993 1705 1072 1734 fuerit
1092 1706 1213 1745 Caiplms
1225 1727 1232 1733 .
1255 1706 1402 1734 Sciendum
1418 1705 1504 1744 igitur
1516 1706 1554 1734 est
1566 1727 1574 1738 ‚
1592 1705 1662 1744 apud
1682 1707 1740 1735 He-

940 1747 1025 1775 braeos
1035 1746 1150 1776 solitum
1160 1745 1237 1775 fuisse
1255 1746 1361 1785 septem
1375 1747 1432 1775 dies
1444 1756 1506 1774 ante
1518 1749 1610 1784 Kepur
1620 1768 1627 1779 ,
1651 1745 1720 1775 idest
1730 1767 1739 1778 ‚

940 1788 1014 1816 diem
1024 1787 1193 1827 expiationis
1210 1787 1331 1826 separare
1343 1787 1510 1816 Pontificem
1522 1805 1530 1821 ‚
1553 1787 1686 1825 illumque
1697 1786 1742 1815 in-

940 1830 1041 1857 struere
1060 1828 1231 1858 caeremoniis
1241 1850 1249 1862 ‚
1271 1828 1368 1866 quibus
1387 1827 1497 1867 ingredi
1514 1827 1624 1856 debebat
1645 1828 1740 1857 saneta

939 1870 1100 1898 Sanctorum
1111 1881 1120 1900 ,-
1143 1868 1190 1897 sed
1200 1869 1262 1907 quia
1272 1868 1421 1908 aliquando
1429 1867 1610 1906 contingebat
1623 1867 1742 1898 Pontifi-

940 1920 999 1938 cem
1010 1921 1043 1939 eo
1060 1920 1185 1948 tempore
1197 1910 1284 1949 pollui
1296 1930 1303 1942 ,
1323 1920 1350 1938 ac
1361 1909 1438 1938 reddi
1459 1909 1632 1937 immundum
1644 1930 1652 1941 ,
1676 1908 1741 1937 ideo

940 1952 1080 1990 eligebant
1089 1952 1172 1980 alium
1182 1950 1347 1980 Pontificem
1359 1971 1367 1983 ‚
1387 1959 1468 1988 quem
1481 1950 1614 1979 vocabant
1624 1948 1742 1978 Pontifi-

941 1992 1095 2026 cemanni,
1118 2002 1153 2021 ne
1162 1992 1423 2030 praetermitteretur
1433 1991 1481 2018 illa
1490 1989 1669 2021 solemnitas5
1693 1988 1742 2028 qui

941 2032 1072 2062 assistebat
1083 2033 1113 2061 in
1123 2034 1219 2061 eadem
1239 2031 1381 2060 functione
1392 2054 1400 2064 ,
1422 2034 1450 2060 ὅ(
1460 2031 1479 2059 fi
1490 2029 1545 2069 ipse
1555 2029 1685 2060 offerebat
1709 2031 1743 2058 il·

941 2074 988 2102 lud
998 2073 1157 2102 sacrificium
1174 2083 1289 2112 propter
1300 2073 1417 2111 aliquam
1428 2071 1633 2099 immunditiam
1644 2071 1743 2100 Ponti-

944 2114 1001 2143 ficis
1011 2136 1018 2148 ‚
1042 2114 1200 2143 remanebat
1211 2124 1272 2142 toto
1290 2124 1324 2142 eo
1334 2123 1408 2142 anno
1427 2112 1457 2140 in
1467 2112 1552 2150 gradu
1571 2111 1724 2149 pontificali
1735 2130 1743 2139 .

944 2155 1100 2194 Colligitur
1111 2154 1164 2183 hoc
1174 2165 1207 2183 ex
1223 2163 1301 2183 textu
1313 2153 1474 2192 evangelico
1484 2174 1491 2185 ,
1514 2152 1545 2180 in
1554 2162 1609 2191 quo
1619 2151 1743 2190 Caiphas

943 2197 1097 2235 appellatur
1108 2195 1238 2225 Pontifex
1250 2217 1258 2228 ,
1280 2193 1327 2224 sed
1339 2204 1399 2223 cum
1411 2193 1601 2222 additamento
1613 2214 1621 2226 ‚
1643 2202 1744 2231 nempe

942 2241 1010 2266 anni
1030 2238 1132 2270 illius;
1155 2236 1192 2265 ita
1204 2238 1249 2275 Jo.
1266 2247 1310 2265 11.
1328 2246 1355 2265 v.
1365 2246 1415 2271 49.
1436 2238 1464 2263 δε
1480 2239 1523 2263 ¹8.
1542 2244 1569 2263 v.
1584 2244 1627 2272 ¹3·
1647 2235 1743 2262 Annas

943 2278 1032 2317 igitur
1041 2288 1098 2306 erat
1120 2288 1197 2306 verus
1207 2276 1339 2306 Pontifex
1351 2298 1359 2309 ,
1379 2285 1409 2304 ut
1417 2273 1562 2304 clariffime
1574 2281 1648 2313 patet
1657 2283 1690 2302 ex
1700 2275 1742 2301 A·

942 2319 990 2347 t‘tis
1002 2318 1200 2358 Apostolorum
1211 2340 1218 2351 ,
1232 2328 1288 2357 cap.
1300 2329 1326 2353 4.
1338 2327 1366 2346 v.
1377 2323 1404 2346 6.
1428 2318 1546 2351 [Annas
1555 2314 1686 2351 Princeps
1695 2313 1742 2341 Sa-

941 2360 1083 2389 cerdotum
1095 2381 1103 2394 ,
1117 2358 1256 2399 Caiphas,
1278 2361 1305 2389 &c
1315 2358 1521 2398 Jmnnes&c.]
1543 2351 1742 2421 ubisermgeest

1704 2481 1866 2526 *42

1848 1055 1856 1107 ἔ

1849 1123 1857 1163 τ,
